{"host":"ds28d883r3sz42zs","time":1608578426,"event":{"mods":["2.2 Compatiblity","AchievementEnabler","Act Like it!","Aspiration","BaseMod","Bestiary","Better Match","Better Sensory Stone","Better Silent Start","Better Third Choice","Better-Laid Plans","BetterRewards","Block Reminder","Challenge The Spire","Colored Map","Colored Powertips","Conspire","DeckTracker","Defuse TimeMaze Blight","Disable Question Mark Monsters","Displayed Cursed Tome","Emptier Cage","GifTheSpireLib","Gold Saver","Hallownest","Hubris","Infinite Spire","Minty Spire (QoL Compilation)","Permanent Neow","Practice Mode","Quick Restart","Random Character Button","Rare Cards Sparkle","Relic Filter","Relic Sorter","Relic Stats","Replay The Spire","SacredBarkPlus","StSLib","Stuff the Spire","SuperFastMode","The Bug Knight","The Jungle","Uncapped","Unknown Chances"],"gold_per_floor":[111,131,131,406,17,47,47,77,89,130,155,167,194,206,218,305,317,349,349,281,347,371,460,472,512,547,659,659],"floor_reached":27,"playtime":1307,"items_purged":["Regret"],"score":627,"play_id":"746f0c8d-cd86-4018-b364-4998df891fd6","local_time":"20201221142026","is_ascension_mode":true,"campfire_choices":[{"data":"Neutralize","floor":7.0,"key":"SMITH"},{"data":"ReplayTheSpireMod:Shiv Toss","floor":12.0,"key":"SMITH"},{"data":"Footwork","floor":15.0,"key":"SMITH"},{"data":"conspire:DoublingDagger","floor":24,"key":"SMITH"}],"circlet_count":0,"master_deck":["AscendersBane","Strike_G","Strike_G","Strike_G+1","Strike_G","Defend_G","Defend_G","Defend_G","Defend_G","Survivor","Neutralize+1","Dodge and Roll","conspire:DoublingDagger+1","Regret","Footwork+1","ReplayTheSpireMod:Shiv Toss+1","Escape Plan","PiercingWail","Envenom","Blur"],"relics":["Ring of the Snake","StuffTheSpire:RedRose","conspire:GlowingRock","Tiny Chest","MawBank","StuffTheSpire:ForceGauntlet","Iron Hammer","hubris:Icosahedron","Busted Crown","Nunchaku","hubris:MobiusCoin","Pantograph","aspiration:Lifesprig"],"acts_visited":["Exordium","TheCity"],"potions_floor_usage":[23,27],"damage_taken":[{"damage":0.0,"enemies":"conspire:RoseBush","floor":1.0,"turns":4.0},{"damage":1.0,"enemies":"Jaw Worm","floor":2.0,"turns":6.0},{"damage":21.0,"enemies":"Gremlin Nob","floor":6.0,"turns":5.0},{"damage":6.0,"enemies":"Lagavulin","floor":8.0,"turns":9.0},{"damage":4.0,"enemies":"Replay:BlueRogue","floor":10.0,"turns":9.0},{"damage":19.0,"enemies":"infinitespire:Voidling","floor":11.0,"turns":4.0},{"damage":0.0,"enemies":"conspire:2 RoseBushes","floor":13.0,"turns":7.0},{"damage":0.0,"enemies":"The Guardian","floor":16.0,"turns":12.0},{"damage":0.0,"enemies":"conspire:FuzzyDice","floor":18.0,"turns":5.0},{"damage":19.0,"enemies":"2 Thieves","floor":19.0,"turns":4.0},{"damage":24,"enemies":"Chosen and Byrds","floor":22,"turns":7},{"damage":9,"enemies":"conspire:SneckoGhost","floor":23,"turns":9},{"damage":0,"enemies":"Replay:Snechameleon","floor":25,"turns":8},{"damage":5,"enemies":"Snecko","floor":27,"turns":5}],"seed_played":"-3095568566758839740","potions_obtained":[{"floor":2.0,"key":"SkillPotion"},{"floor":8.0,"key":"ColorlessPotion"},{"floor":11.0,"key":"Explosive Potion"},{"floor":18.0,"key":"Strength Potion"},{"floor":23,"key":"Adrenaline Potion"}],"is_trial":false,"path_per_floor":["M","M","?","?","$","E","R","E","T","E","M","R","M","?","R","B",null,"M","M","?","T","M","E","R","E","T","M"],"character_chosen":"THE_SILENT","items_purchased":["conspire:GlowingRock"],"campfire_rested":0,"item_purchase_floors":[5],"current_hp_per_floor":[59,58,58,58,58,37,37,31,31,27,17,17,17,17,17,17,54,54,35,35,35,11,2,2,2,2,0,0],"gold":659,"neow_bonus":"RANDOM_EVENT","is_daily":false,"chose_seed":false,"campfire_upgraded":4,"win_rate":0.0,"timestamp":1608578426,"path_taken":["M","M","?","?","$","E","R","E","T","E","M","R","?","?","R","BOSS","M","M","?","?","M","E","R","E","T","M"],"items_purchased_type":["Relic"],"build_version":"2020-12-13","purchased_purges":1,"victory":false,"max_hp_per_floor":[66,66,66,66,66,66,66,66,66,66,66,66,66,66,66,66,66,66,66,66,66,66,66,66,66,66,66,66],"relic_stats":{"Nunchaku":[5],"Busted Crown":10,"counters":[14,94],"Pantograph":0,"Tiny Chest":1,"MawBank":228,"obtain_stats":[{"hubris:MobiusCoin":23,"aspiration:Lifesprig":26,"StuffTheSpire:ForceGauntlet":9,"MawBank":8,"conspire:GlowingRock":5,"Nunchaku":21,"hubris:Icosahedron":14,"Busted Crown":17,"Pantograph":25,"Tiny Chest":6,"Iron Hammer":10,"StuffTheSpire:RedRose":3,"Ring of the Snake":0},{"hubris:MobiusCoin":12,"aspiration:Lifesprig":13,"StuffTheSpire:ForceGauntlet":4,"MawBank":4,"conspire:GlowingRock":2,"Nunchaku":10,"hubris:Icosahedron":7,"Busted Crown":8,"Pantograph":13,"Tiny Chest":3,"Iron Hammer":5,"StuffTheSpire:RedRose":2,"Ring of the Snake":0},{"hubris:MobiusCoin":81,"aspiration:Lifesprig":89,"StuffTheSpire:ForceGauntlet":24,"MawBank":24,"conspire:GlowingRock":10,"Nunchaku":65,"hubris:Icosahedron":44,"Busted Crown":56,"Pantograph":89,"Tiny Chest":15,"Iron Hammer":33,"StuffTheSpire:RedRose":10,"Ring of the Snake":0}],"Ring of the Snake":[70]},"card_choices":[{"not_picked":["Flechettes","StuffTheSpire:BumpUp"],"picked":"Dodge and Roll","floor":1.0},{"not_picked":["Calculated Gamble","Deflect"],"picked":"conspire:DoublingDagger","floor":2.0},{"not_picked":["Dagger Spray","Bane"],"picked":"Footwork","floor":6.0},{"not_picked":["Footwork","Blade Dance"],"picked":"ReplayTheSpireMod:Shiv Toss","floor":8.0},{"not_picked":["Calculated Gamble","Distraction"],"picked":"Escape Plan","floor":10.0},{"not_picked":["Eviscerate","Quick Slash"],"picked":"PiercingWail","floor":11.0},{"not_picked":["Bane","Sneak Up","Flying Knee"],"picked":"SKIP","floor":13.0},{"not_picked":["Atom Bomb","Bullet Time"],"picked":"Envenom","floor":16.0},{"not_picked":["StuffTheSpire:Python"],"picked":"SKIP","floor":18.0},{"not_picked":["Bane"],"picked":"SKIP","floor":19.0},{"not_picked":["Sucker Punch"],"picked":"SKIP","floor":22},{"not_picked":[],"picked":"Blur","floor":23},{"not_picked":["Grand Finale"],"picked":"SKIP","floor":25}],"player_experience":737295,"relics_obtained":[{"floor":6.0,"key":"Tiny Chest"},{"floor":8.0,"key":"MawBank"},{"floor":9.0,"key":"StuffTheSpire:ForceGauntlet"},{"floor":10.0,"key":"Iron Hammer"},{"floor":21.0,"key":"Nunchaku"},{"floor":23,"key":"hubris:MobiusCoin"},{"floor":25,"key":"Pantograph"},{"floor":26,"key":"aspiration:Lifesprig"}],"event_choices":[{"damage_healed":0.0,"max_hp_gain":0.0,"max_hp_loss":0.0,"gold_gain":275.0,"event_name":"Golden Shrine","player_choice":"Desecrate","floor":4.0,"gold_loss":0.0,"damage_taken":0.0,"cards_obtained":["Regret"]}],"is_beta":false,"boss_relics":[{"not_picked":["aspiration:RunicSpoon","aspiration:FutureDiary"],"picked":"Busted Crown"}],"items_purged_floors":[5],"is_endless":false,"potions_floor_spawned":[2,8,11,18,23],"killed_by":"Snecko","ascension_level":15}}