{"host":"87fdiiwflhrwsj8a","time":1608587706,"event":{"mods":["Aspiration","BaseMod","Better Match","Better Third Choice","BetterRewards","Colored Map","Downfall","GifTheSpireLib","Infinite Spire","Minty Spire (QoL Compilation)","Relic Sorter","Replay The Spire","Robot Space Explorer","StSLib","Stuff the Spire","The Cursed"],"gold_per_floor":[114,114,132,132,145,176,68,87,87,87,107,107,107,125,125,202,202,215,234,234,234,309,309,309,309],"floor_reached":24,"playtime":602,"items_purged":[],"score":392,"play_id":"a3fbaaae-d4f0-496b-86fd-94777743ccce","local_time":"20201221165506","is_ascension_mode":true,"campfire_choices":[{"floor":10.0,"key":"REST"},{"floor":12.0,"key":"REST"},{"data":"Enlightenment","floor":15.0,"key":"SMITH"},{"floor":23,"key":"REST"}],"circlet_count":0,"master_deck":["AscendersBane","Strike_R","Strike_R","Strike_R","Strike_R","Strike_R","Defend_R","Defend_R","Defend_R","Defend_R","Bash","Flex","infinitespire:FinalStrike","Carnage","ReplayTheSpireMod:Limb From Limb","Armaments","Enlightenment+1","Inflame","Spot Weakness","Evolve","Berserk","Sever Soul+1"],"relics":["ChewingGum","Replay:Rubber Ducky","Molten Egg 2","SacredBark","Snack Pack"],"acts_visited":["Exordium","TheCity"],"potions_floor_usage":[16,16],"damage_taken":[{"damage":2.0,"enemies":"Jaw Worm","floor":1.0,"turns":3.0},{"damage":0.0,"enemies":"Cultist","floor":3.0,"turns":2.0},{"damage":12.0,"enemies":"Small Slimes","floor":5.0,"turns":2.0},{"damage":30.0,"enemies":"3 Sentries","floor":6.0,"turns":7.0},{"damage":0.0,"enemies":"Blue Slaver","floor":8.0,"turns":1.0},{"damage":0.0,"enemies":"Large Slime","floor":11.0,"turns":2.0},{"damage":8.0,"enemies":"3 Louse","floor":14.0,"turns":4.0},{"damage":26,"enemies":"Fading Forest","floor":16,"turns":13},{"damage":25,"enemies":"Shell Parasite","floor":18,"turns":4},{"damage":35,"enemies":"Chosen","floor":19,"turns":4},{"damage":27,"enemies":"Centurion and Healer","floor":24,"turns":2}],"seed_played":"-857526889751340953","potions_obtained":[{"floor":3.0,"key":"AttackPotion"},{"floor":6.0,"key":"Ancient Potion"},{"floor":8.0,"key":"SteroidPotion"}],"is_trial":false,"path_per_floor":["M","?","M","?","M","E","$","M","T","R","M","R","$","M","R","B",null,"M","M","$","?","T","R","M"],"character_chosen":"IRONCLAD","items_purchased":["Enlightenment"],"campfire_rested":3,"item_purchase_floors":[7],"current_hp_per_floor":[66,47,47,51,39,9,9,9,9,31,31,53,53,45,45,27,63,38,3,3,3,3,25,0,0],"gold":309,"neow_bonus":"BOSS_RELIC","is_daily":false,"chose_seed":false,"campfire_upgraded":1,"win_rate":0.0,"timestamp":1608587706,"path_taken":["M","?","M","?","M","E","?","M","T","R","M","R","$","M","R_BF","BOSS","M","M","?","?","?","R","M"],"items_purchased_type":["Card"],"build_version":"2020-12-13","purchased_purges":0,"victory":false,"max_hp_per_floor":[75,75,75,75,75,75,75,75,75,75,75,75,75,75,75,75,75,75,75,75,75,75,75,75,75],"card_choices":[{"not_picked":["Sword Boomerang","Body Slam"],"picked":"Flex","floor":1.0},{"not_picked":["infinitespire:SealOfDarkness+","ReplayTheSpireMod:Chaos Vortex"],"picked":"infinitespire:FinalStrike","floor":2.0},{"not_picked":["Massacre","Body Slam"],"picked":"Carnage","floor":3.0},{"not_picked":["Sword Boomerang","Warcry"],"picked":"ReplayTheSpireMod:Limb From Limb","floor":5.0},{"not_picked":["Corruption","Sword Boomerang"],"picked":"Armaments","floor":6.0},{"not_picked":["Flex","True Grit"],"picked":"Inflame","floor":8.0},{"not_picked":["Flex","Abandon"],"picked":"Spot Weakness","floor":11.0},{"not_picked":["StuffTheSpire:RockThrow+1","Bloodletting"],"picked":"Evolve","floor":14.0},{"not_picked":["Corruption","Offering"],"picked":"Berserk","floor":16},{"not_picked":["Burning Pact","infinitespire:OneForAll+1"],"picked":"Sever Soul+1","floor":18},{"not_picked":["Rampage+1","Power Through","StuffTheSpire:Incineration+1"],"picked":"SKIP","floor":19}],"player_experience":2612115,"relics_obtained":[{"floor":6.0,"key":"Replay:Rubber Ducky"},{"floor":9.0,"key":"Molten Egg 2"},{"floor":22,"key":"Snack Pack"}],"event_choices":[{"damage_healed":0,"gold_gain":0,"player_choice":"Ignored","damage_taken":0,"max_hp_gain":0,"max_hp_loss":0,"event_name":"Beggar","floor":21,"gold_loss":0}],"is_beta":false,"boss_relics":[{"not_picked":["Astrolabe","Snecko Heart"],"picked":"SacredBark"}],"items_purged_floors":[],"is_endless":false,"potions_floor_spawned":[3,6,8,11],"killed_by":"Centurion and Healer","ascension_level":20}}