{"host":"gop1q6bv59twswbp","time":1608573761,"event":{"mods":["AlwaysNeverKeys","BaseMod","Downfall","Hermit","Key Reminder","Minty Spire (QoL Compilation)","Permanent Neow","StSLib"],"gold_per_floor":[0,28,41,61,61,61,61,46,46,77,95,105,15,30,42,42,42,42],"floor_reached":16,"playtime":1758,"items_purged":["Regret"],"score":112,"play_id":"164c1f3b-888d-4c0a-bd6b-df725fb2ec0f","local_time":"20201221130241","is_ascension_mode":false,"campfire_choices":[{"data":"champ:Taunt","floor":1.0,"key":"SMITH"},{"data":"champ:BerserkerStyle","floor":5.0,"key":"SMITH"}],"circlet_count":0,"master_deck":["champ:Strike","champ:Strike","champ:Strike","champ:Strike+1","champ:Defend+1","champ:Defend","champ:Defend","champ:Defend","champ:Execute+1","champ:Taunt+1","champ:Haymaker","champ:BerserkerStyle+1","champ:GladiatorsShout","champ:EnragedBash","Parasite","champ:ShieldWall","champ:DeathBlow","champ:EnragedBash","champ:FocusedDefense","champ:BerserkersShout","champ:AdrenalArmor"],"relics":["champ:ChampionCrown","Torii","Sundial","Bird Faced Urn","Mummified Hand"],"acts_visited":["Exordium"],"potions_floor_usage":[14,14],"damage_taken":[{"damage":39.0,"enemies":"Gremlin Nob","floor":2.0,"turns":6.0},{"damage":6.0,"enemies":"Small Slimes","floor":3.0,"turns":4.0},{"damage":11.0,"enemies":"Jaw Worm","floor":4.0,"turns":5.0},{"damage":19.0,"enemies":"downfall:FleeingMerchant","floor":8.0,"turns":4.0},{"damage":62,"enemies":"3 Sentries","floor":10,"turns":8},{"damage":4,"enemies":"2 Louse","floor":11,"turns":2},{"damage":20,"enemies":"Exordium Wildlife","floor":12,"turns":3},{"damage":29,"enemies":"downfall:FleeingMerchant","floor":13,"turns":4},{"damage":17,"enemies":"3 Louse","floor":14,"turns":2},{"damage":41,"enemies":"Gremlin Gang","floor":15,"turns":4},{"damage":59,"enemies":"downfall:Ironclad","floor":16,"turns":3}],"seed_played":"-8493913216374139769","potions_obtained":[{"floor":2.0,"key":"Energy Potion"},{"floor":10,"key":"champ:TechniquePotion"},{"floor":11,"key":"ColorlessPotion"},{"floor":12,"key":"LiquidMemories"},{"floor":15,"key":"Energy Potion"}],"is_trial":false,"path_per_floor":["R","E","M","M","R","?","T","$","?","E","M","M","$","M","M","B"],"character_chosen":"THE_CHAMP","items_purchased":[],"campfire_rested":0,"item_purchase_floors":[],"current_hp_per_floor":[90,61,60,59,59,59,59,55,77,43,47,48,49,53,38,0,0,0],"gold":42,"neow_bonus":"ONE_RARE_RELIC","is_daily":false,"chose_seed":false,"campfire_upgraded":2,"win_rate":0.0,"timestamp":1608573761,"path_taken":["R","E","M","M","R","?","T","$","?","E","M","M","$","M","M","BOSS"],"items_purchased_type":[],"build_version":"2020-12-13","purchased_purges":1,"victory":false,"max_hp_per_floor":[90,90,90,90,90,90,90,90,90,90,90,90,90,90,90,90,90,90],"card_choices":[{"not_picked":["champ:DefensiveShout","champ:Riposte"],"picked":"champ:Haymaker","floor":2.0},{"not_picked":["champ:Duel","champ:Encircle"],"picked":"champ:BerserkerStyle","floor":3.0},{"not_picked":["champ:PerfectedStrike","champ:Circumvent"],"picked":"champ:GladiatorsShout","floor":4.0},{"not_picked":["champ:Devastate","champ:GladiatorStyle"],"picked":"champ:EnragedBash","floor":8},{"not_picked":["champ:Duel","champ:Circumvent"],"picked":"champ:ShieldWall","floor":10},{"not_picked":["champ:ShieldWall","champ:TornadoPunch"],"picked":"champ:DeathBlow","floor":11},{"not_picked":["champ:Shatter","champ:DefensiveShout"],"picked":"champ:EnragedBash","floor":12},{"not_picked":["champ:EnragedBash","champ:SwordThrow"],"picked":"champ:FocusedDefense","floor":13},{"not_picked":["champ:Haymaker","champ:FlashCut"],"picked":"champ:BerserkersShout","floor":14},{"not_picked":["champ:FlashCut","champ:HeartStrike"],"picked":"champ:AdrenalArmor","floor":15}],"player_experience":745093,"relics_obtained":[{"floor":2.0,"key":"Sundial"},{"floor":7.0,"key":"Bird Faced Urn"},{"floor":10,"key":"Mummified Hand"}],"event_choices":[{"damage_healed":22,"gold_gain":0,"player_choice":"Healed and dodged fight","damage_taken":0,"max_hp_gain":0,"max_hp_loss":0,"event_name":"Mushrooms","floor":9,"gold_loss":0,"cards_obtained":["Parasite"]}],"is_beta":false,"boss_relics":[],"items_purged_floors":[13],"is_endless":false,"potions_floor_spawned":[2,10,11,12,15],"killed_by":"downfall:Ironclad","ascension_level":0}}