{"host":"aj7el8l5kufbk20z","time":1608519822,"event":{"mods":["AchievementEnabler","BaseMod","Colored Map","Colored Powertips","Curses Come First","Highlight Path","Minty Spire (QoL Compilation)","Quick Restart","Rare Cards Sparkle","Relic Stats","StSLib","SuperFastMode"],"gold_per_floor":[15,27,27,41,41,70,70,145,198,198,1123,1123,1123,1138,1138,1266,1266,1279,1302,712,726,740,740,740,740],"floor_reached":24,"playtime":1067,"items_purged":["Strike_R","Injury"],"score":235,"play_id":"494f61eb-550b-4516-9d56-8c2cb449d9f5","local_time":"20201221110342","is_ascension_mode":true,"campfire_choices":[{"data":"Juggernaut","floor":7,"key":"SMITH"},{"floor":10,"key":"REST"},{"data":"Dark Embrace","floor":13,"key":"SMITH"},{"data":"Iron Wave","floor":15,"key":"SMITH"},{"floor":23,"key":"REST"}],"circlet_count":0,"master_deck":["Strike_R+1","Strike_R+1","Defend_R","Defend_R","Defend_R","Bash","Flex","Dark Embrace+1","Iron Wave+1","Juggernaut+1","True Grit","Immolate","Flame Barrier","Body Slam+1","Armaments","Inflame+1"],"relics":["Black Blood","Potion Belt","Regal Pillow","Frozen Egg 2","Golden Idol","Shuriken","Sundial"],"acts_visited":["Exordium","TheCity"],"potions_floor_usage":[6,16,16,22],"damage_taken":[{"damage":5,"enemies":"2 Louse","floor":1,"turns":3},{"damage":0,"enemies":"Small Slimes","floor":2,"turns":4},{"damage":7,"enemies":"Jaw Worm","floor":4,"turns":3},{"damage":35,"enemies":"3 Sentries","floor":6,"turns":11},{"damage":17,"enemies":"Exordium Wildlife","floor":14,"turns":5},{"damage":43,"enemies":"Hexaghost","floor":16,"turns":11},{"damage":21,"enemies":"Chosen","floor":18,"turns":5},{"damage":30,"enemies":"Spheric Guardian","floor":19,"turns":6},{"damage":22,"enemies":"Shelled Parasite and Fungi","floor":21,"turns":6},{"damage":41,"enemies":"Centurion and Healer","floor":22,"turns":6},{"damage":55,"enemies":"Sentry and Sphere","floor":24,"turns":5}],"seed_played":"-1434015487096156339","potions_obtained":[{"floor":1,"key":"ColorlessPotion"},{"floor":2,"key":"Regen Potion"},{"floor":16,"key":"Fire Potion"},{"floor":19,"key":"LiquidMemories"},{"floor":22,"key":"FearPotion"}],"is_trial":false,"path_per_floor":["M","M","?","M","?","E","R","?","T","R","$","?","R","M","R","B",null,"M","M","$","M","M","R","M"],"character_chosen":"IRONCLAD","items_purchased":["AttackPotion","Frozen Egg 2","Shuriken","Sundial"],"campfire_rested":2,"item_purchase_floors":[11,11,20,20],"current_hp_per_floor":[80,80,80,79,63,34,34,23,23,62,62,62,62,51,51,29,80,71,53,53,43,14,53,0,0],"gold":740,"neow_bonus":"REMOVE_TWO","is_daily":false,"chose_seed":false,"campfire_upgraded":3,"win_rate":0.0,"timestamp":1608519822,"path_taken":["M","M","?","M","?","E","R","?","T","R","$","?","R","?","R","BOSS","M","M","$","M","M","R","M"],"items_purchased_type":["Potion","Relic","Relic","Relic"],"build_version":"2020-12-13","purchased_purges":2,"victory":false,"max_hp_per_floor":[80,80,80,80,80,80,80,80,80,80,80,80,80,80,80,80,80,80,80,80,80,80,80,80,80],"relic_stats":{"Regal Pillow":30,"counters":[11,65],"Golden Idol":43,"Shuriken":[1],"Sundial":[2],"Black Blood":77,"obtain_stats":[{"Potion Belt":6,"Regal Pillow":9,"Golden Idol":12,"Shuriken":20,"Sundial":20,"Black Blood":17,"Frozen Egg 2":11,"Burning Blood":0},{"Potion Belt":4,"Regal Pillow":4,"Golden Idol":4,"Shuriken":8,"Sundial":8,"Black Blood":6,"Frozen Egg 2":4,"Burning Blood":0},{"Potion Belt":21,"Regal Pillow":21,"Golden Idol":21,"Shuriken":48,"Sundial":48,"Black Blood":37,"Frozen Egg 2":21,"Burning Blood":0}]},"card_choices":[{"not_picked":["Burning Pact","Seeing Red"],"picked":"Flex","floor":1},{"not_picked":["Thunderclap","Sentinel"],"picked":"Dark Embrace","floor":2},{"not_picked":["Combust","Dropkick"],"picked":"Iron Wave","floor":4},{"not_picked":["Perfected Strike","Anger"],"picked":"Juggernaut","floor":6},{"not_picked":["Feel No Pain+1","Havoc"],"picked":"True Grit","floor":14},{"not_picked":["Fiend Fire","Brutality+1"],"picked":"Immolate","floor":16},{"not_picked":["Heavy Blade","Twin Strike"],"picked":"Flame Barrier","floor":18},{"not_picked":["Power Through","Spot Weakness"],"picked":"Body Slam+1","floor":19},{"not_picked":["Heavy Blade","Combust+1"],"picked":"Armaments","floor":21},{"not_picked":["Perfected Strike","Flex"],"picked":"Inflame+1","floor":22}],"player_experience":282919,"relics_obtained":[{"floor":6,"key":"Potion Belt"},{"floor":9,"key":"Regal Pillow"}],"event_choices":[{"cards_removed":["Defend_R"],"damage_healed":0,"gold_gain":0,"player_choice":"Forget","damage_taken":0,"max_hp_gain":0,"max_hp_loss":0,"event_name":"Living Wall","floor":3,"gold_loss":0},{"damage_healed":0,"gold_gain":0,"player_choice":"Entered Light","damage_taken":16,"max_hp_gain":0,"max_hp_loss":0,"event_name":"Shining Light","floor":5,"gold_loss":0,"cards_upgraded":["Strike_R","Strike_R"]},{"damage_healed":0,"gold_gain":75,"player_choice":"Gather Gold","damage_taken":11,"max_hp_gain":0,"max_hp_loss":0,"event_name":"World of Goop","floor":8,"gold_loss":0},{"damage_healed":0,"gold_gain":0,"player_choice":"Take Wound","damage_taken":0,"relics_obtained":["Golden Idol"],"max_hp_gain":0,"max_hp_loss":0,"event_name":"Golden Idol","floor":12,"gold_loss":0,"cards_obtained":["Injury"]}],"is_beta":false,"boss_relics":[{"not_picked":["Calling Bell","Fusion Hammer"],"picked":"Black Blood"}],"items_purged_floors":[11,20],"is_endless":false,"potions_floor_spawned":[1,2,16,19,22],"killed_by":"Sentry and Sphere","ascension_level":4}}