{"host":"cjmwurvrz00ml9vd","time":1608584319,"event":{"mods":["2.2 Compatiblity","AchievementEnabler","Act Like it!","Aspiration","BaseMod","Beaked The Cultist","Better Third Choice","BetterRewards","Colored Powertips","Conspire","Downfall","Energized Spire","Marisa????????","Marked Mod","Minty Spire (QoL Compilation)","Replay The Spire","Say the Spire","StSLib","The Blackbeard","The Cursed","The Disciple","The Hierophant","The Jungle","The Necromancer","The Servant 0.9.4","TheFirefly","vexMod"],"gold_per_floor":[119,132,146,146,162,162,162,193,193,193,203,21,33,58,58,153,153,164,164,164,164,178,203,216,216,297,314,314,333,333,351,351,449,449,468,468,242,255,270,305,305,321,347,347,359,114,114,141,141,141],"floor_reached":51,"playtime":2358,"items_purged":["TheCursedMod:Defend_TheCursed","TheCursedMod:Strike_TheCursed"],"score":1281,"play_id":"14958550-afd2-4f75-956b-d872666b5523","local_time":"20201221215839","is_ascension_mode":true,"campfire_choices":[{"floor":6,"key":"REST"},{"floor":10,"key":"REST"},{"data":"1","floor":15,"key":"LIFT"},{"floor":30,"key":"REST"},{"data":"2","floor":32,"key":"LIFT"},{"data":"3","floor":41,"key":"LIFT"},{"floor":49,"key":"REST"}],"circlet_count":0,"master_deck":["TheCursedMod:Strike_TheCursed+1","TheCursedMod:Strike_TheCursed","TheCursedMod:Strike_TheCursed","TheCursedMod:Defend_TheCursed","TheCursedMod:Defend_TheCursed","TheCursedMod:Defend_TheCursed","TheCursedMod:CursedWand+1","TheCursedMod:CleanUpWorkshop","TheCursedMod:Dregs","TheCursedMod:SpitefulPray","TheCursedMod:SpitefulPlan","TheCursedMod:LuckyCharm+1","Finesse+1","Master of Strategy","TheCursedMod:HellfireBreathing+1","TheCursedMod:CursedBoomerang","TheCursedMod:Obscuration","TheCursedMod:Obscuration","TheCursedMod:CursedShiv","TheCursedMod:SurpriseAttack","TheCursedMod:ReleasedStrength","TheCursedMod:VoidForm+1","TheCursedMod:CursedShiv","TheCursedMod:DemonSword","Decay","Voices","TheCursedMod:HellfireBreathing+1"],"relics":["TheCursedMod:BlackMagicAdvanced","Gremlin Food","ClockworkSouvenir","Frozen Egg 2","Membership Card","ReplayTheSpireMod:Shallot","aspiration:ChemicalBlood","Oddly Smooth Stone","Ancient Tea Set","aspiration:StickyExplosives_weak","Girya","aspiration:ArtOfWarUpgrade","aspiration:HiddenCompartment","Bottled Lightning","Replay:Ancient Bell","Nunchaku","Singing Bowl","TungstenRod","Spirit Poop","Lantern","Strawberry","Replay:WaspNest","Replay:Rubber Ducky","Snack Pack","Regal Pillow","aspiration:Lifesprig"],"acts_visited":["Exordium","TheCity","TheBeyond"],"potions_floor_usage":[14,16,23,23,24,24,31,33,38,42,48,48,50,50,50,50,50],"damage_taken":[{"damage":4,"enemies":"Cultist","floor":1,"turns":5},{"damage":0,"enemies":"2 Louse","floor":2,"turns":3},{"damage":0,"enemies":"Small Slimes","floor":3,"turns":3},{"damage":0,"enemies":"Looter","floor":5,"turns":4},{"damage":5,"enemies":"3 Sentries","floor":8,"turns":10},{"damage":0,"enemies":"Blue Slaver","floor":11,"turns":3},{"damage":0,"enemies":"Large Slime","floor":13,"turns":7},{"damage":0,"enemies":"Gremlin Nob","floor":14,"turns":4},{"damage":0,"enemies":"Fading Forest","floor":16,"turns":11},{"damage":0,"enemies":"Spheric Guardian","floor":18,"turns":5},{"damage":0,"enemies":"Chosen","floor":22,"turns":3},{"damage":26,"enemies":"Gremlin Leader","floor":23,"turns":6},{"damage":11,"enemies":"Shelled Parasite and Fungi","floor":24,"turns":6},{"damage":18,"enemies":"Centurion and Healer","floor":27,"turns":6},{"damage":0,"enemies":"Snake Plant","floor":29,"turns":3},{"damage":0,"enemies":"Sentry and Sphere","floor":31,"turns":4},{"damage":2,"enemies":"conspire:MysteriousRune","floor":33,"turns":7},{"damage":0,"enemies":"3 Shapes","floor":35,"turns":3},{"damage":3,"enemies":"Orb Walker","floor":38,"turns":3},{"damage":11,"enemies":"3 Darklings","floor":39,"turns":4},{"damage":28,"enemies":"Reptomancer","floor":40,"turns":6},{"damage":6,"enemies":"4 Shapes","floor":42,"turns":2},{"damage":0,"enemies":"Jaw Worm Horde","floor":45,"turns":3},{"damage":21,"enemies":"Nemesis","floor":48,"turns":5},{"damage":42,"enemies":"Awakened One","floor":50,"turns":7}],"seed_played":"6649345599085783789","potions_obtained":[{"floor":1,"key":"Reflective Coating"},{"floor":5,"key":"SpeedPotion"},{"floor":8,"key":"Elixir"},{"floor":14,"key":"PowerPotion"},{"floor":16,"key":"TheCursedMod:DregsPotion"},{"floor":18,"key":"DuplicationPotion"},{"floor":23,"key":"Venom Potion"},{"floor":23,"key":"Block Potion"},{"floor":27,"key":"DuplicationPotion"},{"floor":35,"key":"sneckomod:MuddlingPotion"},{"floor":45,"key":"LiquidBronze"},{"floor":48,"key":"SkillPotion"},{"floor":48,"key":"Fire Potion"},{"floor":50,"key":"Fire Potion"}],"is_trial":false,"path_per_floor":["M","M","M","?","M","R","$","E","T","R","M","$","M","E","R","B",null,"M","?","$","?","M","E","M","R","T","M","?","M","R","M","R","B",null,"M","?","$","M","M","E","R","M","T","R","M","$","?","E","R","B",null],"character_chosen":"THE_CURSED","items_purchased":["TheCursedMod:SpitefulPray","TheCursedMod:SpitefulPlan","TheCursedMod:LuckyCharm","Finesse","Master of Strategy","Gremlin Food","ClockworkSouvenir","Frozen Egg 2","TheCursedMod:HellfireBreathing+1","TheCursedMod:CursedBoomerang","Membership Card","ReplayTheSpireMod:Shallot","aspiration:ChemicalBlood","Oddly Smooth Stone","TheCursedMod:Obscuration","Girya","TheCursedMod:SurpriseAttack","Lantern","Strawberry","TheCursedMod:HellfireBreathing+1","Snack Pack","Regal Pillow"],"campfire_rested":4,"item_purchase_floors":[0,0,0,0,0,0,0,0,0,0,0,0,0,0,0,12,12,37,37,37,46,46],"current_hp_per_floor":[23,23,23,23,23,45,45,40,40,62,62,62,62,62,62,75,75,75,67,67,67,67,58,47,47,47,29,29,29,51,51,51,49,81,83,83,90,89,80,54,54,50,50,50,52,52,52,41,86,50],"gold":141,"neow_bonus":"","is_daily":false,"chose_seed":false,"campfire_upgraded":0,"win_rate":0.0,"timestamp":1608584319,"path_taken":["M","M","M","?","?","R","$","E","T","R","M","$","M","E","R","BOSS","M","?","$","?","M","E","M","R","T","M","?","?","R","M","R","BOSS","M","?","$","M","M","E","R","M","T","R","M","?","?","E","R","BOSS"],"items_purchased_type":["Card","Card","Card","Card","Card","Relic","Relic","Relic","Card","Card","Relic","Relic","Relic","Relic","Card","Relic","Card","Relic","Relic","Card","Relic","Relic"],"build_version":"2020-12-13","purchased_purges":2,"victory":true,"max_hp_per_floor":[75,75,75,75,75,75,75,75,75,75,75,75,75,75,75,75,75,75,75,75,75,75,75,75,75,75,75,75,75,75,75,75,75,81,83,83,90,92,94,96,96,98,98,98,100,100,100,102,102,102],"card_choices":[{"not_picked":["TheCursedMod:CursedMace","TheCursedMod:FleshFromBone","TheCursedMod:SaltUponWound"],"picked":"SKIP","floor":1},{"not_picked":["TheCursedMod:Torture","TheCursedMod:SmokeScreen","TheCursedMod:Stretching"],"picked":"SKIP","floor":2},{"not_picked":["TheCursedMod:CursedBlade","TheCursedMod:CursedAmulet","TheCursedMod:BloodBarrier"],"picked":"SKIP","floor":3},{"not_picked":["TheCursedMod:CircleOfCorruption","TheCursedMod:SmokeScreen","TheCursedMod:Hemoplague+1"],"picked":"SKIP","floor":5},{"not_picked":["TheCursedMod:StunningStrike","TheCursedMod:FleshFromBone","TheCursedMod:Mangle"],"picked":"SKIP","floor":8},{"not_picked":["TheCursedMod:FleshFromBone","TheCursedMod:Obscuration"],"picked":"TheCursedMod:CursedShiv","floor":11},{"not_picked":["TheCursedMod:AbyssShockwave","TheCursedMod:CircleOfFlame","TheCursedMod:CursedAmulet"],"picked":"SKIP","floor":13},{"not_picked":["TheCursedMod:CursedMace","TheCursedMod:VitalStrike"],"picked":"TheCursedMod:ReleasedStrength","floor":14},{"not_picked":["TheCursedMod:ManaCirculation+1","TheCursedMod:OutForBlood+1"],"picked":"TheCursedMod:VoidForm+1","floor":16},{"not_picked":["TheCursedMod:RapidMovement","TheCursedMod:CursedAmulet","TheCursedMod:Grudge+1"],"picked":"SKIP","floor":18},{"not_picked":["TheCursedMod:Mangle","TheCursedMod:CursedAmulet"],"picked":"TheCursedMod:CursedShiv","floor":19},{"not_picked":["TheCursedMod:Stigma+1","TheCursedMod:Grudge","TheCursedMod:ReleasedKnowledge"],"picked":"SKIP","floor":22},{"not_picked":["TheCursedMod:CircleOfCorruption","TheCursedMod:SaltUponWound"],"picked":"TheCursedMod:DemonSword","floor":23},{"not_picked":["TheCursedMod:SaltUponWound","TheCursedMod:Mangle","TheCursedMod:VitalStrike"],"picked":"SKIP","floor":24},{"not_picked":["TheCursedMod:FleshFromBone","TheCursedMod:CircleOfFlame","TheCursedMod:RavingStaff+1"],"picked":"SKIP","floor":27},{"not_picked":["TheCursedMod:CircleOfFlame+1","TheCursedMod:RavingStaff+1","TheCursedMod:Torture"],"picked":"SKIP","floor":29},{"not_picked":["TheCursedMod:WearCloak","TheCursedMod:CursedStaff+1","TheCursedMod:CursedAmulet+1"],"picked":"SKIP","floor":31},{"not_picked":["Decay","Voices","SwitchThreat"],"picked":"Singing Bowl","floor":34},{"not_picked":["Amnesia","Voices","ReplayTheSpireMod:Doomed"],"picked":"Singing Bowl","floor":34},{"not_picked":["Languid","Sickly","ReplayTheSpireMod:Splinters"],"picked":"Singing Bowl","floor":34},{"not_picked":["TheCursedMod:CursedMace+1","TheCursedMod:PrepareRite","TheCursedMod:SpreadPlague+1"],"picked":"Singing Bowl","floor":35},{"not_picked":["TheCursedMod:StunningStrike","TheCursedMod:Obscuration+1","TheCursedMod:TacticalStrike+1"],"picked":"Singing Bowl","floor":38},{"not_picked":["TheCursedMod:Hemoplague+1","TheCursedMod:Torture","TheCursedMod:CursedMace+1"],"picked":"Singing Bowl","floor":39},{"not_picked":["TheCursedMod:SmokeScreen+1","TheCursedMod:VitalStrike+1","TheCursedMod:VoidForm+1"],"picked":"Singing Bowl","floor":40},{"not_picked":["TheCursedMod:RapidMovement","TheCursedMod:CursedMace+1","TheCursedMod:Stretching"],"picked":"Singing Bowl","floor":42},{"not_picked":["TheCursedMod:SpitefulStrike+1","TheCursedMod:StingEye+1","TheCursedMod:WearCloak"],"picked":"Singing Bowl","floor":45},{"not_picked":["TheCursedMod:StunningStrike","TheCursedMod:VitalStrike","TheCursedMod:RapidMovement+1"],"picked":"Singing Bowl","floor":48}],"player_experience":622861,"relics_obtained":[{"floor":8,"key":"Ancient Tea Set"},{"floor":9,"key":"aspiration:StickyExplosives_weak"},{"floor":14,"key":"Art of War"},{"floor":23,"key":"aspiration:HiddenCompartment"},{"floor":26,"key":"Bottled Lightning"},{"floor":40,"key":"Replay:WaspNest"},{"floor":43,"key":"Replay:Rubber Ducky"},{"floor":48,"key":"aspiration:Lifesprig"}],"event_choices":[{"damage_healed":0,"gold_gain":0,"player_choice":"Ignored","damage_taken":0,"max_hp_gain":0,"max_hp_loss":0,"event_name":"Fountain of Cleansing","floor":4,"gold_loss":0},{"damage_healed":0,"gold_gain":0,"player_choice":"Ignored","damage_taken":0,"max_hp_gain":0,"max_hp_loss":0,"event_name":"The Mausoleum","floor":21,"gold_loss":0},{"damage_healed":0,"gold_gain":0,"player_choice":"Ignored","damage_taken":0,"max_hp_gain":0,"max_hp_loss":0,"event_name":"Vampires","floor":28,"gold_loss":0},{"cards_removed":["ReplayTheSpireMod:Splinters"],"damage_healed":0,"gold_gain":0,"player_choice":"Offered Curse","damage_taken":0,"relics_obtained":["Spirit Poop"],"max_hp_gain":0,"max_hp_loss":0,"event_name":"Bonfire Elementals","floor":36,"gold_loss":0},{"damage_healed":0,"gold_gain":0,"player_choice":"Leave","damage_taken":0,"max_hp_gain":0,"max_hp_loss":0,"event_name":"conspire:Investor","floor":47,"gold_loss":0}],"is_beta":false,"boss_relics":[{"not_picked":["Pandora\u0027s Box","Replay:Bronze Core"],"picked":"TheCursedMod:BlackMagicAdvanced"},{"not_picked":["conspire:SlowCooker","Busted Crown"],"picked":"Replay:Ancient Bell"},{"not_picked":["aspiration:EmptySkull","TheCursedMod:Tack"],"picked":"Nunchaku"},{"not_picked":["Question Card","HornCleat"],"picked":"Singing Bowl"},{"not_picked":["Calipers","Thread and Needle"],"picked":"TungstenRod"}],"items_purged_floors":[37,46],"is_endless":false,"potions_floor_spawned":[1,5,8,14,16,18,23,27,35,45,48],"ascension_level":4}}