{"host":"8l1xuphorofpdxlv","time":1608561610,"event":{"mods":["AchievementEnabler","BaseMod","DeckTracker","Minty Spire (QoL Compilation)","Quick Restart","SuperFastMode"],"gold_per_floor":[117,42,117,117,135,135,64,82,82,82,113,138,138,159,159,285,285,301,301,54,68,68,68,106,124,124,137,137,155,155,280,280,408,408,421,441,441,141,154,154,154],"floor_reached":40,"playtime":1252,"items_purged":["Strike_G","Pain","Strike_G"],"score":487,"play_id":"93e79bbf-98b4-4e60-b303-59b41a35cb36","local_time":"20201221234010","is_ascension_mode":true,"campfire_choices":[{"data":"Dodge and Roll","floor":6,"key":"SMITH"},{"data":"Footwork","floor":10,"key":"SMITH"},{"floor":15,"key":"REST"},{"data":"Adrenaline","floor":23,"key":"SMITH"},{"data":"Blade Dance","floor":28,"key":"SMITH"},{"data":"Blade Dance","floor":30,"key":"SMITH"},{"floor":32,"key":"REST"}],"circlet_count":0,"master_deck":["Defend_G","Defend_G","Defend_G","Defend_G","Defend_G","Survivor","Neutralize","Dodge and Roll+1","Deadly Poison","Footwork+1","Blade Dance+1","Poisoned Stab","Blade Dance+1","Dagger Spray","Adrenaline+1","Blade Dance","Backstab","Prepared+1","Terror+1","Underhanded Strike+1","Leg Sweep+1","PiercingWail+1","Choke","Apotheosis"],"relics":["Ring of the Snake","Centennial Puzzle","Golden Idol","Ornamental Fan","FossilizedHelix","WarpedTongs","Philosopher\u0027s Stone","Ancient Tea Set","Potion Belt","The Specimen","Pocketwatch","Meat on the Bone","Astrolabe"],"acts_visited":["Exordium","TheCity","TheBeyond"],"potions_floor_usage":[14,14,16,27,33,40],"damage_taken":[{"damage":2,"enemies":"Small Slimes","floor":1,"turns":3},{"damage":0,"enemies":"2 Louse","floor":5,"turns":4},{"damage":0,"enemies":"Cultist","floor":8,"turns":4},{"damage":30,"enemies":"Gremlin Nob","floor":11,"turns":5},{"damage":0,"enemies":"Looter","floor":12,"turns":3},{"damage":2,"enemies":"Lots of Slimes","floor":14,"turns":3},{"damage":21,"enemies":"Hexaghost","floor":16,"turns":11},{"damage":15,"enemies":"Spheric Guardian","floor":18,"turns":5},{"damage":0,"enemies":"3 Byrds","floor":21,"turns":4},{"damage":26,"enemies":"Gremlin Leader","floor":24,"turns":7},{"damage":0,"enemies":"3 Cultists","floor":25,"turns":5},{"damage":0,"enemies":"Snecko","floor":27,"turns":6},{"damage":0,"enemies":"Centurion and Healer","floor":29,"turns":6},{"damage":0,"enemies":"Colosseum Slavers","floor":31,"turns":2},{"damage":0,"enemies":"Colosseum Nobs","floor":31,"turns":5},{"damage":58,"enemies":"Automaton","floor":33,"turns":11},{"damage":0,"enemies":"3 Shapes","floor":35,"turns":5},{"damage":0,"enemies":"Orb Walker","floor":36,"turns":2},{"damage":20,"enemies":"Sphere and 2 Shapes","floor":39,"turns":6},{"damage":55,"enemies":"Reptomancer","floor":40,"turns":2}],"seed_played":"5367877093660108043","potions_obtained":[{"floor":5,"key":"Fire Potion"},{"floor":8,"key":"Swift Potion"},{"floor":12,"key":"Fire Potion"},{"floor":18,"key":"Ancient Potion"},{"floor":24,"key":"DuplicationPotion"},{"floor":31,"key":"Regen Potion"},{"floor":33,"key":"ColorlessPotion"}],"is_trial":false,"path_per_floor":["M","$","?","?","M","R","$","M","T","R","E","M","?","M","R","B",null,"M","?","$","M","?","R","E","M","T","M","R","M","R","?","R","B",null,"M","M","?","$","M","E"],"character_chosen":"THE_SILENT","items_purchased":["Footwork","Ancient Tea Set","Apotheosis"],"campfire_rested":2,"item_purchase_floors":[7,20,38],"current_hp_per_floor":[68,68,57,40,40,40,40,40,40,40,10,10,10,8,29,8,70,55,55,55,55,55,55,29,29,29,29,29,29,29,29,50,19,70,70,70,70,70,50,0,0],"gold":154,"neow_bonus":"RANDOM_COMMON_RELIC","is_daily":false,"chose_seed":false,"campfire_upgraded":5,"win_rate":0.0,"timestamp":1608561610,"path_taken":["M","$","?","?","M","R","$","M","T","R","E","M","?","M","R","BOSS","M","?","$","M","?","R","E","M","T","M","R","?","R","?","R","BOSS","M","M","?","$","M","E"],"items_purchased_type":["Card","Relic","Card"],"build_version":"2020-12-13","purchased_purges":3,"victory":false,"max_hp_per_floor":[70,70,70,70,70,70,70,70,70,70,70,70,70,70,70,70,70,70,70,70,70,70,70,70,70,70,70,70,70,70,70,70,70,70,70,70,70,70,70,70,70],"card_choices":[{"not_picked":["Caltrops","Sucker Punch"],"picked":"Dodge and Roll","floor":1},{"not_picked":["Skewer","Riddle With Holes"],"picked":"Deadly Poison","floor":5},{"not_picked":["Setup","Slice"],"picked":"Blade Dance","floor":8},{"not_picked":["Leg Sweep","Prepared"],"picked":"Poisoned Stab","floor":11},{"not_picked":["All Out Attack","Heel Hook"],"picked":"Blade Dance","floor":12},{"not_picked":["Bane","Finisher"],"picked":"Dagger Spray","floor":14},{"not_picked":["Die Die Die","Storm of Steel"],"picked":"Adrenaline","floor":16},{"not_picked":["Crippling Poison","Sucker Punch","Catalyst"],"picked":"SKIP","floor":18},{"not_picked":["Riddle With Holes","Noxious Fumes"],"picked":"Backstab","floor":21},{"not_picked":["Leg Sweep","Dagger Throw","Deadly Poison+1"],"picked":"SKIP","floor":24},{"not_picked":["Blade Dance","Poisoned Stab"],"picked":"Prepared+1","floor":25},{"not_picked":["Heel Hook","Dodge and Roll","Sucker Punch"],"picked":"SKIP","floor":27},{"not_picked":["Blade Dance","Poisoned Stab+1"],"picked":"Terror+1","floor":29},{"not_picked":["Dagger Spray","Backstab+1","Dodge and Roll+1"],"picked":"SKIP","floor":35},{"not_picked":["Infinite Blades","Outmaneuver+1"],"picked":"Choke","floor":36},{"not_picked":["Cloak And Dagger","Distraction","Escape Plan"],"picked":"SKIP","floor":39}],"player_experience":81807,"relics_obtained":[{"floor":9,"key":"Ornamental Fan"},{"floor":11,"key":"FossilizedHelix"},{"floor":24,"key":"Potion Belt"},{"floor":26,"key":"The Specimen"},{"floor":31,"key":"Pocketwatch"},{"floor":31,"key":"Meat on the Bone"}],"event_choices":[{"damage_healed":0,"gold_gain":75,"player_choice":"Gather Gold","damage_taken":11,"max_hp_gain":0,"max_hp_loss":0,"event_name":"World of Goop","floor":3,"gold_loss":0},{"damage_healed":0,"gold_gain":0,"player_choice":"Take Damage","damage_taken":17,"relics_obtained":["Golden Idol"],"max_hp_gain":0,"max_hp_loss":0,"event_name":"Golden Idol","floor":4,"gold_loss":0},{"damage_healed":0,"gold_gain":0,"player_choice":"Rummage","damage_taken":0,"relics_obtained":["WarpedTongs"],"max_hp_gain":0,"max_hp_loss":0,"event_name":"Accursed Blacksmith","floor":13,"gold_loss":0,"cards_obtained":["Pain"]},{"damage_healed":0,"gold_gain":0,"player_choice":"Read","damage_taken":0,"max_hp_gain":0,"max_hp_loss":0,"event_name":"The Library","floor":19,"gold_loss":0,"cards_obtained":["Blade Dance"]},{"damage_healed":0,"gold_gain":0,"player_choice":"Ignored","damage_taken":0,"max_hp_gain":0,"max_hp_loss":0,"event_name":"N\u0027loth","floor":22,"gold_loss":0},{"damage_healed":0,"gold_gain":0,"player_choice":"Fight","damage_taken":0,"max_hp_gain":0,"max_hp_loss":0,"event_name":"Colosseum","floor":31,"gold_loss":0},{"damage_healed":0,"gold_gain":0,"player_choice":"Fought Nobs","damage_taken":0,"max_hp_gain":0,"max_hp_loss":0,"event_name":"Colosseum","floor":31,"gold_loss":0},{"damage_healed":0,"gold_gain":0,"player_choice":"Ignored","damage_taken":0,"max_hp_gain":0,"max_hp_loss":0,"event_name":"Tomb of Lord Red Mask","floor":37,"gold_loss":0}],"is_beta":false,"boss_relics":[{"not_picked":["SacredBark","Ectoplasm"],"picked":"Philosopher\u0027s Stone"},{"not_picked":["Runic Pyramid","Ring of the Serpent"],"picked":"Astrolabe"}],"items_purged_floors":[2,20,38],"is_endless":false,"potions_floor_spawned":[5,8,12,18,24,31,33],"killed_by":"Reptomancer","ascension_level":4}}