{"host":"nljp4tk11zt4gqcq","time":1608522765,"event":{"mods":["2.2 Compatiblity","Bard","BaseMod","Beaked The Cultist","Better Third Choice","Conspire","Downfall","Friendly Minions","Hermit","Hubris","Jorbs\u0027s Wanderer Trilogy","Minty Spire (QoL Compilation)","Rare Cards Sparkle","Relic Stats","Replay The Spire","Robot Space Explorer","Spicy Shops","StSLib","The Bladedancer","The Bug Knight","The Construct","The Cursed","The Disciple","The Forsaken","The Hierophant","The Jungle","The Runesmith","The Servant 0.9.4","UnlockEverythingMod"],"gold_per_floor":[110,142,292,292,307,348,348,348,372,372,372,398,398,438,438,438,438],"floor_reached":16,"playtime":1433,"items_purged":[],"score":108,"play_id":"591ebc69-4d19-428a-8034-fd3825ef0656","local_time":"20201220195245","is_ascension_mode":false,"campfire_choices":[{"floor":7,"key":"REST"},{"floor":11,"key":"REST"},{"floor":15,"key":"REST"}],"circlet_count":0,"master_deck":["Strike_Br","Strike_Br","Strike_Br","Strike_Br","Defend_Br","Defend_Br","Defend_Br","Defend_Br","SecondHand","PatternShift","LockedMawBank","Echoward","stsjorbsmod:Procrastination","CommonCold","Keepsakes","PrimeTime","Echonomics","LockedThread","Parity"],"relics":["Chronometer","NeowsBlessing","ReplayTheSpireMod:CursedCoin","ReplayTheSpireMod:Ring of Exchange","Ring of Hypnosis","Turnip","WarPaint?","SpringShield","Dream Catcher","CultistMask"],"acts_visited":["Exordium"],"potions_floor_usage":[6,6,12,16],"damage_taken":[{"damage":0,"enemies":"Small Slimes","floor":1,"turns":1},{"damage":0,"enemies":"Jaw Worm","floor":2,"turns":1},{"damage":0,"enemies":"2 Louse","floor":5,"turns":1},{"damage":36,"enemies":"Gremlin Nob","floor":6,"turns":5},{"damage":27,"enemies":"3 Sentries","floor":12,"turns":11},{"damage":30,"enemies":"Gremlin Gang","floor":14,"turns":7},{"damage":42,"enemies":"The Guardian","floor":16,"turns":15}],"seed_played":"-3107566646378282246","potions_obtained":[{"floor":1,"key":"LiquidMemories"},{"floor":5,"key":"AttackPotion"},{"floor":6,"key":"Elixir"},{"floor":14,"key":"Guardian:BlockOnCardUsePotion"}],"is_trial":false,"path_per_floor":["M","M","$","?","M","E","R","?","T","?","R","E","?","M","R","B"],"character_chosen":"CHRONO_CLASS","items_purchased":["ReplayTheSpireMod:CursedCoin"],"campfire_rested":3,"item_purchase_floors":[3],"current_hp_per_floor":[65,65,65,65,65,29,48,48,48,53,70,43,43,13,34,0,0],"gold":438,"neow_bonus":"THREE_ENEMY_KILL","is_daily":false,"chose_seed":false,"campfire_upgraded":0,"win_rate":0.0,"timestamp":1608522765,"path_taken":["M","M","$","?","M","E","R","?","T","?","R","E","?","M","R","BOSS"],"items_purchased_type":["Relic"],"build_version":"2020-12-13","purchased_purges":0,"victory":false,"max_hp_per_floor":[65,65,65,65,65,65,65,65,65,70,70,70,70,70,70,70,70],"relic_stats":{"Dream Catcher":1,"counters":[7,41],"Turnip":[0],"obtain_stats":[{"ReplayTheSpireMod:Ring of Exchange":4,"Dream Catcher":12,"NeowsBlessing":0,"Ring of Hypnosis":4,"Chronometer":0,"ReplayTheSpireMod:CursedCoin":3,"Turnip":6,"CultistMask":13,"SpringShield":9,"WarPaint?":8},{"ReplayTheSpireMod:Ring of Exchange":2,"Dream Catcher":5,"NeowsBlessing":0,"Ring of Hypnosis":2,"Chronometer":0,"ReplayTheSpireMod:CursedCoin":2,"Turnip":4,"CultistMask":5,"SpringShield":4,"WarPaint?":4},{"ReplayTheSpireMod:Ring of Exchange":2,"Dream Catcher":19,"NeowsBlessing":0,"Ring of Hypnosis":2,"Chronometer":0,"ReplayTheSpireMod:CursedCoin":2,"Turnip":8,"CultistMask":19,"SpringShield":8,"WarPaint?":8}]},"card_choices":[{"not_picked":["Goo","ReapSow"],"picked":"LockedMawBank","floor":1},{"not_picked":["CrunchTime","Engulf"],"picked":"Echoward","floor":2},{"not_picked":["HandsUpC","WatchCommand"],"picked":"Keepsakes","floor":5},{"not_picked":["Tempo","TiringSlam"],"picked":"PrimeTime","floor":6},{"not_picked":["BiteCommand","AlternateTimeline"],"picked":"Echonomics","floor":12},{"not_picked":["HandsUpB","CrunchTime"],"picked":"LockedThread","floor":14},{"not_picked":["AlternateTimeline","PrimeTime"],"picked":"Parity","floor":15}],"player_experience":271728,"relics_obtained":[{"floor":4,"key":"ReplayTheSpireMod:Ring of Exchange"},{"floor":4,"key":"Ring of Hypnosis"},{"floor":6,"key":"Turnip"},{"floor":9,"key":"SpringShield"},{"floor":12,"key":"Dream Catcher"}],"event_choices":[{"damage_healed":0,"gold_gain":0,"player_choice":"Donut","damage_taken":0,"max_hp_gain":5,"max_hp_loss":0,"event_name":"Big Fish","floor":10,"gold_loss":0},{"damage_healed":0,"gold_gain":0,"player_choice":"Trade","damage_taken":0,"relics_obtained":["CultistMask"],"max_hp_gain":0,"max_hp_loss":0,"event_name":"FaceTrader","floor":13,"gold_loss":0}],"is_beta":false,"boss_relics":[],"items_purged_floors":[],"is_endless":false,"potions_floor_spawned":[1,5,6,14],"killed_by":"The Guardian","ascension_level":0}}