{"host":"mvlqq966zh3ccmv5","time":1608538734,"event":{"mods":["AchievementEnabler","BaseMod","DeckTracker","Minty Spire (QoL Compilation)","SuperFastMode"],"gold_per_floor":[119,119,119,143,164,164,208,226,273,292,292,316,329,177,177,177,177],"floor_reached":16,"playtime":347,"items_purged":["Strike_G"],"score":156,"play_id":"df0069bf-eb23-4917-8f9a-3fdccaa36dc4","local_time":"20201221171854","is_ascension_mode":true,"campfire_choices":[{"data":"Sucker Punch","floor":6,"key":"SMITH"},{"data":"Riddle With Holes","floor":11,"key":"SMITH"},{"data":"Neutralize","floor":15,"key":"SMITH"}],"circlet_count":0,"master_deck":["AscendersBane","Strike_G","Strike_G","Strike_G","Strike_G","Defend_G","Defend_G+1","Defend_G","Defend_G","Defend_G","Survivor","Neutralize+1","All Out Attack+1","Sucker Punch+1","Masterful Stab","Riddle With Holes+1","Quick Slash","Flying Knee","Riddle With Holes"],"relics":["Ring of the Snake","Strawberry","Golden Idol","StrikeDummy","Vajra"],"acts_visited":["Exordium"],"potions_floor_usage":[7,10],"damage_taken":[{"damage":1,"enemies":"Small Slimes","floor":1,"turns":6},{"damage":0,"enemies":"2 Louse","floor":4,"turns":1},{"damage":2,"enemies":"Jaw Worm","floor":5,"turns":5},{"damage":17,"enemies":"3 Sentries","floor":7,"turns":7},{"damage":0,"enemies":"Blue Slaver","floor":8,"turns":3},{"damage":6,"enemies":"Lots of Slimes","floor":10,"turns":2},{"damage":9,"enemies":"Looter","floor":12,"turns":3},{"damage":1,"enemies":"Blue Slaver","floor":13,"turns":3},{"damage":8,"enemies":"Hexaghost","floor":16,"turns":9}],"seed_played":"-2036388739409496574","potions_obtained":[{"floor":1,"key":"Dexterity Potion"},{"floor":5,"key":"Energy Potion"},{"floor":8,"key":"Explosive Potion"},{"floor":12,"key":"SteroidPotion"}],"is_trial":false,"path_per_floor":["M","?","?","M","M","R","E","M","T","M","R","M","M","$","R","B"],"character_chosen":"THE_SILENT","items_purchased":["Riddle With Holes"],"campfire_rested":0,"item_purchase_floors":[14],"current_hp_per_floor":[69,54,54,54,52,52,35,35,35,29,29,20,19,19,19,11,11],"gold":177,"neow_bonus":"RANDOM_COMMON_RELIC","is_daily":false,"chose_seed":false,"campfire_upgraded":3,"win_rate":0.0,"timestamp":1608538734,"path_taken":["M","?","?","M","M","R","E","M","T","M","R","M","M","?","R","BOSS"],"items_purchased_type":["Card"],"build_version":"2020-12-13","purchased_purges":1,"victory":false,"max_hp_per_floor":[77,77,71,71,71,71,71,71,71,71,71,71,71,71,71,71,71],"card_choices":[{"not_picked":["Sucker Punch","Flying Knee"],"picked":"All Out Attack","floor":1},{"not_picked":["Poisoned Stab","Deflect"],"picked":"Sucker Punch","floor":4},{"not_picked":["Skewer","Sucker Punch"],"picked":"Masterful Stab","floor":5},{"not_picked":["Leg Sweep","Catalyst","Slice"],"picked":"SKIP","floor":7},{"not_picked":["Setup","Distraction"],"picked":"Riddle With Holes","floor":8},{"not_picked":["Blur","Poisoned Stab","Leg Sweep"],"picked":"SKIP","floor":10},{"not_picked":["Outmaneuver","Poisoned Stab"],"picked":"Quick Slash","floor":12},{"not_picked":["Finisher","Leg Sweep"],"picked":"Flying Knee","floor":13}],"player_experience":220317,"relics_obtained":[{"floor":7,"key":"StrikeDummy"},{"floor":9,"key":"Vajra"}],"event_choices":[{"damage_healed":0,"gold_gain":0,"player_choice":"Entered Light","damage_taken":15,"max_hp_gain":0,"max_hp_loss":0,"event_name":"Shining Light","floor":2,"gold_loss":0,"cards_upgraded":["Defend_G","All Out Attack"]},{"damage_healed":0,"gold_gain":0,"player_choice":"Lose Max HP","damage_taken":0,"relics_obtained":["Golden Idol"],"max_hp_gain":0,"max_hp_loss":6,"event_name":"Golden Idol","floor":3,"gold_loss":0}],"is_beta":false,"boss_relics":[],"items_purged_floors":[14],"is_endless":false,"potions_floor_spawned":[1,5,8,12],"killed_by":"Hexaghost","ascension_level":10}}