{"host":"59wnhi65kiwmnpg4","time":1612197870,"event":{"mods":["2.2 Compatiblity","AchievementEnabler","BaseMod","BetterRewards","Colored Map","Custom Start","Disable Question Mark Monsters","Highlight Path","Minty Spire (QoL Compilation)","Permanent Neow","Relic Sorter","Relic Stats"],"gold_per_floor":[114,126,142,152,152,152,184,204,204,204,230,230,265,276,276,351,351,365,380,380,397,407,437,437,465,465,162,193,193,223,253,265,350,362,393,122,135,6,23,23,51,76,76,107,126,159,159,159,159,159,159],"floor_reached":52,"language":"ENG","playtime":3891,"items_purged":["Melter"],"score":2505,"play_id":"3fb408d0-e674-474a-9dfb-219e43affeb0","local_time":"20210201164430","daily_mods":["Draft"],"is_ascension_mode":true,"campfire_choices":[{"data":"Beam Cell","floor":6,"key":"SMITH"},{"data":"Capacitor","floor":10,"key":"SMITH"},{"data":"Defragment","floor":15,"key":"SMITH"},{"data":"Reboot","floor":24,"key":"SMITH"},{"data":"Scrape","floor":29,"key":"SMITH"},{"data":"Seek","floor":32,"key":"SMITH"},{"data":"Buffer","floor":40,"key":"SMITH"},{"data":"Defragment","floor":49,"key":"SMITH"}],"circlet_count":0,"master_deck":["AscendersBane","Capacitor+1","Scrape+1","Cold Snap","Leap","Go for the Eyes","Stack","Beam Cell+1","Hologram","Gash","Gash","Steam","Ball Lightning","Coolheaded","Gash","Gash","Scrape+1","Skim","FTL","Reboot+1","Defragment+1","All For One","Capacitor","Cold Snap","Seek+1","White Noise","Scrape+1","Scrape","Steam","BootSequence","Buffer+1","Defragment+1","Coolheaded","Panacea","Leap+1","Hologram+1","Barrage","Skim+1","Glacier"],"relics":["Cracked Core","Oddly Smooth Stone","Darkstone Periapt","Shuriken","Sundial","Black Star","Lantern","Eternal Feather","Strawberry","Orichalcum","Bag of Marbles","DataDisk","Prayer Wheel","Bottled Flame","MawBank","Kunai","SlaversCollar","Happy Flower","Whetstone","Calipers","Art of War","Symbiotic Virus","Anchor","Vajra","Lizard Tail"],"acts_visited":["Exordium","TheCity","TheBeyond"],"potions_floor_usage":[25,51,51],"damage_taken":[{"damage":0,"enemies":"Small Slimes","floor":1,"turns":3},{"damage":3,"enemies":"Jaw Worm","floor":2,"turns":2},{"damage":0,"enemies":"Cultist","floor":3,"turns":2},{"damage":0,"enemies":"Exordium Thugs","floor":4,"turns":4},{"damage":13,"enemies":"3 Sentries","floor":7,"turns":4},{"damage":0,"enemies":"Large Slime","floor":8,"turns":3},{"damage":0,"enemies":"Gremlin Nob","floor":11,"turns":2},{"damage":0,"enemies":"Lagavulin","floor":13,"turns":2},{"damage":0,"enemies":"Looter","floor":14,"turns":2},{"damage":15,"enemies":"The Guardian","floor":16,"turns":4},{"damage":0,"enemies":"Chosen","floor":18,"turns":2},{"damage":4,"enemies":"3 Byrds","floor":19,"turns":4},{"damage":0,"enemies":"Cultist and Chosen","floor":21,"turns":3},{"damage":0,"enemies":"Sentry and Sphere","floor":22,"turns":3},{"damage":13,"enemies":"Book of Stabbing","floor":23,"turns":4},{"damage":30,"enemies":"Slavers","floor":25,"turns":3},{"damage":8,"enemies":"Book of Stabbing","floor":28,"turns":2},{"damage":1,"enemies":"Slavers","floor":30,"turns":2},{"damage":18,"enemies":"Snake Plant","floor":31,"turns":3},{"damage":0,"enemies":"Collector","floor":33,"turns":5},{"damage":0,"enemies":"3 Shapes","floor":35,"turns":5},{"damage":10,"enemies":"Orb Walker","floor":37,"turns":2},{"damage":0,"enemies":"Maw","floor":39,"turns":4},{"damage":0,"enemies":"Nemesis","floor":41,"turns":3},{"damage":0,"enemies":"Mind Bloom Boss Battle","floor":42,"turns":6},{"damage":0,"enemies":"Giant Head","floor":44,"turns":5},{"damage":0,"enemies":"Jaw Worm Horde","floor":45,"turns":4},{"damage":9,"enemies":"Reptomancer","floor":46,"turns":6},{"damage":26,"enemies":"Time Eater","floor":50,"turns":11},{"damage":0,"enemies":"Awakened One","floor":51,"turns":7}],"seed_played":"-1438341133952527395","potions_obtained":[{"floor":1,"key":"Fire Potion"},{"floor":2,"key":"EssenceOfSteel"},{"floor":16,"key":"CultistPotion"},{"floor":18,"key":"Regen Potion"},{"floor":21,"key":"Ancient Potion"}],"is_trial":true,"path_per_floor":["M","M","M","M","?","R","E","M","T","R","E","?","E","M","R","B",null,"M","M","?","M","M","E","R","E","T","$","E","R","E","M","R","B",null,"M","$","M","$","M","R","E","?","T","E","M","E","?","?","R","B","B",null],"character_chosen":"DEFECT","items_purchased":["DataDisk","Scrape","FocusPotion","Defragment","Coolheaded","Panacea","SteroidPotion","FocusPotion"],"campfire_rested":0,"item_purchase_floors":[27,27,27,36,36,36,36,38],"current_hp_per_floor":[64,61,61,61,61,61,48,48,48,48,48,48,48,48,48,33,62,62,58,58,58,58,45,60,46,46,46,38,53,52,34,52,52,72,72,72,62,62,62,78,78,78,78,78,78,69,69,69,74,48,48],"gold":159,"neow_bonus":"","is_daily":false,"chose_seed":false,"campfire_upgraded":8,"win_rate":0.0,"timestamp":1612197870,"path_taken":["M","M","M","M","?","R","E","M","T","R","E","?","E","M","R","BOSS","M","M","?","M","M","E","R","E","T","$","E","R","E","?","R","BOSS","M","$","M","$","M","R","E","?","T","E","M","E","?","?","R","BOSS","BOSS"],"items_purchased_type":["Relic","Card","Potion","Card","Card","Card","Potion","Potion"],"build_version":"2020-12-22","purchased_purges":1,"victory":true,"max_hp_per_floor":[71,71,71,71,71,71,71,71,71,71,71,71,71,71,71,71,71,71,71,71,71,71,71,71,78,78,78,78,78,78,78,78,78,78,78,78,78,78,78,78,78,78,78,78,78,78,74,74,74,74,74],"relic_stats":{"Darkstone Periapt":0,"Happy Flower":[13],"counters":[30,112],"Eternal Feather":69,"Whetstone":["Scrape","Scrape"],"Orichalcum":[108],"MawBank":72,"Lizard Tail":0,"Shuriken":[105],"Sundial":[20],"Prayer Wheel":5,"Black Star":7,"Art of War":[2],"Kunai":[64],"obtain_stats":[{"Darkstone Periapt":9,"Lantern":23,"Calipers":42,"Vajra":46,"Whetstone":41,"Lizard Tail":46,"Sundial":13,"Strawberry":25,"Prayer Wheel":28,"Kunai":30,"Cracked Core":0,"Happy Flower":41,"Oddly Smooth Stone":7,"Eternal Feather":23,"Orichalcum":25,"MawBank":30,"SlaversCollar":34,"DataDisk":27,"Bottled Flame":28,"Anchor":44,"Shuriken":11,"Black Star":17,"Bag of Marbles":26,"Art of War":43,"Symbiotic Virus":44},{"Darkstone Periapt":6,"Lantern":15,"Calipers":25,"Vajra":28,"Whetstone":24,"Lizard Tail":28,"Sundial":8,"Strawberry":16,"Prayer Wheel":17,"Kunai":18,"Cracked Core":0,"Happy Flower":24,"Oddly Smooth Stone":5,"Eternal Feather":15,"Orichalcum":16,"MawBank":18,"SlaversCollar":20,"DataDisk":16,"Bottled Flame":17,"Anchor":26,"Shuriken":7,"Black Star":10,"Bag of Marbles":16,"Art of War":25,"Symbiotic Virus":26},{"Darkstone Periapt":18,"Lantern":44,"Calipers":79,"Vajra":94,"Whetstone":73,"Lizard Tail":94,"Sundial":22,"Strawberry":47,"Prayer Wheel":49,"Kunai":51,"Cracked Core":0,"Happy Flower":73,"Oddly Smooth Stone":15,"Eternal Feather":44,"Orichalcum":47,"MawBank":51,"SlaversCollar":59,"DataDisk":47,"Bottled Flame":49,"Anchor":84,"Shuriken":20,"Black Star":28,"Bag of Marbles":47,"Art of War":79,"Symbiotic Virus":84}]},"card_choices":[{"not_picked":["Undo","Fusion"],"picked":"Melter","floor":0},{"not_picked":["Rebound","Cold Snap"],"picked":"Capacitor","floor":0},{"not_picked":["Steam","Reprogram"],"picked":"Scrape","floor":0},{"not_picked":["Turbo","Stack"],"picked":"Cold Snap","floor":0},{"not_picked":["FTL","Aggregate"],"picked":"Leap","floor":0},{"not_picked":["Hello World","Stack"],"picked":"Go for the Eyes","floor":0},{"not_picked":["Sweeping Beam","Darkness"],"picked":"Stack","floor":0},{"not_picked":["Hologram","Fusion"],"picked":"Ball Lightning","floor":0},{"not_picked":["Streamline","Tempest"],"picked":"Beam Cell","floor":0},{"not_picked":["Stack","Darkness"],"picked":"Hologram","floor":0},{"not_picked":["Hologram","Reinforced Body"],"picked":"Gash","floor":0},{"not_picked":["Streamline","Redo"],"picked":"Gash","floor":0},{"not_picked":["Redo","Doom and Gloom"],"picked":"Steam","floor":0},{"not_picked":["Redo","Double Energy"],"picked":"Ball Lightning","floor":0},{"not_picked":["Streamline","Stack"],"picked":"Coolheaded","floor":0},{"not_picked":["Coolheaded","Conserve Battery"],"picked":"Gash","floor":1},{"not_picked":["Darkness","Rebound"],"picked":"Gash","floor":2},{"not_picked":["Sweeping Beam","Rip and Tear"],"picked":"Scrape","floor":3},{"not_picked":["Rip and Tear","Chaos"],"picked":"Skim","floor":4},{"not_picked":["Force Field","Turbo","Redo"],"picked":"SKIP","floor":7},{"not_picked":["Barrage","Stack"],"picked":"FTL","floor":8},{"not_picked":["Reprogram","Tempest"],"picked":"Reboot","floor":11},{"not_picked":["Skim","Streamline","Barrage"],"picked":"SKIP","floor":13},{"not_picked":["Conserve Battery","Steam"],"picked":"Defragment","floor":14},{"not_picked":["Fission","Amplify"],"picked":"All For One","floor":16},{"not_picked":["Turbo","Streamline","Go for the Eyes"],"picked":"SKIP","floor":18},{"not_picked":["Reprogram","Sunder"],"picked":"Capacitor","floor":19},{"not_picked":["Beam Cell","Stack"],"picked":"Cold Snap","floor":21},{"not_picked":["Turbo+1","Hologram"],"picked":"Seek","floor":22},{"not_picked":["Aggregate","Turbo+1"],"picked":"White Noise","floor":23},{"not_picked":["Tempest","Double Energy","Undo"],"picked":"SKIP","floor":25},{"not_picked":["Sunder","Hologram"],"picked":"Scrape","floor":28},{"not_picked":["Tempest","Sunder","Stack"],"picked":"SKIP","floor":30},{"not_picked":["Conserve Battery","Rebound"],"picked":"Steam","floor":31},{"not_picked":["Lockon","Go for the Eyes+1"],"picked":"BootSequence","floor":31},{"not_picked":["Amplify","Electrodynamics"],"picked":"Buffer","floor":33},{"not_picked":["Auto Shields","Static Discharge"],"picked":"Coolheaded","floor":35},{"not_picked":["Beam Cell","Redo","Sunder"],"picked":"SKIP","floor":35},{"not_picked":["Barrage","Redo"],"picked":"Leap+1","floor":37},{"not_picked":["Turbo","Ball Lightning","Rip and Tear+1"],"picked":"SKIP","floor":37},{"not_picked":["Sunder+1","Beam Cell","Reinforced Body"],"picked":"SKIP","floor":39},{"not_picked":["White Noise","Creative AI","Storm+1"],"picked":"SKIP","floor":39},{"not_picked":["Leap+1","Redo"],"picked":"Hologram+1","floor":41},{"not_picked":["Sweeping Beam+1","Double Energy"],"picked":"Barrage","floor":42},{"not_picked":["Coolheaded","Barrage"],"picked":"Skim+1","floor":44},{"not_picked":["Leap","Rip and Tear"],"picked":"Glacier","floor":45},{"not_picked":["Hologram+1","Go for the Eyes","Aggregate"],"picked":"SKIP","floor":45},{"not_picked":["Consume","Rainbow","Genetic Algorithm+1"],"picked":"SKIP","floor":46}],"player_experience":875821,"relics_obtained":[{"floor":7,"key":"Oddly Smooth Stone"},{"floor":9,"key":"Darkstone Periapt"},{"floor":11,"key":"Shuriken"},{"floor":13,"key":"Sundial"},{"floor":23,"key":"Lantern"},{"floor":23,"key":"Eternal Feather"},{"floor":25,"key":"Strawberry"},{"floor":25,"key":"Orichalcum"},{"floor":26,"key":"Bag of Marbles"},{"floor":28,"key":"Prayer Wheel"},{"floor":28,"key":"Bottled Flame"},{"floor":30,"key":"MawBank"},{"floor":30,"key":"Kunai"},{"floor":41,"key":"Happy Flower"},{"floor":41,"key":"Whetstone"},{"floor":42,"key":"Calipers"},{"floor":43,"key":"Art of War"},{"floor":44,"key":"Symbiotic Virus"},{"floor":44,"key":"Anchor"},{"floor":46,"key":"Vajra"},{"floor":46,"key":"Lizard Tail"}],"event_choices":[{"damage_healed":0,"gold_gain":0,"player_choice":"Leave","damage_taken":0,"max_hp_gain":0,"max_hp_loss":0,"event_name":"The Cleric","floor":5,"gold_loss":0},{"cards_removed":["Ball Lightning"],"damage_healed":0,"gold_gain":0,"player_choice":"Forget","damage_taken":0,"max_hp_gain":0,"max_hp_loss":0,"event_name":"Living Wall","floor":12,"gold_loss":0},{"damage_healed":0,"gold_gain":0,"player_choice":"Leave","damage_taken":0,"max_hp_gain":0,"max_hp_loss":0,"event_name":"FaceTrader","floor":20,"gold_loss":0},{"damage_healed":0,"gold_gain":0,"player_choice":"Fight","damage_taken":0,"max_hp_gain":0,"max_hp_loss":0,"event_name":"MindBloom","floor":42,"gold_loss":0},{"damage_healed":0,"gold_gain":0,"player_choice":"Max HP","damage_taken":0,"max_hp_gain":0,"max_hp_loss":4,"event_name":"Winding Halls","floor":47,"gold_loss":0},{"cards_removed":["Coolheaded"],"damage_healed":0,"gold_gain":0,"player_choice":"Removed Skill","damage_taken":0,"max_hp_gain":0,"max_hp_loss":0,"event_name":"Falling","floor":48,"gold_loss":0}],"is_beta":false,"boss_relics":[{"not_picked":["Velvet Choker","Busted Crown"],"picked":"Black Star"},{"not_picked":["Astrolabe","Runic Pyramid"],"picked":"SlaversCollar"}],"items_purged_floors":[38],"is_endless":false,"potions_floor_spawned":[1,2,4,13,16,18,19,21,28,35,37,44,46],"ascension_level":20}}