{"host":"s35nwqpfw06w1dve","time":1612157379,"event":{"mods":["Ascension Reborn","Aspiration","BaseMod","Colored Map","Friendly Minions","GungeonMod","Hermit","Kiyohime£¨?ýï£©","Koishi","Marisa£¨Ùöéë¡¡Øª×âÞÞ£©","Minty Spire (QoL Compilation)","Replay The Spire","StSLib"],"gold_per_floor":[113,113,130,145,157,187,167,182,182,198,233,246,257,155,155,258,358,379,394,494,514,532,532,562,562,638,578,597,597,613,613,613],"floor_reached":31,"language":"KOR","playtime":7689,"items_purged":["DemoMod:Strike_Huntress"],"score":323,"play_id":"ea85955f-bcb3-474b-bb90-95c101ef8310","local_time":"20210201142939","is_ascension_mode":true,"campfire_choices":[{"data":"DemoMod:PotionOfGunFriendShip","floor":15.0,"key":"SMITH"},{"data":"DemoMod:ChanceBullets","floor":23.0,"key":"SMITH"},{"data":"DemoMod:SkilledReload","floor":25.0,"key":"SMITH"},{"floor":29.0,"key":"REST"}],"circlet_count":1,"master_deck":["DemoMod:Strike_Huntress","DemoMod:Strike_Huntress","DemoMod:Defend_Huntress","DemoMod:Defend_Huntress","DemoMod:Defend_Huntress","DemoMod:Defend_Huntress","DemoMod:Roll","DemoMod:ManualReload","DemoMod:RustySidearm","DemoMod:CrossBow","DemoMod:TeaPot","DemoMod:GunstockTap","DemoMod:SkilledReload+1","DemoMod:PotionOfGunFriendShip+1","DemoMod:BalloonGun","DemoMod:ShadowBullets","DemoMod:HuntsMan","DemoMod:JK47","DemoMod:Unity","DemoMod:GunShield","DemoMod:ShadowBullets","DemoMod:ShadowBullets","DemoMod:ThirdPartyController","DemoMod:ChanceBullets+1","DemoMod:SAA","DemoMod:HardPowerCard+1","DemoMod:ChanceBullets+1","DemoMod:Elimentaler","DemoMod:TripleGun+1","DemoMod:FeignSurrender","DemoMod:BlackHoleGun"],"relics":["DemoMod:Dog","Circlet","Smiling Mask","DemoMod:MemoryAlloy","Replay:Ringing Soul","DemoMod:CrisisStone","StoneCalendar","Replay:Wanted Poster","aspiration:HiddenCompartment","Singing Bowl"],"acts_visited":["TheCity"],"potions_floor_usage":[31],"damage_taken":[{"damage":0.0,"enemies":"Small Slimes","floor":1.0,"turns":4.0},{"damage":0.0,"enemies":"Cultist","floor":3.0,"turns":3.0},{"damage":0.0,"enemies":"Jaw Worm","floor":4.0,"turns":3.0},{"damage":10.0,"enemies":"Lots of Slimes","floor":5.0,"turns":4.0},{"damage":22.0,"enemies":"3 Sentries","floor":6.0,"turns":7.0},{"damage":1.0,"enemies":"Red Slaver","floor":8.0,"turns":2.0},{"damage":0.0,"enemies":"Blue Slaver","floor":10.0,"turns":3.0},{"damage":5.0,"enemies":"Lagavulin","floor":11.0,"turns":6.0},{"damage":0.0,"enemies":"Exordium Wildlife","floor":12.0,"turns":2.0},{"damage":4.0,"enemies":"2 Fungi Beasts","floor":13.0,"turns":2.0},{"damage":17.0,"enemies":"Slime Boss","floor":16.0,"turns":7.0},{"damage":0.0,"enemies":"3 Byrds","floor":18.0,"turns":4.0},{"damage":11.0,"enemies":"Shell Parasite","floor":19.0,"turns":4.0},{"damage":36.0,"enemies":"Centurion and Healer","floor":21.0,"turns":7.0},{"damage":13.0,"enemies":"3 Cultists","floor":22.0,"turns":5.0},{"damage":18.0,"enemies":"Book of Stabbing","floor":24.0,"turns":4.0},{"damage":24.0,"enemies":"Chosen and Byrds","floor":28.0,"turns":4.0},{"damage":18.0,"enemies":"Centurion and Healer","floor":30.0,"turns":5.0},{"damage":40,"enemies":"Slavers","floor":31,"turns":3}],"seed_played":"801079718831600563","potions_obtained":[{"floor":4.0,"key":"Dexterity Potion"},{"floor":5.0,"key":"SmokeBomb"},{"floor":7.0,"key":"Toxic Potion"},{"floor":10.0,"key":"GamblersBrew"},{"floor":13.0,"key":"SteroidPotion"},{"floor":22.0,"key":"Swift Potion"},{"floor":28.0,"key":"LifebloodPotion"}],"is_trial":false,"path_per_floor":["M","?","M","M","M","E","?","M","T","M","E","M","M","$","R","B",null,"M","M","?","M","M","R","E","R","T","?","M","R","M","E"],"character_chosen":"HUNTRESS","items_purchased":["DemoMod:ShadowBullets"],"campfire_rested":1,"item_purchase_floors":[14],"current_hp_per_floor":[70,70,70,70,60,41,41,43,43,46,44,47,46,49,49,35,94,97,89,92,59,49,49,33,33,33,33,12,46,31,0,0],"gold":613,"neow_bonus":"RANDOM_COMMON_RELIC","is_daily":false,"chose_seed":false,"campfire_upgraded":3,"win_rate":0.0,"timestamp":1612157379,"path_taken":["M","?","M","M","?","E","?","M","T","M","E","M","?","$","R","BOSS","M","M","?","M","M","R","E","R","T","?","M","R","M","E"],"items_purchased_type":["Card"],"build_version":"2020-12-22","purchased_purges":1,"victory":false,"max_hp_per_floor":[70,70,70,70,70,73,73,76,76,79,82,85,88,91,91,94,94,97,100,103,106,109,109,111,111,111,111,114,114,117,117,117],"card_choices":[{"not_picked":["DemoMod:ConditionalReflex","DemoMod:MachoBrace"],"picked":"DemoMod:TeaPot","floor":1.0},{"not_picked":["DemoMod:LifeOrb","DemoMod:HardPowerCard"],"picked":"DemoMod:GunstockTap","floor":3.0},{"not_picked":["DemoMod:StickyCrossBow","DemoMod:ConditionalReflex"],"picked":"DemoMod:SkilledReload","floor":4.0},{"not_picked":["DemoMod:TeaPot","DemoMod:JK47"],"picked":"DemoMod:PotionOfGunFriendShip","floor":5.0},{"not_picked":["DemoMod:DirectionalPad","DemoMod:EasyReloadBullets"],"picked":"DemoMod:BalloonGun","floor":6.0},{"not_picked":["DemoMod:DoubleSwitch","DemoMod:StickyCrossBow"],"picked":"DemoMod:ShadowBullets","floor":8.0},{"not_picked":["DemoMod:DoubleSwitch","DemoMod:StickyCrossBow"],"picked":"DemoMod:HuntsMan","floor":10.0},{"not_picked":["DemoMod:HuntsMan","DemoMod:AbyssalTentacle"],"picked":"DemoMod:JK47","floor":11.0},{"not_picked":["DemoMod:ProbeStrike","DemoMod:JK47"],"picked":"DemoMod:Unity","floor":12.0},{"not_picked":["DemoMod:JK47","DemoMod:HardPowerCard"],"picked":"DemoMod:GunShield","floor":13.0},{"not_picked":["DemoMod:Slinger","DemoMod:DoubleVision"],"picked":"DemoMod:ThirdPartyController","floor":16.0},{"not_picked":["DemoMod:BattleInHaste","DemoMod:Ejector+1"],"picked":"DemoMod:ChanceBullets+1","floor":18.0},{"not_picked":["DemoMod:Ejector","DemoMod:HardPowerCard"],"picked":"DemoMod:SAA","floor":19.0},{"not_picked":["DemoMod:HuntsMan","DemoMod:RadGun"],"picked":"DemoMod:HardPowerCard+1","floor":20.0},{"not_picked":["DemoMod:PotionOfGunFriendShip","DemoMod:RadGun"],"picked":"DemoMod:ChanceBullets","floor":20.0},{"not_picked":["DemoMod:SAA","DemoMod:LifeOrb"],"picked":"DemoMod:Elimentaler","floor":21.0},{"not_picked":["DemoMod:GunstockTap","DemoMod:BattleInHaste"],"picked":"DemoMod:TripleGun+1","floor":22.0},{"not_picked":["DemoMod:SkilledReload","DemoMod:TeaPot","DemoMod:RadGun+1"],"picked":"Singing Bowl","floor":24.0},{"not_picked":["DemoMod:BoxingGlove","DemoMod:DoubleSwitch"],"picked":"DemoMod:FeignSurrender","floor":28.0},{"not_picked":["DemoMod:StickyCrossBow","DemoMod:RadGun"],"picked":"DemoMod:BlackHoleGun","floor":30.0}],"player_experience":451496,"relics_obtained":[{"floor":2.0,"key":"DemoMod:MemoryAlloy"},{"floor":6.0,"key":"Replay:Ringing Soul"},{"floor":9.0,"key":"DemoMod:CrisisStone"},{"floor":11.0,"key":"StoneCalendar"},{"floor":20.0,"key":"aspiration:HiddenCompartment"},{"floor":24.0,"key":"Singing Bowl"}],"event_choices":[{"damage_healed":0.0,"max_hp_gain":0.0,"max_hp_loss":0.0,"gold_gain":0.0,"event_name":"Wheel of Change","player_choice":"Relic","floor":2.0,"gold_loss":0.0,"damage_taken":0.0},{"damage_healed":0.0,"max_hp_gain":0.0,"max_hp_loss":0.0,"gold_gain":0.0,"event_name":"The Woman in Blue","player_choice":"Bought 1 Potion","floor":7.0,"gold_loss":0.0,"damage_taken":0.0}],"is_beta":false,"boss_relics":[{"not_picked":["Busted Crown","ChewingGum"],"picked":"Replay:Wanted Poster"}],"items_purged_floors":[14],"is_endless":false,"potions_floor_spawned":[4,5,10,13,16,22,28],"killed_by":"Slavers","ascension_level":0}}