{"host":"szp1d6dso4pv7ddl","time":1612151037,"event":{"mods":["AchievementEnabler","Alarm Clock","BaseMod","Bestiary","Block Reminder","Colored Map","Colored Powertips","Curses Come First","Dark Map","Displayed Cursed Tome","Highlight Path","Minty Spire (QoL Compilation)","Permanent Neow","Quick Restart","Relic Sorter","Relic Stats","StSLib","Synergy Search"],"gold_per_floor":[119,119,138,155,167,167,147,147,147,162,162,173,173,186,186,263,263,275,275,285,298,313,313,313,327,375,375,375,375],"floor_reached":28,"language":"ENG","playtime":1625,"items_purged":[],"score":375,"play_id":"1e5cbe52-824d-4fc0-9a23-e492cedf8d9b","local_time":"20210131194357","is_ascension_mode":true,"campfire_choices":[{"data":"Fission","floor":6.0,"key":"SMITH"},{"data":"Zap","floor":8.0,"key":"SMITH"},{"data":"Dualcast","floor":11.0,"key":"SMITH"},{"data":"Tempest","floor":13.0,"key":"SMITH"},{"data":"Coolheaded","floor":15.0,"key":"SMITH"},{"floor":23,"key":"REST"}],"circlet_count":0,"master_deck":["AscendersBane","Strike_B","Strike_B","Strike_B","Defend_B","Defend_B","Defend_B","Defend_B","Zap+1","Dualcast+1","Fission+1","Melter","Doom and Gloom","Ball Lightning","Auto Shields","Tempest+1","Coolheaded+1","Reboot","Static Discharge","Turbo","Fusion","Turbo","Undo"],"relics":["Cracked Core","Darkstone Periapt","Inserter","Bag of Preparation"],"acts_visited":["Exordium","TheCity"],"potions_floor_usage":[28],"damage_taken":[{"damage":0.0,"enemies":"2 Louse","floor":1.0,"turns":3.0},{"damage":1.0,"enemies":"Cultist","floor":3.0,"turns":3.0},{"damage":2.0,"enemies":"Jaw Worm","floor":4.0,"turns":3.0},{"damage":1.0,"enemies":"Exordium Wildlife","floor":5.0,"turns":2.0},{"damage":4.0,"enemies":"Red Slaver","floor":10.0,"turns":3.0},{"damage":8.0,"enemies":"Blue Slaver","floor":12.0,"turns":3.0},{"damage":0.0,"enemies":"2 Fungi Beasts","floor":14.0,"turns":3.0},{"damage":10.0,"enemies":"The Guardian","floor":16.0,"turns":11.0},{"damage":13.0,"enemies":"Shell Parasite","floor":18.0,"turns":4.0},{"damage":1.0,"enemies":"Chosen","floor":20.0,"turns":4.0},{"damage":21.0,"enemies":"Snecko","floor":21.0,"turns":4.0},{"damage":25.0,"enemies":"Shelled Parasite and Fungi","floor":22.0,"turns":5.0},{"damage":9,"enemies":"Sentry and Sphere","floor":25,"turns":4},{"damage":27,"enemies":"Slavers","floor":28,"turns":2}],"seed_played":"-3341834489213870118","potions_obtained":[{"floor":3.0,"key":"BlessingOfTheForge"},{"floor":7.0,"key":"DistilledChaos"},{"floor":16.0,"key":"Ancient Potion"},{"floor":20.0,"key":"DuplicationPotion"}],"is_trial":false,"path_per_floor":["M","?","M","M","M","R","?","R","T","M","R","M","R","M","R","B",null,"M","?","M","M","M","R","?","M","T","?","E"],"character_chosen":"DEFECT","items_purchased":[],"campfire_rested":1,"item_purchase_floors":[],"current_hp_per_floor":[64,69,68,66,65,65,65,65,65,61,61,53,53,53,53,43,68,55,55,54,33,8,30,30,21,21,21,0,0],"gold":375,"neow_bonus":"ONE_RANDOM_RARE_CARD","is_daily":false,"chose_seed":false,"campfire_upgraded":5,"win_rate":0.0,"timestamp":1612151037,"path_taken":["M","?","M","M","M","R","?","R","T","M","R","?","R","M","R","BOSS","M","?","M","M","M","R","?","?","T","?","E"],"items_purchased_type":[],"build_version":"2020-12-22","purchased_purges":0,"victory":false,"max_hp_per_floor":[71,76,76,76,76,76,76,76,76,76,76,76,76,76,76,76,76,76,76,76,76,76,76,76,76,76,76,76,76],"relic_stats":{"Darkstone Periapt":0,"Inserter":[11],"counters":[14,54],"Bag of Preparation":[2],"obtain_stats":[{"Darkstone Periapt":9,"Inserter":17,"Bag of Preparation":26,"Cracked Core":0},{"Darkstone Periapt":4,"Inserter":8,"Bag of Preparation":13,"Cracked Core":0},{"Darkstone Periapt":11,"Inserter":31,"Bag of Preparation":52,"Cracked Core":0}]},"card_choices":[{"not_picked":["Stack","Leap"],"picked":"Melter","floor":1.0},{"not_picked":["Conserve Battery","Coolheaded"],"picked":"Doom and Gloom","floor":3.0},{"not_picked":["Cold Snap","Beam Cell"],"picked":"Ball Lightning","floor":4.0},{"not_picked":["Blizzard","Turbo"],"picked":"Auto Shields","floor":5.0},{"not_picked":["Go for the Eyes","White Noise"],"picked":"Tempest","floor":10.0},{"not_picked":["Storm","Beam Cell","Recycle"],"picked":"SKIP","floor":12.0},{"not_picked":["Leap","Turbo"],"picked":"Coolheaded","floor":14.0},{"not_picked":["Creative AI","Fission"],"picked":"Reboot","floor":16.0},{"not_picked":["Go for the Eyes","Reinforced Body"],"picked":"Static Discharge","floor":18.0},{"not_picked":["Genetic Algorithm","Aggregate"],"picked":"Turbo","floor":20.0},{"not_picked":["Genetic Algorithm","Hologram"],"picked":"Fusion","floor":21.0},{"not_picked":["Lockon","Stack"],"picked":"Turbo","floor":22.0},{"not_picked":["Reboot","Scrape"],"picked":"Undo","floor":25}],"player_experience":1337187,"relics_obtained":[{"floor":9.0,"key":"Darkstone Periapt"},{"floor":26,"key":"Bag of Preparation"}],"event_choices":[{"damage_healed":0.0,"max_hp_gain":5.0,"max_hp_loss":0.0,"gold_gain":0.0,"event_name":"Big Fish","player_choice":"Donut","floor":2.0,"gold_loss":0.0,"damage_taken":0.0},{"damage_healed":0.0,"max_hp_gain":0.0,"max_hp_loss":0.0,"gold_gain":0.0,"event_name":"The Woman in Blue","player_choice":"Bought 1 Potion","floor":7.0,"gold_loss":0.0,"damage_taken":0.0},{"damage_healed":0.0,"max_hp_gain":0.0,"max_hp_loss":0.0,"gold_gain":0.0,"event_name":"Cursed Tome","player_choice":"Ignored","floor":19.0,"gold_loss":0.0,"damage_taken":0.0},{"cards_removed":["Strike_B"],"damage_healed":0,"gold_gain":0,"player_choice":"Purged","damage_taken":0,"max_hp_gain":0,"max_hp_loss":0,"event_name":"Purifier","floor":24,"gold_loss":0},{"damage_healed":0,"gold_gain":0,"player_choice":"Ignored","damage_taken":0,"max_hp_gain":0,"max_hp_loss":0,"event_name":"The Mausoleum","floor":27,"gold_loss":0}],"is_beta":false,"boss_relics":[{"not_picked":["Empty Cage","Coffee Dripper"],"picked":"Inserter"}],"items_purged_floors":[],"is_endless":false,"potions_floor_spawned":[3,14,16,20,22,25],"killed_by":"Slavers","ascension_level":15}}