{"host":"h0a8ax0qh8ne70gi","time":1612155999,"event":{"mods":["AchievementEnabler","BaseMod","BetterRewards","Card Filter","Gold Saver","Grow up Mod","Minty Spire (QoL Compilation)","Permanent Neow","Remove Card Discount Mod","StSLib"],"gold_per_floor":[835,847,862,874,886,915,915,949,949,961,961,971,821,841,841,937,937,950,950,961,986,986,986,1013,1013,1013,1013,421,447,447,463,463,562,562,577,139,139,149,165,198,228,246,246,246,273,285,318,328,328,328,328,328,6,41,41],"floor_reached":56,"language":"ENG","playtime":4402,"items_purged":["Strike_B","Strike_B","Strike_B","Strike_B","Dualcast"],"score":1543,"play_id":"ef41df26-24a8-42ec-93d3-269e97000d06","local_time":"20210131210639","is_ascension_mode":true,"campfire_choices":[{"floor":11,"key":"RECALL"},{"data":"Double Energy","floor":15,"key":"SMITH"},{"data":"Storm","floor":23,"key":"SMITH"},{"data":"Hello World","floor":25,"key":"SMITH"},{"data":"Self Repair","floor":27,"key":"SMITH"},{"data":"Redo","floor":32,"key":"SMITH"},{"data":"Buffer","floor":49,"key":"SMITH"},{"data":"Echo Form","floor":52,"key":"SMITH"}],"circlet_count":0,"master_deck":["Defend_B","Defend_B","Defend_B","Zap","Self Repair+1","Darkness","Stack","Double Energy+1","Storm+1","Lockon","Genetic Algorithm","Aggregate","Force Field","Electrodynamics","Thunder Strike+1","Streamline+1","Tempest","Leap+1","Hello World+1","Defragment","Redo+1","Thunder Strike+1","Tempest","Go for the Eyes+1","Heatsinks+1","Creative AI","Heatsinks","Reboot","Gash+1","Stack","Sunder+1","Force Field+1","Defragment","Gash+1","Echo Form+1","Storm+1","Loop","Leap+1","Seek","Storm","Buffer+1","Loop","Self Repair","Heatsinks","Storm","Self Repair","Hello World","Gash+1"],"relics":["Cracked Core","Tiny Chest","Cables","Molten Egg 2","Bird Faced Urn","Boot","SlaversCollar","Pear","Red Mask","WingedGreaves","Gremlin Horn","Letter Opener","HandDrill","Bronze Scales","Sozu","Prayer Wheel","Orrery","The Courier","Happy Flower","Mercury Hourglass","Ornamental Fan","Bag of Preparation","Oddly Smooth Stone","Turnip"],"acts_visited":["Exordium","TheCity","TheBeyond","TheEnding"],"potions_floor_usage":[],"damage_taken":[{"damage":6,"enemies":"2 Louse","floor":1,"turns":3},{"damage":1,"enemies":"Cultist","floor":2,"turns":4},{"damage":13,"enemies":"Small Slimes","floor":3,"turns":4},{"damage":24,"enemies":"3 Louse","floor":4,"turns":4},{"damage":5,"enemies":"2 Fungi Beasts","floor":5,"turns":3},{"damage":58,"enemies":"3 Sentries","floor":6,"turns":12},{"damage":47,"enemies":"Gremlin Nob","floor":8,"turns":5},{"damage":5,"enemies":"Exordium Thugs","floor":10,"turns":4},{"damage":9,"enemies":"Looter","floor":12,"turns":3},{"damage":60,"enemies":"Gremlin Gang","floor":14,"turns":6},{"damage":8,"enemies":"Slime Boss","floor":16,"turns":8},{"damage":21,"enemies":"Shell Parasite","floor":18,"turns":5},{"damage":30,"enemies":"3 Byrds","floor":20,"turns":3},{"damage":72,"enemies":"Masked Bandits","floor":21,"turns":4},{"damage":48,"enemies":"Book of Stabbing","floor":24,"turns":5},{"damage":33,"enemies":"Slavers","floor":29,"turns":3},{"damage":19,"enemies":"Cultist and Chosen","floor":31,"turns":4},{"damage":52,"enemies":"Collector","floor":33,"turns":7},{"damage":0,"enemies":"Orb Walker","floor":35,"turns":3},{"damage":31,"enemies":"3 Darklings","floor":38,"turns":3},{"damage":39,"enemies":"Spire Growth","floor":39,"turns":5},{"damage":9,"enemies":"Reptomancer","floor":40,"turns":3},{"damage":31,"enemies":"Nemesis","floor":41,"turns":5},{"damage":20,"enemies":"Jaw Worm Horde","floor":42,"turns":2},{"damage":13,"enemies":"Reptomancer","floor":45,"turns":3},{"damage":9,"enemies":"4 Shapes","floor":46,"turns":2},{"damage":8,"enemies":"Giant Head","floor":47,"turns":4},{"damage":35,"enemies":"Spire Growth","floor":48,"turns":3},{"damage":41,"enemies":"Donu and Deca","floor":50,"turns":4},{"damage":61,"enemies":"Shield and Spear","floor":54,"turns":3},{"damage":164,"enemies":"The Heart","floor":55,"turns":6}],"seed_played":"-7579791112402169615","potions_obtained":[{"floor":1,"key":"SteroidPotion"},{"floor":10,"key":"Block Potion"},{"floor":12,"key":"DuplicationPotion"},{"floor":14,"key":"Block Potion"},{"floor":31,"key":"Regen Potion"}],"is_trial":false,"path_per_floor":["M","M","M","M","M","E","?","E","T","M","R","M","$","M","R","B",null,"M","T","M","?","?","R","E","R","T","R","$","E","?","M","R","B",null,"M","$","T","M","M","E","E","M","T","?","E","M","E","M","R","B",null,"R","$","E","B",null],"character_chosen":"DEFECT","items_purchased":["Boot","Letter Opener","Defragment","Redo","Thunder Strike+1","HandDrill","Prayer Wheel","Orrery","Loop","Self Repair","Heatsinks","Storm","Self Repair","Hello World"],"campfire_rested":0,"item_purchase_floors":[13,28,28,28,28,28,36,36,53,53,53,53,53,53],"current_hp_per_floor":[89,105,109,102,114,73,83,53,63,79,89,101,111,72,82,97,255,255,275,268,219,229,239,214,224,234,244,254,251,261,272,282,250,435,445,455,465,448,439,448,459,469,479,489,496,507,531,520,530,529,605,615,625,593,479],"gold":41,"neow_bonus":"RANDOM_COMMON_RELIC","is_daily":false,"chose_seed":false,"campfire_upgraded":7,"win_rate":0.0,"timestamp":1612155999,"path_taken":["M","M","M","M","M","E","?","E","T","?","R","M","?","M","R","BOSS","M","?","M","?","?","R","E","R","T","R","$","E","?","M","R","BOSS","M","$","?","M","M","E","E","M","T","?","E","M","E","M","R","BOSS","R","$","E","BOSS"],"items_purchased_type":["Relic","Relic","Card","Card","Card","Relic","Relic","Relic","Card","Card","Card","Card","Card","Card"],"build_version":"2020-12-22","purchased_purges":5,"victory":true,"max_hp_per_floor":[95,105,115,125,135,145,155,165,175,185,195,205,215,225,235,245,255,265,285,295,305,315,325,335,345,355,365,375,385,395,405,415,425,435,445,455,465,475,485,495,505,515,525,535,545,555,565,575,585,595,605,615,625,635,645],"card_choices":[{"not_picked":["Compile Driver","Coolheaded"],"picked":"Self Repair","floor":1},{"not_picked":["Rebound","Go for the Eyes"],"picked":"Darkness","floor":2},{"not_picked":["Conserve Battery","Chill"],"picked":"Stack","floor":3},{"not_picked":["Redo","Doom and Gloom"],"picked":"Double Energy","floor":4},{"not_picked":["Go for the Eyes","Coolheaded"],"picked":"Storm","floor":5},{"not_picked":["Tempest","Ball Lightning"],"picked":"Lockon","floor":6},{"not_picked":["Redo","Storm"],"picked":"Genetic Algorithm","floor":8},{"not_picked":["Chaos","Conserve Battery"],"picked":"Aggregate","floor":10},{"not_picked":["Redo","Coolheaded"],"picked":"Force Field","floor":12},{"not_picked":["Tempest","Stack"],"picked":"Electrodynamics","floor":14},{"not_picked":["Seek","All For One+1"],"picked":"Thunder Strike+1","floor":16},{"not_picked":["Conserve Battery","Rebound+1"],"picked":"Streamline+1","floor":18},{"not_picked":["Doom and Gloom+1","Fusion"],"picked":"Tempest","floor":20},{"not_picked":["Doom and Gloom+1","Coolheaded"],"picked":"Leap+1","floor":21},{"not_picked":["Fusion","Darkness"],"picked":"Hello World","floor":24},{"not_picked":["Gash+1","Doom and Gloom+1"],"picked":"Tempest","floor":29},{"not_picked":["Compile Driver+1","Stack"],"picked":"Heatsinks+1","floor":31},{"not_picked":["Buffer","Machine Learning"],"picked":"Creative AI","floor":33},{"not_picked":["Reinforced Body","Genetic Algorithm+1"],"picked":"Heatsinks","floor":35},{"not_picked":["Leap+1","Chill"],"picked":"Reboot","floor":36},{"not_picked":["Undo","Rebound+1"],"picked":"Gash+1","floor":36},{"not_picked":["Go for the Eyes+1","Streamline+1"],"picked":"Stack","floor":36},{"not_picked":["Streamline+1","Chill+1"],"picked":"Sunder+1","floor":36},{"not_picked":["Glacier","Consume+1"],"picked":"Force Field+1","floor":36},{"not_picked":["Streamline+1","Blizzard+1","Doom and Gloom+1"],"picked":"SKIP","floor":38},{"not_picked":["Conserve Battery+1","Coolheaded","Undo"],"picked":"SKIP","floor":38},{"not_picked":["Static Discharge","Lockon+1"],"picked":"Defragment","floor":39},{"not_picked":["Leap+1","Stack"],"picked":"Gash+1","floor":39},{"not_picked":["Hello World+1","Go for the Eyes+1"],"picked":"Echo Form","floor":40},{"not_picked":["Redo+1","Melter+1"],"picked":"Storm+1","floor":41},{"not_picked":["Tempest","Heatsinks+1"],"picked":"Loop","floor":42},{"not_picked":["Cold Snap+1","Rebound+1"],"picked":"Leap+1","floor":42},{"not_picked":["Melter+1","Rebound+1"],"picked":"Seek","floor":45},{"not_picked":["Leap+1","Redo"],"picked":"Storm","floor":46},{"not_picked":["Chaos+1","Stack+1","Compile Driver+1"],"picked":"SKIP","floor":46},{"not_picked":["Doom and Gloom+1","Compile Driver+1","Darkness+1"],"picked":"SKIP","floor":47},{"not_picked":["Cold Snap+1","Streamline+1"],"picked":"Buffer","floor":48},{"not_picked":["Redo","Leap","Ball Lightning+1"],"picked":"SKIP","floor":48},{"not_picked":["Ball Lightning+1","Consume+1"],"picked":"Gash+1","floor":54}],"player_experience":139546,"relics_obtained":[{"floor":6,"key":"Cables"},{"floor":8,"key":"Bird Faced Urn"},{"floor":19,"key":"Pear"},{"floor":21,"key":"Red Mask"},{"floor":24,"key":"WingedGreaves"},{"floor":26,"key":"Gremlin Horn"},{"floor":29,"key":"Bronze Scales"},{"floor":37,"key":"The Courier"},{"floor":40,"key":"Happy Flower"},{"floor":41,"key":"Mercury Hourglass"},{"floor":43,"key":"Ornamental Fan"},{"floor":45,"key":"Bag of Preparation"},{"floor":47,"key":"Oddly Smooth Stone"},{"floor":54,"key":"Turnip"}],"event_choices":[{"damage_healed":0,"gold_gain":0,"player_choice":"Gave Potion","damage_taken":0,"relics_obtained":["Molten Egg 2"],"max_hp_gain":0,"max_hp_loss":0,"event_name":"WeMeetAgain","floor":7,"gold_loss":0},{"damage_healed":0,"gold_gain":0,"player_choice":"Fought Bandits","damage_taken":0,"max_hp_gain":0,"max_hp_loss":0,"event_name":"Masked Bandits","floor":21,"gold_loss":0},{"damage_healed":0,"gold_gain":0,"player_choice":"Ignored","damage_taken":0,"max_hp_gain":0,"max_hp_loss":0,"event_name":"Vampires","floor":22,"gold_loss":0},{"damage_healed":0,"gold_gain":0,"cards_transformed":["Defend_B"],"player_choice":"Transformed","damage_taken":0,"max_hp_gain":0,"max_hp_loss":0,"event_name":"Transmorgrifier","floor":30,"gold_loss":0,"cards_obtained":["Go for the Eyes"]},{"damage_healed":0,"gold_gain":0,"player_choice":"Ignored","damage_taken":0,"max_hp_gain":0,"max_hp_loss":0,"event_name":"SecretPortal","floor":44,"gold_loss":0}],"is_beta":false,"boss_relics":[{"not_picked":["Fusion Hammer","Runic Pyramid"],"picked":"SlaversCollar"},{"not_picked":["Astrolabe","Velvet Choker"],"picked":"Sozu"}],"items_purged_floors":[28,28,28,28,28],"is_endless":false,"potions_floor_spawned":[1,10,12,14,18,21,31,39,40,41,42,45,48,54],"ascension_level":4}}