{"host":"qmnyg5dk1o6rw6mz","time":1612194976,"event":{"mods":["2.2 Compatiblity","AchievementEnabler","Act Like it!","Aspiration","Astrologer","BaseMod","Beaked The Cultist","Better Altar","Better Match","Better Note","Better Sensory Stone","Better Skull","Better Third Choice","Better Vampires","Block Reminder","CapriCore","Challenge The Spire","ChefMod","Colored Map","Colored Powertips","Conspire","Defuse TimeMaze Blight","Disable Question Mark Monsters","Displayed Cursed Tome","Downfall","Energized Spire","Fox Events","Gensokyo","GifTheSpireLib","Hermit","Highlight Path","Hubris","Infinite Spire","Jedi Mod","Marisa¡]Ãú«B¡@Å]²z¨F¡^","Marked Mod","Minty Spire (QoL Compilation)","Monster B Gone","Pale of the Ancients","Permanent Neow","Quick Restart","Reimu¡]³Õ???¡^","Relic Filter","Reliquary","Replay The Spire","StSLib","Synergy Search","The Construct","The Cursed","The Dragon Tamer","The Gatherer","The Hayseed","The Poker Player","The Runesmith","The Showman","Unceasing Turn Reminder","Wide Potions","thorton"],"gold_per_floor":[114,114,134,55,130,163,175,175,201,232,251,270,270,302,302,412,412,439,32,71,299,361,361,388,480,507,639,639,762,888,1026,1026,1246,1246,1385,1385,1385,1521,1657,1657,1808,1808,1881,2057,108,263,63,207,207,215,225,396,579,467,467,651,651,651,651,633],"floor_reached":61,"language":"ENG","playtime":2296,"items_purged":["Strike_R","Strike_R","Strike_R"],"score":1917,"play_id":"46da34e4-7784-41b7-965b-c924ff0493c0","local_time":"20210201235616","is_ascension_mode":true,"campfire_choices":[{"data":"Fire Breathing","floor":8.0,"key":"SMITH"},{"data":"Offering","floor":15.0,"key":"SMITH"},{"data":"hubris:StunningStrike","floor":23.0,"key":"SMITH"},{"data":"Metallicize","floor":28.0,"key":"SMITH"},{"data":"jedi:strikingstrike","floor":32.0,"key":"SMITH"},{"data":"Immolate","floor":40.0,"key":"SMITH"},{"floor":49.0,"key":"REST"},{"floor":55,"key":"REST"},{"floor":57,"key":"REST"}],"circlet_count":1,"master_deck":["Strike_R","Strike_R","Defend_R","Defend_R+1","Defend_R+1","Defend_R+1","Bash","Looming Evil","Replay:Undeath\u0027s Touch","Fire Breathing+1","Offering+1","Immolate+1","Power Through+1","Metallicize+1","hubris:Greed","hubris:StunningStrike+1","hubris:Greed","Wild Strike","Fire Breathing+1","hubris:Greed","hubris:Greed","Wild Strike","ReplayTheSpireMod:Splinters","Havoc+1","hubris:Greed","hubris:Greed","hubris:Greed","Combust","hubris:Greed","hubris:Greed","hubris:Greed","hubris:Greed","hubris:Greed","hubris:Greed","hubris:Greed","hubris:Greed","hubris:Greed","hubris:Greed","hubris:Greed","hubris:Greed","hubris:Greed","jedi:strikingstrike+1","hubris:Greed","Havoc+1","Warcry+1","hubris:Greed","hubris:Greed","Havoc+1","Wraith","hubris:Greed","Panacea+1","Pot Of Greed+1","Pot Of Greed+1","Pot Of Greed+1","Pot Of Greed+1","Pot Of Greed+1","Spreading Infection","hubris:Lust","Apotheosis+1","hubris:Envy","Overencumbered","hubris:Greed","Pot Of Greed+1","ReplayTheSpireMod:IOU","Whirlwind+1","hubris:Greed","hubris:Greed","hubris:Greed","hubris:Greed","hubris:Greed","hubris:Greed","jedi:thedog","Battle Trance+1","hubris:Greed","Regret","Pot Of Greed+1","Whirlwind+1","hubris:Greed","ReplayTheSpireMod:Doomed","Poor:ReiMu","hubris:Compulsion","hubris:Greed","hubris:Disease","ReplayTheSpireMod:Restless Dread","hubris:Wrath","ReplayTheSpireMod:Faulty Equipment","Regret","hubris:Greed","Pot Of Greed+1","hubris:Greed","hubris:Greed","hubris:Greed","hubris:Greed","hubris:Greed","hubris:Greed","hubris:Greed","hubris:Greed","hubris:Greed","hubris:Greed","hubris:Greed","hubris:Greed","Pot Of Greed+1","hubris:Greed","hubris:Greed"],"relics":["Burning Blood","Ring of Fury","ReplayTheSpireMod:Ring of Collecting","FossilizedHelix","Ring of Misfortune","Tiny Chest","hubris:ChampionShield","infinitespire:Midas Blood","Black Star","DollysMirror","Toxic Egg 2","Circlet","ReplayTheSpireMod:Ring of Exchange","ReplayTheSpireMod:TigerMarble","War Paint","Champion Belt","Ring of Hypnosis","Happy Flower","Red Skull","The Courier","Replay:Wax Seal","Centennial Puzzle","energizedSpire:NeverEndingSparkler","hubris:Towel","King of Hearts","reliquary:PartyBalloon","Ring of Greed","Grinning Jar","hubris:MobiusCoin","Golden Egg","Ring of Searing","ReplayTheSpireMod:CursedCoin","Counterbalance","infinitespire:CursedDice","War Paint","Mirror","aspiration:HummingbirdHeart","Replay:Baseball","Turnip","infinitespire:Broken Mirror","Runesmith:AutoHammer","Calipers","RuthlessExorcism:ReiMu","reliquary:Knoch","paleoftheancients:Timepiece","paleoftheancients:KeyRelic","CultistMask","paleoftheancients:SoulOfTheWokeBloke","paleoftheancients:SoulOfTheThorton","Lantern","Strawberry","Incense Burner","hubris:NiceRug","Du-Vu Doll","Replay:Rubber Ducky","reliquary:Ember"],"acts_visited":["Exordium","TheCity","TheBeyond","paleoftheancients:PaleOfTheAncients"],"potions_floor_usage":[56,60,60,60],"damage_taken":[{"damage":11.0,"enemies":"Jaw Worm","floor":1.0,"turns":2.0},{"damage":4.0,"enemies":"Small Slimes","floor":3.0,"turns":4.0},{"damage":22.0,"enemies":"3 Sentries","floor":6.0,"turns":5.0},{"damage":0.0,"enemies":"Cultist","floor":7.0,"turns":3.0},{"damage":0.0,"enemies":"Lagavulin","floor":10.0,"turns":5.0},{"damage":6.0,"enemies":"3 Louse","floor":11.0,"turns":2.0},{"damage":0.0,"enemies":"Looter","floor":12.0,"turns":2.0},{"damage":15.0,"enemies":"Gremlin Nob","floor":14.0,"turns":3.0},{"damage":11.0,"enemies":"The Guardian","floor":16.0,"turns":6.0},{"damage":5.0,"enemies":"Chosen","floor":18.0,"turns":3.0},{"damage":10.0,"enemies":"2 Thieves","floor":20.0,"turns":2.0},{"damage":27.0,"enemies":"Centurion and Healer","floor":22.0,"turns":5.0},{"damage":2.0,"enemies":"Slavers","floor":25.0,"turns":6.0},{"damage":14.0,"enemies":"Book of Stabbing","floor":27.0,"turns":5.0},{"damage":0.0,"enemies":"Snake Plant","floor":29.0,"turns":4.0},{"damage":0.0,"enemies":"Snecko","floor":30.0,"turns":5.0},{"damage":5.0,"enemies":"Slavers","floor":31.0,"turns":4.0},{"damage":0.0,"enemies":"Automaton","floor":33.0,"turns":6.0},{"damage":0.0,"enemies":"Orb Walker","floor":35.0,"turns":6.0},{"damage":4.0,"enemies":"3 Darklings","floor":38.0,"turns":2.0},{"damage":11.0,"enemies":"Jaw Worm Horde","floor":39.0,"turns":2.0},{"damage":74.0,"enemies":"Nemesis","floor":41.0,"turns":8.0},{"damage":0.0,"enemies":"Reptomancer","floor":46.0,"turns":3.0},{"damage":0.0,"enemies":"Spire Growth","floor":48.0,"turns":4.0},{"damage":64.0,"enemies":"conspire:OrnateMirror","floor":50.0,"turns":5.0},{"damage":85.0,"enemies":"conspire:OrnateMirror","floor":51.0,"turns":3.0},{"damage":25.0,"enemies":"conspire:OrnateMirror","floor":52.0,"turns":5.0},{"damage":0.0,"enemies":"paleoftheancients:Thorton1","floor":53.0,"turns":1.0},{"damage":0.0,"enemies":"hubris:Merchant","floor":54.0,"turns":5.0},{"damage":0,"enemies":"","floor":56,"turns":7},{"damage":5,"enemies":"paleoftheancients:N","floor":60,"turns":8}],"seed_played":"-7282097137739620275","potions_obtained":[{"floor":3.0,"key":"jedi:tentaclejuice"},{"floor":6.0,"key":"SpeedPotion"},{"floor":16.0,"key":"ColorlessPotion"},{"floor":18.0,"key":"Fruit Juice"},{"floor":20.0,"key":"BlessingOfTheForge"},{"floor":25.0,"key":"Regen Potion"},{"floor":29.0,"key":"Swift Potion"},{"floor":41.0,"key":"hexamod:SoulburnPotion"},{"floor":46.0,"key":"Ancient Potion"},{"floor":52.0,"key":"DistilledChaos"},{"floor":56,"key":"Explosive Potion"}],"is_trial":false,"path_per_floor":["M","?","M","$","?","E","M","R","T","E","M","M","?","E","R","B",null,"M","$","M","?","M","R","T","E","T","E","R","M","M","E","R","B",null,"M","?","?","M","M","R","E","?","T","T","$","E","$","M","R","B","M","M","M","$","R","M","R","$","?","B",null],"character_chosen":"IRONCLAD","items_purchased":["Fire Breathing","DollysMirror","Toxic Egg 2","Counterbalance","Apotheosis+1","infinitespire:CursedDice","reliquary:SculptingSteel","Mirror","aspiration:HummingbirdHeart","Replay:Baseball","Turnip","infinitespire:Broken Mirror","Runesmith:AutoHammer","reliquary:Knoch","Lantern","Strawberry","Incense Burner"],"campfire_rested":3,"item_purchase_floors":[4,19,19,45,45,45,45,45,45,45,45,45,45,47,54,54,54],"current_hp_per_floor":[51,51,53,53,45,29,35,35,35,41,41,47,47,38,38,33,80,80,80,81,81,60,60,60,64,64,56,56,62,68,69,69,75,85,85,85,85,85,80,80,12,12,12,12,12,18,18,24,49,85,85,76,84,92,92,92,92,92,92,92],"gold":633,"neow_bonus":"ONE_RARE_RELIC","is_daily":false,"chose_seed":false,"campfire_upgraded":6,"win_rate":0.0,"timestamp":1612194976,"path_taken":["M","?","M","$","?","E","M","R","T","E","M","?","?","E","R","BOSS","M","$","M","?","M","R","?","E","T","E","R","M","M","E","R","BOSS","M","?","?","M","M","R","E","?","T","?","$","E","$","M","R","BOSS","M","M","?","$","R","M","R","$","?","BOSS"],"items_purchased_type":["Card","Relic","Relic","Relic","Card","Relic","Relic","Relic","Relic","Relic","Relic","Relic","Relic","Relic","Relic","Relic","Relic"],"build_version":"2020-12-22","purchased_purges":3,"victory":true,"max_hp_per_floor":[80,80,80,80,80,80,80,80,80,80,80,80,80,80,80,80,80,80,80,85,85,85,85,85,85,85,85,85,85,85,85,85,85,85,85,85,85,85,85,85,85,85,85,85,85,85,85,85,85,85,85,85,85,92,92,92,92,92,92,92],"card_choices":[{"not_picked":["Wild Strike","Dark Embrace","Flame Barrier"],"picked":"SKIP","floor":1.0},{"not_picked":["Shrug It Off","Cleave"],"picked":"Replay:Undeath\u0027s Touch","floor":3.0},{"not_picked":["Havoc","True Grit"],"picked":"Offering","floor":6.0},{"not_picked":["Clothesline","Body Slam","Blood for Blood"],"picked":"SKIP","floor":7.0},{"not_picked":["Shrug It Off","hubris:ReadiedAction"],"picked":"Immolate","floor":10.0},{"not_picked":["Wild Strike","Twin Strike"],"picked":"Power Through","floor":11.0},{"not_picked":["ReplayTheSpireMod:Strike From Hell","Sword Boomerang","Dark Embrace"],"picked":"SKIP","floor":12.0},{"not_picked":["jedi:collectorstrike","Cleave"],"picked":"Metallicize","floor":14.0},{"not_picked":["jedi:bloodyhammer","Juggernaut"],"picked":"hubris:StunningStrike","floor":16.0},{"not_picked":["Battle Trance+1","Disarm+1"],"picked":"Wild Strike","floor":18.0},{"not_picked":["Sword Boomerang","Clash"],"picked":"Wild Strike","floor":20.0},{"not_picked":["Headbutt","Life Link"],"picked":"Havoc+1","floor":21.0},{"not_picked":["Dark Embrace","Heavy Blade+1"],"picked":"Combust","floor":22.0},{"not_picked":["Twin Strike+1","hubris:CleavingFinish","ReplayReversal+1"],"picked":"SKIP","floor":25.0},{"not_picked":["Spot Weakness+1","Cleave+1","Whirlwind"],"picked":"SKIP","floor":27.0},{"not_picked":["Spot Weakness+1","Cleave+1","Whirlwind"],"picked":"SKIP","floor":27.0},{"not_picked":["jedi:fear+1","Warcry+1"],"picked":"jedi:strikingstrike","floor":29.0},{"not_picked":["Iron Wave","Flex+1"],"picked":"Havoc+1","floor":30.0},{"not_picked":["Shrug It Off+1","Sword Boomerang"],"picked":"Warcry+1","floor":31.0},{"not_picked":["hubris:ReadiedAction+1","Iron Wave"],"picked":"Havoc+1","floor":35.0},{"not_picked":["Rupture+1","Twin Strike","Dual Wield+1"],"picked":"SKIP","floor":38.0},{"not_picked":["Seeing Red+1","conspire:HitWhereItHurts","Run Through+1"],"picked":"SKIP","floor":39.0},{"not_picked":["Clash","Pommel Strike","Replay:Undeath\u0027s Touch+1"],"picked":"SKIP","floor":41.0},{"not_picked":["Replay:Sssssssssstrike","jedi:RedIncense+1"],"picked":"Panacea+1","floor":42.0},{"not_picked":["Seeing Red+1","Shockwave+1","ReplayTheSpireMod:Strike From Hell+1"],"picked":"SKIP","floor":46.0},{"not_picked":["Whirlwind+1","Shrug It Off+1","Carnage"],"picked":"SKIP","floor":48.0},{"not_picked":["Shrug It Off+1","Carnage"],"picked":"Whirlwind+1","floor":48.0},{"not_picked":["ReplayTheSpireMod:Strike From Hell+1","Rage+1"],"picked":"Battle Trance+1","floor":52.0},{"not_picked":["Replay:Undeath\u0027s Touch","Sword Boomerang+1"],"picked":"Whirlwind+1","floor":53.0},{"not_picked":["Whirlwind"],"picked":"SKIP","floor":54.0},{"not_picked":["Anger"],"picked":"SKIP","floor":54.0},{"not_picked":["ReplayReversal+1"],"picked":"SKIP","floor":54.0},{"not_picked":["Shrug It Off+1"],"picked":"SKIP","floor":54.0},{"not_picked":["Fire Breathing"],"picked":"SKIP","floor":54.0},{"not_picked":["Purity+1"],"picked":"SKIP","floor":54.0},{"not_picked":["Chrysalis+1"],"picked":"SKIP","floor":54.0},{"not_picked":["Twin Strike+1","Bludgeon","Searing Blow"],"picked":"SKIP","floor":56}],"player_experience":204977,"relics_obtained":[{"floor":2.0,"key":"Ring of Fury"},{"floor":2.0,"key":"ReplayTheSpireMod:Ring of Collecting"},{"floor":6.0,"key":"FossilizedHelix"},{"floor":9.0,"key":"Ring of Misfortune"},{"floor":9.0,"key":"Tiny Chest"},{"floor":10.0,"key":"hubris:ChampionShield"},{"floor":14.0,"key":"infinitespire:Midas Blood"},{"floor":24.0,"key":"ReplayTheSpireMod:Ring of Exchange"},{"floor":24.0,"key":"ReplayTheSpireMod:TigerMarble"},{"floor":25.0,"key":"War Paint"},{"floor":25.0,"key":"Champion Belt"},{"floor":26.0,"key":"Ring of Hypnosis"},{"floor":26.0,"key":"Happy Flower"},{"floor":27.0,"key":"Red Skull"},{"floor":27.0,"key":"The Courier"},{"floor":31.0,"key":"Replay:Wax Seal"},{"floor":31.0,"key":"Centennial Puzzle"},{"floor":41.0,"key":"King of Hearts"},{"floor":41.0,"key":"reliquary:PartyBalloon"},{"floor":43.0,"key":"Ring of Greed"},{"floor":43.0,"key":"Grinning Jar"},{"floor":43.0,"key":"hubris:MobiusCoin"},{"floor":43.0,"key":"Golden Egg"},{"floor":44.0,"key":"Ring of Searing"},{"floor":44.0,"key":"ReplayTheSpireMod:CursedCoin"},{"floor":46.0,"key":"Calipers"},{"floor":46.0,"key":"RuthlessExorcism:ReiMu"},{"floor":52.0,"key":"paleoftheancients:SoulOfTheWokeBloke"},{"floor":53.0,"key":"paleoftheancients:SoulOfTheThorton"},{"floor":54.0,"key":"Du-Vu Doll"},{"floor":54.0,"key":"Replay:Rubber Ducky"},{"floor":54.0,"key":"reliquary:Ember"}],"event_choices":[{"damage_healed":0.0,"max_hp_gain":0.0,"max_hp_loss":0.0,"gold_gain":75.0,"event_name":"FaceTrader","player_choice":"Touch","floor":5.0,"gold_loss":0.0,"damage_taken":8.0},{"damage_healed":0.0,"max_hp_gain":0.0,"max_hp_loss":0.0,"gold_gain":0.0,"event_name":"OrinTheCat","player_choice":"Ignored","floor":36.0,"gold_loss":0.0,"damage_taken":0.0},{"damage_healed":0.0,"max_hp_gain":0.0,"max_hp_loss":0.0,"gold_gain":3.0,"event_name":"betterStone:BetterStone","player_choice":"1","floor":42.0,"gold_loss":0.0,"damage_taken":0.0}],"is_beta":false,"boss_relics":[{"not_picked":["beaked:SacredDeck","RedLine:ReiMu"],"picked":"Black Star"},{"not_picked":["ReplayTheSpireMod:DimensionalGlitch","Strange Spoon"],"picked":"energizedSpire:NeverEndingSparkler"}],"items_purged_floors":[45,47,54],"is_endless":false,"potions_floor_spawned":[3,6,16,18,20,25,29,30,41,46,48,52,56],"ascension_level":1}}