{"host":"klrvvo16pazy794l","time":1612152701,"event":{"mods":["BaseMod","Minty Spire (QoL Compilation)"],"gold_per_floor":[114,124,143,218,233,233,253,278,278,278,312,312,328,344,344,344,344],"floor_reached":16,"language":"ENG","playtime":785,"items_purged":[],"score":180,"play_id":"dcac9933-6ce1-447c-88b1-2fbd6ebefeee","local_time":"20210131221141","is_ascension_mode":true,"campfire_choices":[{"floor":6,"key":"REST"},{"data":"True Grit","floor":10,"key":"SMITH"},{"data":"Dark Embrace","floor":12,"key":"SMITH"},{"data":"Flex","floor":15,"key":"SMITH"}],"circlet_count":0,"master_deck":["Strike_R","Strike_R","Strike_R","Strike_R","Strike_R","Defend_R","Defend_R","Defend_R","Defend_R","Bash","Flex+1","True Grit+1","Flame Barrier","Wild Strike","Sever Soul","Immolate","Dark Embrace+1","Body Slam","Intimidate"],"relics":["Burning Blood","FossilizedHelix","Art of War","Meat on the Bone","Matryoshka"],"acts_visited":["Exordium"],"potions_floor_usage":[8,16,16,16],"damage_taken":[{"damage":1,"enemies":"Jaw Worm","floor":1,"turns":5},{"damage":0,"enemies":"Cultist","floor":2,"turns":3},{"damage":1,"enemies":"2 Louse","floor":3,"turns":3},{"damage":51,"enemies":"Gremlin Gang","floor":5,"turns":8},{"damage":0,"enemies":"2 Fungi Beasts","floor":7,"turns":4},{"damage":6,"enemies":"Lagavulin","floor":8,"turns":7},{"damage":13,"enemies":"Gremlin Nob","floor":11,"turns":4},{"damage":0,"enemies":"Exordium Wildlife","floor":13,"turns":4},{"damage":20,"enemies":"Large Slime","floor":14,"turns":7}],"seed_played":"-8235637094457094875","potions_obtained":[{"floor":2,"key":"CultistPotion"},{"floor":5,"key":"EssenceOfSteel"},{"floor":7,"key":"Explosive Potion"},{"floor":11,"key":"SteroidPotion"}],"is_trial":false,"path_per_floor":["M","M","M","?","M","R","M","E","T","R","E","R","M","M","R","B"],"character_chosen":"IRONCLAD","items_purchased":[],"campfire_rested":1,"item_purchase_floors":[],"current_hp_per_floor":[61,67,72,61,16,40,46,46,46,46,51,51,57,55,55,0,0],"gold":344,"neow_bonus":"ONE_RARE_RELIC","is_daily":false,"chose_seed":false,"campfire_upgraded":3,"win_rate":0.0,"timestamp":1612152701,"path_taken":["M","M","M","?","M","R","M","E","T","R","E","R","M","M","R","BOSS"],"items_purchased_type":[],"build_version":"2020-12-22","purchased_purges":0,"victory":false,"max_hp_per_floor":[80,80,80,80,80,80,80,80,80,80,80,80,80,80,80,80,80],"card_choices":[{"not_picked":["Warcry","Sword Boomerang"],"picked":"Flex","floor":1},{"not_picked":["Havoc","Sever Soul"],"picked":"True Grit","floor":2},{"not_picked":["Heavy Blade","Dual Wield"],"picked":"Flame Barrier","floor":3},{"not_picked":["Shockwave","Reaper"],"picked":"Wild Strike","floor":5},{"not_picked":["Dual Wield","Clothesline"],"picked":"Sever Soul","floor":7},{"not_picked":["Headbutt","Cleave"],"picked":"Immolate","floor":8},{"not_picked":["Cleave","Combust"],"picked":"Dark Embrace","floor":11},{"not_picked":["Rupture","Power Through"],"picked":"Body Slam","floor":13},{"not_picked":["Sever Soul","Evolve"],"picked":"Intimidate","floor":14}],"player_experience":481531,"relics_obtained":[{"floor":8,"key":"Art of War"},{"floor":9,"key":"Meat on the Bone"},{"floor":11,"key":"Matryoshka"}],"event_choices":[{"damage_healed":0,"gold_gain":75,"player_choice":"Gather Gold","damage_taken":11,"max_hp_gain":0,"max_hp_loss":0,"event_name":"World of Goop","floor":4,"gold_loss":0}],"is_beta":false,"boss_relics":[],"items_purged_floors":[],"is_endless":false,"potions_floor_spawned":[2,5,7,11],"killed_by":"The Guardian","ascension_level":2}}