{"host":"3498uni0c31c9bdm","time":1612172191,"event":{"mods":["BaseMod","Better Third Choice","Minty Spire (QoL Compilation)","Replay The Spire","StSLib"],"gold_per_floor":[112,131,131,151,49,49,63,93,93,93,93,93,93,103,103,199,199,199,199],"floor_reached":18,"language":"ENG","playtime":515,"items_purged":[],"score":356,"play_id":"0e1bcb5d-c051-4637-9908-e1f201c45ead","local_time":"20210201203631","is_ascension_mode":true,"campfire_choices":[{"floor":6,"key":"RECALL"},{"floor":11,"key":"REST"},{"floor":13,"key":"REST"},{"floor":15,"key":"REST"}],"circlet_count":0,"master_deck":["AscendersBane","Strike_P","Strike_P","Strike_P","Strike_P","Defend_P","Defend_P","Defend_P","Defend_P","Eruption","Vigilance","Regret","SashWhip","Consecrate","BowlingBash","SpiritShield+1","ThirdEye","FlurryOfBlows","LessonLearned","Wish","Parasite","Overencumbered","Injury"],"relics":["PureWater","Garlic","Gremlin Horn","Regal Pillow","Replay:Ancient Bell","PreservedInsect","Letter Opener","FossilizedHelix"],"acts_visited":["Exordium","TheCity"],"potions_floor_usage":[8,8,16],"damage_taken":[{"damage":10,"enemies":"Jaw Worm","floor":1,"turns":2},{"damage":3,"enemies":"Cultist","floor":2,"turns":3},{"damage":5,"enemies":"Small Slimes","floor":4,"turns":2},{"damage":4,"enemies":"Exordium Wildlife","floor":7,"turns":3},{"damage":40,"enemies":"Gremlin Nob","floor":8,"turns":6},{"damage":12,"enemies":"Red Slaver","floor":14,"turns":4},{"damage":46,"enemies":"Fading Forest","floor":16,"turns":11},{"damage":66,"enemies":"Chosen","floor":18,"turns":6}],"seed_played":"-75455414666500213","potions_obtained":[{"floor":1,"key":"LiquidMemories"},{"floor":3,"key":"SkillPotion"},{"floor":8,"key":"Block Potion"},{"floor":16,"key":"Milkshake"}],"is_trial":false,"path_per_floor":["M","M","?","M","$","R","M","E","T","?","R","T","R","M","R","B",null,"M"],"character_chosen":"WATCHER","items_purchased":["SpiritShield+1"],"campfire_rested":3,"item_purchase_floors":[5],"current_hp_per_floor":[55,52,52,47,47,47,43,3,3,3,24,24,60,48,72,26,61,0,0],"gold":199,"neow_bonus":"RANDOM_EVENT","is_daily":false,"chose_seed":false,"campfire_upgraded":0,"win_rate":0.0,"timestamp":1612172191,"path_taken":["M","M","?","?","$","R","?","E","T","?","R","?","R","?","R","BOSS","M"],"items_purchased_type":["Card"],"build_version":"2020-12-22","purchased_purges":0,"victory":false,"max_hp_per_floor":[72,72,72,72,72,72,72,72,72,72,72,72,72,72,72,72,72,72,72],"card_choices":[{"not_picked":["DeceiveReality","FlyingSleeves"],"picked":"SashWhip","floor":1},{"not_picked":["Evaluate","Replay:Battleflow"],"picked":"Consecrate","floor":2},{"not_picked":["Halt","Fasting2"],"picked":"BowlingBash","floor":4},{"not_picked":["Adaptation","Crescendo"],"picked":"ThirdEye","floor":7},{"not_picked":["Weave","WaveOfTheHand"],"picked":"FlurryOfBlows","floor":8},{"not_picked":["Collect","Replay:Anticipation"],"picked":"LessonLearned","floor":14},{"not_picked":["Omniscience","Ragnarok"],"picked":"Wish","floor":16},{"not_picked":["Looming Evil","Voices"],"picked":"Parasite","floor":17},{"not_picked":["Pain","Normality"],"picked":"Overencumbered","floor":17},{"not_picked":["Regret","Spreading Infection"],"picked":"Injury","floor":17}],"player_experience":790663,"relics_obtained":[{"floor":8,"key":"Gremlin Horn"},{"floor":12,"key":"Regal Pillow"}],"event_choices":[{"damage_healed":0,"gold_gain":0,"player_choice":"Box","damage_taken":0,"relics_obtained":["Garlic"],"max_hp_gain":0,"max_hp_loss":0,"event_name":"Big Fish","floor":0,"gold_loss":0,"cards_obtained":["Regret"]},{"damage_healed":0,"gold_gain":0,"player_choice":"Got Potions","damage_taken":0,"max_hp_gain":0,"max_hp_loss":0,"event_name":"Lab","floor":3,"gold_loss":0},{"damage_healed":0,"gold_gain":0,"player_choice":"Ignored","damage_taken":0,"max_hp_gain":0,"max_hp_loss":0,"event_name":"Golden Wing","floor":10,"gold_loss":0}],"is_beta":false,"boss_relics":[{"not_picked":["Snecko Eye","ChewingGum"],"picked":"Replay:Ancient Bell"},{"not_picked":["Blood Vial","Toy Ornithopter"],"picked":"PreservedInsect"},{"not_picked":["Replay:Accelerometer","Replay:WaspNest"],"picked":"Letter Opener"},{"not_picked":["Mango","Torii"],"picked":"FossilizedHelix"}],"items_purged_floors":[],"is_endless":false,"potions_floor_spawned":[1,7,8,16],"killed_by":"Chosen","ascension_level":12}}