{"host":"h0a8ax0qh8ne70gi","time":1612151538,"event":{"mods":["AchievementEnabler","BaseMod","BetterRewards","Card Filter","Gold Saver","Grow up Mod","Minty Spire (QoL Compilation)","Permanent Neow","Remove Card Discount Mod","StSLib"],"gold_per_floor":[112,128,145,64,77,107,107,122,122,108,108,122,140,173,173,278,278,295,220,220,0,18,53,25,53,53,79,93,108,118,137,137,242,242,252,272,33,51,64,64,99,99,99,126,126,138,169,187,187,187,187,187,39,68,68],"floor_reached":56,"language":"ENG","playtime":5764,"items_purged":[],"score":1464,"play_id":"68592354-a614-4f51-bedf-2f545eb2ccb0","local_time":"20210131195218","is_ascension_mode":true,"campfire_choices":[{"floor":7,"key":"RECALL"},{"data":"Defragment","floor":15,"key":"SMITH"},{"data":"Defragment","floor":32,"key":"SMITH"},{"data":"Creative AI","floor":40,"key":"SMITH"},{"floor":49,"key":"REST"},{"data":"Loop","floor":52,"key":"SMITH"}],"circlet_count":0,"master_deck":["Zap","White Noise","FTL","Coolheaded","Defragment+1","Coolheaded","Gash","Doom and Gloom","Electrodynamics","Glacier","Aggregate","Defragment+1","Amplify","Streamline","Reinforced Body","Echo Form","Aggregate","Multi-Cast","Redo+1","Ball Lightning","Melter","Hello World","Self Repair","Storm","Darkness+1","Gash","Chill+1","Double Energy+1","Loop+1","Redo","Creative AI+1","Streamline+1","Defragment","Fusion+1","White Noise","Seek","Consume","Melter+1","Ball Lightning","Loop+1","Heatsinks+1","Loop","Sunder+1"],"relics":["Cracked Core","The Courier","HornCleat","Pandora\u0027s Box","Boot","Bag of Preparation","Dream Catcher","Emotion Chip","Calipers","Meat on the Bone","Nuclear Battery","ClockworkSouvenir","Bag of Marbles","Nunchaku","White Beast Statue","Centennial Puzzle","Pen Nib","Runic Capacitor","Oddly Smooth Stone"],"acts_visited":["Exordium","TheCity","TheBeyond","TheEnding"],"potions_floor_usage":[],"damage_taken":[{"damage":0,"enemies":"Small Slimes","floor":1,"turns":3},{"damage":7,"enemies":"Jaw Worm","floor":2,"turns":3},{"damage":0,"enemies":"Cultist","floor":3,"turns":2},{"damage":9,"enemies":"2 Fungi Beasts","floor":5,"turns":4},{"damage":31,"enemies":"Lagavulin","floor":6,"turns":6},{"damage":4,"enemies":"Looter","floor":8,"turns":4},{"damage":14,"enemies":"Exordium Thugs","floor":10,"turns":4},{"damage":5,"enemies":"2 Fungi Beasts","floor":12,"turns":3},{"damage":27,"enemies":"Gremlin Gang","floor":13,"turns":5},{"damage":16,"enemies":"3 Sentries","floor":14,"turns":6},{"damage":30,"enemies":"Slime Boss","floor":16,"turns":6},{"damage":26,"enemies":"Shell Parasite","floor":18,"turns":9},{"damage":0,"enemies":"3 Byrds","floor":22,"turns":3},{"damage":31,"enemies":"Book of Stabbing","floor":23,"turns":4},{"damage":71,"enemies":"Slavers","floor":25,"turns":4},{"damage":45,"enemies":"Book of Stabbing","floor":27,"turns":6},{"damage":29,"enemies":"Sentry and Sphere","floor":28,"turns":4},{"damage":24,"enemies":"Snake Plant","floor":29,"turns":3},{"damage":0,"enemies":"Centurion and Healer","floor":30,"turns":4},{"damage":8,"enemies":"Cultist and Chosen","floor":31,"turns":4},{"damage":58,"enemies":"Collector","floor":33,"turns":7},{"damage":14,"enemies":"3 Darklings","floor":35,"turns":4},{"damage":20,"enemies":"3 Shapes","floor":36,"turns":2},{"damage":7,"enemies":"Transient","floor":38,"turns":5},{"damage":14,"enemies":"3 Darklings","floor":39,"turns":3},{"damage":6,"enemies":"Reptomancer","floor":41,"turns":6},{"damage":88,"enemies":"Nemesis","floor":44,"turns":6},{"damage":24,"enemies":"4 Shapes","floor":46,"turns":2},{"damage":22,"enemies":"Reptomancer","floor":47,"turns":5},{"damage":3,"enemies":"Spire Growth","floor":48,"turns":5},{"damage":164,"enemies":"Awakened One","floor":50,"turns":8},{"damage":66,"enemies":"Shield and Spear","floor":54,"turns":4},{"damage":151,"enemies":"The Heart","floor":55,"turns":7}],"seed_played":"-6917219218414287937","potions_obtained":[{"floor":3,"key":"SteroidPotion"},{"floor":10,"key":"GamblersBrew"},{"floor":13,"key":"PowerPotion"}],"is_trial":false,"path_per_floor":["M","M","M","$","M","E","R","M","T","M","?","M","M","E","R","B",null,"M","?","T","$","M","E","$","E","T","E","M","M","M","M","R","B",null,"M","M","$","M","M","R","E","?","T","E","?","M","E","M","R","B",null,"R","$","E","B",null],"character_chosen":"DEFECT","items_purchased":["Defragment","Bag of Preparation","Ball Lightning","Melter","Storm","ClockworkSouvenir","Bag of Marbles","Runic Capacitor","Loop"],"campfire_rested":1,"item_purchase_floors":[4,21,21,21,24,37,37,53,53],"current_hp_per_floor":[95,98,108,118,119,98,108,114,124,120,130,135,118,112,122,102,255,239,249,259,269,279,258,268,207,217,182,182,180,202,204,214,185,425,421,411,421,424,420,430,441,451,461,390,400,386,374,388,567,420,595,605,615,566,425],"gold":68,"neow_bonus":"REMOVE_CARD","is_daily":false,"chose_seed":false,"campfire_upgraded":4,"win_rate":0.0,"timestamp":1612151538,"path_taken":["M","M","M","$","M","E","R","M","T","M","?","M","M","E","R","BOSS","M","?","?","$","M","E","$","E","T","E","?","M","M","M","R","BOSS","M","M","$","M","M","R","E","?","T","E","?","M","E","?","R","BOSS","R","$","E","BOSS"],"items_purchased_type":["Card","Relic","Card","Card","Card","Relic","Relic","Relic","Card"],"build_version":"2020-12-22","purchased_purges":0,"victory":true,"max_hp_per_floor":[95,105,115,125,135,145,155,165,175,185,195,205,215,225,235,245,255,265,275,285,295,305,315,325,335,345,355,365,375,385,395,405,415,425,435,445,455,465,475,485,495,505,515,525,535,545,555,565,575,585,595,605,615,625,635],"card_choices":[{"not_picked":["Gash","Blizzard"],"picked":"White Noise","floor":1},{"not_picked":["Stack","Go for the Eyes"],"picked":"FTL","floor":2},{"not_picked":["Streamline","Leap"],"picked":"Coolheaded","floor":3},{"not_picked":["Buffer","Self Repair","Compile Driver"],"picked":"SKIP","floor":5},{"not_picked":["Streamline","Compile Driver"],"picked":"Coolheaded","floor":6},{"not_picked":["Tempest","Go for the Eyes"],"picked":"Gash","floor":8},{"not_picked":["Compile Driver","Cold Snap"],"picked":"Doom and Gloom","floor":10},{"not_picked":["Cold Snap","Undo"],"picked":"Glacier","floor":12},{"not_picked":["Reinforced Body","Coolheaded"],"picked":"Aggregate","floor":13},{"not_picked":["Go for the Eyes","Undo"],"picked":"Defragment","floor":14},{"not_picked":["Seek","Rainbow"],"picked":"Amplify","floor":16},{"not_picked":["Streamline+1","Cold Snap"],"picked":"Redo+1","floor":18},{"not_picked":["Stack","Leap+1"],"picked":"Hello World","floor":22},{"not_picked":["Conserve Battery","Compile Driver"],"picked":"Self Repair","floor":23},{"not_picked":["Go for the Eyes","Compile Driver+1"],"picked":"Darkness+1","floor":25},{"not_picked":["Melter+1","Go for the Eyes+1"],"picked":"Gash","floor":27},{"not_picked":["Ball Lightning+1","Leap"],"picked":"Chill+1","floor":28},{"not_picked":["Multi-Cast","Leap"],"picked":"Double Energy+1","floor":29},{"not_picked":["Rebound+1","Go for the Eyes"],"picked":"Loop","floor":30},{"not_picked":["Conserve Battery","Stack"],"picked":"Redo","floor":31},{"not_picked":["Core Surge","Rainbow"],"picked":"Creative AI","floor":33},{"not_picked":["Coolheaded","Cold Snap+1"],"picked":"Streamline+1","floor":35},{"not_picked":["Compile Driver+1","Streamline"],"picked":"Defragment","floor":36},{"not_picked":["Leap","Cold Snap+1"],"picked":"Fusion+1","floor":38},{"not_picked":["Ball Lightning+1","Stack+1"],"picked":"All For One","floor":39},{"not_picked":["Cold Snap+1","Redo+1"],"picked":"White Noise","floor":41},{"not_picked":["Tempest","Fusion"],"picked":"Seek","floor":44},{"not_picked":["Blizzard","Chill"],"picked":"Melter+1","floor":46},{"not_picked":["Leap+1","Conserve Battery"],"picked":"Ball Lightning","floor":47},{"not_picked":["Ball Lightning","Conserve Battery+1"],"picked":"Loop+1","floor":48},{"not_picked":["BootSequence","Stack+1"],"picked":"Heatsinks+1","floor":49},{"not_picked":["Stack+1","Go for the Eyes"],"picked":"Sunder+1","floor":54}],"player_experience":133782,"relics_obtained":[{"floor":6,"key":"The Courier"},{"floor":14,"key":"HornCleat"},{"floor":20,"key":"Boot"},{"floor":23,"key":"Dream Catcher"},{"floor":25,"key":"Emotion Chip"},{"floor":26,"key":"Calipers"},{"floor":27,"key":"Meat on the Bone"},{"floor":41,"key":"Nunchaku"},{"floor":43,"key":"White Beast Statue"},{"floor":44,"key":"Centennial Puzzle"},{"floor":47,"key":"Pen Nib"},{"floor":54,"key":"Oddly Smooth Stone"}],"event_choices":[{"damage_healed":0,"gold_gain":0,"cards_transformed":["Strike_B"],"player_choice":"Change","damage_taken":0,"max_hp_gain":0,"max_hp_loss":0,"event_name":"Living Wall","floor":11,"gold_loss":0,"cards_obtained":["Electrodynamics"]},{"cards_removed":["Coolheaded"],"damage_healed":0,"gold_gain":0,"player_choice":"Gave Gold","damage_taken":0,"max_hp_gain":0,"max_hp_loss":0,"event_name":"Beggar","floor":19,"gold_loss":75},{"cards_removed":["All For One"],"damage_healed":0,"gold_gain":0,"player_choice":"Removed Attack","damage_taken":0,"max_hp_gain":0,"max_hp_loss":0,"event_name":"Falling","floor":42,"gold_loss":0},{"damage_healed":0,"gold_gain":0,"cards_transformed":["Dualcast"],"player_choice":"Transformed","damage_taken":0,"max_hp_gain":0,"max_hp_loss":0,"event_name":"Transmorgrifier","floor":45,"gold_loss":0,"cards_obtained":["Consume"]}],"is_beta":false,"boss_relics":[{"not_picked":["Philosopher\u0027s Stone","Black Star"],"picked":"Pandora\u0027s Box"},{"not_picked":["FrozenCore","Snecko Eye"],"picked":"Nuclear Battery"}],"items_purged_floors":[],"is_endless":false,"potions_floor_spawned":[3,10,13,14,16,25,28,29,30,31,33,36,38,39,44,46,47,48,54],"ascension_level":3}}