{"host":"klqcd4cqxrk2p1u3","time":1612139794,"event":{"mods":["BaseMod","Downfall","Minty Spire (QoL Compilation)","StSLib"],"gold_per_floor":[199,217,227,241,7,26,26,39,39,73,88,102,2,12,22,118,118,18,36,53,53,153,168,213,228,248,148,58,70,70,55,71,170,170,170,189,189,189,204,13,13,13,13,26,43,60,60,79,93,93,93,93],"floor_reached":50,"language":"ENG","playtime":7064,"items_purged":["Pride"],"score":556,"play_id":"af4fe3d3-0ec3-4ffc-b2c5-47d21944c93d","local_time":"20210131193634","is_ascension_mode":false,"campfire_choices":[{"floor":1,"key":"RECALL"},{"floor":13,"key":"REST"},{"data":"bronze:RecursiveStrike","floor":18,"key":"SMITH"},{"floor":27,"key":"REST"},{"data":"bronze:GetLatest","floor":30,"key":"SMITH"},{"data":"bronze:HyperBeam","floor":35,"key":"SMITH"},{"floor":47,"key":"REST"}],"circlet_count":0,"master_deck":["bronze:Strike","bronze:Strike","bronze:Strike","bronze:Strike","bronze:Defend","bronze:Defend","bronze:Defend","bronze:Defend","bronze:Replicate","bronze:Goto","bronze:CutThrough","bronze:Optimize","bronze:Constructor","Secret Weapon","bronze:Terminator","bronze:ChosenStrike","bronze:Repair","bronze:ChosenStrike","bronze:DelayedSlice","bronze:Separator","bronze:Overheat","bronze:ThunderWave","bronze:Branch","bronze:RecursiveStrike+1","bronze:ForceShield+1","bronze:GetLatest+1","bronze:Deprecate+1","bronze:Overheat","bronze:BuggyMess","bronze:Optimize","bronze:Constructor+1","bronze:Shield","bronze:CleanCode","bronze:FollowUp","bronze:HyperBeam+1","bronze:BuggyMess","expansioncontent:PolyBeam","expansioncontent:PrepareCrush","expansioncontent:YouAreMine","bronze:Flail+1","bronze:Optimize+1","bronze:ItsAFeature","bronze:WhirlingStrike","Parasite","bronze:Constructor+1","bronze:BronzeOrb+1","bronze:BitShift+1","bronze:BuggyMess","bronze:Iterate"],"relics":["bronze:PlatinumCore","Pocketwatch","downfall:HeartBlessingBlue","Runic Pyramid","downfall:HeartBlessingRed","Darkstone Periapt","Toy Ornithopter","Happy Flower","downfall:HeartBlessingGreen","Mango","Art of War","Regal Pillow"],"acts_visited":["Exordium","TheCity","TheBeyond"],"potions_floor_usage":[6,22,22,22,25,31,32,36,39,44,50,50],"damage_taken":[{"damage":6,"enemies":"2 Louse","floor":2,"turns":3},{"damage":0,"enemies":"Cultist","floor":3,"turns":3},{"damage":6,"enemies":"Jaw Worm","floor":4,"turns":3},{"damage":0,"enemies":"downfall:FleeingMerchant","floor":5,"turns":4},{"damage":12,"enemies":"Exordium Thugs","floor":6,"turns":3},{"damage":6,"enemies":"3 Louse","floor":8,"turns":3},{"damage":32,"enemies":"Gremlin Nob","floor":10,"turns":4},{"damage":7,"enemies":"Blue Slaver","floor":11,"turns":2},{"damage":0,"enemies":"2 Fungi Beasts","floor":12,"turns":3},{"damage":0,"enemies":"3 Louse","floor":14,"turns":2},{"damage":18,"enemies":"Exordium Wildlife","floor":15,"turns":3},{"damage":16,"enemies":"IC_STATUS_ARCHETYPE","floor":16,"turns":7},{"damage":9,"enemies":"Shell Parasite","floor":19,"turns":5},{"damage":25,"enemies":"Snecko","floor":20,"turns":4},{"damage":14,"enemies":"downfall:LadyInBlue","floor":22,"turns":11},{"damage":8,"enemies":"Centurion and Healer","floor":23,"turns":5},{"damage":11,"enemies":"Snake Plant","floor":25,"turns":4},{"damage":2,"enemies":"3 Cultists","floor":26,"turns":5},{"damage":0,"enemies":"downfall:FleeingMerchant","floor":28,"turns":4},{"damage":2,"enemies":"Centurion and Healer","floor":29,"turns":5},{"damage":0,"enemies":"downfall:FleeingMerchant","floor":31,"turns":4},{"damage":0,"enemies":"Cultist and Chosen","floor":32,"turns":4},{"damage":16,"enemies":"WA_ARCHETYPE_CALM","floor":33,"turns":10},{"damage":11,"enemies":"3 Shapes","floor":36,"turns":5},{"damage":23,"enemies":"3 Darklings","floor":39,"turns":4},{"damage":9,"enemies":"downfall:FleeingMerchant","floor":40,"turns":3},{"damage":20,"enemies":"Writhing Mass","floor":44,"turns":4},{"damage":12,"enemies":"Spire Growth","floor":45,"turns":5},{"damage":0,"enemies":"4 Shapes","floor":46,"turns":4},{"damage":33,"enemies":"Transient","floor":48,"turns":5},{"damage":7,"enemies":"Jaw Worm Horde","floor":49,"turns":4},{"damage":110,"enemies":"SI_POISON_ARCHETYPE","floor":50,"turns":6}],"seed_played":"-4678771225506008657","potions_obtained":[{"floor":3,"key":"DistilledChaos"},{"floor":4,"key":"hexamod:SoulburnPotion"},{"floor":8,"key":"bronze:BurnAndBuffPotion"},{"floor":11,"key":"Weak Potion"},{"floor":22,"key":"CultistPotion"},{"floor":22,"key":"Guardian:BlockOnCardUsePotion"},{"floor":22,"key":"sneckomod:MuddlingPotion"},{"floor":29,"key":"SkillPotion"},{"floor":32,"key":"DistilledChaos"},{"floor":33,"key":"champ:CounterPotion"},{"floor":44,"key":"Guardian:BlockOnCardUsePotion"},{"floor":46,"key":"SkillPotion"},{"floor":49,"key":"hexamod:SoulburnPotion"}],"is_trial":false,"path_per_floor":["R","M","M","M","$","M","T","M","?","E","M","M","R","M","M","B",null,"R","M","M","?","?","M","T","M","M","R","$","M","R","$","M","B",null,"R","M","?","?","M","$","T","?","$","M","M","M","R","M","M","B"],"character_chosen":"THE_AUTOMATON","items_purchased":["Secret Weapon","bronze:Terminator","Mango","Art of War","bronze:ItsAFeature","bronze:WhirlingStrike"],"campfire_rested":3,"item_purchase_floors":[5,5,40,40,40,40],"current_hp_per_floor":[70,64,64,58,58,46,46,40,40,18,18,25,59,66,55,49,80,80,80,55,61,57,56,56,50,55,80,80,78,78,83,86,76,86,86,86,76,76,68,73,73,73,73,64,59,59,105,73,76,0,0,0],"gold":93,"neow_bonus":"HUNDRED_GOLD","is_daily":false,"chose_seed":false,"campfire_upgraded":3,"win_rate":0.0,"timestamp":1612139794,"path_taken":["R","M","M","M","$","M","T","M","?","E","M","?","R","M","M","BOSS","R","M","M","?","?","?","T","M","M","R","$","M","R","$","M","BOSS","R","M","?","?","M","$","T","?","?","M","M","?","R","M","M","BOSS"],"items_purchased_type":["Card","Card","Relic","Relic","Card","Card"],"build_version":"2020-12-22","purchased_purges":1,"victory":false,"max_hp_per_floor":[70,70,70,70,70,70,70,70,70,70,70,70,80,80,80,80,80,80,80,80,86,86,86,86,86,86,86,86,86,86,86,86,86,86,86,86,86,86,86,100,100,100,100,106,106,106,106,106,106,106,106,106],"card_choices":[{"not_picked":["bronze:Iterate","bronze:DelayedGuard"],"picked":"bronze:CutThrough","floor":2},{"not_picked":["bronze:BugBarrage","bronze:NullPointer"],"picked":"bronze:MaxOutput","floor":3},{"not_picked":["bronze:Branch","bronze:NullPointer"],"picked":"bronze:Optimize","floor":4},{"not_picked":["bronze:Safeguard","bronze:Allocate"],"picked":"bronze:Constructor","floor":5},{"not_picked":["bronze:WildBeam","bronze:CutThrough"],"picked":"bronze:ChosenStrike","floor":6},{"not_picked":["bronze:Invalidate","bronze:MaxOutput"],"picked":"bronze:Repair","floor":8},{"not_picked":["bronze:Constructor","bronze:MaxOutput"],"picked":"bronze:DelayedSlice","floor":10},{"not_picked":["bronze:WhirlingStrike","bronze:CutThrough"],"picked":"bronze:Separator","floor":11},{"not_picked":["bronze:BugBarrage","bronze:Turbo"],"picked":"bronze:Overheat","floor":12},{"not_picked":["bronze:Philosophize","bronze:DigitalCarnage"],"picked":"bronze:ThunderWave","floor":14},{"not_picked":["bronze:WhirlingStrike","bronze:WildBeam"],"picked":"bronze:Branch","floor":15},{"not_picked":["bronze:Break","bronze:ThunderWave"],"picked":"bronze:RecursiveStrike","floor":16},{"not_picked":["bronze:DelayedSlice","bronze:Turbo"],"picked":"bronze:ForceShield+1","floor":19},{"not_picked":["bronze:FineTuning","bronze:Overload"],"picked":"bronze:GetLatest","floor":20},{"not_picked":["bronze:BitShift","bronze:Invalidate"],"picked":"bronze:Deprecate+1","floor":22},{"not_picked":["bronze:Terminator","bronze:Iterate+1"],"picked":"bronze:Overheat","floor":23},{"not_picked":["bronze:BronzeArmor","bronze:RecursiveStrike"],"picked":"bronze:BuggyMess","floor":25},{"not_picked":["bronze:Frontload","bronze:Boost"],"picked":"bronze:Optimize","floor":26},{"not_picked":["bronze:WhirlingStrike","bronze:Allocate"],"picked":"bronze:Constructor+1","floor":28},{"not_picked":["bronze:ChosenStrike","bronze:Constructor+1"],"picked":"bronze:Shield","floor":29},{"not_picked":["bronze:ForLoop","bronze:Shell+1"],"picked":"bronze:CleanCode","floor":31},{"not_picked":["bronze:CutThrough+1","bronze:Shield+1"],"picked":"bronze:FollowUp","floor":32},{"not_picked":["bronze:Virus","bronze:ShipIt"],"picked":"bronze:HyperBeam","floor":33},{"not_picked":["bronze:Separator+1","bronze:CutThrough+1"],"picked":"bronze:BuggyMess","floor":36},{"not_picked":["expansioncontent:Hexaburn","expansioncontent:GuardianWhirl"],"picked":"expansioncontent:PolyBeam","floor":37},{"not_picked":["expansioncontent:GuardianWhirl","expansioncontent:Hexaburn"],"picked":"expansioncontent:PrepareCrush","floor":37},{"not_picked":["expansioncontent:LastStand","expansioncontent:Hexaburn"],"picked":"expansioncontent:YouAreMine","floor":37},{"not_picked":["bronze:Separator","bronze:Shell+1"],"picked":"bronze:Flail+1","floor":39},{"not_picked":["bronze:CutThrough","bronze:BugBarrage+1"],"picked":"bronze:Optimize+1","floor":40},{"not_picked":["bronze:Iterate","bronze:Overheat"],"picked":"bronze:Constructor+1","floor":44},{"not_picked":["bronze:Deprecate","bronze:Verify"],"picked":"bronze:BronzeOrb+1","floor":45},{"not_picked":["bronze:Invalidate","bronze:DelayedGuard"],"picked":"bronze:BitShift+1","floor":46},{"not_picked":["bronze:Constructor","bronze:OilSpill+1"],"picked":"bronze:BuggyMess","floor":48},{"not_picked":["bronze:FineTuning+1","bronze:OilSpill"],"picked":"bronze:Iterate","floor":49}],"player_experience":1361826,"relics_obtained":[{"floor":10,"key":"Pocketwatch"},{"floor":22,"key":"Toy Ornithopter"},{"floor":24,"key":"Happy Flower"},{"floor":41,"key":"Regal Pillow"}],"event_choices":[{"damage_healed":0,"gold_gain":0,"player_choice":"Stole Relic","damage_taken":0,"relics_obtained":["Darkstone Periapt"],"max_hp_gain":0,"max_hp_loss":0,"event_name":"Addict","floor":21,"gold_loss":0,"cards_obtained":["Pride"]},{"cards_removed":["bronze:MaxOutput"],"damage_healed":0,"gold_gain":0,"player_choice":"Removed Power","damage_taken":0,"max_hp_gain":0,"max_hp_loss":0,"event_name":"Falling","floor":38,"gold_loss":0}],"is_beta":false,"boss_relics":[{"not_picked":["Busted Crown","Calling Bell"],"picked":"Runic Pyramid"},{"not_picked":["Black Star","SlaversCollar"],"picked":"bronze:PlatinumCore"}],"items_purged_floors":[28],"is_endless":false,"potions_floor_spawned":[3,4,8,11,16,22,29,32,33,44,46,49],"killed_by":"SI_POISON_ARCHETYPE","ascension_level":0}}