{"host":"5x08nt64u3vxxcfi","time":1612167189,"event":{"mods":["BaseMod","Minty Spire (QoL Compilation)","StSLib","SuperFastMode"],"gold_per_floor":[110,185,185,205,216,251,251,277,325,325,335,352,352,373,373,472,472,486,321,321,321],"floor_reached":20,"language":"KOR","playtime":489,"items_purged":["Strike_R"],"score":228,"play_id":"d295336d-ccd6-443c-87ea-e7e22b988ecb","local_time":"20210201171309","is_ascension_mode":true,"campfire_choices":[{"data":"Pommel Strike","floor":7,"key":"SMITH"},{"data":"Thinking Ahead","floor":10,"key":"SMITH"},{"data":"Bash","floor":13,"key":"SMITH"},{"floor":15,"key":"REST"}],"circlet_count":0,"master_deck":["Strike_R","Strike_R","Strike_R","Strike_R","Defend_R","Defend_R","Defend_R","Defend_R","Bash+1","Thinking Ahead+1","Rampage+1","Pommel Strike+1","Thunderclap","Bloodletting","Reckless Charge","Warcry","Body Slam","Sever Soul","Feed","Shockwave+1","Uppercut","Power Through"],"relics":["Burning Blood","Frozen Egg 2","Art of War","Smiling Mask","Odd Mushroom","SlaversCollar"],"acts_visited":["Exordium","TheCity"],"potions_floor_usage":[14,16,16],"damage_taken":[{"damage":7,"enemies":"Jaw Worm","floor":1,"turns":3},{"damage":6,"enemies":"Cultist","floor":4,"turns":3},{"damage":0,"enemies":"Small Slimes","floor":5,"turns":3},{"damage":20,"enemies":"Gremlin Nob","floor":6,"turns":4},{"damage":45,"enemies":"3 Sentries","floor":8,"turns":7},{"damage":6,"enemies":"Looter","floor":11,"turns":2},{"damage":7,"enemies":"3 Louse","floor":12,"turns":3},{"damage":10,"enemies":"The Mushroom Lair","floor":14,"turns":3},{"damage":28,"enemies":"Hexaghost","floor":16,"turns":9},{"damage":37,"enemies":"Shell Parasite","floor":18,"turns":5},{"damage":32,"enemies":"Spheric Guardian","floor":20,"turns":5}],"seed_played":"-4581951802792193934","potions_obtained":[{"floor":1,"key":"Energy Potion"},{"floor":4,"key":"BlessingOfTheForge"},{"floor":5,"key":"Strength Potion"},{"floor":14,"key":"SkillPotion"},{"floor":16,"key":"Dexterity Potion"}],"is_trial":false,"path_per_floor":["M","?","?","M","M","E","R","E","T","R","M","M","R","?","R","B",null,"M","$","M"],"character_chosen":"IRONCLAD","items_purchased":["Uppercut","Power Through"],"campfire_rested":1,"item_purchase_floors":[19,19],"current_hp_per_floor":[71,60,60,60,66,52,52,13,13,13,13,12,12,8,29,7,56,25,25,0,0],"gold":321,"neow_bonus":"RANDOM_COLORLESS_2","is_daily":false,"chose_seed":false,"campfire_upgraded":3,"win_rate":0.0,"timestamp":1612167189,"path_taken":["M","?","?","M","?","E","R","E","T","R","M","M","R","?","R","BOSS","M","$","M"],"items_purchased_type":["Card","Card"],"build_version":"2020-12-22","purchased_purges":1,"victory":false,"max_hp_per_floor":[72,72,72,72,72,72,72,72,72,72,72,72,72,72,72,72,72,72,72,72,72],"card_choices":[{"not_picked":["Sadistic Nature","Secret Weapon"],"picked":"Thinking Ahead","floor":0},{"not_picked":["Body Slam","Intimidate"],"picked":"Rampage","floor":1},{"not_picked":["Headbutt","Flex"],"picked":"Pommel Strike","floor":4},{"not_picked":["Cleave","Blood for Blood"],"picked":"Thunderclap","floor":5},{"not_picked":["Heavy Blade","Twin Strike"],"picked":"Bloodletting","floor":6},{"not_picked":["Fire Breathing+1","Blood for Blood"],"picked":"Reckless Charge","floor":8},{"not_picked":["True Grit","Twin Strike"],"picked":"Warcry","floor":11},{"not_picked":["Searing Blow","Bloodletting"],"picked":"Body Slam","floor":12},{"not_picked":["Reaper","Clash"],"picked":"Sever Soul","floor":14},{"not_picked":["Reaper","Demon Form+1"],"picked":"Feed","floor":16},{"not_picked":["Headbutt+1","Dropkick+1"],"picked":"Shockwave+1","floor":18}],"player_experience":125571,"relics_obtained":[{"floor":6,"key":"Frozen Egg 2"},{"floor":8,"key":"Art of War"},{"floor":9,"key":"Smiling Mask"},{"floor":14,"key":"Odd Mushroom"}],"event_choices":[{"damage_healed":0,"gold_gain":75,"player_choice":"Gather Gold","damage_taken":11,"max_hp_gain":0,"max_hp_loss":0,"event_name":"World of Goop","floor":2,"gold_loss":0},{"damage_healed":0,"gold_gain":0,"player_choice":"Forge","damage_taken":0,"max_hp_gain":0,"max_hp_loss":0,"event_name":"Accursed Blacksmith","floor":3,"gold_loss":0,"cards_upgraded":["Rampage"]},{"damage_healed":0,"gold_gain":0,"player_choice":"Fought Mushrooms","damage_taken":0,"max_hp_gain":0,"max_hp_loss":0,"event_name":"Mushrooms","floor":14,"gold_loss":0}],"is_beta":false,"boss_relics":[{"not_picked":["Busted Crown","Ectoplasm"],"picked":"SlaversCollar"}],"items_purged_floors":[19],"is_endless":false,"potions_floor_spawned":[1,4,5,14,16],"killed_by":"Spheric Guardian","ascension_level":5}}