{"host":"8962ghaoa8fyttvy","time":1612177423,"event":{"mods":["2.2 Compatiblity","AchievementEnabler","BaseMod","Bestiary","Colored Map","Colored Powertips","Curses Come First","Highlight Path","Keyboard Shortcuts","Minty Spire (QoL Compilation)","Relic Stats","Slay the Relics Exporter","StSLib","SuperFastMode"],"gold_per_floor":[114,114,169,182,182,182,217,228,255,255,270,288,266,281,281,382,382,399,399,399,324,324,324,336,435,435,61,61,72,72,91,91,187,187,199,219,219,0,0,30,30,44,71,86,86,86,104,117,117,117,117],"floor_reached":50,"language":"ENG","playtime":1615,"items_purged":["Shame"],"score":522,"play_id":"dc470499-ef00-4adc-be43-ac2e9a190362","local_time":"20210201060343","is_ascension_mode":false,"campfire_choices":[{"data":"Carnage","floor":6,"key":"SMITH"},{"data":"Berserk","floor":15,"key":"SMITH"},{"data":"Uppercut","floor":23,"key":"SMITH"},{"data":"Heavy Blade","floor":28,"key":"SMITH"},{"data":"Perfected Strike","floor":32,"key":"SMITH"},{"data":"Clothesline","floor":41,"key":"SMITH"},{"data":"Reaper","floor":45,"key":"SMITH"},{"data":"Clothesline","floor":49,"key":"SMITH"}],"circlet_count":0,"master_deck":["Strike_R+1","Strike_R+1","Strike_R+1","Strike_R+1","Strike_R+1","Defend_R+1","Defend_R+1","Defend_R+1","Clothesline+1","Carnage+1","Uppercut+1","Thunderclap","Berserk+1","Clothesline+1","Perfected Strike+1","Feed","Heavy Blade+1","Flame Barrier+1","Disarm+1","Reaper+1","Writhe","Flame Barrier+1","Rampage+1","Regret","Parasite","Pommel Strike+1","Perfected Strike+1"],"relics":["Black Blood","NeowsBlessing","War Paint","Boot","Cursed Key","MutagenicStrength","Toxic Egg 2","Lantern","Red Skull","GremlinMask","Red Mask","Peace Pipe","Juzu Bracelet"],"acts_visited":["Exordium","TheCity","TheBeyond"],"potions_floor_usage":[14,16,24,33,33,40,40,47,50,50],"damage_taken":[{"damage":0,"enemies":"Small Slimes","floor":1,"turns":1},{"damage":0,"enemies":"Jaw Worm","floor":4,"turns":1},{"damage":0,"enemies":"3 Sentries","floor":7,"turns":1},{"damage":4,"enemies":"2 Louse","floor":8,"turns":3},{"damage":0,"enemies":"2 Fungi Beasts","floor":11,"turns":4},{"damage":38,"enemies":"Gremlin Gang","floor":12,"turns":3},{"damage":7,"enemies":"Blue Slaver","floor":14,"turns":2},{"damage":56,"enemies":"Hexaghost","floor":16,"turns":10},{"damage":30,"enemies":"3 Byrds","floor":18,"turns":4},{"damage":2,"enemies":"2 Thieves","floor":24,"turns":2},{"damage":0,"enemies":"Centurion and Healer","floor":29,"turns":5},{"damage":4,"enemies":"Cultist and Chosen","floor":31,"turns":5},{"damage":61,"enemies":"Automaton","floor":33,"turns":10},{"damage":5,"enemies":"Orb Walker","floor":35,"turns":3},{"damage":56,"enemies":"3 Darklings","floor":36,"turns":7},{"damage":101,"enemies":"Giant Head","floor":40,"turns":10},{"damage":0,"enemies":"Transient","floor":42,"turns":5},{"damage":15,"enemies":"Jaw Worm Horde","floor":44,"turns":3},{"damage":26,"enemies":"Writhing Mass","floor":47,"turns":5},{"damage":23,"enemies":"3 Darklings","floor":48,"turns":6},{"damage":80,"enemies":"Awakened One","floor":50,"turns":11}],"seed_played":"7613957269164299070","potions_obtained":[{"floor":1,"key":"AttackPotion"},{"floor":11,"key":"Regen Potion"},{"floor":12,"key":"Regen Potion"},{"floor":16,"key":"ColorlessPotion"},{"floor":29,"key":"Energy Potion"},{"floor":31,"key":"Explosive Potion"},{"floor":36,"key":"SteroidPotion"},{"floor":42,"key":"LiquidBronze"},{"floor":47,"key":"Regen Potion"},{"floor":48,"key":"SkillPotion"}],"is_trial":false,"path_per_floor":["M","$","?","M","$","R","E","M","T","$","M","M","?","M","R","B",null,"M","?","?","?","?","R","M","?","T","$","R","M","?","M","R","B",null,"M","M","?","?","?","E","R","M","T","M","R","$","M","M","R","B"],"character_chosen":"IRONCLAD","items_purchased":["Lantern","Red Skull"],"campfire_rested":0,"item_purchase_floors":[27,27],"current_hp_per_floor":[80,80,80,80,80,80,80,80,80,80,80,48,48,52,52,17,80,56,41,41,41,41,41,48,48,48,48,48,57,57,62,62,7,94,97,71,71,71,95,13,13,32,32,29,29,29,23,36,36,0,0],"gold":117,"neow_bonus":"THREE_ENEMY_KILL","is_daily":false,"chose_seed":false,"campfire_upgraded":8,"win_rate":0.0,"timestamp":1612177423,"path_taken":["M","$","?","M","$","R","E","M","T","$","M","M","?","M","R","BOSS","M","?","?","?","?","R","M","?","T","$","R","M","?","M","R","BOSS","M","?","?","?","?","E","R","M","T","M","R","?","M","M","R","BOSS"],"items_purchased_type":["Relic","Relic"],"build_version":"2020-12-22","purchased_purges":1,"victory":false,"max_hp_per_floor":[80,80,80,80,80,80,80,80,80,80,80,80,80,80,80,80,80,80,85,85,85,85,85,88,88,88,88,88,91,91,94,94,94,94,97,97,97,97,97,97,97,97,97,97,97,97,97,97,97,97,97],"relic_stats":{"Peace Pipe":0,"counters":[21,101],"Black Blood":129,"Juzu Bracelet":0,"War Paint":["Defend_R","Defend_R"],"Boot":[50],"Cursed Key":2,"obtain_stats":[{"Lantern":27,"NeowsBlessing":0,"Black Blood":34,"GremlinMask":30,"Juzu Bracelet":43,"War Paint":7,"Boot":9,"Cursed Key":17,"Burning Blood":0,"Peace Pipe":40,"MutagenicStrength":22,"Red Mask":38,"Toxic Egg 2":26,"Red Skull":27},{"Lantern":10,"NeowsBlessing":0,"Black Blood":13,"GremlinMask":11,"Juzu Bracelet":17,"War Paint":3,"Boot":4,"Cursed Key":8,"Burning Blood":0,"Peace Pipe":16,"MutagenicStrength":9,"Red Mask":15,"Toxic Egg 2":10,"Red Skull":10},{"Lantern":31,"NeowsBlessing":0,"Black Blood":51,"GremlinMask":36,"Juzu Bracelet":76,"War Paint":3,"Boot":6,"Cursed Key":25,"Burning Blood":0,"Peace Pipe":71,"MutagenicStrength":29,"Red Mask":61,"Toxic Egg 2":31,"Red Skull":31}]},"card_choices":[{"not_picked":["Hemokinesis","Blood for Blood"],"picked":"Clothesline","floor":1},{"not_picked":["Body Slam","Pommel Strike"],"picked":"Carnage","floor":4},{"not_picked":["Armaments","Burning Pact"],"picked":"Uppercut","floor":7},{"not_picked":["Twin Strike","Iron Wave"],"picked":"Thunderclap","floor":8},{"not_picked":["Flex","Armaments"],"picked":"Berserk","floor":11},{"not_picked":["Flame Barrier","Dark Embrace"],"picked":"Clothesline","floor":12},{"not_picked":["Twin Strike","Clothesline"],"picked":"Perfected Strike","floor":14},{"not_picked":["Corruption","Barricade"],"picked":"Feed","floor":16},{"not_picked":["Headbutt","True Grit","Bloodletting+1"],"picked":"SKIP","floor":18},{"not_picked":["Clothesline+1","Body Slam"],"picked":"Heavy Blade","floor":24},{"not_picked":["Battle Trance+1","Shrug It Off+1"],"picked":"Flame Barrier+1","floor":29},{"not_picked":["Cleave","Iron Wave"],"picked":"Disarm+1","floor":31},{"not_picked":["Juggernaut","Feed"],"picked":"Reaper","floor":33},{"not_picked":["Fire Breathing+1","Combust","Flame Barrier+1"],"picked":"SKIP","floor":35},{"not_picked":["True Grit+1","Body Slam+1","Shrug It Off+1"],"picked":"SKIP","floor":36},{"not_picked":["Flex+1","True Grit+1"],"picked":"Flame Barrier+1","floor":40},{"not_picked":["Cleave","Dual Wield+1"],"picked":"Rampage+1","floor":42},{"not_picked":["Sword Boomerang","Clothesline","Power Through+1"],"picked":"SKIP","floor":44},{"not_picked":["Armaments+1","Heavy Blade"],"picked":"Pommel Strike+1","floor":47},{"not_picked":["Infernal Blade+1","Dual Wield+1"],"picked":"Perfected Strike+1","floor":48}],"player_experience":14310,"relics_obtained":[{"floor":7,"key":"War Paint"},{"floor":9,"key":"Boot"},{"floor":26,"key":"Toxic Egg 2"},{"floor":40,"key":"Peace Pipe"},{"floor":43,"key":"Juzu Bracelet"}],"event_choices":[{"damage_healed":0,"gold_gain":55,"player_choice":"Gained Gold","damage_taken":0,"max_hp_gain":0,"max_hp_loss":0,"event_name":"Golden Wing","floor":3,"gold_loss":0},{"damage_healed":0,"gold_gain":0,"player_choice":"Left Gold","damage_taken":0,"max_hp_gain":0,"max_hp_loss":0,"event_name":"World of Goop","floor":13,"gold_loss":22},{"damage_healed":0,"gold_gain":0,"player_choice":"Shed Blood","damage_taken":20,"max_hp_gain":5,"max_hp_loss":0,"event_name":"Forgotten Altar","floor":19,"gold_loss":0},{"damage_healed":0,"gold_gain":0,"player_choice":"Simplicity","damage_taken":0,"max_hp_gain":0,"max_hp_loss":0,"event_name":"Back to Basics","floor":20,"gold_loss":0,"cards_upgraded":["Strike_R","Strike_R","Strike_R","Strike_R","Strike_R","Defend_R","Defend_R"]},{"cards_removed":["Bash"],"damage_healed":0,"gold_gain":0,"player_choice":"Gave Gold","damage_taken":0,"max_hp_gain":0,"max_hp_loss":0,"event_name":"Beggar","floor":21,"gold_loss":75},{"damage_healed":0,"gold_gain":0,"player_choice":"Inject Mutagens","damage_taken":0,"relics_obtained":["MutagenicStrength"],"max_hp_gain":0,"max_hp_loss":0,"event_name":"Drug Dealer","floor":22,"gold_loss":0},{"damage_healed":0,"gold_gain":99,"player_choice":"Stole From Cult","damage_taken":0,"max_hp_gain":0,"max_hp_loss":0,"event_name":"Nest","floor":25,"gold_loss":0},{"damage_healed":0,"gold_gain":0,"player_choice":"Trade","damage_taken":0,"relics_obtained":["GremlinMask"],"max_hp_gain":0,"max_hp_loss":0,"event_name":"FaceTrader","floor":30,"gold_loss":0},{"cards_removed":["Defend_R"],"damage_healed":0,"gold_gain":0,"player_choice":"Removed Skill","damage_taken":0,"max_hp_gain":0,"max_hp_loss":0,"event_name":"Falling","floor":37,"gold_loss":0},{"damage_healed":0,"gold_gain":0,"player_choice":"Paid","damage_taken":0,"relics_obtained":["Red Mask"],"max_hp_gain":0,"max_hp_loss":0,"event_name":"Tomb of Lord Red Mask","floor":38,"gold_loss":219},{"damage_healed":24,"gold_gain":0,"player_choice":"Writhe","damage_taken":0,"max_hp_gain":0,"max_hp_loss":0,"event_name":"Winding Halls","floor":39,"gold_loss":0,"cards_obtained":["Writhe"]}],"is_beta":false,"boss_relics":[{"not_picked":["Ectoplasm","Velvet Choker"],"picked":"Cursed Key"},{"not_picked":["SacredBark","Black Star"],"picked":"Black Blood"}],"items_purged_floors":[27],"is_endless":false,"potions_floor_spawned":[1,11,12,16,29,31,36,42,47,48],"killed_by":"Awakened One","ascension_level":0}}