{"host":"8a3jzv7qxg3y7b6t","time":1612163497,"event":{"mods":["BaseMod","Better Third Choice","Downfall","Hermit","Minty Spire (QoL Compilation)","Relic Stats","StSLib","The Bug Knight","The Cursed"],"gold_per_floor":[99,111,111,96,96,113,113,148,48,83,83,102,2,2,20,123,123,23,33,50,62,12,38,62,62,62,62,62,47,64,96,113,113,113,113],"floor_reached":33,"language":"ENG","playtime":2404,"items_purged":[],"score":293,"play_id":"7a8eacb9-8262-4fd1-a05f-2768082187f6","local_time":"20210131231137","is_ascension_mode":false,"campfire_choices":[{"floor":1.0,"key":"RECALL"},{"data":"bronze:Replicate","floor":9.0,"key":"SMITH"},{"floor":11.0,"key":"REST"},{"data":"bronze:Repair","floor":13.0,"key":"SMITH"},{"data":"bronze:AlphaBuild","floor":18.0,"key":"SMITH"},{"floor":25.0,"key":"REST"},{"data":"bronze:Replicate","floor":27.0,"key":"SMITH"}],"circlet_count":0,"master_deck":["bronze:Strike","bronze:Strike","bronze:Strike","bronze:Defend","bronze:Defend","bronze:Defend","bronze:Defend","bronze:Replicate+1","bronze:Goto","bronze:Frontload","bronze:Frontload","bronze:Replicate+1","bronze:CloningBeam","bronze:Repair+1","bronze:CleanCode","bronze:AlphaBuild+1","bronze:Optimize+1","bronze:DelayedSlice","bronze:WhirlingStrike","bronze:DelayedGuard","bronze:Iterate","bronze:BitShift","bronze:Verify","bronze:Branch+1"],"relics":["bronze:BronzeCore","bronze:BottledCode","downfall:HeartBlessingRed","Orichalcum","downfall:HeartBlessingGreen","Philosopher\u0027s Stone","downfall:HeartBlessingBlue","Mummified Hand","Toy Ornithopter","downfall:RedIOU","HollowMod:LifeEnderRelic"],"acts_visited":["Exordium","TheCity"],"potions_floor_usage":[],"damage_taken":[{"damage":0.0,"enemies":"Small Slimes","floor":2.0,"turns":6.0},{"damage":0.0,"enemies":"downfall:FleeingMerchant","floor":4.0,"turns":4.0},{"damage":0.0,"enemies":"Cultist","floor":6.0,"turns":4.0},{"damage":17.0,"enemies":"3 Sentries","floor":8.0,"turns":11.0},{"damage":16.0,"enemies":"Gremlin Nob","floor":10.0,"turns":4.0},{"damage":0.0,"enemies":"Jaw Worm","floor":12.0,"turns":3.0},{"damage":0.0,"enemies":"Exordium Thugs","floor":15.0,"turns":6.0},{"damage":33.0,"enemies":"DF_ARCHETYPE_STREAMLINE","floor":16.0,"turns":13.0},{"damage":10.0,"enemies":"Spheric Guardian","floor":19.0,"turns":4.0},{"damage":36.0,"enemies":"Snake Plant","floor":20.0,"turns":6.0},{"damage":0.0,"enemies":"Chosen and Byrds","floor":21.0,"turns":8.0},{"damage":49.0,"enemies":"Book of Stabbing","floor":23.0,"turns":8.0},{"damage":8.0,"enemies":"downfall:FleeingMerchant","floor":29.0,"turns":4.0},{"damage":5.0,"enemies":"Snecko","floor":30.0,"turns":6.0},{"damage":46,"enemies":"Slavers","floor":31,"turns":6},{"damage":18,"enemies":"Centurion and Healer","floor":32,"turns":4},{"damage":21,"enemies":"WA_ARCHETYPE_CALM","floor":33,"turns":5}],"seed_played":"8489847109630957563","potions_obtained":[{"floor":8.0,"key":"DistilledChaos"},{"floor":12.0,"key":"BlessingOfTheForge"},{"floor":16.0,"key":"Explosive Potion"},{"floor":32,"key":"Block Potion"}],"is_trial":false,"path_per_floor":["R","M","?","$","?","M","T","E","R","E","R","M","R","?","M","B",null,"R","M","M","M","?","E","T","R","?","R","?","$","M","E","M","B"],"character_chosen":"THE_AUTOMATON","items_purchased":[],"campfire_rested":2,"item_purchase_floors":[],"current_hp_per_floor":[77,77,67,67,67,67,67,50,50,34,54,61,61,61,67,34,67,77,67,41,51,77,28,28,51,51,51,51,53,48,12,4,0,0,0],"gold":113,"neow_bonus":"TEN_PERCENT_HP_BONUS","is_daily":false,"chose_seed":false,"campfire_upgraded":4,"win_rate":0.0,"timestamp":1612163497,"path_taken":["R","M","?","$","?","?","T","E","R","E","R","M","R","?","M","BOSS","R","M","M","M","?","E","T","R","?","R","?","$","M","E","M","BOSS"],"items_purchased_type":[],"build_version":"2020-12-22","purchased_purges":0,"victory":false,"max_hp_per_floor":[77,77,67,67,67,67,67,67,67,67,67,67,67,67,67,67,67,77,77,77,77,77,77,77,77,77,77,77,77,77,77,77,77,77,77],"relic_stats":{"counters":[17,102],"Mummified Hand":[13],"Orichalcum":[24],"obtain_stats":[{"bronze:BottledCode":3,"bronze:BronzeCore":0,"HollowMod:LifeEnderRelic":31,"downfall:HeartBlessingRed":9,"downfall:HeartBlessingBlue":18,"Mummified Hand":23,"MealTicket":8,"downfall:HeartBlessingGreen":13,"Philosopher\u0027s Stone":17,"downfall:RedIOU":26,"Orichalcum":10,"Toy Ornithopter":24},{"bronze:BottledCode":1,"bronze:BronzeCore":0,"HollowMod:LifeEnderRelic":15,"downfall:HeartBlessingRed":4,"downfall:HeartBlessingBlue":8,"Mummified Hand":12,"MealTicket":4,"downfall:HeartBlessingGreen":6,"Philosopher\u0027s Stone":8,"downfall:RedIOU":12,"Orichalcum":5,"Toy Ornithopter":12},{"bronze:BottledCode":6,"bronze:BronzeCore":0,"HollowMod:LifeEnderRelic":93,"downfall:HeartBlessingRed":25,"downfall:HeartBlessingBlue":51,"Mummified Hand":77,"MealTicket":25,"downfall:HeartBlessingGreen":32,"Philosopher\u0027s Stone":51,"downfall:RedIOU":77,"Orichalcum":29,"Toy Ornithopter":77}],"Toy Ornithopter":0},"card_choices":[{"not_picked":["bronze:WildBeam","bronze:MaxOutput"],"picked":"bronze:Frontload","floor":2.0},{"not_picked":["bronze:BuggyMess","bronze:MaxOutput"],"picked":"bronze:Frontload","floor":4.0},{"not_picked":["bronze:Shield","bronze:Allocate"],"picked":"bronze:CloningBeam","floor":6.0},{"not_picked":["bronze:Overheat","bronze:DarkDash","bronze:Frontload"],"picked":"SKIP","floor":8.0},{"not_picked":["bronze:MaxOutput","bronze:NullPointer"],"picked":"bronze:Repair","floor":10.0},{"not_picked":["bronze:Shield","bronze:Frontload","bronze:BurnOut"],"picked":"SKIP","floor":12.0},{"not_picked":["bronze:Frontload","bronze:FineTuning","bronze:ItsAFeature"],"picked":"SKIP","floor":15.0},{"not_picked":["bronze:SpaghettiCode","bronze:Virus"],"picked":"bronze:AlphaBuild","floor":16.0},{"not_picked":["bronze:Branch","bronze:OilSpill"],"picked":"bronze:Optimize+1","floor":19.0},{"not_picked":["bronze:Repair","bronze:OilSpill"],"picked":"bronze:DelayedSlice","floor":20.0},{"not_picked":["bronze:BuggyMess+1","bronze:CutThrough"],"picked":"bronze:WhirlingStrike","floor":21.0},{"not_picked":["bronze:WhirlingStrike","bronze:BugBarrage","bronze:FineTuning"],"picked":"SKIP","floor":23.0},{"not_picked":["bronze:Frontload","bronze:Branch"],"picked":"bronze:Iterate","floor":29.0},{"not_picked":["bronze:Allocate","bronze:DarkDash"],"picked":"bronze:BitShift","floor":30.0},{"not_picked":["bronze:Overload","bronze:Shield"],"picked":"bronze:Verify","floor":31},{"not_picked":["bronze:BitShift","bronze:Deprecate"],"picked":"bronze:Branch+1","floor":32}],"player_experience":647474,"relics_obtained":[{"floor":8.0,"key":"MealTicket"},{"floor":10.0,"key":"Orichalcum"},{"floor":23.0,"key":"Mummified Hand"},{"floor":24.0,"key":"Toy Ornithopter"},{"floor":31,"key":"HollowMod:LifeEnderRelic"}],"event_choices":[{"damage_healed":0.0,"max_hp_gain":0.0,"max_hp_loss":0.0,"gold_gain":0.0,"event_name":"The Library","player_choice":"Read","floor":28.0,"gold_loss":0.0,"damage_taken":0.0,"cards_obtained":["bronze:DelayedGuard"]}],"is_beta":false,"boss_relics":[{"not_picked":["Cursed Key","SacredBark"],"picked":"Philosopher\u0027s Stone"}],"items_purged_floors":[],"is_endless":false,"potions_floor_spawned":[8,12,16,19,21,32],"killed_by":"WA_ARCHETYPE_CALM","ascension_level":0}}