{"host":"a3oe3gstxz77c7qu","time":1612186652,"event":{"mods":["2.2 Compatiblity","Act Like it!","Astrologer","BaseMod","Bestiary","Better Altar","Better Match","Better Note","Better Skull","Better Third Choice","Block Reminder","Curses Come First","Custom Start","Dark Map","Downfall","Friendly Minions","GifTheSpireLib","Hallownest","Hermit","Jorbs\u0027s Wanderer Trilogy","Lobotomy","LobotomyExtend","Marisa????????","Minty Spire (QoL Compilation)","Morshu Shopkeeper - ENHANCED","Permanent Neow","Quick Restart","Relic Filter Mod","Relic Stats","Reliquary","Replay The Spire","Smile Girya","Spire Arcade","StSLib","The Bug Knight","The Cursed","The Disciple","The Jungle","Uncapped","Unknown Chances","Wandering Minibosses","Wide Potions"],"gold_per_floor":[112,130,62,156,213,213,282,308,380,380,484,484,484],"floor_reached":12,"language":"ENG","playtime":532,"items_purged":[],"score":173,"play_id":"367c7111-b53a-49dc-833f-c83be1a3b963","local_time":"20210201133732","is_ascension_mode":true,"campfire_choices":[{"data":"Robbery","floor":6,"key":"SMITH"},{"data":"WitchOfGreed","floor":10,"key":"SMITH"}],"circlet_count":0,"master_deck":["Strike_MRS","Strike_MRS","Strike_MRS","Strike_MRS","Defend_MRS","Defend_MRS","Defend_MRS","Defend_MRS","MasterSpark","UpSweep","6A","MeatLantern","EnergyFlow","Robbery+1","MilkyWay","MilkyWay","WitchOfGreed+1"],"relics":["MiniHakkero","CogitoBucket","RabbitCall","LetterFromLob","reliquary:TatteredRug","reliquary:JackalopeAntler","PreservedInsect","Garlic"],"acts_visited":["Exordium"],"potions_floor_usage":[11],"damage_taken":[{"damage":1,"enemies":"Cultist","floor":1,"turns":4},{"damage":0,"enemies":"Small Slimes","floor":2,"turns":3},{"damage":1,"enemies":"Jaw Worm","floor":5,"turns":5},{"damage":0,"enemies":"HollowMod:MossKnight","floor":8,"turns":11},{"damage":0,"enemies":"Exordium Wildlife","floor":11,"turns":7},{"damage":44,"enemies":"3 Sentries","floor":12,"turns":6}],"seed_played":"4022082433209089126","potions_obtained":[{"floor":8,"key":"ColorlessPotion"},{"floor":11,"key":"Dexterity Potion"}],"is_trial":false,"path_per_floor":["M","M","$","?","M","R","T","E","T","R","M","E"],"character_chosen":"MARISA","items_purchased":["Robbery"],"campfire_rested":0,"item_purchase_floors":[3],"current_hp_per_floor":[67,67,67,37,36,36,36,36,36,36,36,0,0],"gold":484,"neow_bonus":"","is_daily":false,"chose_seed":false,"campfire_upgraded":2,"win_rate":0.0,"timestamp":1612186652,"path_taken":["M","?","$","?","M","R","?","E","T","R","M","E"],"items_purchased_type":["Card"],"build_version":"2020-12-22","purchased_purges":0,"victory":false,"max_hp_per_floor":[75,75,75,75,75,75,75,75,75,75,75,75,75],"relic_stats":{"counters":[6,36],"PreservedInsect":31,"obtain_stats":[{"reliquary:JackalopeAntler":7,"RabbitCall":0,"CogitoBucket":0,"reliquary:TatteredRug":4,"PreservedInsect":8,"LetterFromLob":1,"Garlic":9,"MiniHakkero":0},{"reliquary:JackalopeAntler":3,"RabbitCall":0,"CogitoBucket":0,"reliquary:TatteredRug":2,"PreservedInsect":4,"LetterFromLob":1,"Garlic":4,"MiniHakkero":0},{"reliquary:JackalopeAntler":12,"RabbitCall":0,"CogitoBucket":0,"reliquary:TatteredRug":7,"PreservedInsect":23,"LetterFromLob":4,"Garlic":23,"MiniHakkero":0}]},"card_choices":[{"not_picked":["UnstableBomb","DarkMatter"],"picked":"6A","floor":1},{"not_picked":["Scorched","UniverseFragment","FairyFestival"],"picked":"Singing Bowl","floor":1},{"not_picked":["OldLady","VoidDream"],"picked":"MeatLantern","floor":1},{"not_picked":["LuminesStrike","Acceleration"],"picked":"EnergyFlow","floor":2},{"not_picked":["OSAHOGD","BeautyBeast","VoidDream"],"picked":"Singing Bowl","floor":2},{"not_picked":["UnstableBomb","6A"],"picked":"MilkyWay","floor":4},{"not_picked":["WitchLeyline","UnstableBomb"],"picked":"MilkyWay","floor":5},{"not_picked":["BeautyBeast","NakedNest","SpiderBud"],"picked":"Singing Bowl","floor":5},{"not_picked":["Singularity","Acceleration"],"picked":"WitchOfGreed","floor":8},{"not_picked":["OldLady","UniverseFragment","ShyLook"],"picked":"Singing Bowl","floor":8},{"not_picked":["CherryBlossoms","LaLuna","PunishingBird"],"picked":"Singing Bowl","floor":11},{"not_picked":["Acceleration","MysteriousBeam","PowerUp"],"picked":"SKIP","floor":11}],"player_experience":1131607,"relics_obtained":[{"floor":1,"key":"LetterFromLob"},{"floor":4,"key":"reliquary:TatteredRug"},{"floor":7,"key":"reliquary:JackalopeAntler"},{"floor":8,"key":"PreservedInsect"},{"floor":9,"key":"Garlic"}],"event_choices":[],"is_beta":false,"boss_relics":[],"items_purged_floors":[],"is_endless":false,"potions_floor_spawned":[8],"killed_by":"3 Sentries","ascension_level":7}}