{"host":"gl5rgsfncjl28cj1","time":1612146706,"event":{"mods":["BaseMod","Colored Map","Highlight Path","Minty Spire (QoL Compilation)","Permanent Neow","StSLib"],"gold_per_floor":[20,20,39,39,52,52,52,52,104,104,122,136,171,9,9,9,9],"floor_reached":16,"language":"KOR","playtime":501,"items_purged":["Strike_G"],"score":200,"play_id":"5f7ac5ef-ffb0-4b11-aa86-a5185ccf116c","local_time":"20210201113146","is_ascension_mode":true,"campfire_choices":[{"data":"Dagger Spray","floor":6,"key":"SMITH"},{"data":"Neutralize","floor":10,"key":"SMITH"},{"floor":15,"key":"REST"}],"circlet_count":0,"master_deck":["AscendersBane","Strike_G","Strike_G","Strike_G","Strike_G","Defend_G","Defend_G","Defend_G","Defend_G","Defend_G","Survivor","Neutralize+1","Dagger Spray+1","Prepared+1","Tactician+1","Backflip+1","Dagger Throw","Bullet Time+1","Tactician+1","Prepared+1"],"relics":["Ring of the Snake","Tough Bandages","Toxic Egg 2","Potion Belt","Gremlin Horn"],"acts_visited":["Exordium"],"potions_floor_usage":[11,12,13,16],"damage_taken":[{"damage":11,"enemies":"Cultist","floor":1,"turns":5},{"damage":0,"enemies":"2 Louse","floor":3,"turns":3},{"damage":1,"enemies":"Jaw Worm","floor":5,"turns":4},{"damage":3,"enemies":"Exordium Thugs","floor":11,"turns":5},{"damage":4,"enemies":"Large Slime","floor":12,"turns":10},{"damage":24,"enemies":"Gremlin Nob","floor":13,"turns":4},{"damage":45,"enemies":"Hexaghost","floor":16,"turns":14}],"seed_played":"211804131279391561","potions_obtained":[{"floor":3,"key":"GhostInAJar"},{"floor":5,"key":"Swift Potion"},{"floor":12,"key":"DuplicationPotion"},{"floor":13,"key":"LiquidBronze"}],"is_trial":false,"path_per_floor":["M","T","M","$","M","R","?","?","T","R","M","M","E","$","R","B"],"character_chosen":"THE_SILENT","items_purchased":["Tactician+1","Prepared+1"],"campfire_rested":1,"item_purchase_floors":[14,14],"current_hp_per_floor":[48,48,48,48,47,47,47,52,52,52,49,45,21,21,42,0,0],"gold":9,"neow_bonus":"ONE_RARE_RELIC","is_daily":false,"chose_seed":false,"campfire_upgraded":2,"win_rate":0.0,"timestamp":1612146706,"path_taken":["M","?","M","?","M","R","?","?","T","R","?","M","E","$","R","BOSS"],"items_purchased_type":["Card","Card"],"build_version":"2020-12-22","purchased_purges":1,"victory":false,"max_hp_per_floor":[66,66,66,66,66,66,66,71,71,71,71,71,71,71,71,71,71],"card_choices":[{"not_picked":["Prepared","Underhanded Strike"],"picked":"Dagger Spray","floor":1},{"not_picked":["Blade Dance+1","Slice"],"picked":"Prepared+1","floor":3},{"not_picked":["Heel Hook","Outmaneuver+1"],"picked":"Tactician+1","floor":5},{"not_picked":["Dagger Throw","Bullet Time+1"],"picked":"Backflip+1","floor":11},{"not_picked":["Quick Slash","Dagger Spray"],"picked":"Dagger Throw","floor":12},{"not_picked":["Catalyst+1","Endless Agony"],"picked":"Bullet Time+1","floor":13}],"player_experience":1005982,"relics_obtained":[{"floor":2,"key":"Toxic Egg 2"},{"floor":9,"key":"Potion Belt"},{"floor":13,"key":"Gremlin Horn"}],"event_choices":[{"damage_healed":0,"gold_gain":0,"player_choice":"Ignored","damage_taken":0,"max_hp_gain":0,"max_hp_loss":0,"event_name":"Golden Idol","floor":7,"gold_loss":0},{"damage_healed":0,"gold_gain":0,"player_choice":"Donut","damage_taken":0,"max_hp_gain":5,"max_hp_loss":0,"event_name":"Big Fish","floor":8,"gold_loss":0}],"is_beta":false,"boss_relics":[],"items_purged_floors":[14],"is_endless":false,"potions_floor_spawned":[3,5,12,13],"killed_by":"Hexaghost","ascension_level":20}}