{"host":"i9wanet4r0ff4t9y","time":1612185467,"event":{"mods":["2.2 Compatiblity","Act Like it!","BaseMod","Bestiary","Better Altar","Better Match","Better Note","Better Sensory Stone","Better Skull","Better Third Choice","Better Vampires","BetterRewards","CapriCore","Colored Map","Curses Come First","Downfall","Minty Spire (QoL Compilation)","Quick Restart","READ ME - Guardian Mod","READ ME - Snecko Mod","Relic Stats","Reliquary","Say the Spire","Spicy Shops","StSLib","The Disciple","The Gatherer","Waifu the Spire"],"gold_per_floor":[119,130,95,111,211,211,228,255,255,255,274,61,61,80,80,154,154,171,171,46,0,40,65,65,65,65,65,65,65],"floor_reached":28,"language":"POL","playtime":956,"items_purged":[],"score":616,"play_id":"e2aae94f-7e1d-4045-bb16-54e39b3e7fec","local_time":"20210201141747","is_ascension_mode":true,"campfire_choices":[{"data":"Rupture","floor":6.0,"key":"SMITH"},{"data":"Berserk","floor":10.0,"key":"SMITH"},{"floor":15.0,"key":"REST"},{"data":"Limit Break","floor":27,"key":"SMITH"}],"circlet_count":0,"master_deck":["AscendersBane","Strike_R","Strike_R","Strike_R","Strike_R","Strike_R+1","Defend_R","Defend_R","Defend_R","Defend_R","Bash","Rupture+1","Shame","Clothesline","Fiend Fire","Rampage","downfall:Haunted","downfall:Haunted","downfall:Haunted","Berserk+1","Doubt","Shame","Disarm","Power Through","Power Through","Rupture+1","Shrug It Off","Flame Barrier","Reaper","Sword Boomerang","Slimebound:CheckThePlaybook","downfall:Icky","Chrysalis+1","Transmutation+1","Magnetism+1","Twin Strike","Twin Strike+1","Limit Break+1","Writhe","Injury"],"relics":["Burning Blood","Lizard Tail","Mango","Incense Burner","Orichalcum","reliquary:IridiumChain","Darkstone Periapt","Odd Mushroom","Frozen Egg 2","HornCleat","Cursed Key","Whetstone","reliquary:Aerogel","reliquary:JackalopeAntler"],"acts_visited":["Exordium","TheCity"],"potions_floor_usage":[],"damage_taken":[{"damage":13.0,"enemies":"Jaw Worm","floor":1.0,"turns":4.0},{"damage":4.0,"enemies":"Small Slimes","floor":2.0,"turns":4.0},{"damage":2.0,"enemies":"Cultist","floor":4.0,"turns":4.0},{"damage":6.0,"enemies":"3 Louse","floor":7.0,"turns":4.0},{"damage":0.0,"enemies":"The Mushroom Lair","floor":8.0,"turns":4.0},{"damage":23.0,"enemies":"Exordium Thugs","floor":11.0,"turns":6.0},{"damage":30.0,"enemies":"Large Slime","floor":14.0,"turns":11.0},{"damage":76.0,"enemies":"Hexaghost","floor":16.0,"turns":14.0},{"damage":3.0,"enemies":"3 Byrds","floor":18.0,"turns":9.0},{"damage":13.0,"enemies":"2 Thieves","floor":21.0,"turns":4.0},{"damage":14.0,"enemies":"Centurion and Healer","floor":22.0,"turns":4.0},{"damage":127.0,"enemies":"Gremlin Leader","floor":23.0,"turns":6.0},{"damage":77,"enemies":"Slavers","floor":28,"turns":5}],"seed_played":"-1109620693035950200","potions_obtained":[{"floor":2.0,"key":"Ancient Potion"}],"is_trial":false,"path_per_floor":["M","M","?","M","?","R","M","?","T","R","M","$","T","M","R","B",null,"M","?","?","M","M","E","?","?","T","R","E"],"character_chosen":"IRONCLAD","items_purchased":["Lizard Tail","Mango","Rupture","Orichalcum","Rupture+1","Shrug It Off"],"campfire_rested":1,"item_purchase_floors":[0,0,0,0,12,12],"current_hp_per_floor":[40,42,64,68,103,103,103,109,109,109,92,92,92,68,105,35,102,110,116,116,109,101,56,56,62,68,68,0,0],"gold":65,"neow_bonus":"","is_daily":false,"chose_seed":false,"campfire_upgraded":3,"win_rate":0.0,"timestamp":1612185467,"path_taken":["M","M","?","M","?","R","M","?","T","R","M","$","?","M","R","BOSS","M","?","?","M","M","E","?","?","T","R","E"],"items_purchased_type":["Relic","Relic","Card","Relic","Card","Card"],"build_version":"2020-12-22","purchased_purges":0,"victory":false,"max_hp_per_floor":[89,89,89,89,124,124,124,124,124,124,124,124,124,124,124,124,124,124,130,130,130,130,130,130,136,142,142,142,142],"relic_stats":{"Darkstone Periapt":48,"Lizard Tail":65,"counters":[98,449],"Whetstone":["Strike_R","Twin Strike"],"Orichalcum":[192],"Cursed Key":1,"obtain_stats":[{"reliquary:PartyBalloon":14,"Vajra":15,"Whetstone":0,"Sling":0,"Boot":17,"Old Coin":23,"Blood Vial":38,"Sozu":17,"Centennial Puzzle":24,"Lizard Tail":0,"HornCleat":13,"HandDrill":0,"Pear":0,"Blue Candle":0,"Oddly Smooth Stone":0,"Charon\u0027s Ashes":0,"Letter Opener":24,"War Paint":0,"WarpedTongs":30,"reliquary:Bookmark":0,"reliquary:JackalopeAntler":26,"Shuriken":9,"Molten Egg 2":31,"reliquary:BallBearing":12,"Mark of Pain":17,"reliquary:SculptingSteel":26,"Black Star":34,"reliquary:MedicineBall":0,"reliquary:Knoch":0,"Unceasing Top":22,"Pocketwatch":27,"Darkstone Periapt":10,"Lantern":0,"Regal Pillow":3,"reliquary:SilkGlove":9,"Singing Bowl":43,"reliquary:PrincelyHelmet":7,"reliquary:Aerogel":25,"reliquary:Firecrackers":31,"Magic Flower":0,"Enchiridion":25,"Mango":0,"Incense Burner":19,"Bag of Preparation":7,"hubris:EmptyBottle":0,"Cursed Key":17,"Smiling Mask":9,"Burning Blood":0,"ClockworkSouvenir":0,"Dream Catcher":9,"hubris:Icosahedron":2,"Shovel":7,"Gambling Chip":17,"Toolbox":0,"Tiny Chest":0,"reliquary:Buckler":0,"hubris:IronBody":26,"WingedGreaves":26,"Red Mask":39,"downfall:ExtraCursedBell":7,"hexamod:CandleOfCauterizing":9,"Lee\u0027s Waffle":11,"Golden Idol":2,"Omamori":11,"hubris:Towel":47,"reliquary:RosewoodLute":0,"Orichalcum":0,"Odd Mushroom":8,"Frozen Egg 2":9,"White Beast Statue":17,"reliquary:IridiumChain":0,"Mercury Hourglass":32,"Calling Bell":17,"reliquary:ExpiredCoupon":0,"Ornamental Fan":0,"betterThird:SlimedRelic":4,"Bloody Idol":24,"Orrery":0,"reliquary:Stiletto":11,"reliquary:TuningFork":0,"Champion Belt":0,"hubris:Potato":6,"Toy Ornithopter":10},{"reliquary:PartyBalloon":45,"Vajra":64,"Whetstone":0,"Sling":3,"Boot":46,"Old Coin":38,"Blood Vial":21,"Sozu":35,"Centennial Puzzle":69,"Lizard Tail":85,"HornCleat":91,"HandDrill":39,"Pear":26,"Blue Candle":59,"Oddly Smooth Stone":39,"Charon\u0027s Ashes":26,"Letter Opener":17,"War Paint":0,"WarpedTongs":18,"reliquary:Bookmark":26,"reliquary:JackalopeAntler":97,"Shuriken":57,"Molten Egg 2":19,"reliquary:BallBearing":62,"Mark of Pain":65,"reliquary:SculptingSteel":69,"Black Star":20,"reliquary:MedicineBall":39,"reliquary:Knoch":80,"Unceasing Top":68,"Pocketwatch":69,"Darkstone Periapt":31,"Lantern":0,"Regal Pillow":1,"reliquary:SilkGlove":42,"Singing Bowl":23,"reliquary:PrincelyHelmet":61,"reliquary:Aerogel":97,"reliquary:Firecrackers":72,"Magic Flower":3,"Enchiridion":49,"Mango":85,"Incense Burner":14,"Bag of Preparation":61,"hubris:EmptyBottle":0,"Cursed Key":13,"Smiling Mask":30,"Burning Blood":0,"ClockworkSouvenir":3,"Dream Catcher":61,"hubris:Icosahedron":1,"Shovel":61,"Gambling Chip":46,"Toolbox":80,"Tiny Chest":50,"reliquary:Buckler":59,"hubris:IronBody":17,"WingedGreaves":49,"Red Mask":21,"downfall:ExtraCursedBell":61,"hexamod:CandleOfCauterizing":10,"Lee\u0027s Waffle":61,"Golden Idol":27,"Omamori":11,"hubris:Towel":24,"reliquary:RosewoodLute":39,"Orichalcum":85,"Odd Mushroom":90,"Frozen Egg 2":90,"White Beast Statue":46,"reliquary:IridiumChain":85,"Mercury Hourglass":72,"Calling Bell":46,"reliquary:ExpiredCoupon":53,"Ornamental Fan":80,"betterThird:SlimedRelic":28,"Bloody Idol":49,"Orrery":0,"reliquary:Stiletto":43,"reliquary:TuningFork":53,"Champion Belt":53,"hubris:Potato":9,"Toy Ornithopter":11},{"reliquary:PartyBalloon":207,"Vajra":288,"Whetstone":0,"Sling":10,"Boot":217,"Old Coin":178,"Blood Vial":105,"Sozu":166,"Centennial Puzzle":310,"Lizard Tail":370,"HornCleat":396,"HandDrill":184,"Pear":133,"Blue Candle":267,"Oddly Smooth Stone":184,"Charon\u0027s Ashes":133,"Letter Opener":82,"War Paint":0,"WarpedTongs":88,"reliquary:Bookmark":133,"reliquary:JackalopeAntler":444,"Shuriken":258,"Molten Egg 2":92,"reliquary:BallBearing":278,"Mark of Pain":295,"reliquary:SculptingSteel":310,"Black Star":100,"reliquary:MedicineBall":184,"reliquary:Knoch":354,"Unceasing Top":307,"Pocketwatch":310,"Darkstone Periapt":146,"Lantern":0,"Regal Pillow":4,"reliquary:SilkGlove":192,"Singing Bowl":113,"reliquary:PrincelyHelmet":273,"reliquary:Aerogel":444,"reliquary:Firecrackers":319,"Magic Flower":10,"Enchiridion":231,"Mango":370,"Incense Burner":66,"Bag of Preparation":273,"hubris:EmptyBottle":0,"Cursed Key":60,"Smiling Mask":144,"Burning Blood":0,"ClockworkSouvenir":10,"Dream Catcher":273,"hubris:Icosahedron":4,"Shovel":273,"Gambling Chip":217,"Toolbox":354,"Tiny Chest":235,"reliquary:Buckler":267,"hubris:IronBody":82,"WingedGreaves":231,"Red Mask":105,"downfall:ExtraCursedBell":273,"hexamod:CandleOfCauterizing":42,"Lee\u0027s Waffle":273,"Golden Idol":135,"Omamori":47,"hubris:Towel":117,"reliquary:RosewoodLute":184,"Orichalcum":370,"Odd Mushroom":390,"Frozen Egg 2":390,"White Beast Statue":217,"reliquary:IridiumChain":370,"Mercury Hourglass":319,"Calling Bell":217,"reliquary:ExpiredCoupon":243,"Ornamental Fan":354,"betterThird:SlimedRelic":138,"Bloody Idol":231,"Orrery":0,"reliquary:Stiletto":196,"reliquary:TuningFork":243,"Champion Belt":243,"hubris:Potato":36,"Toy Ornithopter":47}],"Burning Blood":586},"card_choices":[{"not_picked":["Pommel Strike","Warcry"],"picked":"Clothesline","floor":1.0},{"not_picked":["Reckless Charge","Battle Trance"],"picked":"Fiend Fire","floor":2.0},{"not_picked":["Warcry","Twin Strike"],"picked":"Rampage","floor":4.0},{"not_picked":["Clothesline","Thunderclap"],"picked":"Disarm","floor":7.0},{"not_picked":["Bloodletting","Evolve"],"picked":"Power Through","floor":8.0},{"not_picked":["Havoc","Warcry"],"picked":"Power Through","floor":11.0},{"not_picked":["Shockwave","Shrug It Off"],"picked":"Flame Barrier","floor":14.0},{"not_picked":["Juggernaut+1","Double Tap"],"picked":"Reaper","floor":16.0},{"not_picked":["Twin Strike","Entrench"],"picked":"Sword Boomerang","floor":18.0},{"not_picked":["Secret Weapon+1","Violence+1"],"picked":"Chrysalis+1","floor":20.0},{"not_picked":["Thinking Ahead+1","Secret Technique+1"],"picked":"Transmutation+1","floor":20.0},{"not_picked":["Master of Strategy+1","Violence+1"],"picked":"Magnetism+1","floor":20.0},{"not_picked":["Flex","Iron Wave"],"picked":"Twin Strike","floor":21.0},{"not_picked":["Headbutt","Clash"],"picked":"Twin Strike","floor":22.0},{"not_picked":["True Grit","Havoc+1"],"picked":"Limit Break","floor":23.0}],"player_experience":465374,"relics_obtained":[{"floor":8.0,"key":"Odd Mushroom"},{"floor":9.0,"key":"Frozen Egg 2"},{"floor":13.0,"key":"HornCleat"},{"floor":23.0,"key":"Whetstone"},{"floor":26,"key":"reliquary:JackalopeAntler"}],"event_choices":[{"damage_healed":22.0,"max_hp_gain":0.0,"max_hp_loss":0.0,"gold_gain":0.0,"event_name":"The Cleric","player_choice":"Healed","floor":3.0,"gold_loss":35.0,"damage_taken":0.0},{"damage_healed":0.0,"max_hp_gain":0.0,"max_hp_loss":0.0,"gold_gain":0.0,"event_name":"Mushrooms","player_choice":"Fought Mushrooms","floor":8.0,"gold_loss":0.0,"damage_taken":0.0},{"damage_healed":0.0,"max_hp_gain":0.0,"max_hp_loss":0.0,"gold_gain":0.0,"event_name":"betterMatch:BetterMatch","player_choice":"3","floor":20.0,"gold_loss":0.0,"damage_taken":0.0,"cards_obtained":["betterMatch:ColorlessRareCard"]},{"damage_healed":0.0,"max_hp_gain":0.0,"max_hp_loss":0.0,"gold_gain":0.0,"event_name":"Ghosts","player_choice":"Ignored","floor":24.0,"gold_loss":0.0,"damage_taken":0.0},{"damage_healed":0,"gold_gain":0,"player_choice":"Opened","damage_taken":0,"relics_obtained":["reliquary:Aerogel"],"max_hp_gain":0,"max_hp_loss":0,"event_name":"The Mausoleum","floor":25,"gold_loss":0,"cards_obtained":["Writhe"]}],"is_beta":false,"boss_relics":[{"not_picked":["reliquary:KinkedSpring","Tiny House"],"picked":"Cursed Key"}],"items_purged_floors":[],"is_endless":false,"potions_floor_spawned":[2,7,14,16,18,22,23],"killed_by":"Slavers","ascension_level":19}}