{"host":"lfvf97io7xuhaz8c","time":1612174674,"event":{"mods":["2.2 Compatiblity","BaseMod","Bestiary","Colored Map","Colored Powertips","Curses Come First","Highlight Path","Minty Spire (QoL Compilation)","Relic Stats","StSLib","SuperFastMode"],"gold_per_floor":[163,180,180,199,199,199,199,5,5,38,38,38,78,94,94,94,94],"floor_reached":16,"language":"FRA","playtime":930,"items_purged":["Strike_R"],"score":149,"play_id":"c4483958-a06c-48bb-b2f5-3ef2188275cf","local_time":"20210201111754","is_ascension_mode":true,"campfire_choices":[{"data":"Second Wind","floor":6,"key":"SMITH"},{"floor":12,"key":"REST"},{"floor":15,"key":"REST"}],"circlet_count":0,"master_deck":["Strike_R","Strike_R","Strike_R","Strike_R","Defend_R","Defend_R+1","Defend_R","Defend_R","Bash","Anger","Second Wind+1","Reckless Charge","Brutality","Power Through","Injury","Rupture","Iron Wave","Feel No Pain","Havoc","Disarm"],"relics":["Tiny House","Golden Idol","Molten Egg 2","Bottled Flame","StrikeDummy"],"acts_visited":["Exordium"],"potions_floor_usage":[4,7],"damage_taken":[{"damage":0,"enemies":"Cultist","floor":1,"turns":3},{"damage":12,"enemies":"Small Slimes","floor":2,"turns":4},{"damage":0,"enemies":"Jaw Worm","floor":4,"turns":2},{"damage":3,"enemies":"Blue Slaver","floor":7,"turns":3},{"damage":39,"enemies":"Gremlin Nob","floor":10,"turns":5},{"damage":19,"enemies":"Lagavulin","floor":13,"turns":7},{"damage":3,"enemies":"Exordium Wildlife","floor":14,"turns":5},{"damage":52,"enemies":"Slime Boss","floor":16,"turns":10}],"seed_played":"-371694984377137829","potions_obtained":[{"floor":0,"key":"SmokeBomb"},{"floor":2,"key":"SneckoOil"}],"is_trial":false,"path_per_floor":["M","M","?","M","?","R","M","$","T","E","$","R","E","M","R","B"],"character_chosen":"IRONCLAD","items_purchased":["Rupture","Iron Wave"],"campfire_rested":2,"item_purchase_floors":[8,8],"current_hp_per_floor":[77,65,65,65,65,65,62,62,62,23,23,48,29,26,51,0,0],"gold":94,"neow_bonus":"BOSS_RELIC","is_daily":false,"chose_seed":false,"campfire_upgraded":1,"win_rate":0.0,"timestamp":1612174674,"path_taken":["M","?","?","?","?","R","M","$","T","E","$","R","E","M","R","BOSS"],"items_purchased_type":["Card","Card"],"build_version":"2020-12-22","purchased_purges":1,"victory":false,"max_hp_per_floor":[85,85,85,85,85,85,85,85,85,85,85,85,85,85,85,85,85],"relic_stats":{"counters":[8,39],"Golden Idol":21,"obtain_stats":[{"Bottled Flame":10,"Tiny House":0,"Golden Idol":5,"Molten Egg 2":9,"StrikeDummy":13,"Burning Blood":0},{"Bottled Flame":5,"Tiny House":0,"Golden Idol":3,"Molten Egg 2":4,"StrikeDummy":6,"Burning Blood":0},{"Bottled Flame":17,"Tiny House":0,"Golden Idol":9,"Molten Egg 2":12,"StrikeDummy":24,"Burning Blood":0}]},"card_choices":[{"not_picked":["Warcry","Sword Boomerang"],"picked":"Anger","floor":0},{"not_picked":["Dropkick","Headbutt"],"picked":"Second Wind","floor":1},{"not_picked":["Dropkick","Warcry"],"picked":"Reckless Charge","floor":2},{"not_picked":["Burning Pact","Reckless Charge"],"picked":"Power Through","floor":4},{"not_picked":["Clothesline+1","Whirlwind+1"],"picked":"Feel No Pain","floor":10},{"not_picked":["True Grit","Infernal Blade"],"picked":"Havoc","floor":13},{"not_picked":["Cleave+1","Heavy Blade+1"],"picked":"Disarm","floor":14}],"player_experience":1492986,"relics_obtained":[{"floor":9,"key":"Molten Egg 2"},{"floor":10,"key":"Bottled Flame"},{"floor":13,"key":"StrikeDummy"}],"event_choices":[{"damage_healed":0,"gold_gain":0,"player_choice":"1 cards matched","damage_taken":0,"max_hp_gain":0,"max_hp_loss":0,"event_name":"Match and Keep!","floor":3,"gold_loss":0,"cards_obtained":["Brutality"]},{"damage_healed":0,"gold_gain":0,"player_choice":"Take Wound","damage_taken":0,"relics_obtained":["Golden Idol"],"max_hp_gain":0,"max_hp_loss":0,"event_name":"Golden Idol","floor":5,"gold_loss":0,"cards_obtained":["Injury"]}],"is_beta":false,"boss_relics":[],"items_purged_floors":[8],"is_endless":false,"potions_floor_spawned":[2,7],"killed_by":"Slime Boss","ascension_level":7}}