{"host":"ccw6t0i2dpm5wyxf","time":1612206745,"event":{"mods":["AchievementEnabler","BaseMod","Colored Map","Minty Spire (QoL Compilation)","Permanent Neow","StSLib","SuperFastMode"],"gold_per_floor":[110,123,123,10,27,27,27,60,129,160,160,175,201,212,212,316,316,334,112,128,128,160,194,214,229,229,258,208,208,225,258,258,258,258],"floor_reached":33,"language":"ENG","playtime":1684,"items_purged":["Strike_R"],"score":563,"play_id":"df28df93-b379-4578-b313-609c099e8eaf","local_time":"20210201131225","is_ascension_mode":true,"campfire_choices":[{"data":"Seeing Red","floor":6,"key":"SMITH"},{"floor":11,"key":"REST"},{"data":"Armaments","floor":15,"key":"SMITH"},{"data":"Fiend Fire","floor":29,"key":"SMITH"},{"data":"Dark Embrace","floor":32,"key":"SMITH"}],"circlet_count":0,"master_deck":["AscendersBane","Strike_R","Strike_R","Strike_R","Strike_R","Defend_R","Defend_R","Defend_R","Defend_R","Bash","Sentinel","Pummel","Metallicize+1","Sever Soul","Seeing Red+1","Sentinel","Impervious","Disarm","Armaments+1","Fiend Fire+1","Carnage+1","Dark Embrace+1","True Grit","Havoc","Second Wind","Burning Pact","Feel No Pain+1","Sentinel","Pummel"],"relics":["Burning Blood","Charon\u0027s Ashes","Strawberry","Paper Frog","Blood Vial","Pantograph","Snecko Eye","Red Mask","Eternal Feather","HornCleat","White Beast Statue","Bottled Tornado"],"acts_visited":["Exordium","TheCity"],"potions_floor_usage":[2,10,13,18,22,33,33,33],"damage_taken":[{"damage":2,"enemies":"2 Louse","floor":1,"turns":4},{"damage":14,"enemies":"Cultist","floor":2,"turns":5},{"damage":14,"enemies":"Small Slimes","floor":5,"turns":3},{"damage":22,"enemies":"3 Sentries","floor":8,"turns":6},{"damage":28,"enemies":"Gremlin Nob","floor":10,"turns":4},{"damage":6,"enemies":"Looter","floor":12,"turns":3},{"damage":25,"enemies":"Lagavulin","floor":13,"turns":7},{"damage":15,"enemies":"3 Louse","floor":14,"turns":3},{"damage":28,"enemies":"Slime Boss","floor":16,"turns":14},{"damage":0,"enemies":"Spheric Guardian","floor":18,"turns":2},{"damage":8,"enemies":"2 Thieves","floor":20,"turns":3},{"damage":15,"enemies":"Masked Bandits","floor":22,"turns":3},{"damage":35,"enemies":"Gremlin Leader","floor":23,"turns":4},{"damage":0,"enemies":"Snecko","floor":24,"turns":2},{"damage":0,"enemies":"Chosen and Byrds","floor":25,"turns":3},{"damage":0,"enemies":"Book of Stabbing","floor":27,"turns":4},{"damage":0,"enemies":"Shelled Parasite and Fungi","floor":30,"turns":5},{"damage":0,"enemies":"Gremlin Leader","floor":31,"turns":4},{"damage":106,"enemies":"Champ","floor":33,"turns":9}],"seed_played":"7458951722381796143","potions_obtained":[{"floor":1,"key":"BlessingOfTheForge"},{"floor":2,"key":"Fruit Juice"},{"floor":10,"key":"HeartOfIron"},{"floor":16,"key":"Strength Potion"},{"floor":18,"key":"Fruit Juice"},{"floor":20,"key":"ElixirPotion"},{"floor":24,"key":"Dexterity Potion"},{"floor":25,"key":"FearPotion"}],"is_trial":false,"path_per_floor":["M","M","?","$","M","R","?","E","T","E","R","M","E","M","R","B",null,"M","$","M","?","?","E","M","M","T","E","?","R","M","E","R","B"],"character_chosen":"IRONCLAD","items_purchased":["Metallicize","Sever Soul","Dark Embrace","True Grit","Havoc"],"campfire_rested":1,"item_purchase_floors":[4,4,19,19,19],"current_hp_per_floor":[76,73,73,73,65,65,65,56,56,34,60,62,45,38,38,43,78,91,91,91,91,84,57,65,73,73,81,81,94,94,94,94,0,0],"gold":258,"neow_bonus":"ONE_RARE_RELIC","is_daily":false,"chose_seed":false,"campfire_upgraded":4,"win_rate":0.0,"timestamp":1612206745,"path_taken":["M","M","?","$","?","R","?","E","T","E","R","M","E","M","R","BOSS","M","$","M","?","?","E","M","M","T","E","?","R","?","E","R","BOSS"],"items_purchased_type":["Card","Card","Card","Card","Card"],"build_version":"2020-12-22","purchased_purges":1,"victory":false,"max_hp_per_floor":[80,85,82,82,82,82,82,89,89,89,89,89,89,89,89,89,89,94,94,94,94,94,94,94,94,94,94,94,94,94,94,94,94,94],"card_choices":[{"not_picked":["Carnage","Metallicize"],"picked":"Sentinel","floor":1},{"not_picked":["Armaments","Combust"],"picked":"Pummel","floor":2},{"not_picked":["Sword Boomerang","Carnage"],"picked":"Seeing Red","floor":5},{"not_picked":["Headbutt","Heavy Blade"],"picked":"Sentinel","floor":8},{"not_picked":["Anger","Disarm"],"picked":"Impervious","floor":10},{"not_picked":["Rupture","Body Slam","Clash"],"picked":"SKIP","floor":12},{"not_picked":["Dual Wield","Intimidate"],"picked":"Disarm","floor":13},{"not_picked":["Body Slam","Thunderclap"],"picked":"Armaments","floor":14},{"not_picked":["Brutality","Bludgeon"],"picked":"Fiend Fire","floor":16},{"not_picked":["Flex","Rupture"],"picked":"Carnage+1","floor":18},{"not_picked":["Cleave","Flame Barrier"],"picked":"Second Wind","floor":20},{"not_picked":["Pommel Strike","Rampage"],"picked":"Burning Pact","floor":22},{"not_picked":["Flex+1","Clash"],"picked":"Feel No Pain+1","floor":23},{"not_picked":["Sever Soul","Havoc"],"picked":"Sentinel","floor":24},{"not_picked":["Twin Strike","Rage"],"picked":"Pummel","floor":25},{"not_picked":["Body Slam+1","Flame Barrier","Immolate"],"picked":"SKIP","floor":27},{"not_picked":["Anger+1","Evolve","Thunderclap"],"picked":"SKIP","floor":30},{"not_picked":["Feel No Pain+1","Carnage+1","Shrug It Off"],"picked":"SKIP","floor":31}],"player_experience":315316,"relics_obtained":[{"floor":8,"key":"Strawberry"},{"floor":9,"key":"Paper Frog"},{"floor":10,"key":"Blood Vial"},{"floor":13,"key":"Pantograph"},{"floor":22,"key":"Red Mask"},{"floor":23,"key":"Eternal Feather"},{"floor":26,"key":"HornCleat"},{"floor":27,"key":"White Beast Statue"},{"floor":31,"key":"Bottled Tornado"}],"event_choices":[{"cards_removed":["Parasite"],"damage_healed":0,"gold_gain":0,"player_choice":"Purged","damage_taken":0,"max_hp_gain":0,"max_hp_loss":0,"event_name":"Purifier","floor":3,"gold_loss":0},{"damage_healed":0,"gold_gain":0,"player_choice":"Grow","damage_taken":0,"max_hp_gain":0,"max_hp_loss":0,"event_name":"Living Wall","floor":7,"gold_loss":0,"cards_upgraded":["Metallicize"]},{"damage_healed":0,"gold_gain":0,"player_choice":"Ignored","damage_taken":0,"max_hp_gain":0,"max_hp_loss":0,"event_name":"Ghosts","floor":21,"gold_loss":0},{"damage_healed":0,"gold_gain":0,"player_choice":"Fought Bandits","damage_taken":0,"max_hp_gain":0,"max_hp_loss":0,"event_name":"Masked Bandits","floor":22,"gold_loss":0},{"damage_healed":0,"gold_gain":0,"player_choice":"Bet on Murderer","damage_taken":0,"max_hp_gain":0,"max_hp_loss":0,"event_name":"The Joust","floor":28,"gold_loss":50}],"is_beta":false,"boss_relics":[{"not_picked":["Velvet Choker","SlaversCollar"],"picked":"Snecko Eye"}],"items_purged_floors":[19],"is_endless":false,"potions_floor_spawned":[1,2,10,16,18,20,24,25,30,31],"killed_by":"Champ","ascension_level":10}}