{"host":"2se5dq1do2gp0x9k","time":1612142060,"event":{"mods":["AchievementEnabler","BaseMod","Block Reminder","Colored Map","Colored Powertips","Minty Spire (QoL Compilation)","Relic Stats","StSLib","SuperFastMode"],"gold_per_floor":[112,122,122,142,161,188,188,188,188],"floor_reached":8,"language":"ENG","playtime":236,"items_purged":[],"score":116,"play_id":"753149bd-478c-4c9e-a1cc-a6b76b0f3cd9","local_time":"20210131171420","is_ascension_mode":true,"campfire_choices":[{"data":"Neutralize","floor":7,"key":"SMITH"}],"circlet_count":0,"master_deck":["AscendersBane","Strike_G","Strike_G","Strike_G","Strike_G","Strike_G","Defend_G","Defend_G","Defend_G","Defend_G","Defend_G","Survivor","Neutralize+1","Cloak And Dagger","Dodge and Roll","Pain","Flying Knee","Dash","PiercingWail"],"relics":["Ring of the Snake","NeowsBlessing","WarpedTongs","Bottled Flame"],"acts_visited":["Exordium"],"potions_floor_usage":[8,8],"damage_taken":[{"damage":0,"enemies":"Cultist","floor":1,"turns":1},{"damage":0,"enemies":"Small Slimes","floor":2,"turns":1},{"damage":1,"enemies":"2 Louse","floor":4,"turns":1},{"damage":7,"enemies":"Exordium Wildlife","floor":5,"turns":3},{"damage":29,"enemies":"3 Sentries","floor":6,"turns":12},{"damage":22,"enemies":"Lagavulin","floor":8,"turns":7}],"seed_played":"-7391207838004739102","potions_obtained":[{"floor":1,"key":"Swift Potion"},{"floor":5,"key":"Swift Potion"}],"is_trial":false,"path_per_floor":["M","M","?","M","M","E","R","E"],"character_chosen":"THE_SILENT","items_purchased":[],"campfire_rested":0,"item_purchase_floors":[],"current_hp_per_floor":[59,59,59,58,51,22,22,0,0],"gold":188,"neow_bonus":"THREE_ENEMY_KILL","is_daily":false,"chose_seed":false,"campfire_upgraded":1,"win_rate":0.0,"timestamp":1612142060,"path_taken":["M","?","?","M","M","E","R","E"],"items_purchased_type":[],"build_version":"2020-12-22","purchased_purges":0,"victory":false,"max_hp_per_floor":[66,66,66,66,66,66,66,66,66],"relic_stats":{"counters":[6,25],"obtain_stats":[{"Bottled Flame":6,"NeowsBlessing":0,"Ring of the Snake":0,"WarpedTongs":3},{"Bottled Flame":5,"NeowsBlessing":0,"Ring of the Snake":0,"WarpedTongs":2},{"Bottled Flame":18,"NeowsBlessing":0,"Ring of the Snake":0,"WarpedTongs":2}],"Ring of the Snake":[12],"WarpedTongs":[23]},"card_choices":[{"not_picked":["Outmaneuver","Dodge and Roll"],"picked":"Cloak And Dagger","floor":1},{"not_picked":["Masterful Stab","Bane"],"picked":"Dodge and Roll","floor":2},{"not_picked":["Outmaneuver","PiercingWail"],"picked":"Flying Knee","floor":4},{"not_picked":["Dagger Throw","Glass Knife"],"picked":"Dash","floor":5},{"not_picked":["Slice","All Out Attack"],"picked":"PiercingWail","floor":6}],"player_experience":4032239,"relics_obtained":[{"floor":6,"key":"Bottled Flame"}],"event_choices":[{"damage_healed":0,"gold_gain":0,"player_choice":"Rummage","damage_taken":0,"relics_obtained":["WarpedTongs"],"max_hp_gain":0,"max_hp_loss":0,"event_name":"Accursed Blacksmith","floor":3,"gold_loss":0,"cards_obtained":["Pain"]}],"is_beta":false,"boss_relics":[],"items_purged_floors":[],"is_endless":false,"potions_floor_spawned":[1,5],"killed_by":"Lagavulin","ascension_level":20}}