{"host":"83h5c79dzf5zv2a9","time":1612170029,"event":{"mods":["2.2 Compatiblity","BaseMod","Bestiary","Colored Map","Colored Powertips","Curses Come First","Highlight Path","Keyboard Shortcuts","Minty Spire (QoL Compilation)","Relic Stats","Slay the Relics Exporter","StSLib","SuperFastMode"],"gold_per_floor":[116,128,128,128,128,160,218,238,287,287,301,369,383,394,394,394,394],"floor_reached":16,"language":"ENG","playtime":735,"items_purged":[],"score":102,"play_id":"2971a5ee-6389-4cb9-bbf7-e2293e8d7686","local_time":"20210201100029","is_ascension_mode":false,"campfire_choices":[{"floor":15,"key":"REST"}],"circlet_count":0,"master_deck":["Strike_G","Strike_G","Strike_G","Strike_G","Defend_G","Defend_G","Defend_G","Defend_G","Defend_G","Survivor","Neutralize","Poisoned Stab+1","Flying Knee","Bouncing Flask","Underhanded Strike","Corpse Explosion","Acrobatics","Quick Slash"],"relics":["HoveringKite","Lantern","Pen Nib","Orichalcum","Ancient Tea Set","Mercury Hourglass"],"acts_visited":["Exordium"],"potions_floor_usage":[6,16,16],"damage_taken":[{"damage":0,"enemies":"Small Slimes","floor":1,"turns":3},{"damage":0,"enemies":"2 Louse","floor":2,"turns":2},{"damage":17,"enemies":"3 Sentries","floor":6,"turns":13},{"damage":37,"enemies":"Gremlin Nob","floor":7,"turns":5},{"damage":1,"enemies":"Jaw Worm","floor":8,"turns":3},{"damage":0,"enemies":"Large Slime","floor":11,"turns":2},{"damage":0,"enemies":"Blue Slaver","floor":13,"turns":3},{"damage":0,"enemies":"Looter","floor":14,"turns":3},{"damage":26,"enemies":"The Guardian","floor":16,"turns":5}],"seed_played":"-4012275278371133128","potions_obtained":[{"floor":2,"key":"Swift Potion"},{"floor":8,"key":"AttackPotion"},{"floor":11,"key":"SmokeBomb"},{"floor":13,"key":"Explosive Potion"}],"is_trial":false,"path_per_floor":["M","M","?","?","?","E","?","M","T","?","M","T","M","M","R","B"],"character_chosen":"THE_SILENT","items_purchased":[],"campfire_rested":1,"item_purchase_floors":[],"current_hp_per_floor":[70,70,70,70,63,46,9,8,8,1,1,1,1,1,22,0,0],"gold":394,"neow_bonus":"BOSS_RELIC","is_daily":false,"chose_seed":false,"campfire_upgraded":0,"win_rate":0.0,"timestamp":1612170029,"path_taken":["M","M","?","?","?","E","?","?","T","?","M","?","M","M","R","BOSS"],"items_purchased_type":[],"build_version":"2020-12-22","purchased_purges":0,"victory":false,"max_hp_per_floor":[70,70,70,70,70,70,70,70,70,70,70,70,70,70,70,70,70],"relic_stats":{"counters":[9,38],"HoveringKite":[11],"Pen Nib":[2],"Orichalcum":[18],"obtain_stats":[{"Lantern":6,"HoveringKite":0,"Pen Nib":7,"Orichalcum":9,"Ancient Tea Set":10,"Ring of the Snake":0,"Mercury Hourglass":12},{"Lantern":3,"HoveringKite":0,"Pen Nib":4,"Orichalcum":5,"Ancient Tea Set":5,"Ring of the Snake":0,"Mercury Hourglass":6},{"Lantern":18,"HoveringKite":0,"Pen Nib":23,"Orichalcum":26,"Ancient Tea Set":26,"Ring of the Snake":0,"Mercury Hourglass":28}],"Mercury Hourglass":[28]},"card_choices":[{"not_picked":["Sucker Punch","Dagger Throw"],"picked":"Poisoned Stab","floor":1},{"not_picked":["Blade Dance","PiercingWail"],"picked":"Flying Knee","floor":2},{"not_picked":["Choke","Flechettes","Masterful Stab"],"picked":"SKIP","floor":6},{"not_picked":["Quick Slash","Deflect"],"picked":"Bouncing Flask","floor":7},{"not_picked":["Backstab","Dagger Throw"],"picked":"Underhanded Strike","floor":8},{"not_picked":["Quick Slash","Tactician"],"picked":"Corpse Explosion","floor":11},{"not_picked":["Calculated Gamble","Tactician"],"picked":"Acrobatics","floor":13},{"not_picked":["Well Laid Plans","Blade Dance"],"picked":"Quick Slash","floor":14}],"player_experience":11508,"relics_obtained":[{"floor":6,"key":"Lantern"},{"floor":7,"key":"Pen Nib"},{"floor":9,"key":"Orichalcum"},{"floor":12,"key":"Mercury Hourglass"}],"event_choices":[{"damage_healed":0,"gold_gain":0,"player_choice":"Ignored","damage_taken":0,"max_hp_gain":0,"max_hp_loss":0,"event_name":"Liars Game","floor":3,"gold_loss":0},{"damage_healed":0,"gold_gain":0,"player_choice":"Grow","damage_taken":0,"max_hp_gain":0,"max_hp_loss":0,"event_name":"Living Wall","floor":4,"gold_loss":0,"cards_upgraded":["Poisoned Stab"]},{"cards_removed":["Strike_G"],"damage_healed":0,"gold_gain":0,"player_choice":"Card Removal","damage_taken":7,"max_hp_gain":0,"max_hp_loss":0,"event_name":"Golden Wing","floor":5,"gold_loss":0},{"damage_healed":0,"gold_gain":0,"player_choice":"Searched \u00271\u0027 times","damage_taken":0,"max_hp_gain":0,"max_hp_loss":0,"event_name":"Dead Adventurer","floor":7,"gold_loss":0},{"damage_healed":0,"gold_gain":0,"player_choice":"Success","damage_taken":7,"relics_obtained":["Ancient Tea Set"],"max_hp_gain":0,"max_hp_loss":0,"event_name":"Scrap Ooze","floor":10,"gold_loss":0}],"is_beta":false,"boss_relics":[],"items_purged_floors":[],"is_endless":false,"potions_floor_spawned":[2,8,11,13,14],"killed_by":"The Guardian","ascension_level":0}}