{"host":"8m86yt1iygug7bgj","time":1612156317,"event":{"mods":["Act Like it!","BaseMod","Gensokyo","Lobotomy","Marisa£®ÏF”Í°°ƒß¿Ì…≥£©","Minty Spire (QoL Compilation)","Prisma Mod","Remilia£®¿Ÿ√◊¿Ú—«£©","StSLib"],"gold_per_floor":[114,126,126,141,155,190,206,224,248,264,297,40,51,61,61,158,158,158,158,73,73,73,73,73,73,73,37,37,37,37,37,37,37,37,37,37,37,37,37,37,37,37,37,37,37,37,37,37,37,37,37],"floor_reached":50,"language":"ZHS","playtime":3373,"items_purged":[],"score":525,"play_id":"22b7b3bc-239b-4564-a6f2-104fc8bc57d7","local_time":"20210201131157","is_ascension_mode":false,"campfire_choices":[{"data":"Adaptation","floor":15.0,"key":"SMITH"},{"floor":23.0,"key":"REST"},{"data":"DeusExMachina","floor":25.0,"key":"SMITH"},{"floor":32.0,"key":"RECALL"},{"data":"Scrawl","floor":40,"key":"SMITH"},{"data":"FlurryOfBlows","floor":42,"key":"SMITH"},{"data":"Weave","floor":44,"key":"SMITH"},{"data":"Establishment","floor":49,"key":"SMITH"}],"circlet_count":0,"master_deck":["Strike_P","Strike_P","Strike_P","Strike_P","Defend_P","Defend_P","Defend_P","Defend_P","Eruption","Vigilance","Evaluate","FollowUp","Halt","Collect","SashWhip","Tantrum","Adaptation+1","JustLucky","Halt","DeusExMachina","FlurryOfBlows+1","Finesse","SandsOfTime","Adaptation","JustLucky","EmptyBody","Establishment+1","FlyingSleeves","Weave+1","Sanctity","DeusExMachina+1","SignatureMove","Crescendo+1","FollowUp","InnerPeace","Scrawl+1","ClearTheMind","Wraith","Parasite","Indignation","BattleHymn+1","FlurryOfBlows"],"relics":["PureWater","FaceOfCleric","Meat on the Bone","Tiny Chest","Boot","Ectoplasm","Regal Pillow","Centennial Puzzle","TungstenRod","Bag of Marbles","Du-Vu Doll","Sozu","Question Card"],"acts_visited":["Exordium","TheCity","TheBeyond"],"potions_floor_usage":[33],"damage_taken":[{"damage":0.0,"enemies":"Cultist","floor":1.0,"turns":3.0},{"damage":7.0,"enemies":"2 Louse","floor":2.0,"turns":4.0},{"damage":0.0,"enemies":"Jaw Worm","floor":4.0,"turns":3.0},{"damage":18.0,"enemies":"Large Slime","floor":5.0,"turns":4.0},{"damage":34.0,"enemies":"3 Sentries","floor":6.0,"turns":9.0},{"damage":2.0,"enemies":"Exordium Wildlife","floor":7.0,"turns":3.0},{"damage":3.0,"enemies":"Blue Slaver","floor":8.0,"turns":4.0},{"damage":0.0,"enemies":"3 Louse","floor":10.0,"turns":2.0},{"damage":16.0,"enemies":"Lagavulin","floor":11.0,"turns":6.0},{"damage":0.0,"enemies":"Looter","floor":13.0,"turns":2.0},{"damage":0.0,"enemies":"Large Slime","floor":14.0,"turns":3.0},{"damage":25.0,"enemies":"Hexaghost","floor":16.0,"turns":7.0},{"damage":27.0,"enemies":"Spheric Guardian","floor":18.0,"turns":5.0},{"damage":45.0,"enemies":"Chosen","floor":19.0,"turns":5.0},{"damage":20.0,"enemies":"Snecko","floor":21.0,"turns":4.0},{"damage":23.0,"enemies":"Gremlin Leader","floor":24.0,"turns":4.0},{"damage":24.0,"enemies":"Centurion and Healer","floor":29.0,"turns":5.0},{"damage":14.0,"enemies":"Slavers","floor":30.0,"turns":4.0},{"damage":2.0,"enemies":"3 Cultists","floor":31.0,"turns":4.0},{"damage":58,"enemies":"Collector","floor":33,"turns":5},{"damage":1,"enemies":"Orb Walker","floor":35,"turns":2},{"damage":24,"enemies":"3 Darklings","floor":37,"turns":4},{"damage":48,"enemies":"Writhing Mass","floor":38,"turns":4},{"damage":0,"enemies":"Transient","floor":41,"turns":5},{"damage":0,"enemies":"Spire Growth","floor":45,"turns":3},{"damage":40,"enemies":"Maw","floor":47,"turns":5},{"damage":66,"enemies":"Time Eater","floor":50,"turns":3}],"seed_played":"1048509098979157908","potions_obtained":[{"floor":4.0,"key":"Swift Potion"},{"floor":7.0,"key":"Dexterity Potion"},{"floor":13.0,"key":"SteroidPotion"},{"floor":14.0,"key":"SneckoOil"},{"floor":21.0,"key":"Ancient Potion"},{"floor":24.0,"key":"FairyPotion"},{"floor":29.0,"key":"PowerPotion"},{"floor":30.0,"key":"ColorlessPotion"}],"is_trial":false,"path_per_floor":["M","M","?","M","M","E","M","M","T","M","E","$","M","M","R","B",null,"M","M","?","M","?","R","E","R","T","$","T","M","E","M","R","B",null,"M","?","M","M","?","R","M","R","T","R","M","T","M","$","R","B"],"character_chosen":"WATCHER","items_purchased":["FlurryOfBlows","Finesse","SandsOfTime","Adaptation","SignatureMove"],"campfire_rested":1,"item_purchase_floors":[12,12,12,12,27],"current_hp_per_floor":[72,65,65,66,49,16,27,37,37,50,47,47,48,49,49,37,82,56,24,24,17,17,57,47,47,47,47,47,36,35,46,46,39,90,90,90,67,32,81,81,82,82,82,82,83,83,44,44,44,0,0],"gold":37,"neow_bonus":"THREE_CARDS","is_daily":false,"chose_seed":false,"campfire_upgraded":6,"win_rate":0.0,"timestamp":1612156317,"path_taken":["M","M","?","M","M","E","M","M","T","M","E","$","M","?","R","BOSS","M","M","?","M","?","R","E","R","T","$","?","M","E","M","R","BOSS","M","?","M","M","?","R","?","R","T","R","M","?","M","$","R","BOSS"],"items_purchased_type":["Card","Card","Card","Card","Card"],"build_version":"2020-12-22","purchased_purges":0,"victory":false,"max_hp_per_floor":[72,72,72,73,74,75,76,77,77,78,79,79,80,81,81,82,82,83,84,84,85,85,85,86,86,86,86,86,87,88,89,89,90,90,91,91,92,93,81,81,82,82,82,82,83,83,84,84,84,84,84],"card_choices":[{"not_picked":["BowlingBash","Protect"],"picked":"Evaluate","floor":0.0},{"not_picked":["ClearTheMind","BattleHymn"],"picked":"FollowUp","floor":1.0},{"not_picked":["Protect","Perseverance"],"picked":"Halt","floor":2.0},{"not_picked":["JustLucky","WreathOfFlame"],"picked":"Collect","floor":4.0},{"not_picked":["ThirdEye","Evaluate"],"picked":"SashWhip","floor":5.0},{"not_picked":["ThirdEye","Collect"],"picked":"Tantrum","floor":6.0},{"not_picked":["WaveOfTheHand","CarveReality"],"picked":"Adaptation","floor":7.0},{"not_picked":["WaveOfTheHand","WheelKick"],"picked":"JustLucky","floor":8.0},{"not_picked":["EmptyFist","SignatureMove"],"picked":"Halt","floor":10.0},{"not_picked":["Protect","CarveReality"],"picked":"DeusExMachina","floor":11.0},{"not_picked":["Worship","Crescendo"],"picked":"JustLucky","floor":13.0},{"not_picked":["ClearTheMind","SashWhip"],"picked":"EmptyBody","floor":14.0},{"not_picked":["Judgement","DeusExMachina"],"picked":"Establishment","floor":16.0},{"not_picked":["Evaluate","FollowUp+1"],"picked":"FlyingSleeves","floor":18.0},{"not_picked":["FlyingSleeves+1","Consecrate"],"picked":"Weave","floor":19.0},{"not_picked":["FollowUp","EmptyFist"],"picked":"Sanctity","floor":21.0},{"not_picked":["Halt","CrushJoints"],"picked":"DeusExMachina","floor":24.0},{"not_picked":["Halt","Swivel"],"picked":"Crescendo+1","floor":29.0},{"not_picked":["EmptyBody","SashWhip"],"picked":"FollowUp","floor":30.0},{"not_picked":["Sanctity","EmptyFist"],"picked":"InnerPeace","floor":31.0},{"not_picked":["Omniscience","Judgement"],"picked":"Scrawl","floor":33},{"not_picked":["SignatureMove","FearNoEvil+1"],"picked":"ClearTheMind","floor":35},{"not_picked":["CrushJoints+1","ThirdEye","Vengeance"],"picked":"SKIP","floor":37},{"not_picked":["FlyingSleeves+1","EmptyFist+1"],"picked":"Indignation","floor":38},{"not_picked":["SignatureMove","ClearTheMind","PathToVictory+1"],"picked":"SKIP","floor":41},{"not_picked":["Collect","EmptyFist"],"picked":"BattleHymn+1","floor":45},{"not_picked":["WheelKick","EmptyFist+1","Halt+1"],"picked":"FlurryOfBlows","floor":47}],"player_experience":248743,"relics_obtained":[{"floor":6.0,"key":"Meat on the Bone"},{"floor":9.0,"key":"Tiny Chest"},{"floor":11.0,"key":"Boot"},{"floor":24.0,"key":"Centennial Puzzle"},{"floor":26.0,"key":"TungstenRod"},{"floor":28.0,"key":"Bag of Marbles"},{"floor":30.0,"key":"Du-Vu Doll"},{"floor":46,"key":"Question Card"}],"event_choices":[{"damage_healed":0.0,"max_hp_gain":0.0,"max_hp_loss":0.0,"gold_gain":0.0,"event_name":"FaceTrader","player_choice":"Trade","floor":3.0,"gold_loss":0.0,"damage_taken":0.0,"relics_obtained":["FaceOfCleric"]},{"damage_healed":0.0,"max_hp_gain":0.0,"max_hp_loss":0.0,"gold_gain":0.0,"event_name":"Addict","player_choice":"Obtained Relic","floor":20.0,"gold_loss":85.0,"damage_taken":0.0,"relics_obtained":["Regal Pillow"]},{"damage_healed":0.0,"max_hp_gain":0.0,"max_hp_loss":0.0,"gold_gain":99.0,"event_name":"Nest","player_choice":"Stole From Cult","floor":22.0,"gold_loss":0.0,"damage_taken":0.0},{"damage_healed":0,"gold_gain":0,"player_choice":"Ignored","damage_taken":0,"max_hp_gain":0,"max_hp_loss":0,"event_name":"OrinTheCat","floor":36,"gold_loss":0},{"damage_healed":81,"gold_gain":0,"player_choice":"Heal","damage_taken":0,"max_hp_gain":0,"max_hp_loss":12,"event_name":"The Moai Head","floor":39,"gold_loss":0}],"is_beta":false,"boss_relics":[{"not_picked":["Velvet Choker","Cursed Key"],"picked":"Ectoplasm"},{"not_picked":["Fusion Hammer","SlaversCollar"],"picked":"Sozu"}],"items_purged_floors":[],"is_endless":false,"potions_floor_spawned":[4,7,13,14,21,24,29,30,37,45,47],"killed_by":"Time Eater","ascension_level":0}}