{"host":"zlolxa879v8f5dwy","time":1612220162,"event":{"mods":["AchievementEnabler","BaseMod","Downfall","Friendly Minions","Hermit","Hubris","Jorbs\u0027s Wanderer Trilogy","Kiyohime????","Koishi","Marisa????????","Minty Spire (QoL Compilation)","Remilia??????","StSLib","The Animator","The Cursed","The Disciple","The Hierophant","The Servant 0.9.4"],"gold_per_floor":[111,111,137,212,62,97,171,205,205,220,234,234,234,252,252,371,371,386,399,399,399,412,412,68,68,68,68,68,68],"floor_reached":28,"language":"ENG","playtime":1790,"items_purged":["downfall:Bewildered"],"score":249,"play_id":"d08390d9-f411-451f-9682-4816a2d7c736","local_time":"20210201235602","is_ascension_mode":false,"campfire_choices":[{"floor":12,"key":"REST"},{"data":"Koishi:StrangeCloudFist","floor":15,"key":"SMITH"},{"floor":23,"key":"REST"},{"floor":27,"key":"REST"}],"circlet_count":0,"master_deck":["Koishi:BasicStrike","Koishi:BasicStrike","Koishi:BasicDefend","Koishi:BasicDefend","Koishi:BasicDefend","Koishi:BasicDefend","Koishi:Provoke","Koishi:EmbersOfLove","Koishi:SilentAndRestless","Koishi:VengefulSpirit","Koishi:CatchAndRose","Koishi:FidgetySnatcher","Koishi:StrangeCloudFist+1","Koishi:TerrifyingSpectre","Koishi:BloodcurdlingScream","Koishi:TraumaticStroke+1","Slimebound:CheckThePlaybook","downfall:Icky","Koishi:PhantomBarrier+1","Koishi:RacingHeart","hubris:DuctTapeCard"],"relics":["Koishi:ImaginaryFriend","NeowsBlessing","Golden Idol","Anchor","hubris:SlimyHat","Boot","Kunai","Bronze Scales","hubris:Towel","Empty Cage","sneckomod:BabySnecko","hubris:PeanutButter","hubris:DuctTape"],"acts_visited":["Exordium","TheCity"],"potions_floor_usage":[8,16,16,16],"damage_taken":[{"damage":0,"enemies":"Jaw Worm","floor":1,"turns":1},{"damage":0,"enemies":"Gremlin Nob","floor":6,"turns":1},{"damage":0,"enemies":"3 Sentries","floor":7,"turns":1},{"damage":17,"enemies":"3 Sentries","floor":8,"turns":14},{"damage":0,"enemies":"2 Louse","floor":10,"turns":2},{"damage":0,"enemies":"Small Slimes","floor":11,"turns":4},{"damage":1,"enemies":"2 Fungi Beasts","floor":14,"turns":3},{"damage":25,"enemies":"The Guardian","floor":16,"turns":8},{"damage":25,"enemies":"Spheric Guardian","floor":18,"turns":4},{"damage":3,"enemies":"Chosen","floor":19,"turns":5},{"damage":20,"enemies":"Shelled Parasite and Fungi","floor":22,"turns":5},{"damage":51,"enemies":"Book of Stabbing","floor":28,"turns":5}],"seed_played":"8858822665138734289","potions_obtained":[{"floor":1,"key":"FearPotion"},{"floor":7,"key":"DuplicationPotion"},{"floor":8,"key":"Weak Potion"},{"floor":10,"key":"DuplicationPotion"},{"floor":22,"key":"Strength Potion"}],"is_trial":false,"path_per_floor":["M","?","T","?","$","E","?","E","T","M","M","R","?","M","R","B",null,"M","M","?","?","M","R","$","?","T","R","E"],"character_chosen":"KOISHI","items_purchased":["hubris:SlimyHat","Koishi:RacingHeart","hubris:PeanutButter"],"campfire_rested":3,"item_purchase_floors":[5,24,24],"current_hp_per_floor":[60,60,60,49,49,49,49,36,36,37,40,58,58,60,60,43,60,35,35,35,35,15,33,33,33,33,51,0,0],"gold":68,"neow_bonus":"THREE_ENEMY_KILL","is_daily":false,"chose_seed":false,"campfire_upgraded":1,"win_rate":0.0,"timestamp":1612220162,"path_taken":["M","?","?","?","$","E","?","E","T","M","M","R","?","M","R","BOSS","M","M","?","?","M","R","$","?","T","R","E"],"items_purchased_type":["Relic","Card","Relic"],"build_version":"2020-12-22","purchased_purges":1,"victory":false,"max_hp_per_floor":[60,60,60,60,60,60,60,60,60,60,60,60,60,60,60,60,60,60,60,60,60,60,60,60,60,60,60,60,60],"card_choices":[{"not_picked":["Koishi:GhostParty","Koishi:ParalyzingFear"],"picked":"Koishi:EmbersOfLove","floor":1},{"not_picked":["Koishi:RoseHell","Koishi:SubterraneanRose"],"picked":"Koishi:SilentAndRestless","floor":6},{"not_picked":["Koishi:ReleaseOfTheId","Koishi:RacingHeart"],"picked":"Koishi:VengefulSpirit","floor":7},{"not_picked":["Koishi:Whimsy","Koishi:FreudianInstinct"],"picked":"Koishi:UnseenTerror","floor":8},{"not_picked":["Koishi:SubterraneanRose","Koishi:Prune"],"picked":"Koishi:CatchAndRose","floor":10},{"not_picked":["Koishi:CatchAndRose","Koishi:UnansweredLove"],"picked":"Koishi:FidgetySnatcher","floor":11},{"not_picked":["Koishi:DanmakuParanoia","Koishi:StingingMind"],"picked":"Koishi:StrangeCloudFist","floor":14},{"not_picked":["Koishi:RoseHell","Koishi:RollingInRichesHeart"],"picked":"Koishi:TerrifyingSpectre","floor":16},{"not_picked":["Koishi:Prune","Koishi:UnseenTerror+1"],"picked":"Koishi:BloodcurdlingScream","floor":18},{"not_picked":["Koishi:FidgetySnatcher","Koishi:UnansweredLove"],"picked":"Koishi:TraumaticStroke+1","floor":19},{"not_picked":["Koishi:UnansweredLove","Koishi:PredatoryInstincts"],"picked":"Koishi:PhantomBarrier+1","floor":22}],"player_experience":160320,"relics_obtained":[{"floor":3,"key":"Anchor"},{"floor":6,"key":"Boot"},{"floor":8,"key":"Bronze Scales"},{"floor":26,"key":"hubris:DuctTape"}],"event_choices":[{"damage_healed":0,"gold_gain":0,"player_choice":"Take Wound","damage_taken":0,"relics_obtained":["Golden Idol"],"max_hp_gain":0,"max_hp_loss":0,"event_name":"Golden Idol","floor":2,"gold_loss":0,"cards_obtained":["Injury"]},{"damage_healed":0,"gold_gain":75,"player_choice":"Gather Gold","damage_taken":11,"max_hp_gain":0,"max_hp_loss":0,"event_name":"World of Goop","floor":4,"gold_loss":0},{"damage_healed":0,"gold_gain":0,"player_choice":"Searched \u00272\u0027 times","damage_taken":0,"relics_obtained":["Kunai"],"max_hp_gain":0,"max_hp_loss":0,"event_name":"Dead Adventurer","floor":7,"gold_loss":0},{"cards_removed":["Koishi:BasicStrike"],"damage_healed":0,"gold_gain":0,"player_choice":"Elegance","damage_taken":0,"max_hp_gain":0,"max_hp_loss":0,"event_name":"Back to Basics","floor":25,"gold_loss":0}],"is_beta":false,"boss_relics":[{"not_picked":["SacredBark","Cursed Key"],"picked":"Empty Cage"}],"items_purged_floors":[24],"is_endless":false,"potions_floor_spawned":[1,7,8,10,22],"killed_by":"Book of Stabbing","ascension_level":0}}