{"host":"rb2p2z6v6vieend5","time":1612219165,"event":{"mods":["BaseMod","Block Reminder","Colored Map","DeckTracker","Highlight Path","Minty Spire (QoL Compilation)","Random Character Button","Relic Stats"],"gold_per_floor":[118,130,142,217,217,217,232,262,288,303,316,316,375,375,375,447,447,467,484,516,466,480,480,491,491,518,518,518,530,547,647,647,722,722,739,759,759,784,335,335,335,346,346,346,346,150,162,179,179,179],"floor_reached":51,"language":"ENG","playtime":2445,"items_purged":["Strike_R","Defend_R","Strike_R"],"score":1149,"play_id":"bf3b58cc-504b-4f6b-a2b0-7f384b0d0586","local_time":"20210201233925","is_ascension_mode":true,"campfire_choices":[{"data":"Fiend Fire","floor":6,"key":"SMITH"},{"floor":12,"key":"REST"},{"data":"1","floor":15,"key":"LIFT"},{"floor":23,"key":"REST"},{"data":"2","floor":25,"key":"LIFT"},{"data":"3","floor":28,"key":"LIFT"},{"floor":32,"key":"REST"},{"floor":40,"key":"REST"},{"data":"Apotheosis","floor":45,"key":"SMITH"},{"floor":49,"key":"REST"}],"circlet_count":0,"master_deck":["AscendersBane","Defend_R","Defend_R+1","Bash","CurseOfTheBell","Shrug It Off","Shrug It Off","Pommel Strike","Fiend Fire+1","Feel No Pain","Uppercut","Battle Trance","Shrug It Off","Flame Barrier","Impervious","Demon Form","Flame Barrier","Shrug It Off+1","Whirlwind","Ghostly Armor","Shrug It Off+1","Barricade","Spot Weakness+1","Evolve+1","Rampage+1","Disarm","Apotheosis+1"],"relics":["Calling Bell","Akabeko","Letter Opener","Prayer Wheel","Juzu Bracelet","Orichalcum","Smiling Mask","Girya","Velvet Choker","Red Mask","Nunchaku","MutagenicStrength","Pocketwatch","Bottled Tornado","Astrolabe","Incense Burner","Blood Vial","Paper Frog","Anchor","War Paint"],"acts_visited":["Exordium","TheCity","TheBeyond"],"potions_floor_usage":[13,16,16,33,41,50],"damage_taken":[{"damage":2,"enemies":"2 Louse","floor":1,"turns":2},{"damage":2,"enemies":"Cultist","floor":2,"turns":4},{"damage":2,"enemies":"Jaw Worm","floor":3,"turns":3},{"damage":0,"enemies":"3 Louse","floor":7,"turns":5},{"damage":33,"enemies":"Gremlin Nob","floor":8,"turns":5},{"damage":12,"enemies":"Exordium Thugs","floor":10,"turns":4},{"damage":2,"enemies":"Looter","floor":11,"turns":2},{"damage":5,"enemies":"Lagavulin Event","floor":13,"turns":5},{"damage":8,"enemies":"The Guardian","floor":16,"turns":18},{"damage":4,"enemies":"Spheric Guardian","floor":18,"turns":4},{"damage":23,"enemies":"3 Byrds","floor":19,"turns":5},{"damage":17,"enemies":"Masked Bandits","floor":20,"turns":7},{"damage":15,"enemies":"Centurion and Healer","floor":22,"turns":8},{"damage":0,"enemies":"Snecko","floor":24,"turns":5},{"damage":6,"enemies":"Snake Plant","floor":29,"turns":2},{"damage":0,"enemies":"Sentry and Sphere","floor":30,"turns":3},{"damage":0,"enemies":"Colosseum Slavers","floor":31,"turns":3},{"damage":1,"enemies":"Colosseum Nobs","floor":31,"turns":4},{"damage":44,"enemies":"Automaton","floor":33,"turns":8},{"damage":2,"enemies":"3 Shapes","floor":35,"turns":7},{"damage":22,"enemies":"3 Darklings","floor":36,"turns":7},{"damage":2,"enemies":"Mind Bloom Boss Battle","floor":38,"turns":7},{"damage":0,"enemies":"4 Shapes","floor":41,"turns":1},{"damage":4,"enemies":"Maw","floor":42,"turns":9},{"damage":0,"enemies":"Writhing Mass","floor":47,"turns":2},{"damage":34,"enemies":"3 Darklings","floor":48,"turns":4},{"damage":0,"enemies":"Time Eater","floor":50,"turns":12}],"seed_played":"-8474433098867120454","potions_obtained":[{"floor":2,"key":"SteroidPotion"},{"floor":7,"key":"Energy Potion"},{"floor":13,"key":"SkillPotion"},{"floor":20,"key":"SteroidPotion"},{"floor":24,"key":"Block Potion"},{"floor":29,"key":"Energy Potion"},{"floor":35,"key":"SmokeBomb"},{"floor":47,"key":"Regen Potion"}],"is_trial":false,"path_per_floor":["M","M","M","?","?","R","M","E","T","M","M","R","?","T","R","B",null,"M","M","?","$","M","R","M","R","T","?","R","M","M","?","R","B",null,"M","M","?","?","$","R","M","M","T","?","R","$","M","M","R","B",null],"character_chosen":"IRONCLAD","items_purchased":["Blood Vial","Paper Frog","War Paint"],"campfire_rested":5,"item_purchase_floors":[39,39,46],"current_hp_per_floor":[70,68,66,55,55,55,55,22,22,10,8,32,27,27,27,19,65,61,38,21,21,6,30,30,30,30,30,30,24,24,23,47,3,61,59,37,37,35,35,59,61,59,59,59,59,59,61,29,51,68],"gold":179,"neow_bonus":"BOSS_RELIC","is_daily":false,"chose_seed":false,"campfire_upgraded":2,"win_rate":0.0,"timestamp":1612219165,"path_taken":["M","M","M","?","?","R","M","E","T","M","M","R","?","?","R","BOSS","M","M","?","?","M","R","M","R","T","?","R","M","M","?","R","BOSS","M","M","?","?","$","R","M","M","T","?","R","$","M","M","R","BOSS"],"items_purchased_type":["Relic","Relic","Relic"],"build_version":"2020-12-22","purchased_purges":3,"victory":true,"max_hp_per_floor":[80,80,80,80,80,80,80,80,80,80,80,80,80,80,80,80,80,80,80,80,80,80,80,80,80,80,80,80,80,80,80,80,80,80,80,80,80,80,80,80,80,80,80,76,76,76,76,76,76,76],"relic_stats":{"Blood Vial":10,"Nunchaku":[5],"counters":[27,146],"Astrolabe":["Spot Weakness","Evolve","Rampage"],"Prayer Wheel":17,"Juzu Bracelet":1,"Letter Opener":[157],"Orichalcum":[138],"War Paint":["Shrug It Off","Defend_R"],"Smiling Mask":150,"obtain_stats":[{"Girya":14,"Astrolabe":34,"Velvet Choker":17,"Juzu Bracelet":8,"Incense Burner":38,"Letter Opener":0,"Orichalcum":9,"Bottled Tornado":31,"War Paint":46,"Smiling Mask":13,"Burning Blood":0,"Akabeko":0,"Calling Bell":0,"Blood Vial":39,"Nunchaku":26,"Anchor":43,"MutagenicStrength":27,"Prayer Wheel":0,"Red Mask":20,"Pocketwatch":31,"Paper Frog":39},{"Girya":8,"Astrolabe":19,"Velvet Choker":9,"Juzu Bracelet":5,"Incense Burner":22,"Letter Opener":0,"Orichalcum":5,"Bottled Tornado":18,"War Paint":24,"Smiling Mask":8,"Burning Blood":0,"Akabeko":0,"Calling Bell":0,"Blood Vial":22,"Nunchaku":14,"Anchor":24,"MutagenicStrength":14,"Prayer Wheel":0,"Red Mask":12,"Pocketwatch":18,"Paper Frog":22},{"Girya":30,"Astrolabe":97,"Velvet Choker":48,"Juzu Bracelet":19,"Incense Burner":118,"Letter Opener":0,"Orichalcum":19,"Bottled Tornado":89,"War Paint":128,"Smiling Mask":30,"Burning Blood":0,"Akabeko":0,"Calling Bell":0,"Blood Vial":118,"Nunchaku":77,"Anchor":128,"MutagenicStrength":77,"Prayer Wheel":0,"Red Mask":64,"Pocketwatch":89,"Paper Frog":118}],"Pocketwatch":[117]},"card_choices":[{"not_picked":["Sentinel","Havoc"],"picked":"Shrug It Off","floor":1},{"not_picked":["Anger","Shockwave"],"picked":"Shrug It Off","floor":1},{"not_picked":["Sentinel","Anger"],"picked":"Pommel Strike","floor":2},{"not_picked":["Warcry","Sword Boomerang","Headbutt"],"picked":"SKIP","floor":2},{"not_picked":["Armaments","Havoc"],"picked":"Fiend Fire","floor":3},{"not_picked":["Sword Boomerang","Thunderclap"],"picked":"Feel No Pain","floor":3},{"not_picked":["Warcry","True Grit"],"picked":"Uppercut","floor":7},{"not_picked":["Warcry","Dual Wield","Burning Pact"],"picked":"SKIP","floor":7},{"not_picked":["Bloodletting","Anger","Flex"],"picked":"SKIP","floor":8},{"not_picked":["Armaments","Wild Strike"],"picked":"Battle Trance","floor":10},{"not_picked":["Havoc","Headbutt","Body Slam"],"picked":"SKIP","floor":10},{"not_picked":["Combust","Fire Breathing"],"picked":"Shrug It Off","floor":11},{"not_picked":["Sword Boomerang","Clash"],"picked":"Flame Barrier","floor":11},{"not_picked":["Thunderclap","Second Wind"],"picked":"Impervious","floor":13},{"not_picked":["Bludgeon","Double Tap"],"picked":"Demon Form","floor":16},{"not_picked":["Iron Wave","Flex","Dual Wield"],"picked":"SKIP","floor":18},{"not_picked":["Clash","Warcry","Burning Pact+1"],"picked":"SKIP","floor":18},{"not_picked":["Havoc","Second Wind","Warcry"],"picked":"SKIP","floor":19},{"not_picked":["Perfected Strike","Armaments","Bludgeon"],"picked":"SKIP","floor":19},{"not_picked":["Pummel","Rage"],"picked":"Flame Barrier","floor":22},{"not_picked":["Cleave","Rupture"],"picked":"Shrug It Off","floor":22},{"not_picked":["Body Slam","Shrug It Off"],"picked":"Whirlwind","floor":24},{"not_picked":["Clothesline","Havoc"],"picked":"Ghostly Armor","floor":24},{"not_picked":["Armaments","Body Slam+1"],"picked":"Shrug It Off+1","floor":29},{"not_picked":["Headbutt","Shrug It Off","Evolve"],"picked":"SKIP","floor":29},{"not_picked":["Hemokinesis","Intimidate","Twin Strike+1"],"picked":"SKIP","floor":30},{"not_picked":["Wild Strike","Headbutt","Iron Wave"],"picked":"SKIP","floor":30},{"not_picked":["Immolate","Exhume"],"picked":"Barricade","floor":33},{"not_picked":["True Grit","Twin Strike"],"picked":"Disarm","floor":35},{"not_picked":["Perfected Strike","True Grit","Twin Strike+1"],"picked":"SKIP","floor":35},{"not_picked":["Evolve+1","Sword Boomerang","Rupture+1"],"picked":"SKIP","floor":36},{"not_picked":["True Grit","Wild Strike+1","Heavy Blade"],"picked":"SKIP","floor":36},{"not_picked":["Dark Shackles","Chrysalis"],"picked":"Apotheosis","floor":37},{"not_picked":["Thunderclap","Body Slam","Rupture"],"picked":"SKIP","floor":42},{"not_picked":["Cleave","True Grit+1","Body Slam"],"picked":"SKIP","floor":42},{"not_picked":["Battle Trance+1","Iron Wave","Cleave"],"picked":"SKIP","floor":47},{"not_picked":["Double Tap","Sever Soul","Warcry"],"picked":"SKIP","floor":47},{"not_picked":["Pommel Strike","Power Through","Clash"],"picked":"SKIP","floor":48},{"not_picked":["Shrug It Off+1","Pommel Strike","Body Slam+1"],"picked":"SKIP","floor":48}],"player_experience":670081,"relics_obtained":[{"floor":0,"key":"Akabeko"},{"floor":0,"key":"Letter Opener"},{"floor":0,"key":"Prayer Wheel"},{"floor":8,"key":"Juzu Bracelet"},{"floor":9,"key":"Orichalcum"},{"floor":13,"key":"Smiling Mask"},{"floor":14,"key":"Girya"},{"floor":20,"key":"Red Mask"},{"floor":26,"key":"Nunchaku"},{"floor":31,"key":"Pocketwatch"},{"floor":31,"key":"Bottled Tornado"},{"floor":38,"key":"Incense Burner"},{"floor":43,"key":"Anchor"}],"event_choices":[{"damage_healed":0,"gold_gain":75,"player_choice":"Gather Gold","damage_taken":11,"max_hp_gain":0,"max_hp_loss":0,"event_name":"World of Goop","floor":4,"gold_loss":0},{"cards_removed":["Strike_R"],"damage_healed":0,"gold_gain":0,"player_choice":"Offered Basic","damage_taken":0,"max_hp_gain":0,"max_hp_loss":0,"event_name":"Bonfire Elementals","floor":5,"gold_loss":0},{"damage_healed":0,"gold_gain":0,"player_choice":"Searched \u00271\u0027 times","damage_taken":0,"max_hp_gain":0,"max_hp_loss":0,"event_name":"Dead Adventurer","floor":13,"gold_loss":0},{"damage_healed":0,"gold_gain":0,"player_choice":"Fought Bandits","damage_taken":0,"max_hp_gain":0,"max_hp_loss":0,"event_name":"Masked Bandits","floor":20,"gold_loss":0},{"damage_healed":0,"gold_gain":0,"player_choice":"Inject Mutagens","damage_taken":0,"relics_obtained":["MutagenicStrength"],"max_hp_gain":0,"max_hp_loss":0,"event_name":"Drug Dealer","floor":27,"gold_loss":0},{"damage_healed":0,"gold_gain":0,"player_choice":"Fight","damage_taken":0,"max_hp_gain":0,"max_hp_loss":0,"event_name":"Colosseum","floor":31,"gold_loss":0},{"damage_healed":0,"gold_gain":0,"player_choice":"Fought Nobs","damage_taken":0,"max_hp_gain":0,"max_hp_loss":0,"event_name":"Colosseum","floor":31,"gold_loss":0},{"damage_healed":0,"gold_gain":0,"player_choice":"Memory 1","damage_taken":0,"max_hp_gain":0,"max_hp_loss":0,"event_name":"SensoryStone","floor":37,"gold_loss":0},{"damage_healed":0,"gold_gain":0,"player_choice":"Fight","damage_taken":0,"max_hp_gain":0,"max_hp_loss":0,"event_name":"MindBloom","floor":38,"gold_loss":0},{"damage_healed":0,"gold_gain":0,"player_choice":"Max HP","damage_taken":0,"max_hp_gain":0,"max_hp_loss":4,"event_name":"Winding Halls","floor":44,"gold_loss":0}],"is_beta":false,"boss_relics":[{"not_picked":["Coffee Dripper","Runic Cube"],"picked":"Velvet Choker"},{"not_picked":["SlaversCollar","SacredBark"],"picked":"Astrolabe"}],"items_purged_floors":[21,39,46],"is_endless":false,"potions_floor_spawned":[2,7,8,13,20,24,29,31,35,38,41,47],"ascension_level":13}}