{"host":"gj3450u0c4def4mj","time":1612149722,"event":{"mods":["2.2 Compatiblity","Act Like it!","BaseMod","Gensokyo","Marisa????????","Minty Spire (QoL Compilation)","StSLib"],"gold_per_floor":[110,130,61,95,123,123,167,167,190,39,79,79,104,104,104,220,220,255,287,287,319,364,411,411,411,437,437,437,437],"floor_reached":28,"language":"ENG","playtime":1978,"items_purged":[],"score":365,"play_id":"f1fed38e-4076-479f-ae3e-ffe1bb8df952","local_time":"20210131222202","is_ascension_mode":true,"campfire_choices":[{"data":"GalacticHalo","floor":6.0,"key":"SMITH"},{"floor":12.0,"key":"REST"},{"floor":15.0,"key":"REST"},{"floor":25,"key":"REST"},{"data":"SatelliteIllusion","floor":27,"key":"SMITH"}],"circlet_count":0,"master_deck":["Strike_MRS","Strike_MRS","Strike_MRS","Defend_MRS","Defend_MRS+1","Defend_MRS","Defend_MRS+1","MasterSpark+1","UpSweep+1","SatelliteIllusion+1","Acceleration","WitchOfGreed","OrrerysSun","GalacticHalo+1","MilkyWay","OrrerysSun","SuperPerseids","OortCloud","MilkyWay","AlicesGift+1","CollectingQuirk","AsteroidBelt"],"relics":["MiniHakkero","War Paint","Art of War","Whetstone","Philosopher\u0027s Stone","Gensokyo:RedStar","Pen Nib","Bottled Lightning","Smiling Mask"],"acts_visited":["Gensokyo:Gensokyo","Gensokyo:Gensokyoer"],"potions_floor_usage":[23,23,23,23,23],"damage_taken":[{"damage":12.0,"enemies":"Gensokyo:Gryphon","floor":1.0,"turns":3.0},{"damage":5.0,"enemies":"Gensokyo:3_Fairies","floor":2.0,"turns":4.0},{"damage":2.0,"enemies":"Gensokyo:Python","floor":4.0,"turns":3.0},{"damage":2.0,"enemies":"Gensokyo:3_Kodama","floor":5.0,"turns":7.0},{"damage":34.0,"enemies":"Gensokyo:Cirno","floor":7.0,"turns":12.0},{"damage":7.0,"enemies":"Gensokyo:Aya","floor":11.0,"turns":6.0},{"damage":0.0,"enemies":"Gensokyo:LivingMonolith","floor":13.0,"turns":3.0},{"damage":0.0,"enemies":"Gensokyo:Reimu","floor":16.0,"turns":10.0},{"damage":18.0,"enemies":"Gensokyo:3_Dogs","floor":18.0,"turns":8.0},{"damage":11.0,"enemies":"Gensokyo:2_Gloops","floor":19.0,"turns":7.0},{"damage":13.0,"enemies":"Gensokyo:Wraith","floor":21.0,"turns":4.0},{"damage":12.0,"enemies":"Gensokyo:Slime_Group","floor":22.0,"turns":8.0},{"damage":39,"enemies":"Gensokyo:Tenshi","floor":23,"turns":7},{"damage":33,"enemies":"Gensokyo:3_Gloops","floor":28,"turns":4}],"seed_played":"-5021943016147586628","potions_obtained":[{"floor":1.0,"key":"ShroomBrew"},{"floor":4.0,"key":"BottledSpark"},{"floor":5.0,"key":"SteroidPotion"},{"floor":5.0,"key":"Fruit Juice"},{"floor":7.0,"key":"DuplicationPotion"},{"floor":7.0,"key":"Swift Potion"},{"floor":11.0,"key":"Block Potion"},{"floor":16.0,"key":"AttackPotion"},{"floor":18.0,"key":"BlessingOfTheForge"},{"floor":21.0,"key":"EntropicBrew"},{"floor":23,"key":"GamblersBrew"}],"is_trial":false,"path_per_floor":["M","M","$","M","M","R","E","?","T","$","E","R","M","?","R","B",null,"M","M","?","M","M","E","T","R","T","R","M"],"character_chosen":"MARISA","items_purchased":["Acceleration","WitchOfGreed","OrrerysSun","SuperPerseids"],"campfire_rested":3,"item_purchase_floors":[3,3,10,10],"current_hp_per_floor":[63,58,58,56,54,54,25,25,25,25,18,42,42,42,66,66,80,62,51,51,38,26,2,2,26,26,26,0,0],"gold":437,"neow_bonus":"ONE_RANDOM_RARE_CARD","is_daily":false,"chose_seed":false,"campfire_upgraded":2,"win_rate":0.0,"timestamp":1612149722,"path_taken":["M","M","$","M","M","R","E","?","T","$","E","R","M","?","R","BOSS","M","M","?","M","?","E","?","R","T","R","?"],"items_purchased_type":["Card","Card","Card","Card"],"build_version":"2020-12-22","purchased_purges":0,"victory":false,"max_hp_per_floor":[75,75,75,75,75,75,80,80,80,80,80,80,80,80,80,80,80,80,80,80,80,80,80,80,80,80,80,80,80],"card_choices":[{"not_picked":["SprinkleStarSeal","PowerUp","FairyDestructionRay"],"picked":"SKIP","floor":1.0},{"not_picked":["OpenUniverse","NonDirectionalLaser","MysteriousBeam"],"picked":"SKIP","floor":2.0},{"not_picked":["IllusionStar","FairyDestructionRay"],"picked":"OrrerysSun","floor":4.0},{"not_picked":["DC","SuperNova"],"picked":"GalacticHalo","floor":5.0},{"not_picked":["MagicChant","ChargeUpSpray"],"picked":"MilkyWay","floor":7.0},{"not_picked":["PowerUp","ManaRampage"],"picked":"OortCloud","floor":11.0},{"not_picked":["PulseMagic","UnstableBomb"],"picked":"MilkyWay","floor":13.0},{"not_picked":["JA","BlazingStar"],"picked":"CollectingQuirk","floor":16.0},{"not_picked":["WitchOfGreed","MachineGunSpark","LuminesStrike+1"],"picked":"SKIP","floor":18.0},{"not_picked":["IllusionStar+1","DragonMeteor","SporeBomb+1"],"picked":"SKIP","floor":19.0},{"not_picked":["PropBag","BlazeAway"],"picked":"AsteroidBelt","floor":21.0},{"not_picked":["MeteoricShower","PowerUp","DoubleSpark"],"picked":"SKIP","floor":22.0},{"not_picked":["StarlightTyphoon","UnstableBomb+1","ShootingEcho"],"picked":"SKIP","floor":23}],"player_experience":44808,"relics_obtained":[{"floor":7.0,"key":"War Paint"},{"floor":9.0,"key":"Art of War"},{"floor":11.0,"key":"Whetstone"},{"floor":23,"key":"Pen Nib"},{"floor":24,"key":"Bottled Lightning"},{"floor":26,"key":"Smiling Mask"}],"event_choices":[],"is_beta":false,"boss_relics":[{"not_picked":["BewitchedHakkero","Runic Dome"],"picked":"Philosopher\u0027s Stone"}],"items_purged_floors":[],"is_endless":false,"potions_floor_spawned":[1,5,7,13,18,22,23],"killed_by":"Gensokyo:3_Gloops","ascension_level":3}}