{"host":"p25bz88bsavvfmyg","time":1612211539,"event":{"mods":["BaseMod","Minty Spire (QoL Compilation)","Permanent Neow","StSLib"],"gold_per_floor":[118,133,144,144,144,170,184,209,209,235,235,215,227,238,238,342,342,358,358,358,374,387,420,420,450,525,525,560,560,587,34,34,137,137,155,205,205,224,243,243,259,291,291,316,316,328,360,376,376,376,376,376,44,70,70],"floor_reached":56,"language":"ENG","playtime":2911,"items_purged":["Strike_B","Defend_B"],"score":1637,"play_id":"c52424d2-2aed-4b18-9d46-8a37f8161a2b","local_time":"20210201213219","is_ascension_mode":true,"campfire_choices":[{"data":"Echo Form","floor":11.0,"key":"SMITH"},{"data":"Zap","floor":15.0,"key":"SMITH"},{"data":"Seek","floor":24.0,"key":"SMITH"},{"data":"Genetic Algorithm","floor":29,"key":"SMITH"},{"floor":32,"key":"REST"},{"data":"Coolheaded","floor":40,"key":"SMITH"},{"data":"Loop","floor":45,"key":"SMITH"},{"floor":49,"key":"RECALL"},{"data":"Biased Cognition","floor":52,"key":"SMITH"}],"circlet_count":0,"master_deck":["Strike_B+1","Defend_B","Defend_B","Defend_B+1","Zap+1","Dualcast","Ball Lightning","Cold Snap","Coolheaded+1","Sweeping Beam","Echo Form+1","Seek+1","Undo","Glacier","Genetic Algorithm+1","Glacier","Biased Cognition+1","Self Repair+1","Blizzard+1","Loop+1","Coolheaded+1","Coolheaded+1","Thunder Strike","Loop+1"],"relics":["Cracked Core","Cables","Nunchaku","HornCleat","Bronze Scales","Ice Cream","Nuclear Battery","Regal Pillow","StoneCalendar","Letter Opener","Ancient Tea Set","Thread and Needle","Sozu","Girya","Anchor","Blue Candle","TungstenRod","Pen Nib","ClockworkSouvenir","Lizard Tail"],"acts_visited":["Exordium","TheCity","TheBeyond","TheEnding"],"potions_floor_usage":[30,33,33,33,55],"damage_taken":[{"damage":0.0,"enemies":"Small Slimes","floor":1.0,"turns":2.0},{"damage":2.0,"enemies":"Jaw Worm","floor":2.0,"turns":3.0},{"damage":0.0,"enemies":"Cultist","floor":3.0,"turns":2.0},{"damage":14.0,"enemies":"Lagavulin","floor":6.0,"turns":5.0},{"damage":7.0,"enemies":"Exordium Thugs","floor":7.0,"turns":4.0},{"damage":9.0,"enemies":"3 Sentries","floor":8.0,"turns":6.0},{"damage":9.0,"enemies":"Lagavulin","floor":10.0,"turns":5.0},{"damage":3.0,"enemies":"3 Louse","floor":13.0,"turns":6.0},{"damage":0.0,"enemies":"Blue Slaver","floor":14.0,"turns":3.0},{"damage":0.0,"enemies":"Hexaghost","floor":16.0,"turns":5.0},{"damage":0.0,"enemies":"Spheric Guardian","floor":18.0,"turns":3.0},{"damage":0.0,"enemies":"3 Byrds","floor":21.0,"turns":3.0},{"damage":0.0,"enemies":"Snake Plant","floor":22.0,"turns":4.0},{"damage":36.0,"enemies":"Slavers","floor":23.0,"turns":6.0},{"damage":39.0,"enemies":"Book of Stabbing","floor":25.0,"turns":5.0},{"damage":0,"enemies":"Gremlin Leader","floor":28,"turns":7},{"damage":32,"enemies":"Slavers","floor":30,"turns":5},{"damage":9,"enemies":"Champ","floor":33,"turns":14},{"damage":6,"enemies":"3 Darklings","floor":35,"turns":4},{"damage":0,"enemies":"Mind Bloom Boss Battle","floor":36,"turns":6},{"damage":0,"enemies":"Orb Walker","floor":38,"turns":4},{"damage":0,"enemies":"Sphere and 2 Shapes","floor":39,"turns":6},{"damage":0,"enemies":"Transient","floor":41,"turns":5},{"damage":26,"enemies":"Reptomancer","floor":42,"turns":7},{"damage":0,"enemies":"Giant Head","floor":44,"turns":10},{"damage":0,"enemies":"Spire Growth","floor":46,"turns":6},{"damage":10,"enemies":"Reptomancer","floor":47,"turns":7},{"damage":0,"enemies":"Maw","floor":48,"turns":7},{"damage":3,"enemies":"Donu and Deca","floor":50,"turns":10},{"damage":5,"enemies":"Shield and Spear","floor":54,"turns":6},{"damage":60,"enemies":"The Heart","floor":55,"turns":14}],"seed_played":"-2767779405370869487","potions_obtained":[{"floor":3.0,"key":"FocusPotion"},{"floor":6.0,"key":"PotionOfCapacity"},{"floor":7.0,"key":"Fruit Juice"},{"floor":12.0,"key":"Regen Potion"},{"floor":13.0,"key":"FairyPotion"},{"floor":16.0,"key":"Swift Potion"},{"floor":28,"key":"Fruit Juice"},{"floor":33,"key":"BlessingOfTheForge"}],"is_trial":false,"path_per_floor":["M","M","M","?","?","E","M","E","T","E","R","?","M","M","R","B",null,"M","?","?","M","M","E","R","E","T","?","E","R","E","$","R","B",null,"M","?","?","M","M","R","M","E","T","E","R","M","E","M","R","B",null,"R","$","E","B",null],"character_chosen":"DEFECT","items_purchased":["Glacier","Thread and Needle","PowerPotion","Block Potion","ClockworkSouvenir","Thunder Strike"],"campfire_rested":1,"item_purchase_floors":[31,31,31,31,53,53],"current_hp_per_floor":[75,73,73,58,51,37,35,26,26,17,17,17,29,29,29,29,80,80,80,80,80,80,44,44,5,5,5,5,5,13,13,53,44,85,79,79,79,79,85,85,85,69,69,79,79,85,85,85,85,85,85,85,85,85,35],"gold":70,"neow_bonus":"REMOVE_CARD","is_daily":false,"chose_seed":false,"campfire_upgraded":7,"win_rate":0.0,"timestamp":1612211539,"path_taken":["M","M","M","?","?","E","M","E","T","E","R","?","M","?","R","BOSS","M","?","?","M","M","E","R","E","T","?","E","R","E","?","R","BOSS","M","?","?","M","M","R","M","E","T","E","R","M","E","M","R","BOSS","R","$","E","BOSS"],"items_purchased_type":["Card","Relic","Potion","Potion","Relic","Card"],"build_version":"2020-12-22","purchased_purges":2,"victory":true,"max_hp_per_floor":[75,75,75,75,75,75,80,80,80,80,80,80,80,80,80,80,80,80,80,80,80,80,80,80,80,80,80,80,80,85,85,85,85,85,85,85,85,85,85,85,85,85,85,85,85,85,85,85,85,85,85,85,85,85,85],"card_choices":[{"not_picked":["Streamline","Conserve Battery"],"picked":"Ball Lightning","floor":1.0},{"not_picked":["Fusion","Turbo"],"picked":"Cold Snap","floor":2.0},{"not_picked":["Gash","Force Field","Redo"],"picked":"SKIP","floor":3.0},{"not_picked":["Go for the Eyes","Hello World"],"picked":"Coolheaded","floor":6.0},{"not_picked":["Steam","Buffer"],"picked":"Sweeping Beam","floor":7.0},{"not_picked":["Scrape","Sweeping Beam"],"picked":"Echo Form","floor":8.0},{"not_picked":["BootSequence","Reprogram","Fusion"],"picked":"SKIP","floor":10.0},{"not_picked":["BootSequence","Reprogram","Fusion"],"picked":"SKIP","floor":10.0},{"not_picked":["FTL","Redo","Skim"],"picked":"SKIP","floor":13.0},{"not_picked":["Streamline","Steam","Cold Snap"],"picked":"SKIP","floor":14.0},{"not_picked":["Amplify","All For One"],"picked":"Seek","floor":16.0},{"not_picked":["Chill","Sweeping Beam"],"picked":"Undo","floor":18.0},{"not_picked":["Static Discharge","Reprogram+1","Streamline+1"],"picked":"SKIP","floor":21.0},{"not_picked":["Turbo+1","Sweeping Beam","FTL+1"],"picked":"SKIP","floor":22.0},{"not_picked":["Reprogram","Gash+1","Hyperbeam"],"picked":"SKIP","floor":23.0},{"not_picked":["Barrage","Conserve Battery"],"picked":"Genetic Algorithm","floor":25.0},{"not_picked":["Steam Power+1","Cold Snap","Thunder Strike"],"picked":"SKIP","floor":28},{"not_picked":["Static Discharge","Sweeping Beam","Hologram"],"picked":"SKIP","floor":30},{"not_picked":["Fission","Core Surge"],"picked":"Biased Cognition","floor":33},{"not_picked":["Cold Snap+1","Leap+1","Compile Driver+1"],"picked":"SKIP","floor":35},{"not_picked":["Rebound","Turbo"],"picked":"Self Repair+1","floor":38},{"not_picked":["Sweeping Beam+1","Melter+1","Go for the Eyes+1"],"picked":"SKIP","floor":39},{"not_picked":["Steam","Barrage+1"],"picked":"Blizzard+1","floor":41},{"not_picked":["Cold Snap","Tempest+1"],"picked":"Loop","floor":42},{"not_picked":["Go for the Eyes+1","Static Discharge+1"],"picked":"Coolheaded+1","floor":44},{"not_picked":["Leap","Streamline+1"],"picked":"Coolheaded+1","floor":46},{"not_picked":["Hyperbeam","Aggregate","Reprogram+1"],"picked":"SKIP","floor":47},{"not_picked":["Rebound","Streamline","Hello World+1"],"picked":"SKIP","floor":48},{"not_picked":["Static Discharge","Go for the Eyes"],"picked":"Loop+1","floor":54}],"player_experience":484466,"relics_obtained":[{"floor":6.0,"key":"Nunchaku"},{"floor":8.0,"key":"HornCleat"},{"floor":9.0,"key":"Bronze Scales"},{"floor":10.0,"key":"Ice Cream"},{"floor":23.0,"key":"Regal Pillow"},{"floor":25.0,"key":"StoneCalendar"},{"floor":28,"key":"Letter Opener"},{"floor":30,"key":"Ancient Tea Set"},{"floor":36,"key":"Girya"},{"floor":42,"key":"Anchor"},{"floor":43,"key":"Blue Candle"},{"floor":44,"key":"TungstenRod"},{"floor":47,"key":"Pen Nib"},{"floor":54,"key":"Lizard Tail"}],"event_choices":[{"damage_healed":0.0,"max_hp_gain":0.0,"max_hp_loss":0.0,"gold_gain":0.0,"event_name":"Shining Light","player_choice":"Entered Light","floor":4.0,"gold_loss":0.0,"damage_taken":15.0,"cards_upgraded":["Defend_B","Strike_B"]},{"damage_healed":0.0,"max_hp_gain":0.0,"max_hp_loss":0.0,"gold_gain":0.0,"event_name":"Scrap Ooze","player_choice":"Success","floor":5.0,"gold_loss":0.0,"damage_taken":7.0,"relics_obtained":["Cables"]},{"damage_healed":0.0,"max_hp_gain":0.0,"max_hp_loss":0.0,"gold_gain":0.0,"event_name":"The Woman in Blue","player_choice":"Bought 1 Potion","floor":12.0,"gold_loss":0.0,"damage_taken":0.0},{"damage_healed":0.0,"max_hp_gain":0.0,"max_hp_loss":0.0,"gold_gain":0.0,"event_name":"Ghosts","player_choice":"Ignored","floor":19.0,"gold_loss":0.0,"damage_taken":0.0},{"damage_healed":0.0,"max_hp_gain":0.0,"max_hp_loss":0.0,"gold_gain":0.0,"event_name":"The Library","player_choice":"Read","floor":20.0,"gold_loss":0.0,"damage_taken":0.0,"cards_obtained":["Glacier"]},{"cards_removed":["Strike_B"],"damage_healed":0.0,"max_hp_gain":0.0,"max_hp_loss":0.0,"gold_gain":0.0,"event_name":"Back to Basics","player_choice":"Elegance","floor":27.0,"gold_loss":0.0,"damage_taken":0.0},{"damage_healed":0,"gold_gain":0,"player_choice":"Fight","damage_taken":0,"max_hp_gain":0,"max_hp_loss":0,"event_name":"MindBloom","floor":36,"gold_loss":0},{"damage_healed":0,"gold_gain":0,"player_choice":"Memory 1","damage_taken":0,"max_hp_gain":0,"max_hp_loss":0,"event_name":"SensoryStone","floor":37,"gold_loss":0}],"is_beta":false,"boss_relics":[{"not_picked":["Philosopher\u0027s Stone","Snecko Eye"],"picked":"Nuclear Battery"},{"not_picked":["Astrolabe","FrozenCore"],"picked":"Sozu"}],"items_purged_floors":[31,53],"is_endless":false,"potions_floor_spawned":[3,6,7,13,16,23,28,33,35,39,46,48],"ascension_level":4}}