{"host":"5jyeqch4fosnsiz2","time":1612149024,"event":{"mods":["BaseMod","Bestiary","Colored Map","Colored Powertips","Filter the Spire","Minty Spire (QoL Compilation)","Relic Stats","StSLib","Waifu the Spire","ojb\u0027s Better Paths Mod","ojb\u0027s Info Mod"],"gold_per_floor":[116,116,131,206,206,206,237,250,273,273,284,284,249,260,260,356,356,369,384,384,395,0,26,26,59,59,70,70,70,82,82,82,82,82],"floor_reached":33,"language":"ENG","playtime":963,"items_purged":["Strike_R"],"score":360,"play_id":"3f439811-8a74-4e71-8dd9-c4c8cdbbff4d","local_time":"20210131221024","is_ascension_mode":false,"campfire_choices":[{"data":"Feel No Pain","floor":6,"key":"SMITH"},{"data":"Flame Barrier","floor":10,"key":"SMITH"},{"data":"Seeing Red","floor":12,"key":"SMITH"},{"data":"Metallicize","floor":15,"key":"SMITH"},{"data":"Juggernaut","floor":24,"key":"SMITH"},{"data":"Impervious","floor":28,"key":"SMITH"},{"data":"Fiend Fire","floor":32,"key":"SMITH"}],"circlet_count":0,"master_deck":["Strike_R","Strike_R","Strike_R","Strike_R","Defend_R","Defend_R","Defend_R","Bash","Feel No Pain+1","Fiend Fire+1","Flame Barrier+1","Seeing Red+1","Metallicize+1","Impervious+1","Twin Strike","Intimidate","Dark Embrace","Juggernaut+1","Havoc","Shrug It Off","Sentinel","Rage","Rage","Writhe","Body Slam+1","Decay"],"relics":["Runic Dome","Pen Nib","Red Skull","Coffee Dripper","TungstenRod","Happy Flower","Ginger","InkBottle","Frozen Egg 2"],"acts_visited":["Exordium","TheCity"],"potions_floor_usage":[8,16,21,23,33],"damage_taken":[{"damage":7,"enemies":"Cultist","floor":1,"turns":5},{"damage":0,"enemies":"Small Slimes","floor":3,"turns":4},{"damage":21,"enemies":"Lagavulin","floor":7,"turns":6},{"damage":6,"enemies":"Jaw Worm","floor":8,"turns":2},{"damage":8,"enemies":"Lots of Slimes","floor":11,"turns":3},{"damage":8,"enemies":"Large Slime","floor":14,"turns":5},{"damage":0,"enemies":"Hexaghost","floor":16,"turns":7},{"damage":0,"enemies":"3 Byrds","floor":18,"turns":4},{"damage":0,"enemies":"Chosen","floor":19,"turns":5},{"damage":0,"enemies":"Sentry and Sphere","floor":21,"turns":4},{"damage":0,"enemies":"Book of Stabbing","floor":23,"turns":6},{"damage":73,"enemies":"Gremlin Leader","floor":25,"turns":8},{"damage":0,"enemies":"Cultist and Chosen","floor":27,"turns":4},{"damage":0,"enemies":"Shelled Parasite and Fungi","floor":30,"turns":3},{"damage":9,"enemies":"Collector","floor":33,"turns":3}],"seed_played":"1674276817965100940","potions_obtained":[{"floor":3,"key":"ElixirPotion"},{"floor":7,"key":"AttackPotion"},{"floor":14,"key":"AttackPotion"},{"floor":16,"key":"Energy Potion"},{"floor":21,"key":"FearPotion"},{"floor":23,"key":"Ancient Potion"},{"floor":25,"key":"ColorlessPotion"}],"is_trial":false,"path_per_floor":["M","?","M","?","?","R","E","M","T","R","M","R","?","M","R","B",null,"M","M","?","M","$","E","R","E","T","M","R","?","M","?","R","B"],"character_chosen":"IRONCLAD","items_purchased":["TungstenRod","Shrug It Off"],"campfire_rested":0,"item_purchase_floors":[22,22],"current_hp_per_floor":[73,73,73,62,55,55,34,28,28,28,20,20,40,32,32,32,80,80,80,80,80,80,80,80,7,7,7,7,7,7,7,7,0,0],"gold":82,"neow_bonus":"BOSS_RELIC","is_daily":false,"chose_seed":false,"campfire_upgraded":7,"win_rate":0.0,"timestamp":1612149024,"path_taken":["M","?","?","?","?","R","E","M","T","R","M","R","?","M","R","BOSS","M","M","?","M","$","E","R","E","T","?","R","?","M","?","R","BOSS"],"items_purchased_type":["Relic","Card"],"build_version":"2020-12-22","purchased_purges":1,"victory":false,"max_hp_per_floor":[80,80,80,80,80,80,80,80,80,80,80,80,80,80,80,80,80,80,80,80,80,80,80,80,80,80,80,80,80,80,80,80,80,80],"relic_stats":{"Happy Flower":[6],"counters":[15,69],"Pen Nib":[9],"Ginger":[0],"obtain_stats":[{"Runic Dome":0,"Happy Flower":23,"Pen Nib":2,"Coffee Dripper":17,"Ginger":25,"Frozen Egg 2":29,"Burning Blood":0,"Red Skull":7,"TungstenRod":22,"InkBottle":26},{"Runic Dome":0,"Happy Flower":11,"Pen Nib":1,"Coffee Dripper":7,"Ginger":12,"Frozen Egg 2":13,"Burning Blood":0,"Red Skull":3,"TungstenRod":10,"InkBottle":12},{"Runic Dome":0,"Happy Flower":51,"Pen Nib":5,"Coffee Dripper":32,"Ginger":59,"Frozen Egg 2":63,"Burning Blood":0,"Red Skull":15,"TungstenRod":45,"InkBottle":59}],"TungstenRod":14,"InkBottle":[5]},"card_choices":[{"not_picked":["Body Slam","Burning Pact"],"picked":"Thunderclap","floor":1},{"not_picked":["Warcry","Infernal Blade"],"picked":"Feel No Pain","floor":3},{"not_picked":["Dual Wield","Clash"],"picked":"Fiend Fire","floor":7},{"not_picked":["Havoc","Headbutt"],"picked":"Flame Barrier","floor":8},{"not_picked":["Shrug It Off","Sentinel"],"picked":"Seeing Red","floor":11},{"not_picked":["Armaments","Havoc"],"picked":"Metallicize","floor":14},{"not_picked":["Fiend Fire","Exhume"],"picked":"Impervious","floor":16},{"not_picked":["Clothesline","Disarm"],"picked":"Twin Strike","floor":18},{"not_picked":["Sword Boomerang","Flex"],"picked":"Intimidate","floor":19},{"not_picked":["Limit Break","Shrug It Off"],"picked":"Havoc","floor":21},{"not_picked":["Flex","Fiend Fire"],"picked":"Sentinel","floor":23},{"not_picked":["Sentinel+1","Heavy Blade"],"picked":"Rage","floor":25},{"not_picked":["Twin Strike","Clash"],"picked":"Rage","floor":27},{"not_picked":["Fire Breathing+1","Rampage"],"picked":"Body Slam+1","floor":30}],"player_experience":354212,"relics_obtained":[{"floor":7,"key":"Red Skull"},{"floor":23,"key":"Happy Flower"},{"floor":25,"key":"Ginger"},{"floor":26,"key":"InkBottle"}],"event_choices":[{"cards_removed":["Thunderclap"],"damage_healed":0,"gold_gain":0,"player_choice":"Gave Card","damage_taken":0,"relics_obtained":["Pen Nib"],"max_hp_gain":0,"max_hp_loss":0,"event_name":"WeMeetAgain","floor":2,"gold_loss":0},{"damage_healed":0,"gold_gain":75,"player_choice":"Gather Gold","damage_taken":11,"max_hp_gain":0,"max_hp_loss":0,"event_name":"World of Goop","floor":4,"gold_loss":0},{"cards_removed":["Defend_R"],"damage_healed":0,"gold_gain":0,"player_choice":"Card Removal","damage_taken":7,"max_hp_gain":0,"max_hp_loss":0,"event_name":"Golden Wing","floor":5,"gold_loss":0},{"damage_healed":20,"gold_gain":0,"player_choice":"Healed","damage_taken":0,"max_hp_gain":0,"max_hp_loss":0,"event_name":"The Cleric","floor":13,"gold_loss":35},{"damage_healed":0,"gold_gain":0,"player_choice":"2 cards matched","damage_taken":0,"max_hp_gain":0,"max_hp_loss":0,"event_name":"Match and Keep!","floor":20,"gold_loss":0,"cards_obtained":["Dark Embrace","Juggernaut"]},{"damage_healed":0,"gold_gain":0,"player_choice":"Opened","damage_taken":0,"relics_obtained":["Frozen Egg 2"],"max_hp_gain":0,"max_hp_loss":0,"event_name":"The Mausoleum","floor":29,"gold_loss":0,"cards_obtained":["Writhe"]},{"damage_healed":0,"gold_gain":0,"player_choice":"Smashed Altar","damage_taken":0,"max_hp_gain":0,"max_hp_loss":0,"event_name":"Forgotten Altar","floor":31,"gold_loss":0,"cards_obtained":["Decay"]}],"is_beta":false,"boss_relics":[{"not_picked":["Tiny House","Calling Bell"],"picked":"Coffee Dripper"}],"items_purged_floors":[22],"is_endless":false,"potions_floor_spawned":[3,7,14,16,21,23,25],"killed_by":"Collector","ascension_level":0}}