{"host":"2q4w55ev63ot6isg","time":1612202400,"event":{"mods":["Aspiration","BaseMod","Downfall","Hubris","Marisa????????","Minty Spire (QoL Compilation)","Replay The Spire","StSLib","The Cursed","The Jungle","The Servant 0.9.4"],"gold_per_floor":[111,125,138,138,157,157,157,174,221,248,248,275,50,15,15,113,113,113,113],"floor_reached":18,"language":"ENG","playtime":579,"items_purged":["Strike_G"],"score":196,"play_id":"af486d9c-b5d2-46bf-ad61-b99a0bfd4da6","local_time":"20210201100000","is_ascension_mode":true,"campfire_choices":[{"data":"Draining Mist","floor":6,"key":"SMITH"},{"data":"Finisher","floor":11,"key":"SMITH"},{"floor":15,"key":"REST"}],"circlet_count":0,"master_deck":["Strike_G","Strike_G","Strike_G","Strike_G","Defend_G","Defend_G+1","Defend_G","Defend_G+1","Defend_G","Survivor","Neutralize","Dagger Throw+1","Draining Mist+1","Sneak Up+1","hubris:NaturalOne","Underhanded Strike","Finisher+1","Blade Dance","Replay:Poison Smokescreen+1","Venomology"],"relics":["hubris:GrandSneckoEye","hubris:Icosahedron","War Paint","hubris:CrystalStatue","Incense Burner","Guide Book","Replay:Bronze Core"],"acts_visited":["Exordium","TheCity"],"potions_floor_usage":[10,10,16],"damage_taken":[{"damage":5,"enemies":"Small Slimes","floor":1,"turns":4},{"damage":0,"enemies":"Jaw Worm","floor":2,"turns":3},{"damage":1,"enemies":"2 Louse","floor":3,"turns":2},{"damage":18,"enemies":"Exordium Thugs","floor":5,"turns":4},{"damage":0,"enemies":"2 Fungi Beasts","floor":8,"turns":2},{"damage":3,"enemies":"Lagavulin","floor":10,"turns":6},{"damage":12,"enemies":"3 Sentries","floor":12,"turns":5},{"damage":22,"enemies":"Hexaghost","floor":16,"turns":7},{"damage":74,"enemies":"Chosen","floor":18,"turns":6}],"seed_played":"6769184304727568963","potions_obtained":[{"floor":1,"key":"DuplicationPotion"},{"floor":3,"key":"AttackPotion"},{"floor":8,"key":"Adrenaline Potion"},{"floor":10,"key":"Strength Potion"}],"is_trial":false,"path_per_floor":["M","M","M","?","M","R","?","M","T","E","R","E","$","?","R","B",null,"M"],"character_chosen":"THE_SILENT","items_purchased":["Guide Book"],"campfire_rested":1,"item_purchase_floors":[13],"current_hp_per_floor":[65,65,64,64,46,46,46,46,46,43,43,31,31,48,69,47,70,0,0],"gold":113,"neow_bonus":"BOSS_RELIC","is_daily":false,"chose_seed":false,"campfire_upgraded":2,"win_rate":0.0,"timestamp":1612202400,"path_taken":["M","M","M","?","M","R","?","M","T","E","R","E","$","?","R","BOSS","M"],"items_purchased_type":["Relic"],"build_version":"2020-12-22","purchased_purges":1,"victory":false,"max_hp_per_floor":[70,70,70,70,70,70,70,70,70,70,70,70,70,70,70,70,70,70,70],"card_choices":[{"not_picked":["Masterful Stab","Dagger Spray"],"picked":"Dagger Throw","floor":1},{"not_picked":["Setup","Concentrate"],"picked":"Draining Mist","floor":2},{"not_picked":["Sucker Punch","Flying Knee"],"picked":"Sneak Up","floor":3},{"not_picked":["Acrobatics","Dagger Spray"],"picked":"Underhanded Strike","floor":5},{"not_picked":["Deadly Poison","Outmaneuver"],"picked":"Finisher","floor":8},{"not_picked":["Toxin Wave","Skewer"],"picked":"Blade Dance","floor":10},{"not_picked":["Wraith Form v2","Predator"],"picked":"Replay:Poison Smokescreen","floor":12},{"not_picked":["Grand Finale","Glass Knife"],"picked":"Venomology","floor":16}],"player_experience":200356,"relics_obtained":[{"floor":9,"key":"War Paint"},{"floor":10,"key":"hubris:CrystalStatue"},{"floor":12,"key":"Incense Burner"}],"event_choices":[{"damage_healed":0,"gold_gain":0,"player_choice":"Grow","damage_taken":0,"max_hp_gain":0,"max_hp_loss":0,"event_name":"Living Wall","floor":7,"gold_loss":0,"cards_upgraded":["Sneak Up"]},{"damage_healed":17,"gold_gain":0,"player_choice":"Healed","damage_taken":0,"max_hp_gain":0,"max_hp_loss":0,"event_name":"The Cleric","floor":14,"gold_loss":35}],"is_beta":false,"boss_relics":[{"not_picked":["aspiration:FutureDiary","aspiration:MarisaSkillbook"],"picked":"Replay:Bronze Core"}],"items_purged_floors":[13],"is_endless":false,"potions_floor_spawned":[1,3,8,10],"killed_by":"Chosen","ascension_level":3}}