{"host":"f76wcztdlwlduum6","time":1612139346,"event":{"mods":["AchievementEnabler","BaseMod","BetterRewards","Colored Powertips","Downfall","Minty Spire (QoL Compilation)","Quick Restart","Rare Cards Sparkle","Relic Stats","StSLib","SuperFastMode","everything is the same but u backflip on backflip"],"gold_per_floor":[99,112,112,112,128,128,128,143,318,333,353,353,353,369,379,476,476,476,487,498,516,535,569,594,594,119,19,37,187,198,209,225,327,327,227,243,632,647,7,34,34,78,78,78,78,87,5,44,55,55,55,96,68,68,68,68],"floor_reached":57,"language":"ENG","playtime":13389,"items_purged":["Strike_R","Guardian:Defend_Guardian+1"],"score":1375,"play_id":"a0cace8f-d53b-4293-a08b-73756f3c1b4f","local_time":"20210131182906","is_ascension_mode":false,"campfire_choices":[{"floor":1,"key":"RECALL"},{"data":"Guardian:TwinSlam","floor":6,"key":"SMITH"},{"data":"Guardian:FloatingOrbs","floor":13,"key":"SMITH"},{"data":"Guardian:DecasProtection","floor":18,"key":"SMITH"},{"data":"Guardian:FuturePlans","floor":27,"key":"SMITH"},{"data":"Guardian:CompilePackage","floor":35,"key":"SMITH"},{"data":"Guardian:Clone","floor":47,"key":"SMITH"},{"data":"Guardian:PrismaticBarrier","floor":54,"key":"SMITH"}],"circlet_count":0,"master_deck":["Guardian:CurlUp+1","Guardian:TwinSlam+1","Guardian:TwinSlam+1","Guardian:PiercingHide+1","Guardian:Clone+1","Guardian:FierceBash+1","Guardian:TimeBomb+1","Guardian:Suspension+1","Guardian:DecasProtection+1","Guardian:FloatingOrbs+1","Guardian:ChargeCore+1","Guardian:Clone+1","Guardian:Clone+1","Guardian:Clone+1","Guardian:StasisEngine","Guardian:TemporalShield+1","Guardian:PiercingHide+1","Guardian:ShieldCharger","Guardian:StasisField+1","Guardian:FuturePlans+1","Guardian:PrismaticBarrier+1","Guardian:Preprogram+1","Guardian:ShieldCharger+1","Guardian:CompilePackage+1","Guardian:PrismaticBarrier+1","Guardian:StasisField+1","Guardian:StasisField","Guardian:TimeCapacitor+1","Guardian:TimeCapacitor+1","Guardian:TimeCapacitor+1","expansioncontent:Hexaburn","Guardian:Gem_Green","Guardian:SpikerProtocol+1","Guardian:Gem_Lightblue"],"relics":["Guardian:ModeShifter","Juzu Bracelet","Prayer Wheel","Singing Bowl","DollysMirror","Orrery","Mercury Hourglass","Whetstone","expansioncontent:StudyCardRelic","StrikeDummy","Lee\u0027s Waffle","StoneCalendar","The Courier","Happy Flower","Centennial Puzzle","downfall:HeartBlessingGreen","Empty Cage","downfall:HeartBlessingRed","hexamod:CandleOfCauterizing","CeramicFish","Slimebound:PreparedRelic","Akabeko","Bottled Tornado","downfall:TeleportStone","Mummified Hand","Unceasing Top","downfall:HeartBlessingBlue","Nunchaku","Letter Opener","War Paint","Medical Kit"],"acts_visited":["Exordium","TheCity","TheBeyond","TheEnding"],"potions_floor_usage":[23,33,37,52,56],"damage_taken":[{"damage":0,"enemies":"Cultist","floor":2,"turns":4},{"damage":11,"enemies":"Jaw Worm","floor":5,"turns":5},{"damage":0,"enemies":"Small Slimes","floor":8,"turns":3},{"damage":14,"enemies":"Exordium Thugs","floor":10,"turns":5},{"damage":11,"enemies":"Lots of Slimes","floor":11,"turns":3},{"damage":11,"enemies":"Exordium Wildlife","floor":14,"turns":4},{"damage":0,"enemies":"3 Louse","floor":15,"turns":3},{"damage":27,"enemies":"IC_STATUS_ARCHETYPE","floor":16,"turns":11},{"damage":27,"enemies":"Spheric Guardian","floor":19,"turns":4},{"damage":19,"enemies":"3 Byrds","floor":20,"turns":5},{"damage":20,"enemies":"Shelled Parasite and Fungi","floor":21,"turns":4},{"damage":11,"enemies":"Centurion and Healer","floor":22,"turns":4},{"damage":30,"enemies":"Book of Stabbing","floor":23,"turns":5},{"damage":0,"enemies":"downfall:FleeingMerchant","floor":26,"turns":4},{"damage":0,"enemies":"Sentry and Sphere","floor":28,"turns":4},{"damage":0,"enemies":"Shelled Parasite and Fungi","floor":30,"turns":3},{"damage":15,"enemies":"Snake Plant","floor":31,"turns":4},{"damage":10,"enemies":"Centurion and Healer","floor":32,"turns":7},{"damage":39,"enemies":"DF_ARCHETYPE_CLAW","floor":33,"turns":8},{"damage":18,"enemies":"3 Darklings","floor":36,"turns":7},{"damage":0,"enemies":"downfall:FleeingMerchant","floor":37,"turns":4},{"damage":18,"enemies":"3 Shapes","floor":38,"turns":3},{"damage":0,"enemies":"downfall:FleeingMerchant","floor":39,"turns":4},{"damage":10,"enemies":"3 Darklings","floor":40,"turns":6},{"damage":1,"enemies":"Writhing Mass","floor":42,"turns":5},{"damage":21,"enemies":"Reptomancer","floor":48,"turns":6},{"damage":3,"enemies":"4 Shapes","floor":49,"turns":5},{"damage":17,"enemies":"SI_POISON_ARCHETYPE","floor":50,"turns":6},{"damage":0,"enemies":"downfall:CharBossMerchant","floor":52,"turns":8},{"damage":87,"enemies":"downfall:NeowBoss","floor":55,"turns":15},{"damage":74,"enemies":"downfall:NeowBossFinal","floor":56,"turns":12}],"seed_played":"-3800599399653649651","potions_obtained":[{"floor":8,"key":"AttackPotion"},{"floor":10,"key":"EssenceOfSteel"},{"floor":11,"key":"SteroidPotion"},{"floor":33,"key":"Block Potion"},{"floor":40,"key":"SpeedPotion"},{"floor":49,"key":"Swift Potion"}],"is_trial":false,"path_per_floor":["R","M","?","?","M","R","T","M","?","M","M","?","R","M","M","B",null,"R","M","M","M","M","E","T","?","$","R","M","?","M","M","M","B",null,"R","M","$","M","$","M","T","M","?","E","?","?","R","E","M","B",null,"E","$","R","B","B",null],"character_chosen":"GUARDIAN","items_purchased":["Lee\u0027s Waffle","StoneCalendar","Guardian:FuturePlans","Happy Flower","War Paint","DistilledChaos","Centennial Puzzle","hexamod:CandleOfCauterizing","Guardian:StasisField","CeramicFish","Slimebound:PreparedRelic","Akabeko","Guardian:Gem_Lightblue"],"campfire_rested":0,"item_purchase_floors":[26,26,26,26,26,26,26,37,39,39,39,39,53],"current_hp_per_floor":[88,88,88,88,77,87,87,87,87,73,62,67,67,58,62,35,109,109,84,67,51,42,12,12,12,126,126,126,126,126,111,103,64,128,128,112,114,100,102,94,94,97,97,97,97,91,101,80,81,64,162,162,162,162,75,11],"gold":68,"neow_bonus":"TEN_PERCENT_HP_BONUS","is_daily":false,"chose_seed":false,"campfire_upgraded":7,"win_rate":0.0,"timestamp":1612139346,"path_taken":["R","M","?","?","M","R","T","M","?","M","M","?","R","M","M","BOSS","R","M","M","M","M","E","T","?","?","R","M","?","M","M","M","BOSS","R","M","?","M","$","M","T","M","?","E","?","?","R","E","M","BOSS","E","$","R","BOSS","BOSS"],"items_purchased_type":["Relic","Relic","Card","Relic","Relic","Potion","Relic","Relic","Card","Relic","Relic","Relic","Card"],"build_version":"2020-12-22","purchased_purges":2,"victory":true,"max_hp_per_floor":[88,88,88,88,88,98,98,98,98,98,98,103,103,105,109,109,109,109,111,113,117,119,119,119,119,126,126,126,126,126,126,128,128,128,128,130,132,136,138,140,140,144,144,144,144,148,158,158,162,162,162,162,162,162,162,162],"relic_stats":{"Lee\u0027s Waffle":114,"Singing Bowl":52,"Happy Flower":[36],"counters":[32,172],"CeramicFish":90,"StoneCalendar":[289],"Juzu Bracelet":3,"Whetstone":["Guardian:Strike_Guardian","Guardian:FierceBash","Guardian:TwinSlam","Guardian:ChargeCore"],"Letter Opener":[235],"War Paint":["Guardian:Suspension","Guardian:PiercingHide","Guardian:Clone","Guardian:TimeBomb","Guardian:CurlUp","Guardian:Defend_Guardian","Guardian:StasisField","Guardian:ShieldCharger","Guardian:StasisField","Guardian:PrismaticBarrier"],"Medical Kit":[9],"Mercury Hourglass":[612],"Centennial Puzzle":[36],"Nunchaku":[8],"Mummified Hand":[90],"Prayer Wheel":19,"obtain_stats":[{"Singing Bowl":6,"CeramicFish":39,"StoneCalendar":26,"downfall:HeartBlessingGreen":27,"downfall:TeleportStone":45,"Juzu Bracelet":0,"expansioncontent:StudyCardRelic":17,"Whetstone":15,"Bottled Tornado":44,"Empty Cage":34,"Centennial Puzzle":26,"Nunchaku":48,"DollysMirror":6,"Mummified Hand":46,"downfall:HeartBlessingBlue":47,"Prayer Wheel":2,"Guardian:BottledAnomaly":2,"Lee\u0027s Waffle":26,"hexamod:CandleOfCauterizing":37,"Happy Flower":26,"downfall:HeartBlessingRed":35,"Guardian:ModeShifter":0,"Circlet":2,"The Courier":26,"Letter Opener":52,"War Paint":24,"Medical Kit":55,"Akabeko":39,"Mercury Hourglass":7,"Orrery":6,"Slimebound:PreparedRelic":39,"StrikeDummy":23,"Unceasing Top":46},{"Singing Bowl":2,"CeramicFish":23,"StoneCalendar":14,"downfall:HeartBlessingGreen":14,"downfall:TeleportStone":26,"Juzu Bracelet":0,"expansioncontent:StudyCardRelic":8,"Whetstone":7,"Bottled Tornado":26,"Empty Cage":19,"Centennial Puzzle":14,"Nunchaku":27,"DollysMirror":2,"Mummified Hand":26,"downfall:HeartBlessingBlue":26,"Prayer Wheel":1,"Guardian:BottledAnomaly":1,"Lee\u0027s Waffle":14,"hexamod:CandleOfCauterizing":21,"Happy Flower":14,"downfall:HeartBlessingRed":19,"Guardian:ModeShifter":0,"Circlet":1,"The Courier":14,"Letter Opener":30,"War Paint":13,"Medical Kit":31,"Akabeko":23,"Mercury Hourglass":2,"Orrery":2,"Slimebound:PreparedRelic":23,"StrikeDummy":13,"Unceasing Top":26},{"Singing Bowl":9,"CeramicFish":106,"StoneCalendar":62,"downfall:HeartBlessingGreen":62,"downfall:TeleportStone":120,"Juzu Bracelet":0,"expansioncontent:StudyCardRelic":36,"Whetstone":24,"Bottled Tornado":120,"Empty Cage":88,"Centennial Puzzle":62,"Nunchaku":126,"DollysMirror":9,"Mummified Hand":120,"downfall:HeartBlessingBlue":120,"Prayer Wheel":4,"Guardian:BottledAnomaly":4,"Lee\u0027s Waffle":62,"hexamod:CandleOfCauterizing":99,"Happy Flower":62,"downfall:HeartBlessingRed":88,"Guardian:ModeShifter":0,"Circlet":4,"The Courier":62,"Letter Opener":145,"War Paint":58,"Medical Kit":158,"Akabeko":106,"Mercury Hourglass":9,"Orrery":9,"Slimebound:PreparedRelic":106,"StrikeDummy":58,"Unceasing Top":120}],"Unceasing Top":[10]},"card_choices":[{"not_picked":["Guardian:RollAttack","Guardian:TemporalStrike","Guardian:PrimingBeam"],"picked":"SKIP","floor":2},{"not_picked":["Guardian:RollAttack","Guardian:TemporalStrike","Guardian:PrimingBeam"],"picked":"SKIP","floor":2},{"not_picked":["Guardian:Reroute","Guardian:BronzeArmor"],"picked":"Guardian:Gem_White","floor":5},{"not_picked":["Guardian:Gem_White","Guardian:ShieldCharger"],"picked":"Guardian:Gem_Synthetic","floor":5},{"not_picked":["Guardian:Orbwalk","Guardian:RollAttack","Guardian:ArmoredProtocol"],"picked":"Singing Bowl","floor":6},{"not_picked":["Guardian:Harden","Guardian:Incinerate"],"picked":"Guardian:Gem_Cyan","floor":6},{"not_picked":["Guardian:Suspension","Guardian:Gem_Lightblue"],"picked":"Guardian:Gem_Cyan","floor":6},{"not_picked":["Guardian:SphericShield","Guardian:TemporalStrike","Guardian:CrystalBeam"],"picked":"Singing Bowl","floor":6},{"not_picked":["Guardian:Orbwalk","Guardian:RollAttack","Guardian:ArmoredProtocol"],"picked":"Singing Bowl","floor":6},{"not_picked":["Guardian:Harden","Guardian:Incinerate"],"picked":"Guardian:Gem_Cyan","floor":6},{"not_picked":["Guardian:Suspension","Guardian:Gem_Lightblue"],"picked":"Guardian:Gem_Cyan","floor":6},{"not_picked":["Guardian:SphericShield","Guardian:TemporalStrike","Guardian:CrystalBeam"],"picked":"Singing Bowl","floor":6},{"not_picked":["Guardian:Recover","Guardian:TemporalShield"],"picked":"Guardian:Gem_Blue","floor":6},{"not_picked":["Guardian:RefractedBeam","Guardian:WalkerClaw"],"picked":"Guardian:PiercingHide","floor":6},{"not_picked":["Guardian:Emergency","Guardian:Recover","Guardian:Planning"],"picked":"Singing Bowl","floor":6},{"not_picked":["Guardian:ArmoredProtocol","Guardian:WalkerClaw"],"picked":"Guardian:Clone","floor":6},{"not_picked":["Guardian:Gem_Yellow","Guardian:Gem_Fragmented"],"picked":"Guardian:Clone","floor":8},{"not_picked":["Guardian:Gem_Red","Guardian:Gem_Crimson"],"picked":"Guardian:FierceBash","floor":8},{"not_picked":["Guardian:Gem_Yellow","Guardian:Harden"],"picked":"Guardian:TimeBomb","floor":10},{"not_picked":["Guardian:Gem_Lightblue","Guardian:RollAttack"],"picked":"Guardian:Suspension","floor":10},{"not_picked":["Guardian:PiercingHide","Guardian:Recover"],"picked":"Guardian:DecasProtection","floor":11},{"not_picked":["Guardian:Gem_Green","Guardian:PiercingHide"],"picked":"Guardian:FloatingOrbs","floor":11},{"not_picked":["Guardian:WalkerClaw","Guardian:Recover","Guardian:BodySlam"],"picked":"Singing Bowl","floor":14},{"not_picked":["Guardian:BodySlam","Guardian:Incinerate"],"picked":"Guardian:ChargeCore","floor":14},{"not_picked":["Guardian:TemporalStrike","Guardian:Gem_Synthetic","Guardian:Gem_Red"],"picked":"Singing Bowl","floor":15},{"not_picked":["Guardian:TemporalShield","Guardian:Gem_Red","Guardian:Emergency"],"picked":"Singing Bowl","floor":15},{"not_picked":["Guardian:Gem_Synthetic","Guardian:StasisStrike"],"picked":"Guardian:StasisEngine","floor":16},{"not_picked":["Guardian:Suspension","Guardian:CrystalBeam+1"],"picked":"Guardian:Gem_White","floor":19},{"not_picked":["Guardian:Incinerate","Guardian:Suspension","Guardian:TemporalStrike"],"picked":"Singing Bowl","floor":19},{"not_picked":["Guardian:GatlingBeam","Guardian:VentSteam"],"picked":"Guardian:TemporalShield+1","floor":20},{"not_picked":["Guardian:CrystalBeam","Guardian:Gem_Red","Guardian:Repulse"],"picked":"Singing Bowl","floor":20},{"not_picked":["Guardian:Suspension","Guardian:Incinerate","Guardian:RollAttack+1"],"picked":"Singing Bowl","floor":21},{"not_picked":["Guardian:Gem_Crimson","Guardian:Recover","Guardian:Orbwalk"],"picked":"Singing Bowl","floor":21},{"not_picked":["Guardian:Gem_Red","Guardian:Planning+1"],"picked":"Guardian:PiercingHide+1","floor":22},{"not_picked":["Guardian:ChargeCore+1","Guardian:Orbwalk","Guardian:Gem_Green"],"picked":"Singing Bowl","floor":22},{"not_picked":["Guardian:SpikerProtocol","Guardian:MultiBeam+1"],"picked":"Guardian:ShieldCharger","floor":23},{"not_picked":["Guardian:ChargeCore","Guardian:Reroute"],"picked":"Guardian:StasisField","floor":26},{"not_picked":["Guardian:Gem_Green","Guardian:Incinerate"],"picked":"Guardian:PrismaticBarrier","floor":28},{"not_picked":["Guardian:WalkerClaw","Guardian:Gem_Red"],"picked":"Guardian:Gem_Purple","floor":28},{"not_picked":["Guardian:TemporalStrike","Guardian:Planning"],"picked":"Guardian:Preprogram+1","floor":30},{"not_picked":["Guardian:Suspension","Guardian:EvasiveProtocol"],"picked":"Guardian:Gem_Red","floor":30},{"not_picked":["Guardian:ArmoredProtocol","Guardian:Planning"],"picked":"Guardian:SentryBeam","floor":31},{"not_picked":["Guardian:Recover+1","Guardian:PrimingBeam"],"picked":"Guardian:ShieldCharger","floor":31},{"not_picked":["Guardian:Gem_Synthetic","Guardian:Recover","Guardian:Gem_Blue"],"picked":"Singing Bowl","floor":32},{"not_picked":["Guardian:Gem_Red","Guardian:TemporalShield"],"picked":"Guardian:Gem_Cyan","floor":32},{"not_picked":["Guardian:ExploitGems","Guardian:FierceBash"],"picked":"Guardian:CompilePackage","floor":33},{"not_picked":["Guardian:Suspension+1","Guardian:Gem_Lightblue","Guardian:Gem_Red"],"picked":"Singing Bowl","floor":36},{"not_picked":["Guardian:Gem_Crimson","Guardian:Gem_Lightblue"],"picked":"Guardian:Gem_Cyan","floor":36},{"not_picked":["Guardian:Gem_Red","Guardian:PiercingHide+1","Guardian:TemporalStrike+1"],"picked":"Singing Bowl","floor":37},{"not_picked":["Guardian:ShieldCharger","Guardian:SentryBeam+1","Guardian:Gem_Crimson"],"picked":"Singing Bowl","floor":38},{"not_picked":["Guardian:ShieldCharger+1","Guardian:TemporalStrike+1","Guardian:PrismaticBeam"],"picked":"Singing Bowl","floor":38},{"not_picked":["Guardian:Emergency","Guardian:Incinerate+1","Guardian:FuturePlans"],"picked":"Singing Bowl","floor":39},{"not_picked":["Guardian:RollAttack","Guardian:Incinerate+1"],"picked":"Guardian:StasisField","floor":40},{"not_picked":["Guardian:WalkerClaw+1","Guardian:ChargeCore+1","Guardian:TimeBomb+1"],"picked":"Singing Bowl","floor":40},{"not_picked":["Guardian:VentSteam","Guardian:PrimingBeam","Guardian:Gem_Crimson"],"picked":"Singing Bowl","floor":42},{"not_picked":["Guardian:ShieldCharger","Guardian:Emergency+1","Guardian:PrimingBeam+1"],"picked":"Singing Bowl","floor":42},{"not_picked":["expansioncontent:InvincibleStrength","expansioncontent:PolyBeam","expansioncontent:Chronoboost"],"picked":"Singing Bowl","floor":46},{"not_picked":["expansioncontent:HyperBeam","expansioncontent:YouAreMine"],"picked":"expansioncontent:Hexaburn","floor":46},{"not_picked":["expansioncontent:LastStand","expansioncontent:PrepareCrush","expansioncontent:PolyBeam"],"picked":"Singing Bowl","floor":46},{"not_picked":["Guardian:Gem_Purple","Guardian:Gem_Cyan"],"picked":"Guardian:SpikerProtocol+1","floor":48},{"not_picked":["Guardian:TemporalShield+1","Guardian:Recover","Guardian:Gem_Blue"],"picked":"Singing Bowl","floor":49},{"not_picked":["Guardian:PrimingBeam+1","Guardian:GuardianWhirl","Guardian:Gem_Red"],"picked":"Singing Bowl","floor":49},{"not_picked":["Guardian:PrimingBeam","Guardian:VentSteam+1"],"picked":"Guardian:Gem_Synthetic","floor":52}],"player_experience":235926,"relics_obtained":[{"floor":7,"key":"Mercury Hourglass"},{"floor":23,"key":"StrikeDummy"},{"floor":24,"key":"Whetstone"},{"floor":48,"key":"Nunchaku"},{"floor":52,"key":"Letter Opener"}],"event_choices":[{"damage_healed":0,"gold_gain":0,"player_choice":"Donut","damage_taken":0,"max_hp_gain":5,"max_hp_loss":0,"event_name":"Big Fish","floor":12,"gold_loss":0},{"cards_removed":["Guardian:Clone"],"damage_healed":0,"gold_gain":0,"player_choice":"Took Card","damage_taken":0,"max_hp_gain":0,"max_hp_loss":0,"event_name":"NoteForYourself","floor":25,"gold_loss":0,"cards_obtained":["Strike_R"]},{"cards_removed":["Guardian:Defend_Guardian"],"damage_healed":0,"gold_gain":0,"player_choice":"Offered Basic","damage_taken":0,"max_hp_gain":0,"max_hp_loss":0,"event_name":"Bonfire Elementals","floor":29,"gold_loss":0}],"is_beta":false,"boss_relics":[{"not_picked":["SacredBark","Runic Pyramid"],"picked":"expansioncontent:StudyCardRelic"},{"not_picked":["Velvet Choker","Coffee Dripper"],"picked":"Empty Cage"}],"items_purged_floors":[26,39],"is_endless":false,"potions_floor_spawned":[8,10,11,14,15,20,21,30,33,36,40,49],"ascension_level":0}}