{"host":"6rz02yiipefhcw4r","time":1612153229,"event":{"mods":["2.2 Compatiblity","Arknights","BaseMod","Better Match","Better Third Choice","Better Vampires","BetterRewards","Block Reminder","Colored Map","Curses Come First","DeckTracker","Googly Eyes","Hubris","Minty Spire (QoL Compilation)","Quick Restart","Rare Cards Sparkle","Reliquary","Replay The Spire","Shade Mod","Spicy Shops","StSLib","The Bladedancer","The Cursed","The Marked","The Necromancer","The Runesmith"],"gold_per_floor":[117,32,48,123,123,123,154,154,154,179,179,203,2,18,18,89,89,63,75,90,90,90],"floor_reached":21,"language":"ENG","playtime":719,"items_purged":["Looming Evil"],"score":424,"play_id":"74fe8172-03e5-458c-8dd0-41c8f69856a2","local_time":"20210201022029","is_ascension_mode":true,"campfire_choices":[{"data":"Caltrops","floor":6,"key":"SMITH"},{"data":"Crippling Poison","floor":8,"key":"SMITH"},{"floor":11,"key":"REST"},{"data":"Caltrops","floor":15,"key":"SMITH"}],"circlet_count":0,"master_deck":["AscendersBane","Strike_G","Strike_G","Strike_G","Strike_G","Strike_G","Defend_G","Defend_G","Defend_G","Defend_G","Defend_G","Survivor","Neutralize","Dagger Spray","Caltrops+1","Dodge and Roll","Crippling Poison+1","Caltrops+1","Dodge and Roll"],"relics":["Ring of the Snake","NeowsBlessing","ReplayTheSpireMod:CursedCoin","reliquary:Aerogel","reliquary:Sideboard","reliquary:RoseTintedGlasses","Bottled Lightning","Replay:Mystery Machine","WristBlade"],"acts_visited":["Exordium","TheCity"],"potions_floor_usage":[18,20,21,21],"damage_taken":[{"damage":0,"enemies":"Cultist","floor":1,"turns":1},{"damage":0,"enemies":"2 Louse","floor":3,"turns":1},{"damage":0,"enemies":"Lagavulin","floor":7,"turns":1},{"damage":32,"enemies":"3 Sentries","floor":10,"turns":10},{"damage":0,"enemies":"Small Slimes","floor":14,"turns":3},{"damage":22,"enemies":"Hexaghost","floor":16,"turns":9},{"damage":19,"enemies":"2 Thieves","floor":18,"turns":6},{"damage":0,"enemies":"3 Byrds","floor":19,"turns":2},{"damage":26,"enemies":"Snake Plant","floor":20,"turns":5},{"damage":26,"enemies":"Snecko","floor":21,"turns":6}],"seed_played":"4817493858127111721","potions_obtained":[{"floor":1,"key":"Flashbang"},{"floor":7,"key":"LiquidMemories"},{"floor":14,"key":"BlessingOfTheForge"},{"floor":19,"key":"Energy Potion"},{"floor":20,"key":"GamblersBrew"}],"is_trial":false,"path_per_floor":["M","$","M","?","?","R","E","R","T","E","R","T","$","M","R","B",null,"M","M","M","M"],"character_chosen":"THE_SILENT","items_purchased":["Caltrops","ReplayTheSpireMod:CursedCoin","reliquary:Aerogel","Caltrops","Dodge and Roll"],"campfire_rested":1,"item_purchase_floors":[2,2,2,13,13],"current_hp_per_floor":[59,59,59,48,53,53,53,53,53,21,42,42,42,42,42,20,58,39,39,13,0,0],"gold":90,"neow_bonus":"THREE_ENEMY_KILL","is_daily":false,"chose_seed":false,"campfire_upgraded":3,"win_rate":0.0,"timestamp":1612153229,"path_taken":["M","$","?","?","?","R","E","R","T","E","R","?","?","M","R","BOSS","M","?","?","M"],"items_purchased_type":["Card","Relic","Relic","Card","Card"],"build_version":"2020-12-22","purchased_purges":1,"victory":false,"max_hp_per_floor":[66,66,66,66,71,71,71,71,71,71,71,71,71,71,71,71,71,71,71,71,71,71],"card_choices":[{"not_picked":["Catalyst","Slice"],"picked":"Dagger Spray","floor":1},{"not_picked":["Heel Hook","Acrobatics"],"picked":"Dodge and Roll","floor":3},{"not_picked":["PiercingWail","Sucker Punch"],"picked":"Crippling Poison","floor":7},{"not_picked":["Hidden Blade","Sucker Punch","Venomology"],"picked":"SKIP","floor":10},{"not_picked":["Hidden Blade","Sucker Punch","Venomology"],"picked":"SKIP","floor":10},{"not_picked":["ReplayTheSpireMod:Scrap Shanks","Deflect","Accuracy"],"picked":"SKIP","floor":14},{"not_picked":["ReplayTheSpireMod:Necrosis","Atom Bomb"],"picked":"Storm of Steel","floor":16},{"not_picked":["Outmaneuver","Choke"],"picked":"Blade Dance","floor":18},{"not_picked":["Poisoned Stab","Sucker Punch"],"picked":"Cloak And Dagger","floor":19},{"not_picked":["Hidden Blade","Expertise"],"picked":"Corpse Explosion","floor":20}],"player_experience":784228,"relics_obtained":[{"floor":7,"key":"reliquary:Sideboard"},{"floor":9,"key":"reliquary:RoseTintedGlasses"},{"floor":10,"key":"Bottled Lightning"},{"floor":12,"key":"Replay:Mystery Machine"}],"event_choices":[{"damage_healed":0,"gold_gain":75,"player_choice":"Gold","damage_taken":11,"max_hp_gain":0,"max_hp_loss":0,"event_name":"betterThird:BetterGoop","floor":4,"gold_loss":0},{"damage_healed":0,"gold_gain":0,"player_choice":"Donut","damage_taken":0,"max_hp_gain":5,"max_hp_loss":0,"event_name":"Big Fish","floor":5,"gold_loss":0}],"is_beta":false,"boss_relics":[{"not_picked":["Replay:Drink Me","ReplayTheSpireMod:DimensionalGlitch"],"picked":"WristBlade"}],"items_purged_floors":[2],"is_endless":false,"potions_floor_spawned":[1,7,14,19,20],"killed_by":"Snecko","ascension_level":20}}