{"host":"y7b1p9nkx4idorr2","time":1612185715,"event":{"mods":["AchievementEnabler","Act Like it!","BaseMod","Colored Map","Downfall","GifTheSpireLib","Googly Eyes","Highlight Path","Mimic Mod","Minty Spire (QoL Compilation)","Shop Mod","Spicy Shops","StSLib","Unceasing Turn Reminder"],"gold_per_floor":[99,113,213,231,406,434,483,11,11,44,63,63,63,95,114,114,114,114],"floor_reached":16,"language":"ENG","playtime":643,"items_purged":["Doubt"],"score":150,"play_id":"6848b2d0-5730-40ed-8356-082e2bdb02f9","local_time":"20210201072155","is_ascension_mode":true,"campfire_choices":[{"floor":1,"key":"RECALL"},{"data":"champ:DefensiveStyle","floor":9,"key":"SMITH"},{"data":"champ:PreemptiveStrike","floor":12,"key":"SMITH"}],"circlet_count":0,"master_deck":["champ:Strike","champ:Strike","champ:Strike","champ:Strike","champ:Defend","champ:Defend","champ:Defend","champ:Defend","champ:Execute+1","champ:Taunt","champ:DefensiveStyle+1","champ:ArenaPreparation","champ:FanOfKnives","champ:PreemptiveStrike+1","champ:ShieldWall","champ:UltimateStance","champ:Haymaker","champ:FlashCut","champ:RisingSlash"],"relics":["champ:ChampionCrown","Matryoshka","Anchor","PreservedInsect","Ice Cream","Meat on the Bone","Mercury Hourglass","InkBottle"],"acts_visited":["Exordium"],"potions_floor_usage":[],"damage_taken":[{"damage":10,"enemies":"2 Louse","floor":2,"turns":2},{"damage":10,"enemies":"Small Slimes","floor":4,"turns":3},{"damage":54,"enemies":"Lagavulin","floor":6,"turns":10},{"damage":45,"enemies":"downfall:FleeingMerchant","floor":8,"turns":4},{"damage":48,"enemies":"3 Sentries","floor":10,"turns":4},{"damage":25,"enemies":"Jaw Worm","floor":11,"turns":3},{"damage":25,"enemies":"Gremlin Nob","floor":14,"turns":2},{"damage":5,"enemies":"Blue Slaver","floor":15,"turns":3},{"damage":89,"enemies":"WA_ARCHETYPE_RETAIN","floor":16,"turns":7}],"seed_played":"-5495512954966294802","potions_obtained":[{"floor":2,"key":"hexamod:SoulburnPotion"},{"floor":15,"key":"hexamod:SoulburnPotion"}],"is_trial":false,"path_per_floor":["R","M","?","M","?","E","T","$","R","E","M","R","?","E","M","B"],"character_chosen":"THE_CHAMP","items_purchased":["Ice Cream","champ:ShieldWall"],"campfire_rested":0,"item_purchase_floors":[8,8],"current_hp_per_floor":[90,90,90,90,90,51,51,51,51,33,45,45,33,45,52,0,0,0],"gold":114,"neow_bonus":"UPGRADE_CARD","is_daily":false,"chose_seed":false,"campfire_upgraded":2,"win_rate":0.0,"timestamp":1612185715,"path_taken":["R","M","?","M","?","E","T","$","R","E","M","R","?","E","M","BOSS"],"items_purchased_type":["Relic","Card"],"build_version":"2020-12-22","purchased_purges":1,"victory":false,"max_hp_per_floor":[90,90,90,90,90,90,90,90,90,90,90,90,90,90,90,90,90,90],"card_choices":[{"not_picked":["champ:Shatter","champ:FalseCounter"],"picked":"champ:DefensiveStyle","floor":2},{"not_picked":["champ:Encircle","champ:Haymaker"],"picked":"champ:ArenaPreparation","floor":4},{"not_picked":["champ:FalseCounter","champ:PreciseThrust"],"picked":"champ:FanOfKnives","floor":6},{"not_picked":["champ:ShieldSlam","champ:BringItOn"],"picked":"champ:PreemptiveStrike","floor":8},{"not_picked":["champ:FlashCut","champ:CrownThrow"],"picked":"champ:UltimateStance","floor":10},{"not_picked":["champ:PerfectedStrike","champ:CrownThrow"],"picked":"champ:Haymaker","floor":11},{"not_picked":["champ:BerserkersShout","champ:PerfectedStrike"],"picked":"champ:FlashCut","floor":14},{"not_picked":["champ:AdrenalArmor","champ:GutPunch"],"picked":"champ:RisingSlash","floor":15}],"player_experience":2253871,"relics_obtained":[{"floor":6,"key":"Matryoshka"},{"floor":7,"key":"Anchor"},{"floor":7,"key":"PreservedInsect"},{"floor":10,"key":"Meat on the Bone"},{"floor":14,"key":"InkBottle"}],"event_choices":[{"damage_healed":0,"gold_gain":0,"player_choice":"Success","damage_taken":12,"relics_obtained":["Mercury Hourglass"],"max_hp_gain":0,"max_hp_loss":0,"event_name":"Scrap Ooze","floor":13,"gold_loss":0}],"is_beta":false,"boss_relics":[],"items_purged_floors":[8],"is_endless":false,"potions_floor_spawned":[2,15],"killed_by":"WA_ARCHETYPE_RETAIN","ascension_level":1}}