{"host":"fuszjwm6fqgjjp4d","time":1612159609,"event":{"mods":["BaseMod","Bestiary","Colored Map","DeckTracker","Minty Spire (QoL Compilation)","Permanent Neow","Relic Sorter","Relic Stats","StSLib"],"gold_per_floor":[113,131,131,149,164,198,198,223,223,254,83,83,83],"floor_reached":12,"language":"ENG","playtime":269,"items_purged":["Strike_R"],"score":180,"play_id":"44cbfaf0-d6ce-479d-aaa1-41863acdf861","local_time":"20210201000649","is_ascension_mode":true,"campfire_choices":[{"data":"Inflame","floor":7.0,"key":"SMITH"}],"circlet_count":0,"master_deck":["AscendersBane","Strike_R","Strike_R","Strike_R","Strike_R","Defend_R","Defend_R","Defend_R","Defend_R","Bash","Discovery","Pommel Strike","Cleave","Headbutt","Inflame+1","Cleave","True Grit","Discovery"],"relics":["Burning Blood","Golden Idol","Self Forming Clay","HornCleat","Sundial"],"acts_visited":["Exordium"],"potions_floor_usage":[12],"damage_taken":[{"damage":5.0,"enemies":"2 Louse","floor":1.0,"turns":3.0},{"damage":8.0,"enemies":"Small Slimes","floor":2.0,"turns":5.0},{"damage":7.0,"enemies":"Jaw Worm","floor":4.0,"turns":2.0},{"damage":12.0,"enemies":"Exordium Thugs","floor":5.0,"turns":4.0},{"damage":32.0,"enemies":"Gremlin Nob","floor":6.0,"turns":4.0},{"damage":11.0,"enemies":"Exordium Wildlife","floor":8.0,"turns":4.0},{"damage":15.0,"enemies":"3 Sentries","floor":10.0,"turns":4.0},{"damage":20,"enemies":"Lagavulin","floor":12,"turns":5}],"seed_played":"3196571260596298910","potions_obtained":[{"floor":1.0,"key":"SkillPotion"},{"floor":8.0,"key":"Energy Potion"},{"floor":10.0,"key":"EntropicBrew"}],"is_trial":false,"path_per_floor":["M","M","?","M","M","E","R","M","T","E","$","E"],"character_chosen":"IRONCLAD","items_purchased":["Discovery"],"campfire_rested":0,"item_purchase_floors":[11],"current_hp_per_floor":[69,67,67,66,60,34,34,29,29,20,20,0,0],"gold":83,"neow_bonus":"RANDOM_COLORLESS","is_daily":false,"chose_seed":false,"campfire_upgraded":1,"win_rate":0.0,"timestamp":1612159609,"path_taken":["M","M","?","M","M","E","R","M","T","E","$","E"],"items_purchased_type":["Card"],"build_version":"2020-12-22","purchased_purges":1,"victory":false,"max_hp_per_floor":[75,75,68,68,68,68,68,68,68,68,68,68,68],"relic_stats":{"counters":[8,31],"Golden Idol":25,"Self Forming Clay":[15],"Sundial":[0],"obtain_stats":[{"HornCleat":9,"Golden Idol":3,"Self Forming Clay":6,"Sundial":10,"Burning Blood":0},{"HornCleat":6,"Golden Idol":2,"Self Forming Clay":5,"Sundial":7,"Burning Blood":0},{"HornCleat":22,"Golden Idol":8,"Self Forming Clay":18,"Sundial":26,"Burning Blood":0}],"Burning Blood":42},"card_choices":[{"not_picked":["Dramatic Entrance","Flash of Steel"],"picked":"Discovery","floor":0.0},{"not_picked":["Heavy Blade","Thunderclap"],"picked":"Pommel Strike","floor":1.0},{"not_picked":["Anger","Warcry"],"picked":"Cleave","floor":2.0},{"not_picked":["Burning Pact","Anger"],"picked":"Headbutt","floor":4.0},{"not_picked":["Body Slam","Perfected Strike","Second Wind"],"picked":"SKIP","floor":5.0},{"not_picked":["Blood for Blood","Feel No Pain"],"picked":"Inflame","floor":6.0},{"not_picked":["Flex","Armaments"],"picked":"Cleave","floor":8.0},{"not_picked":["Thunderclap","Clash"],"picked":"True Grit","floor":10.0}],"player_experience":1414792,"relics_obtained":[{"floor":6.0,"key":"Self Forming Clay"},{"floor":9.0,"key":"HornCleat"},{"floor":10.0,"key":"Sundial"}],"event_choices":[{"damage_healed":0.0,"max_hp_gain":0.0,"max_hp_loss":7.0,"gold_gain":0.0,"event_name":"Golden Idol","player_choice":"Lose Max HP","floor":3.0,"gold_loss":0.0,"damage_taken":0.0,"relics_obtained":["Golden Idol"]}],"is_beta":false,"boss_relics":[],"items_purged_floors":[11],"is_endless":false,"potions_floor_spawned":[1,8,10],"killed_by":"Lagavulin","ascension_level":20}}