{"host":"hkj1blq6xqcrzx6o","time":1612188471,"event":{"mods":["Act Like it!","BaseMod","Downfall","Gensokyo","Lobotomy","Marisa£®ÏF”Í°°ƒß¿Ì…≥£©","Minty Spire (QoL Compilation)","Quick Restart","Reimu£®≤©¿ˆ¡È√Œ£©","Remilia£®¿Ÿ√◊¿Ú—«£©","Replay The Spire","StSLib","The Servant 0.9.4","Youmu£®ªÍ∆«—˝√Œ£©"],"gold_per_floor":[109,109,122,136,153,233,233,246,301,325,6,26,51,67,67,163,163,173,191,222,239,277,277,277,277,277,1,13,0,0,0,0,103,153,172,172,382,382,382,382,48,78,78,78,78,90,90,105,105,105],"floor_reached":51,"language":"ZHS","playtime":1975,"items_purged":[],"score":749,"play_id":"a8b97e4c-801c-47c9-afb1-c684d75d4be9","local_time":"20210201220751","is_ascension_mode":false,"campfire_choices":[{"floor":15,"key":"REST"},{"floor":23,"key":"REST"},{"floor":32,"key":"REST"},{"data":"EquivalentExchange","floor":40,"key":"SMITH"},{"floor":45,"key":"REST"},{"data":"ScarletMeister","floor":49,"key":"SMITH"}],"circlet_count":0,"master_deck":["Strike_RM","Strike_RM+1","Strike_RM","Strike_RM","Defend_RM","Defend_RM","Defend_RM","Defend_RM","ScarletShoot","ScarletCoffin","BlasphemousPunishment+1","VampireFantasy","BloodHunter","EquivalentExchange+1","BloodHunter","LeisurelyOfLord","DiffusionOfMisfortune","NightDance","FitfulNightmare+1","ScarletMeister+1","FavorOfDestiny+1","NightDance","TwelveNightmare","UnstableMagic","ScarletDevil+1","CleanRite:ReiMu+1","ReplayTheSpireMod:Private Reserves","MastersStateliness","ScarletSymphony","Pot Of Greed","Pot Of Greed","Pot Of Greed","TricksterDevil","NightDance","ScarletSymphony+1","Flash of Steel","EndlessAdversity+1","BombardNight+1","Gensokyo:ReactiveArmor","Pot Of Greed"],"relics":["ScarletHat","Gensokyo:Justice","Blue Candle","Orichalcum","Bag of Marbles","CrazyTorch:ReiMu","Bottled Flame","Busted Crown","Oddly Smooth Stone","Gensokyo:ConquerorOfFear","Bottled Tornado","Anchor","ReplayTheSpireMod:Ninjato","Grinning Jar","Replay:Grab Bag","SlaversCollar","ChewingGum","Tiny House","PreservedInsect","Pantograph"],"acts_visited":["Exordium","Gensokyo:Gensokyo","Gensokyo:Gensokyoer"],"potions_floor_usage":[13,16,16,21,33,33,33,41,50,50,50,50],"damage_taken":[{"damage":0,"enemies":"Gensokyo:3_Fairies","floor":1,"turns":4},{"damage":10,"enemies":"Gensokyo:Gryphon","floor":3,"turns":2},{"damage":10,"enemies":"Gensokyo:Python","floor":4,"turns":3},{"damage":10,"enemies":"Gensokyo:LivingMonolith","floor":5,"turns":3},{"damage":8,"enemies":"Gensokyo:Kitsune","floor":8,"turns":3},{"damage":13,"enemies":"Gensokyo:Python_and_Kodama","floor":12,"turns":3},{"damage":17,"enemies":"Gensokyo:Cirno","floor":13,"turns":6},{"damage":0,"enemies":"Gensokyo:Gryphon_and_Rabbit","floor":14,"turns":2},{"damage":13,"enemies":"Gensokyo:Kokoro","floor":16,"turns":10},{"damage":6,"enemies":"Gensokyo:Chomper","floor":18,"turns":5},{"damage":10,"enemies":"Gensokyo:CosmicMonolith","floor":19,"turns":2},{"damage":19,"enemies":"Gensokyo:Slime_Group","floor":20,"turns":3},{"damage":16,"enemies":"Gensokyo:Swordslinger","floor":21,"turns":3},{"damage":8,"enemies":"Gensokyo:3_Gloops","floor":22,"turns":4},{"damage":55,"enemies":"Gensokyo:Chomper_and_Gloop","floor":28,"turns":5},{"damage":26,"enemies":"Gensokyo:Eiki","floor":33,"turns":6},{"damage":0,"enemies":"Gensokyo:3_Bats","floor":35,"turns":2},{"damage":37,"enemies":"Gensokyo:AncientGuardian","floor":42,"turns":6},{"damage":10,"enemies":"Gensokyo:SeedOfUnknown","floor":46,"turns":4},{"damage":22,"enemies":"Gensokyo:3_Boulders","floor":48,"turns":4},{"damage":47,"enemies":"Gensokyo:Scarlet_Devils","floor":50,"turns":6}],"seed_played":"-8723466008698002180","potions_obtained":[{"floor":1,"key":"Fruit Juice"},{"floor":4,"key":"FearPotion"},{"floor":5,"key":"Weak Potion"},{"floor":14,"key":"AttackPotion"},{"floor":18,"key":"AttackPotion"},{"floor":18,"key":"Fire Potion"},{"floor":21,"key":"Toxic Potion"},{"floor":22,"key":"Milkshake"},{"floor":33,"key":"Dexterity Potion"},{"floor":33,"key":"Reflective Coating"},{"floor":34,"key":"Cursed Concoction"},{"floor":42,"key":"BlessingOfTheForge"}],"is_trial":false,"path_per_floor":["M","?","M","M","M","?","?","M","T","T","$","M","E","M","R","B",null,"M","M","M","M","M","R","?","?","T","$","M","?","$","T","R","B",null,"M","?","?","?","?","R","$","M","T","$","R","M","?","M","R","B",null],"character_chosen":"REMILIA","items_purchased":["CrazyTorch:ReiMu","LeisurelyOfLord","Anchor","ReplayTheSpireMod:Private Reserves","MastersStateliness","PreservedInsect","Flash of Steel","Fruit Juice"],"campfire_rested":4,"item_purchase_floors":[11,11,27,27,27,41,41,41],"current_hp_per_floor":[75,75,65,55,46,46,41,34,34,34,34,21,9,12,36,30,80,75,67,53,37,33,57,57,57,57,57,9,9,9,9,33,39,85,85,73,73,73,73,73,78,46,46,46,73,68,68,50,50,84],"gold":105,"neow_bonus":"ONE_RANDOM_RARE_CARD","is_daily":false,"chose_seed":false,"campfire_upgraded":2,"win_rate":0.0,"timestamp":1612188471,"path_taken":["M","?","M","M","?","?","?","?","T","?","$","M","E","M","R","BOSS","M","M","M","M","M","R","?","?","T","$","?","?","?","?","R","BOSS","M","?","?","?","?","R","?","?","T","$","R","?","?","M","R","BOSS"],"items_purchased_type":["Relic","Card","Relic","Card","Card","Relic","Card","Potion"],"build_version":"2020-12-22","purchased_purges":0,"victory":true,"max_hp_per_floor":[75,75,75,75,75,75,75,75,75,75,75,75,80,80,80,80,80,80,80,80,80,80,80,80,80,80,80,80,80,80,80,80,80,85,85,85,85,85,85,85,90,90,90,90,90,90,90,90,90,90],"card_choices":[{"not_picked":["ReincarnationDial","BombardNight"],"picked":"BlasphemousPunishment","floor":1},{"not_picked":["BloodHunter","MastersStateliness"],"picked":"VampireFantasy","floor":3},{"not_picked":["ScarletDevil","EndlessAdversity"],"picked":"BloodHunter","floor":4},{"not_picked":["MiserableFate","DiffusionOfMisfortune"],"picked":"EquivalentExchange","floor":5},{"not_picked":["StarOfDavid","VampireFantasy"],"picked":"BloodHunter","floor":8},{"not_picked":["UnstableMagic","BloodHunter"],"picked":"DiffusionOfMisfortune","floor":12},{"not_picked":["BloodHunter","NightLord"],"picked":"NightDance","floor":13},{"not_picked":["GlobalNightmare","NightDance"],"picked":"FitfulNightmare","floor":14},{"not_picked":["CeilingFear","HeartBreak"],"picked":"ScarletMeister","floor":16},{"not_picked":[],"picked":"FavorOfDestiny","floor":18},{"not_picked":[],"picked":"NightDance","floor":19},{"not_picked":[],"picked":"TwelveNightmare","floor":20},{"not_picked":[],"picked":"UnstableMagic","floor":21},{"not_picked":[],"picked":"ScarletDevil+1","floor":22},{"not_picked":[],"picked":"ScarletSymphony","floor":28},{"not_picked":[],"picked":"TricksterDevil","floor":33},{"not_picked":[],"picked":"NightDance","floor":34},{"not_picked":[],"picked":"ScarletSymphony+1","floor":35},{"not_picked":[],"picked":"EndlessAdversity+1","floor":42},{"not_picked":[],"picked":"BombardNight+1","floor":46},{"not_picked":["BloodHunter"],"picked":"SKIP","floor":48}],"player_experience":34823,"relics_obtained":[{"floor":9,"key":"Orichalcum"},{"floor":10,"key":"Bag of Marbles"},{"floor":13,"key":"Bottled Flame"},{"floor":18,"key":"Oddly Smooth Stone"},{"floor":26,"key":"Bottled Tornado"},{"floor":28,"key":"Gensokyo:ConquerorOfFear"},{"floor":31,"key":"ReplayTheSpireMod:Ninjato"},{"floor":33,"key":"Grinning Jar"},{"floor":43,"key":"Pantograph"}],"event_choices":[],"is_beta":false,"boss_relics":[{"not_picked":["RedLine:ReiMu","Replay:Drink Me"],"picked":"Busted Crown"},{"not_picked":["Astrolabe","Kintsugi"],"picked":"Replay:Grab Bag"},{"not_picked":["Cursed Key","Coffee Dripper"],"picked":"SlaversCollar"},{"not_picked":["Runic Dome","Sozu"],"picked":"ChewingGum"},{"not_picked":["SacredBark","Empty Cage"],"picked":"Tiny House"}],"items_purged_floors":[],"is_endless":false,"potions_floor_spawned":[1,4,5,12,14,18,20,33,42],"ascension_level":0}}