{"host":"yans4pr1zf0lm9bx","time":1612191427,"event":{"mods":["AchievementEnabler","BaseMod","Downfall","Minty Spire (QoL Compilation)","StSLib","SuperFastMode","slay the spire mod where everything is the same but ironclad has a cowboy hat"],"gold_per_floor":[99,112,132,158,158,158,181,281,206,222,256,256,206,206,221,319,319,269,281,2,12,112,130,130,157,177,127,127,77,91,6,18,121,121,71,88,141,161,31,47,71,71,21,38,38,51,1,26,45,45],"floor_reached":51,"language":"ENG","playtime":2994,"items_purged":["Slimebound:Strike_Slimebound","Parasite"],"score":722,"play_id":"b9e0db83-440a-4de4-91c3-81ea26e8ff2a","local_time":"20210201095707","is_ascension_mode":false,"campfire_choices":[{"data":"Slimebound:Split","floor":1,"key":"SMITH"},{"data":"Slimebound:GrowthPunch","floor":6,"key":"SMITH"},{"data":"Slimebound:Replication","floor":13,"key":"SMITH"},{"data":"Slimebound:OneTwoCombo","floor":18,"key":"SMITH"},{"data":"Slimebound:RainOfGoop","floor":27,"key":"SMITH"},{"data":"Slimebound:CorrosiveSpit","floor":29,"key":"SMITH"},{"data":"Slimebound:Split","floor":35,"key":"SMITH"},{"data":"Slimebound:SamplingLick","floor":43,"key":"SMITH"},{"data":"Slimebound:Repurpose","floor":45,"key":"SMITH"},{"data":"Slimebound:LeechEnergy","floor":47,"key":"SMITH"}],"circlet_count":0,"master_deck":["Slimebound:Tackle+1","Slimebound:Defend_Slimebound","Slimebound:Defend_Slimebound","Slimebound:Defend_Slimebound","Slimebound:Defend_Slimebound","Slimebound:Split+1","Slimebound:CorrosiveSpit+1","Slimebound:GrowthPunch+1","Slimebound:SplitLeeching","Slimebound:SplitSpecialist+1","Slimebound:SplitBruiser","Slimebound:Replication+1","Slimebound:MinionMaster","Slimebound:LeechEnergy+1","Slimebound:OneTwoCombo+1","Slimebound:RainOfGoop+1","Slimebound:Gluttony","Sadistic Nature","Slimebound:Split+1","Slimebound:GoopTackle+1","Slimebound:Repurpose+1","Panacea","Slimebound:Nibble+1","Slimebound:LevelUp","Sadistic Nature","Slimebound:SamplingLick+1","Slimebound:HauntingLick+1","Slimebound:SamplingLick+1","Slimebound:SplitBruiser+1"],"relics":["Slimebound:AbsorbEndCombat","Happy Flower","Tiny Chest","Bronze Scales","Slimebound:GreedOozeRelic","Bag of Preparation","Mercury Hourglass","SlaversCollar","downfall:GremlinSack","Singing Bowl","Boot","Membership Card","Coffee Dripper","Art of War","Matryoshka","Whetstone","Vajra","Potion Belt"],"acts_visited":["Exordium","TheCity","TheBeyond"],"potions_floor_usage":[15,26,48],"damage_taken":[{"damage":4,"enemies":"Cultist","floor":2,"turns":3},{"damage":7,"enemies":"Small Slimes","floor":3,"turns":4},{"damage":10,"enemies":"downfall:Heads","floor":8,"turns":7},{"damage":1,"enemies":"Jaw Worm","floor":10,"turns":2},{"damage":20,"enemies":"Gremlin Nob","floor":11,"turns":4},{"damage":0,"enemies":"Lots of Slimes","floor":15,"turns":2},{"damage":36,"enemies":"IC_STATUS_ARCHETYPE","floor":16,"turns":7},{"damage":0,"enemies":"Spheric Guardian","floor":19,"turns":3},{"damage":0,"enemies":"downfall:FleeingMerchant","floor":20,"turns":4},{"damage":5,"enemies":"Snecko","floor":21,"turns":5},{"damage":0,"enemies":"Snecko","floor":22,"turns":2},{"damage":11,"enemies":"Sentry and Sphere","floor":23,"turns":3},{"damage":22,"enemies":"Gremlin Leader","floor":25,"turns":4},{"damage":0,"enemies":"Centurion and Healer","floor":26,"turns":5},{"damage":21,"enemies":"Snake Plant","floor":30,"turns":2},{"damage":0,"enemies":"downfall:FleeingMerchant","floor":31,"turns":3},{"damage":6,"enemies":"Sentry and Sphere","floor":32,"turns":3},{"damage":13,"enemies":"WA_ARCHETYPE_CALM","floor":33,"turns":3},{"damage":0,"enemies":"3 Shapes","floor":36,"turns":3},{"damage":4,"enemies":"Orb Walker","floor":38,"turns":3},{"damage":14,"enemies":"Jaw Worm Horde","floor":40,"turns":3},{"damage":0,"enemies":"3 Darklings","floor":44,"turns":3},{"damage":2,"enemies":"Sphere and 2 Shapes","floor":46,"turns":3},{"damage":23,"enemies":"Nemesis","floor":48,"turns":3},{"damage":0,"enemies":"4 Shapes","floor":49,"turns":2},{"damage":22,"enemies":"SI_POISON_ARCHETYPE","floor":50,"turns":4}],"seed_played":"-5076321226087203286","potions_obtained":[{"floor":2,"key":"LiquidMemories"},{"floor":3,"key":"LiquidBronze"},{"floor":8,"key":"AttackPotion"},{"floor":15,"key":"SkillPotion"},{"floor":21,"key":"Slimebound:SpawnSlimePotion"},{"floor":32,"key":"champ:CounterPotion"},{"floor":38,"key":"sneckomod:MuddlingPotion"},{"floor":46,"key":"DuplicationPotion"},{"floor":49,"key":"FairyPotion"}],"is_trial":false,"path_per_floor":["R","M","M","T","?","R","T","?","?","M","E","?","R","T","M","B",null,"R","M","$","M","?","M","T","E","M","R","?","R","M","$","M","B",null,"R","M","T","M","$","M","T","?","R","M","R","M","R","E","M","B",null],"character_chosen":"SLIMEBOUND","items_purchased":["Sadistic Nature","Sadistic Nature","Membership Card","Slimebound:SamplingLick","Matryoshka"],"campfire_rested":0,"item_purchase_floors":[20,31,31,31,39],"current_hp_per_floor":[65,65,62,62,59,59,59,55,55,56,40,40,40,40,40,10,65,65,65,65,60,62,53,53,37,43,43,77,77,60,70,66,63,82,82,84,84,84,84,76,76,86,86,86,86,88,88,69,71,57],"gold":45,"neow_bonus":"RANDOM_COMMON_RELIC","is_daily":false,"chose_seed":false,"campfire_upgraded":10,"win_rate":0.0,"timestamp":1612191427,"path_taken":["R","M","M","?","?","R","T","?","?","M","E","?","R","?","M","BOSS","R","M","$","M","?","M","T","E","?","R","?","R","M","$","M","BOSS","R","M","?","?","$","M","T","?","R","?","R","M","R","E","M","BOSS"],"items_purchased_type":["Card","Card","Relic","Card","Relic"],"build_version":"2020-12-22","purchased_purges":2,"victory":true,"max_hp_per_floor":[65,65,65,65,65,65,65,65,65,65,65,65,65,65,65,65,65,65,65,65,65,65,65,65,65,67,67,77,77,79,78,80,82,82,82,84,84,84,84,86,86,86,86,86,86,88,88,90,90,90],"card_choices":[{"not_picked":["Slimebound:AcidTongue","Slimebound:SplitBruiser"],"picked":"Slimebound:GrowthPunch","floor":2},{"not_picked":["Slimebound:ForwardTackle","Slimebound:GoopTackle"],"picked":"Slimebound:SplitLeeching","floor":3},{"not_picked":["Slimebound:RollThrough","Slimebound:BestDefense"],"picked":"Slimebound:SplitBruiser","floor":8},{"not_picked":["Slimebound:DisruptingSlam","Slimebound:SplitMire"],"picked":"Slimebound:Replication","floor":10},{"not_picked":["Slimebound:SlimeSpikes","Slimebound:RainOfGoop"],"picked":"Slimebound:MinionMaster","floor":11},{"not_picked":["Slimebound:SplitAcid","Slimebound:PressTheAttack"],"picked":"Slimebound:LeechEnergy","floor":15},{"not_picked":["Slimebound:TagTeam","Slimebound:Overexert"],"picked":"Slimebound:OneTwoCombo","floor":16},{"not_picked":["Slimebound:LivingWall","Slimebound:PressTheAttack"],"picked":"Slimebound:RainOfGoop","floor":19},{"not_picked":["Slimebound:SplitAcid","Slimebound:FinishingTackle"],"picked":"Slimebound:Gluttony","floor":20},{"not_picked":["Slimebound:SplitAcid","Slimebound:Schlurp","Slimebound:SplitBruiser"],"picked":"SKIP","floor":21},{"not_picked":["Slimebound:FlameTackle+1","Slimebound:GoopTackle"],"picked":"Slimebound:Nibble+1","floor":23},{"not_picked":["Slimebound:ViciousTackle","Slimebound:SpikyOuterGoop"],"picked":"Slimebound:LevelUp","floor":25},{"not_picked":["Slimebound:LivingWall","Slimebound:GoopSpray+1","Slimebound:AcidTongue"],"picked":"Singing Bowl","floor":26},{"not_picked":["Slimebound:GoopTackle","Slimebound:RainOfGoop","Slimebound:SplitLeeching"],"picked":"Singing Bowl","floor":30},{"not_picked":["Slimebound:LeechingTouch","Slimebound:SplitLeeching","Slimebound:Chomp"],"picked":"Singing Bowl","floor":31},{"not_picked":["Slimebound:SplitBruiser","Slimebound:Equalize","Slimebound:ServeAndProtect"],"picked":"Singing Bowl","floor":32},{"not_picked":["Slimebound:DuplicatedForm","Slimebound:SlimeSlap","Slimebound:DouseInSlime"],"picked":"Singing Bowl","floor":33},{"not_picked":["Slimebound:FlameTackle","Slimebound:RollThrough","Slimebound:FinishingTackle"],"picked":"Singing Bowl","floor":36},{"not_picked":["Slimebound:GrowthPunch+1","Slimebound:ItLooksTasty+1"],"picked":"Slimebound:HauntingLick+1","floor":38},{"not_picked":["Slimebound:GrowthPunch","Slimebound:ServeAndProtect+1","Slimebound:GoopTackle+1"],"picked":"Singing Bowl","floor":40},{"not_picked":["Slimebound:HauntingLick","Slimebound:Schlurp+1"],"picked":"Slimebound:SamplingLick+1","floor":44},{"not_picked":["Slimebound:ItLooksTasty+1","Slimebound:LeechLife","Slimebound:Prepare+1"],"picked":"Singing Bowl","floor":46},{"not_picked":["Slimebound:Equalize","Slimebound:SplitMire","Slimebound:SlimeSpikes+1"],"picked":"Singing Bowl","floor":48},{"not_picked":["Slimebound:LivingWall+1","Slimebound:ServeAndProtect"],"picked":"Slimebound:SplitBruiser+1","floor":49}],"player_experience":273170,"relics_obtained":[{"floor":7,"key":"Bronze Scales"},{"floor":11,"key":"Bag of Preparation"},{"floor":14,"key":"Mercury Hourglass"},{"floor":22,"key":"downfall:GremlinSack"},{"floor":24,"key":"Singing Bowl"},{"floor":25,"key":"Boot"},{"floor":37,"key":"Art of War"},{"floor":41,"key":"Whetstone"},{"floor":41,"key":"Vajra"},{"floor":48,"key":"Potion Belt"}],"event_choices":[{"damage_healed":0,"gold_gain":0,"player_choice":"Success","damage_taken":3,"relics_obtained":["Tiny Chest"],"max_hp_gain":0,"max_hp_loss":0,"event_name":"Scrap Ooze","floor":5,"gold_loss":0},{"damage_healed":0,"gold_gain":0,"player_choice":"Ignored","damage_taken":0,"max_hp_gain":0,"max_hp_loss":0,"event_name":"NoteForYourself","floor":12,"gold_loss":0},{"cards_removed":["Slimebound:PrepareCrush"],"damage_healed":24,"gold_gain":0,"player_choice":"Offered Rare","damage_taken":0,"max_hp_gain":10,"max_hp_loss":0,"event_name":"Bonfire Elementals","floor":28,"gold_loss":0},{"damage_healed":10,"gold_gain":0,"player_choice":"Full Heal","damage_taken":0,"max_hp_gain":0,"max_hp_loss":0,"event_name":"Wheel of Change","floor":42,"gold_loss":0}],"is_beta":false,"boss_relics":[{"not_picked":["Astrolabe","Snecko Eye"],"picked":"SlaversCollar"},{"not_picked":["Sozu","Tiny House"],"picked":"Coffee Dripper"}],"items_purged_floors":[20,31],"is_endless":false,"potions_floor_spawned":[2,3,8,15,16,21,22,25,32,38,46,49],"ascension_level":0}}