{"host":"4qkvkh7pd9qr2mca","time":1612215964,"event":{"mods":["AchievementEnabler","Act Like it!","BaseMod","Colored Map","Colored Powertips","Highlight Path","Minty Spire (QoL Compilation)","Pale of the Ancients","Permanent Neow","Quick Restart","Relic Stats","StSLib","SuperFastMode"],"gold_per_floor":[111,111,124,143,161,188,188,219,245,245,263,95,115,149,149,223,223,243,82,82,7,26,56,71,71,71,341,341,341],"floor_reached":28,"language":"ENG","playtime":1188,"items_purged":["Regret"],"score":516,"play_id":"5834f4f3-38ee-42e5-99ad-514aaf3d67a0","local_time":"20210201224604","is_ascension_mode":true,"campfire_choices":[{"floor":7.0,"key":"REST"},{"data":"Immolate","floor":10.0,"key":"SMITH"},{"floor":15,"key":"REST"},{"floor":25,"key":"REST"}],"circlet_count":0,"master_deck":["AscendersBane","Strike_R","Strike_R","Strike_R","Strike_R","Strike_R","Defend_R","Defend_R","Defend_R","Defend_R","Bash","Immolate+1","Armaments","Headbutt","Metallicize","Feed","Corruption","Disarm","Flame Barrier","Shrug It Off","Ghostly Armor","Feel No Pain","Impervious","True Grit","Intimidate","Shrug It Off+1"],"relics":["Burning Blood","Paper Frog","Blood Vial","Ancient Tea Set","Omamori","Fusion Hammer","Toolbox","WarpedTongs","Bottled Lightning","Toxic Egg 2"],"acts_visited":["Exordium","TheCity"],"potions_floor_usage":[16,22,23,28],"damage_taken":[{"damage":12.0,"enemies":"Jaw Worm","floor":1.0,"turns":4.0},{"damage":4.0,"enemies":"Cultist","floor":3.0,"turns":3.0},{"damage":8.0,"enemies":"2 Louse","floor":4.0,"turns":3.0},{"damage":31.0,"enemies":"Exordium Thugs","floor":5.0,"turns":5.0},{"damage":31.0,"enemies":"Gremlin Nob","floor":6.0,"turns":4.0},{"damage":9.0,"enemies":"3 Sentries","floor":8.0,"turns":5.0},{"damage":4.0,"enemies":"Red Slaver","floor":11.0,"turns":3.0},{"damage":3,"enemies":"Looter","floor":13,"turns":4},{"damage":32,"enemies":"Gremlin Nob","floor":14,"turns":4},{"damage":37,"enemies":"Slime Boss","floor":16,"turns":18},{"damage":0,"enemies":"Chosen","floor":18,"turns":8},{"damage":0,"enemies":"2 Thieves","floor":22,"turns":4},{"damage":56,"enemies":"Slavers","floor":23,"turns":10},{"damage":8,"enemies":"Snake Plant","floor":24,"turns":5},{"damage":65,"enemies":"Gremlin Leader","floor":28,"turns":8}],"seed_played":"5421780721369014980","potions_obtained":[{"floor":2.0,"key":"DistilledChaos"},{"floor":2.0,"key":"Ancient Potion"},{"floor":6.0,"key":"Weak Potion"},{"floor":8.0,"key":"Block Potion"},{"floor":13,"key":"SkillPotion"},{"floor":16,"key":"GamblersBrew"},{"floor":22,"key":"BloodPotion"}],"is_trial":false,"path_per_floor":["M","?","M","M","M","E","R","E","T","R","M","$","M","E","R","B",null,"M","$","?","$","M","E","M","R","T","?","E"],"character_chosen":"IRONCLAD","items_purchased":["Flame Barrier","Shrug It Off","Toolbox","Intimidate"],"campfire_rested":3,"item_purchase_floors":[12,12,19,21],"current_hp_per_floor":[62,62,64,62,37,12,34,34,34,34,38,38,43,19,42,16,65,76,76,76,76,84,34,38,64,64,37,0,0],"gold":341,"neow_bonus":"THREE_RARE_CARDS","is_daily":false,"chose_seed":false,"campfire_upgraded":1,"win_rate":0.0,"timestamp":1612215964,"path_taken":["M","?","M","?","M","E","R","E","T","R","M","$","M","E","R","BOSS","M","$","?","?","M","E","?","R","T","?","E"],"items_purchased_type":["Card","Card","Relic","Card"],"build_version":"2020-12-22","purchased_purges":1,"victory":false,"max_hp_per_floor":[75,75,75,75,75,75,75,78,78,78,78,78,78,78,78,81,81,84,84,84,84,84,84,88,88,88,88,88,88],"relic_stats":{"Blood Vial":16,"counters":[15,88],"obtain_stats":[{"Blood Vial":8,"Toolbox":19,"Fusion Hammer":17,"Omamori":14,"Bottled Lightning":23,"Toxic Egg 2":26,"Ancient Tea Set":9,"Burning Blood":0,"Paper Frog":6,"WarpedTongs":20},{"Blood Vial":6,"Toolbox":11,"Fusion Hammer":10,"Omamori":9,"Bottled Lightning":13,"Toxic Egg 2":14,"Ancient Tea Set":6,"Burning Blood":0,"Paper Frog":5,"WarpedTongs":11},{"Blood Vial":24,"Toolbox":61,"Fusion Hammer":53,"Omamori":35,"Bottled Lightning":75,"Toxic Egg 2":80,"Ancient Tea Set":24,"Burning Blood":0,"Paper Frog":19,"WarpedTongs":61}],"Burning Blood":84,"WarpedTongs":[27]},"card_choices":[{"not_picked":["Juggernaut","Bludgeon"],"picked":"Immolate","floor":0.0},{"not_picked":["Perfected Strike","Heavy Blade"],"picked":"Armaments","floor":1.0},{"not_picked":["Entrench","Havoc"],"picked":"Headbutt","floor":3.0},{"not_picked":["Second Wind","Intimidate"],"picked":"Metallicize","floor":4.0},{"not_picked":["True Grit","Perfected Strike","Entrench"],"picked":"SKIP","floor":5.0},{"not_picked":["Fire Breathing","Armaments"],"picked":"Feed","floor":6.0},{"not_picked":["Headbutt","Body Slam"],"picked":"Corruption","floor":8.0},{"not_picked":["Infernal Blade","Perfected Strike"],"picked":"Disarm","floor":11.0},{"not_picked":["Pommel Strike","Clash"],"picked":"Ghostly Armor","floor":13},{"not_picked":["Juggernaut","Sword Boomerang"],"picked":"Feel No Pain","floor":14},{"not_picked":["Fiend Fire","Limit Break"],"picked":"Impervious","floor":16},{"not_picked":["Armaments","Entrench"],"picked":"True Grit","floor":18},{"not_picked":["Pommel Strike+1","Flex","Thunderclap+1"],"picked":"SKIP","floor":22},{"not_picked":["Anger","Sever Soul+1"],"picked":"Shrug It Off+1","floor":23},{"not_picked":["Warcry","Uppercut","Shrug It Off"],"picked":"SKIP","floor":24}],"player_experience":604624,"relics_obtained":[{"floor":6.0,"key":"Paper Frog"},{"floor":8.0,"key":"Blood Vial"},{"floor":9.0,"key":"Ancient Tea Set"},{"floor":14,"key":"Omamori"},{"floor":23,"key":"Bottled Lightning"},{"floor":26,"key":"Toxic Egg 2"}],"event_choices":[{"damage_healed":0.0,"max_hp_gain":0.0,"max_hp_loss":0.0,"gold_gain":0.0,"event_name":"Lab","player_choice":"Got Potions","floor":2.0,"gold_loss":0.0,"damage_taken":0.0},{"damage_healed":0,"gold_gain":0,"player_choice":"Rummage","damage_taken":0,"relics_obtained":["WarpedTongs"],"max_hp_gain":0,"max_hp_loss":0,"event_name":"Accursed Blacksmith","floor":20,"gold_loss":0,"cards_obtained":["Pain"]},{"damage_healed":0,"gold_gain":270,"player_choice":"GOLD GOLD GOLD ","damage_taken":27,"max_hp_gain":0,"max_hp_loss":0,"event_name":"Knowing Skull","floor":27,"potions_obtained":[],"gold_loss":0,"cards_obtained":[]}],"is_beta":false,"boss_relics":[{"not_picked":["SlaversCollar","SacredBark"],"picked":"Fusion Hammer"}],"items_purged_floors":[12],"is_endless":false,"potions_floor_spawned":[4,6,8,13,16,18,22],"killed_by":"Gremlin Leader","ascension_level":20}}