{"host":"eaiphzh066bwqdh7","time":1612209798,"event":{"mods":["BaseMod","Better Note","Halation","Hubris","Minty Spire (QoL Compilation)","Reliquary","Replay The Spire","StSLib"],"gold_per_floor":[114,289,307,3,3,3,23,23,23,53,67,67,78,88,88,191,191,210,135,57,76,94,94,94,94],"floor_reached":24,"language":"ENG","playtime":749,"items_purged":["Doubt"],"score":228,"play_id":"b92a1af0-794f-478d-ad6e-8de850340290","local_time":"20210201150318","is_ascension_mode":true,"campfire_choices":[{"floor":6,"key":"REST"},{"data":"Zap","floor":8,"key":"SMITH"},{"floor":23,"key":"REST"}],"circlet_count":0,"master_deck":["Strike_B","Strike_B","Strike_B","Defend_B","Defend_B","Defend_B","Defend_B","Zap+1","Dualcast","Zap","Dualcast","Blizzard+1","Rainbow+1","Cold Snap","Electrodynamics","Hello World","Compile Driver","Static Discharge"],"relics":["Cracked Core","hubris:CuriousFeather","Replay:Frozen Program","Centennial Puzzle","Replay:Multitool","Black Star"],"acts_visited":["Exordium","TheCity"],"potions_floor_usage":[14,14,16,22,22,24],"damage_taken":[{"damage":6,"enemies":"2 Louse","floor":1,"turns":3},{"damage":7,"enemies":"Jaw Worm","floor":3,"turns":3},{"damage":7,"enemies":"Small Slimes","floor":7,"turns":3},{"damage":15,"enemies":"Replay:BlueRogue","floor":10,"turns":5},{"damage":10,"enemies":"Looter","floor":11,"turns":3},{"damage":23,"enemies":"3 Louse","floor":13,"turns":3},{"damage":0,"enemies":"Blue Slaver","floor":14,"turns":1},{"damage":15,"enemies":"The Guardian","floor":16,"turns":9},{"damage":24,"enemies":"Shell Parasite","floor":18,"turns":4},{"damage":23,"enemies":"2 Thieves","floor":21,"turns":4},{"damage":9,"enemies":"Snecko","floor":22,"turns":4},{"damage":50,"enemies":"Gremlin Leader","floor":24,"turns":3}],"seed_played":"-1730309847693097264","potions_obtained":[{"floor":10,"key":"Fire Potion"},{"floor":11,"key":"Fire Potion"},{"floor":13,"key":"LifebloodPotion"},{"floor":16,"key":"Languid Potion"},{"floor":18,"key":"Flashbang"},{"floor":22,"key":"Strength Potion"}],"is_trial":false,"path_per_floor":["M","?","M","$","?","R","M","R","T","E","M","?","M","M","R","B",null,"M","?","$","M","M","R","E"],"character_chosen":"DEFECT","items_purchased":["Replay:Frozen Program","Blizzard","Hello World"],"campfire_rested":2,"item_purchase_floors":[4,4,20],"current_hp_per_floor":[69,69,62,62,62,75,68,68,68,53,43,43,20,20,42,27,75,51,51,51,28,19,41,0,0],"gold":94,"neow_bonus":"ONE_RARE_RELIC","is_daily":false,"chose_seed":false,"campfire_upgraded":1,"win_rate":0.0,"timestamp":1612209798,"path_taken":["M","?","M","$","?","R","M","R","T","E","M","?","M","?","R","BOSS","M","?","$","M","M","R","E"],"items_purchased_type":["Relic","Card","Card"],"build_version":"2020-12-22","purchased_purges":1,"victory":false,"max_hp_per_floor":[75,75,75,75,75,75,75,75,75,75,75,75,75,75,75,75,75,75,75,75,75,75,75,75,75],"card_choices":[{"not_picked":["Rebound","Skim","Hologram"],"picked":"SKIP","floor":1},{"not_picked":["Tempest","ReplayTheSpireMod:Calculation Training","Cold Snap"],"picked":"SKIP","floor":3},{"not_picked":["Panic Button","Reinforced Body","Reprogram"],"picked":"SKIP","floor":7},{"not_picked":["Steam","White Noise"],"picked":"Rainbow","floor":10},{"not_picked":["Fusion","Compile Driver","FIFO Queue"],"picked":"SKIP","floor":11},{"not_picked":["Ball Lightning","Fusion"],"picked":"Cold Snap","floor":13},{"not_picked":["Tempest","Redo","Sweeping Beam"],"picked":"SKIP","floor":14},{"not_picked":["ReplayTheSpireMod:Omega Cannon","All For One"],"picked":"Electrodynamics","floor":16},{"not_picked":["Compile Driver+1","Turbo+1","Coolheaded"],"picked":"SKIP","floor":18},{"not_picked":["Capacitor","Beam Cell"],"picked":"Compile Driver","floor":21},{"not_picked":["Turbo+1","Stack"],"picked":"Static Discharge","floor":22}],"player_experience":222919,"relics_obtained":[{"floor":9,"key":"Centennial Puzzle"},{"floor":10,"key":"Replay:Multitool"}],"event_choices":[{"damage_healed":0,"gold_gain":175,"player_choice":"AGREE","damage_taken":0,"max_hp_gain":0,"max_hp_loss":0,"event_name":"Liars Game","floor":2,"gold_loss":0,"cards_obtained":["Doubt"]},{"cards_removed":["Strike_B"],"damage_healed":0,"gold_gain":0,"player_choice":"Gave Gold","damage_taken":0,"max_hp_gain":0,"max_hp_loss":0,"event_name":"Beggar","floor":19,"gold_loss":75}],"is_beta":false,"boss_relics":[{"not_picked":["Philosopher\u0027s Stone","hubris:RunicObelisk"],"picked":"Black Star"}],"items_purged_floors":[4],"is_endless":false,"potions_floor_spawned":[10,11,13,16,18,22],"killed_by":"Gremlin Leader","ascension_level":3}}