{"host":"DrTrollPool","time":1612145852,"event":{"mods":["2.2 Compatiblity","BaseMod","BetterRewards","Colored Map","DeckTracker","Downfall","Googly Eyes","Hermit","HexUI Lib","Highlight Path","Hubris","Infinite Spire","Minty Spire (QoL Compilation)","Potionbrewer","Replay The Spire","StSLib","SuperFastMode","The Construct","The Cursed","The Disciple","The Hierophant","The Jungle","The Necromancer","The Runesmith","The Servant 0.9.4"],"gold_per_floor":[113,113,113,31,55,91,121,121,121,170,235,168,168,194,194,325,325,370,370,415,88,88,141,141,205,205,205,205,20,66,136,136,278,278,332,332,402,366,366,366],"floor_reached":39,"language":"ENG","playtime":1918,"items_purged":["Decay"],"score":580,"play_id":"b5b3e792-28c9-44aa-93a7-5b076d59ea93","local_time":"20210201031732","is_ascension_mode":false,"campfire_choices":[{"data":"TheCursedMod:Hemoplague","floor":8,"key":"SMITH"},{"floor":13,"key":"REST"},{"floor":15,"key":"REST"},{"floor":24,"key":"REST"},{"floor":28,"key":"REST"},{"floor":32,"key":"DIG"}],"circlet_count":0,"master_deck":["TheCursedMod:Strike_TheCursed","TheCursedMod:Strike_TheCursed","TheCursedMod:Strike_TheCursed","TheCursedMod:Strike_TheCursed","TheCursedMod:Defend_TheCursed","TheCursedMod:Defend_TheCursed","TheCursedMod:Defend_TheCursed","TheCursedMod:Defend_TheCursed","TheCursedMod:CursedWand","TheCursedMod:CleanUpWorkshop","TheCursedMod:Dregs","TheCursedMod:CircleOfAmplification","Spreading Infection","hubris:Greed","TheCursedMod:WearCloak","TheCursedMod:Hemoplague+1","TheCursedMod:CursedShiv","TheCursedMod:CursedShiv","hubris:Greed","TheCursedMod:ReleasedKnowledge","hubris:Greed","hubris:Greed","TheCursedMod:CursedBoomerang","hubris:Greed","hubris:Greed","hubris:Greed","TheCursedMod:Stigma","TheCursedMod:CollectTribute","TheCursedMod:HellsGateOpen","TheCursedMod:VoidForm","TheCursedMod:CircleOfFlame","TheCursedMod:CursedBlade","Sadistic Nature","TheCursedMod:BlessingInDisguise+1","TheCursedMod:SpreadPlague","TheCursedMod:CircleOfCorruption","hubris:Greed","TheCursedMod:HellfireBreathing","TheCursedMod:Neurasthenia","TheCursedMod:CursedStaff+1","TheCursedMod:Hemoplague","TheCursedMod:EmpowerCircles"],"relics":["TheCursedMod:BlackMagic101","NeowsBlessing","Ring of Panic","Ring of Peace","Art of War","TheCursedMod:Tack","Runesmith:AutoHammer","construct:WeddingRing","potionbrewer:Keyblade","Regal Pillow","Red Mask","infinitespire:Bottled Soul","Membership Card","Ice Cream","ReplayFunnel","Cursed Key"],"acts_visited":["Exordium","TheCity","TheBeyond"],"potions_floor_usage":[11,11,20,25,25,31,31,37,37],"damage_taken":[{"damage":0,"enemies":"Small Slimes","floor":1,"turns":1},{"damage":0,"enemies":"Cultist","floor":5,"turns":1},{"damage":0,"enemies":"3 Sentries","floor":6,"turns":2},{"damage":0,"enemies":"2 Louse","floor":7,"turns":3},{"damage":8,"enemies":"Blue Slaver","floor":10,"turns":6},{"damage":30,"enemies":"Lagavulin","floor":11,"turns":9},{"damage":44,"enemies":"Hexaghost","floor":16,"turns":9},{"damage":8,"enemies":"Shell Parasite","floor":18,"turns":4},{"damage":18,"enemies":"Chosen","floor":20,"turns":4},{"damage":23,"enemies":"Snake Plant","floor":23,"turns":4},{"damage":55,"enemies":"Masked Bandits","floor":25,"turns":6},{"damage":0,"enemies":"Snecko","floor":30,"turns":4},{"damage":17,"enemies":"Slavers","floor":31,"turns":5},{"damage":5,"enemies":"Champ","floor":33,"turns":8},{"damage":0,"enemies":"Orb Walker","floor":35,"turns":4},{"damage":0,"enemies":"3 Shapes","floor":37,"turns":4},{"damage":23,"enemies":"infinitespire:Three Voidlings","floor":39,"turns":5},{"damage":61,"enemies":"Nightmare_Alpha","floor":39,"turns":6}],"seed_played":"824157757173963186","potions_obtained":[{"floor":5,"key":"Block Potion"},{"floor":6,"key":"FearPotion"},{"floor":7,"key":"TheCursedMod:DregsPotion"},{"floor":10,"key":"potionbrewer:BoundlessPotion"},{"floor":16,"key":"ColorlessPotion"},{"floor":18,"key":"potionbrewer:DiscountPotion"},{"floor":25,"key":"Explosive Potion"},{"floor":30,"key":"Ancient Potion"},{"floor":31,"key":"potionbrewer:MidasPotion"},{"floor":35,"key":"Fire Potion"}],"is_trial":false,"path_per_floor":["M","?","?","$","M","E","M","R","T","M","E","$","R","T","R","B",null,"M","AVR","M","$","?","M","R","?","T","?","R","$","M","E","R_BF","B",null,"M","?","M","$","?"],"character_chosen":"THE_CURSED","items_purchased":["TheCursedMod:Hemoplague","TheCursedMod:CursedShiv","TheCursedMod:HellsGateOpen","Sadistic Nature","Regal Pillow","Membership Card","TheCursedMod:EmpowerCircles"],"campfire_rested":4,"item_purchase_floors":[4,4,12,21,21,29,38],"current_hp_per_floor":[75,75,75,75,75,75,75,75,75,67,37,37,59,59,75,31,75,67,67,49,49,49,26,63,8,8,8,45,45,45,28,28,23,75,75,75,75,75,0,0],"gold":366,"neow_bonus":"THREE_ENEMY_KILL","is_daily":false,"chose_seed":false,"campfire_upgraded":1,"win_rate":0.0,"timestamp":1612145852,"path_taken":["M","?","?","$","M","E","M","R","T","?","E","$","R","?","R","BOSS","M","AVR","?","$","?","M","R","?","T","?","R","?","M","E","R_BF","BOSS","M","?","?","$","?"],"items_purchased_type":["Card","Card","Card","Card","Relic","Relic","Card"],"build_version":"2020-12-18","purchased_purges":1,"victory":false,"max_hp_per_floor":[75,75,75,75,75,75,75,75,75,75,75,75,75,75,75,75,75,75,75,75,75,75,75,75,75,75,75,75,75,75,75,75,75,75,75,75,75,75,75,75],"card_choices":[{"not_picked":["TheCursedMod:Evocation","TheCursedMod:ReleasedStrength"],"picked":"TheCursedMod:CircleOfAmplification","floor":1},{"not_picked":["TheCursedMod:RavingStaff","TheCursedMod:Wield"],"picked":"TheCursedMod:CursedShiv","floor":5},{"not_picked":["TheCursedMod:CircleOfWindfury","TheCursedMod:BlessingInDisguise"],"picked":"TheCursedMod:ReleasedKnowledge","floor":6},{"not_picked":["TheCursedMod:SurpriseAttack","TheCursedMod:SoulCrush"],"picked":"TheCursedMod:CursedBoomerang","floor":7},{"not_picked":["TheCursedMod:Obscuration","TheCursedMod:ReleasedKnowledge"],"picked":"TheCursedMod:Stigma","floor":10},{"not_picked":["TheCursedMod:Stretching","TheCursedMod:SmokeScreen"],"picked":"TheCursedMod:CollectTribute","floor":11},{"not_picked":["TheCursedMod:UltimatePain","TheCursedMod:CircleOfAbyss"],"picked":"TheCursedMod:VoidForm","floor":16},{"not_picked":["TheCursedMod:SaltUponWound","TheCursedMod:Torture"],"picked":"TheCursedMod:CircleOfFlame","floor":18},{"not_picked":["TheCursedMod:Obscuration+1","TheCursedMod:CircleOfCorruption"],"picked":"TheCursedMod:CursedBlade","floor":20},{"not_picked":["TheCursedMod:Obscuration","TheCursedMod:VoidForm"],"picked":"TheCursedMod:BlessingInDisguise+1","floor":23},{"not_picked":["TheCursedMod:CircleOfAmplification","TheCursedMod:CursedMace"],"picked":"TheCursedMod:SpreadPlague","floor":25},{"not_picked":["TheCursedMod:TroublousMinions","TheCursedMod:WearCloak"],"picked":"TheCursedMod:CircleOfCorruption","floor":30},{"not_picked":["TheCursedMod:CursedBoomerang","TheCursedMod:TacticalStrike"],"picked":"TheCursedMod:HellfireBreathing","floor":31},{"not_picked":["TheCursedMod:ManaCirculation","TheCursedMod:NeowsMight"],"picked":"TheCursedMod:Neurasthenia","floor":33},{"not_picked":["TheCursedMod:Stretching+1","TheCursedMod:CircleOfFlame+1"],"picked":"TheCursedMod:CursedStaff+1","floor":35},{"not_picked":["TheCursedMod:VitalStrike+1","TheCursedMod:TacticalStrike+1"],"picked":"TheCursedMod:Hemoplague","floor":37}],"player_experience":114325,"relics_obtained":[{"floor":2,"key":"Ring of Panic"},{"floor":2,"key":"Ring of Peace"},{"floor":6,"key":"Art of War"},{"floor":11,"key":"TheCursedMod:Tack"},{"floor":14,"key":"Runesmith:AutoHammer"},{"floor":25,"key":"Red Mask"},{"floor":26,"key":"infinitespire:Bottled Soul"},{"floor":31,"key":"Ice Cream"},{"floor":32,"key":"ReplayFunnel"}],"event_choices":[{"damage_healed":0,"gold_gain":0,"player_choice":"2 cards matched","damage_taken":0,"max_hp_gain":0,"max_hp_loss":0,"event_name":"Match and Keep!","floor":3,"gold_loss":0,"cards_obtained":["hubris:Greed","TheCursedMod:WearCloak"]},{"damage_healed":0,"gold_gain":0,"player_choice":"2 cards matched","damage_taken":0,"max_hp_gain":0,"max_hp_loss":0,"event_name":"Match and Keep!","floor":3,"gold_loss":0,"cards_obtained":["hubris:Greed","TheCursedMod:WearCloak"]},{"damage_healed":0,"gold_gain":0,"player_choice":"Fought Bandits","damage_taken":0,"max_hp_gain":0,"max_hp_loss":0,"event_name":"Masked Bandits","floor":25,"gold_loss":0},{"damage_healed":0,"gold_gain":0,"player_choice":"Smashed Altar","damage_taken":0,"max_hp_gain":0,"max_hp_loss":0,"event_name":"Forgotten Altar","floor":27,"gold_loss":0,"cards_obtained":["Decay"]},{"damage_healed":0,"gold_gain":0,"player_choice":"Ignored","damage_taken":0,"max_hp_gain":0,"max_hp_loss":0,"event_name":"NoteForYourself","floor":36,"gold_loss":0}],"is_beta":true,"boss_relics":[{"not_picked":["ReplayTheSpireMod:SealedPack","Calling Bell"],"picked":"construct:WeddingRing"},{"not_picked":["Astrolabe","Fusion Hammer"],"picked":"Cursed Key"}],"items_purged_floors":[29],"is_endless":false,"potions_floor_spawned":[5,6,7,10,16,18,25,30,31,35],"killed_by":"Nightmare_Alpha","ascension_level":0}}