{"host":"va904f3s24glxxej","time":1612203532,"event":{"mods":["AchievementEnabler","BaseMod","Colored Powertips","Downfall","Hubris","Minty Spire (QoL Compilation)","Replay The Spire","StSLib","The Necromancer"],"gold_per_floor":[99,119,136,156,156,61,61,61,72,86,100,100,10,21,32,32,32,32],"floor_reached":16,"language":"ENG","playtime":820,"items_purged":["bronze:Strike"],"score":106,"play_id":"6a8083a3-22c0-4e12-bc41-a2abdee0ce2f","local_time":"20210201181852","is_ascension_mode":true,"campfire_choices":[{"data":"bronze:Fortify","floor":1,"key":"SMITH"},{"data":"bronze:Flail","floor":8,"key":"SMITH"},{"data":"bronze:Verify","floor":12,"key":"SMITH"}],"circlet_count":0,"master_deck":["bronze:Strike","bronze:Strike","bronze:Strike","bronze:Defend","bronze:Defend","bronze:Defend","bronze:Defend","bronze:Replicate","bronze:Goto","bronze:Fortify+1","bronze:DelayedSlice","bronze:OilSpill","bronze:WhirlingStrike","bronze:ClassDefault","bronze:Flail+1","bronze:FineTuning","bronze:Turbo","bronze:Verify+1","bronze:Format","bronze:FineTuning","bronze:Mutator"],"relics":["bronze:BronzeCore","bronze:BottledCode","ReplayTheSpireMod:Lightbulb"],"acts_visited":["Exordium"],"potions_floor_usage":[4,14,16],"damage_taken":[{"damage":0,"enemies":"Cultist","floor":2,"turns":3},{"damage":2,"enemies":"Jaw Worm","floor":3,"turns":3},{"damage":10,"enemies":"Small Slimes","floor":4,"turns":2},{"damage":0,"enemies":"downfall:FleeingMerchant","floor":6,"turns":4},{"damage":0,"enemies":"2 Fungi Beasts","floor":9,"turns":2},{"damage":11,"enemies":"Exordium Thugs","floor":10,"turns":2},{"damage":5,"enemies":"Blue Slaver","floor":11,"turns":3},{"damage":15,"enemies":"downfall:FleeingMerchant","floor":13,"turns":4},{"damage":3,"enemies":"Gremlin Gang","floor":14,"turns":4},{"damage":0,"enemies":"2 Fungi Beasts","floor":15,"turns":2},{"damage":33,"enemies":"DF_ARCHETYPE_STREAMLINE","floor":16,"turns":4}],"seed_played":"1707590142695519869","potions_obtained":[{"floor":3,"key":"hexamod:SoulburnPotion"},{"floor":9,"key":"SpeedPotion"},{"floor":14,"key":"champ:CounterPotion"}],"is_trial":false,"path_per_floor":["R","M","M","M","?","$","T","R","M","M","M","R","$","M","M","B"],"character_chosen":"THE_AUTOMATON","items_purchased":["bronze:Flail"],"campfire_rested":0,"item_purchase_floors":[6],"current_hp_per_floor":[70,70,68,58,58,58,58,58,58,47,42,42,27,24,24,0,0,0],"gold":32,"neow_bonus":"THREE_CARDS","is_daily":false,"chose_seed":false,"campfire_upgraded":3,"win_rate":0.0,"timestamp":1612203532,"path_taken":["R","M","?","M","?","$","T","R","M","M","M","R","$","M","M","BOSS"],"items_purchased_type":["Card"],"build_version":"2020-12-22","purchased_purges":1,"victory":false,"max_hp_per_floor":[70,70,70,70,60,60,60,60,60,60,60,60,60,60,60,60,60,60],"card_choices":[{"not_picked":["bronze:BitShift","bronze:ItsAFeature"],"picked":"bronze:Fortify","floor":0},{"not_picked":["bronze:CutThrough","bronze:FollowUp"],"picked":"bronze:DelayedSlice","floor":2},{"not_picked":["bronze:Frontload","bronze:Repulsor"],"picked":"bronze:OilSpill","floor":3},{"not_picked":["bronze:Overheat","bronze:Shield"],"picked":"bronze:WhirlingStrike","floor":4},{"not_picked":["bronze:Iterate","bronze:Invalidate"],"picked":"bronze:ClassDefault","floor":6},{"not_picked":["bronze:ForLoop","bronze:Frontload"],"picked":"bronze:FineTuning","floor":9},{"not_picked":["bronze:CutThrough","bronze:Invalidate"],"picked":"bronze:Turbo","floor":10},{"not_picked":["bronze:Backtrace","bronze:CutThrough"],"picked":"bronze:Verify","floor":11},{"not_picked":["bronze:OilSpill","bronze:WhirlingStrike"],"picked":"bronze:Format","floor":13},{"not_picked":["bronze:Deprecate","bronze:Philosophize"],"picked":"bronze:FineTuning","floor":14},{"not_picked":["bronze:Shield","bronze:Branch"],"picked":"bronze:Mutator","floor":15}],"player_experience":777278,"relics_obtained":[{"floor":7,"key":"ReplayTheSpireMod:Lightbulb"}],"event_choices":[],"is_beta":false,"boss_relics":[],"items_purged_floors":[13],"is_endless":false,"potions_floor_spawned":[3,9,14],"killed_by":"DF_ARCHETYPE_STREAMLINE","ascension_level":2}}