{"host":"j9610sde00vfp93k","time":1612159410,"event":{"mods":["AchievementEnabler","BaseMod","Minty Spire (QoL Compilation)","StSLib","SuperFastMode"],"gold_per_floor":[113,38,38,51,51,81,101,101,101,111,111,127,27,47,47,166,229,244,265,140,55,55,55,78,101,176,191,191,205,205,55,55,55,55],"floor_reached":33,"language":"ENG","playtime":1131,"items_purged":["Doubt","Defend_R","Defend_R","Strike_R"],"score":249,"play_id":"943a0254-33e1-4555-a802-f4a17eb6b907","local_time":"20210201140330","is_ascension_mode":false,"campfire_choices":[{"data":"Bash","floor":15,"key":"SMITH"},{"data":"Clash","floor":23,"key":"SMITH"},{"floor":32,"key":"REST"}],"circlet_count":0,"master_deck":["Strike_R","Strike_R+1","Strike_R+1","Defend_R","Defend_R+1","Bash+1","Clash","Clash+1","Shrug It Off","Flex"],"relics":["Burning Blood","Prayer Wheel","Bottled Flame","Mummified Hand","Sundial","Golden Idol","Tiny House","Happy Flower","InkBottle","Enchiridion"],"acts_visited":["Exordium","TheCity"],"potions_floor_usage":[6,16,24,24,27,33,33],"damage_taken":[{"damage":6,"enemies":"Jaw Worm","floor":1,"turns":6},{"damage":0,"enemies":"2 Louse","floor":4,"turns":2},{"damage":14,"enemies":"Gremlin Nob","floor":6,"turns":3},{"damage":0,"enemies":"Small Slimes","floor":7,"turns":3},{"damage":5,"enemies":"Exordium Wildlife","floor":10,"turns":4},{"damage":1,"enemies":"2 Fungi Beasts","floor":12,"turns":3},{"damage":7,"enemies":"Blue Slaver","floor":14,"turns":2},{"damage":10,"enemies":"Slime Boss","floor":16,"turns":11},{"damage":23,"enemies":"2 Thieves","floor":18,"turns":4},{"damage":5,"enemies":"Chosen","floor":19,"turns":4},{"damage":20,"enemies":"Sentry and Sphere","floor":24,"turns":4},{"damage":17,"enemies":"3 Cultists","floor":25,"turns":5},{"damage":21,"enemies":"Snake Plant","floor":27,"turns":2},{"damage":2,"enemies":"Shelled Parasite and Fungi","floor":29,"turns":3},{"damage":43,"enemies":"Collector","floor":33,"turns":3}],"seed_played":"8486585550137750142","potions_obtained":[{"floor":4,"key":"Fire Potion"},{"floor":6,"key":"SkillPotion"},{"floor":16,"key":"Strength Potion"},{"floor":17,"key":"AttackPotion"},{"floor":19,"key":"LiquidMemories"},{"floor":25,"key":"PowerPotion"},{"floor":27,"key":"Ancient Potion"}],"is_trial":false,"path_per_floor":["M","$","?","M","?","E","M","?","T","M","?","M","$","M","R","B",null,"M","M","$","?","?","R","M","M","T","M","?","M","?","$","R","B"],"character_chosen":"IRONCLAD","items_purchased":[],"campfire_rested":1,"item_purchase_floors":[],"current_hp_per_floor":[80,80,80,80,64,56,62,50,50,51,31,36,36,35,35,31,85,68,69,69,69,69,69,55,44,44,29,13,17,17,17,42,0,0],"gold":55,"neow_bonus":"ONE_RARE_RELIC","is_daily":false,"chose_seed":false,"campfire_upgraded":2,"win_rate":0.0,"timestamp":1612159410,"path_taken":["M","$","?","M","?","E","M","?","T","?","?","M","?","M","R","BOSS","M","M","$","?","?","R","M","M","T","?","?","M","?","$","R","BOSS"],"items_purchased_type":[],"build_version":"2020-12-22","purchased_purges":4,"victory":false,"max_hp_per_floor":[80,80,80,80,80,80,80,80,80,80,80,80,80,80,80,80,85,85,85,85,85,85,85,85,85,85,85,85,85,85,85,85,85,85],"card_choices":[{"not_picked":["Shrug It Off","Intimidate"],"picked":"Clash","floor":1},{"not_picked":["True Grit","Blood for Blood","Pommel Strike"],"picked":"SKIP","floor":1},{"not_picked":["Sentinel","Iron Wave","Flame Barrier"],"picked":"SKIP","floor":4},{"not_picked":["Entrench","Second Wind","Pommel Strike"],"picked":"SKIP","floor":4},{"not_picked":["Anger","Barricade","Hemokinesis"],"picked":"SKIP","floor":6},{"not_picked":["Havoc","Headbutt","Sword Boomerang"],"picked":"SKIP","floor":7},{"not_picked":["Clothesline","Heavy Blade","Whirlwind"],"picked":"SKIP","floor":7},{"not_picked":["Shrug It Off","Havoc","Perfected Strike"],"picked":"SKIP","floor":10},{"not_picked":["Searing Blow","Corruption","Clothesline"],"picked":"SKIP","floor":10},{"not_picked":["Spot Weakness","Perfected Strike"],"picked":"Clash","floor":12},{"not_picked":["Uppercut","Warcry","Burning Pact"],"picked":"SKIP","floor":12},{"not_picked":["Flame Barrier","True Grit","Body Slam"],"picked":"SKIP","floor":14},{"not_picked":["Bloodletting","Battle Trance","Shrug It Off"],"picked":"SKIP","floor":14},{"not_picked":["Evolve","Twin Strike","Iron Wave"],"picked":"SKIP","floor":18},{"not_picked":["Entrench","Body Slam","Dual Wield"],"picked":"SKIP","floor":18},{"not_picked":["Shrug It Off","Disarm+1","Havoc"],"picked":"SKIP","floor":19},{"not_picked":["Seeing Red","Anger","Sever Soul"],"picked":"SKIP","floor":19},{"not_picked":["Carnage+1","Flex","Cleave+1"],"picked":"SKIP","floor":24},{"not_picked":["Headbutt","Sword Boomerang","Perfected Strike"],"picked":"SKIP","floor":24},{"not_picked":["Hemokinesis","Intimidate","Corruption"],"picked":"SKIP","floor":25},{"not_picked":["Sever Soul","Fire Breathing","Disarm"],"picked":"SKIP","floor":25},{"not_picked":["Clothesline+1","Rage+1"],"picked":"Shrug It Off","floor":27},{"not_picked":["Wild Strike","Flame Barrier","Thunderclap"],"picked":"SKIP","floor":27},{"not_picked":["Warcry","Twin Strike","Headbutt"],"picked":"SKIP","floor":29},{"not_picked":["Infernal Blade","Inflame","Flame Barrier"],"picked":"SKIP","floor":29}],"player_experience":177883,"relics_obtained":[{"floor":6,"key":"Bottled Flame"},{"floor":9,"key":"Sundial"},{"floor":26,"key":"InkBottle"},{"floor":28,"key":"Enchiridion"}],"event_choices":[{"damage_healed":0,"gold_gain":0,"player_choice":"Leave","damage_taken":0,"max_hp_gain":0,"max_hp_loss":0,"event_name":"The Cleric","floor":3,"gold_loss":0},{"damage_healed":0,"gold_gain":0,"player_choice":"Entered Light","damage_taken":16,"max_hp_gain":0,"max_hp_loss":0,"event_name":"Shining Light","floor":5,"gold_loss":0,"cards_upgraded":["Defend_R","Strike_R"]},{"damage_healed":0,"gold_gain":0,"player_choice":"Success","damage_taken":12,"relics_obtained":["Mummified Hand"],"max_hp_gain":0,"max_hp_loss":0,"event_name":"Scrap Ooze","floor":8,"gold_loss":0},{"damage_healed":0,"gold_gain":0,"player_choice":"Take Damage","damage_taken":20,"relics_obtained":["Golden Idol"],"max_hp_gain":0,"max_hp_loss":0,"event_name":"Golden Idol","floor":11,"gold_loss":0},{"damage_healed":0,"gold_gain":0,"player_choice":"Obtained Relic","damage_taken":0,"relics_obtained":["Happy Flower"],"max_hp_gain":0,"max_hp_loss":0,"event_name":"Addict","floor":21,"gold_loss":85},{"cards_removed":["Strike_R"],"damage_healed":0,"gold_gain":0,"player_choice":"Card Removal","damage_taken":0,"max_hp_gain":0,"max_hp_loss":0,"event_name":"Wheel of Change","floor":22,"gold_loss":0},{"damage_healed":0,"gold_gain":0,"player_choice":"Obtained Book","damage_taken":16,"max_hp_gain":0,"max_hp_loss":0,"event_name":"Cursed Tome","floor":28,"gold_loss":0},{"damage_healed":0,"gold_gain":0,"player_choice":"Read","damage_taken":0,"max_hp_gain":0,"max_hp_loss":0,"event_name":"The Library","floor":30,"gold_loss":0,"cards_obtained":["Flex"]}],"is_beta":false,"boss_relics":[{"not_picked":["Runic Pyramid","Velvet Choker"],"picked":"Tiny House"}],"items_purged_floors":[2,13,20,31],"is_endless":false,"potions_floor_spawned":[4,6,16,19,25,27],"killed_by":"Collector","ascension_level":0}}