{"host":"rolltorest","time":1612153764,"event":{"mods":["BaseMod","Minty Spire (QoL Compilation)","Relic Stats","Slay the Relics Exporter","StSLib"],"gold_per_floor":[113,132,145,161,311,339,355,123,123,154,129,129,129,146,146,219,219,230,72,107,107,23,23,53,27,51,51,61,74,99,117,117,117,117],"floor_reached":33,"language":"ENG","playtime":760,"items_purged":["Doubt"],"score":765,"play_id":"ab86e25e-859d-4774-b930-9a7518734c2d","local_time":"20210131202924","is_ascension_mode":true,"campfire_choices":[{"floor":12,"key":"REST"},{"data":"Fasting2","floor":15,"key":"SMITH"},{"data":"Vault","floor":27,"key":"SMITH"},{"data":"TalkToTheHand","floor":32,"key":"SMITH"}],"circlet_count":0,"master_deck":["AscendersBane","Defend_P","Defend_P","Defend_P","Defend_P","Eruption","Vigilance","EmptyFist","EmptyFist","SandsOfTime","Vault+1","Fasting2+1","FlurryOfBlows","CrushJoints","FlurryOfBlows","DevaForm","Conclude","JustLucky","Shame","Tantrum","Bite","Bite","Bite","Bite","Bite","FlyingSleeves","Halt","Wireheading","Wallop","TalkToTheHand+1","BowlingBash+1"],"relics":["Runic Dome","Art of War","Vajra","TeardropLocket","Darkstone Periapt","SlaversCollar","Bag of Preparation","Red Mask","Unceasing Top","Lantern","Omamori","Ornamental Fan"],"acts_visited":["Exordium","TheCity"],"potions_floor_usage":[7,29],"damage_taken":[{"damage":0,"enemies":"Cultist","floor":1,"turns":3},{"damage":0,"enemies":"Jaw Worm","floor":2,"turns":2},{"damage":0,"enemies":"2 Louse","floor":3,"turns":2},{"damage":15,"enemies":"Large Slime","floor":4,"turns":5},{"damage":16,"enemies":"Gremlin Nob","floor":6,"turns":3},{"damage":3,"enemies":"Blue Slaver","floor":7,"turns":3},{"damage":20,"enemies":"Lagavulin","floor":10,"turns":6},{"damage":0,"enemies":"Exordium Wildlife","floor":14,"turns":3},{"damage":0,"enemies":"Slime Boss","floor":16,"turns":6},{"damage":0,"enemies":"Spheric Guardian","floor":18,"turns":3},{"damage":7,"enemies":"Masked Bandits","floor":20,"turns":4},{"damage":14,"enemies":"Book of Stabbing","floor":24,"turns":4},{"damage":13,"enemies":"3 Byrds","floor":28,"turns":3},{"damage":24,"enemies":"Snake Plant","floor":29,"turns":4},{"damage":0,"enemies":"Gremlin Leader","floor":30,"turns":3},{"damage":7,"enemies":"Cultist and Chosen","floor":31,"turns":4},{"damage":24,"enemies":"Collector","floor":33,"turns":4}],"seed_played":"2897869164118215762","potions_obtained":[{"floor":2,"key":"SpeedPotion"},{"floor":3,"key":"BottledMiracle"},{"floor":6,"key":"Regen Potion"},{"floor":16,"key":"SteroidPotion"},{"floor":24,"key":"DuplicationPotion"},{"floor":29,"key":"FearPotion"}],"is_trial":false,"path_per_floor":["M","M","M","M","?","E","M","$","T","E","$","R","?","M","R","B",null,"M","$","?","?","$","?","E","$","T","R","M","M","E","M","R","B"],"character_chosen":"WATCHER","items_purchased":["Vajra","CrushJoints","Bag of Preparation","Tantrum","Halt"],"campfire_rested":1,"item_purchase_floors":[8,11,19,22,25],"current_hp_per_floor":[61,61,61,46,46,30,27,27,27,7,7,27,27,27,27,27,58,58,58,51,57,57,51,41,41,41,41,36,30,36,33,33,17,17],"gold":117,"neow_bonus":"BOSS_RELIC","is_daily":false,"chose_seed":false,"campfire_upgraded":3,"win_rate":0.0,"timestamp":1612153764,"path_taken":["M","M","M","?","?","E","M","$","T","E","$","R","?","M","R","BOSS","M","$","?","?","$","?","E","?","T","R","M","?","E","M","R","BOSS"],"items_purchased_type":["Relic","Card","Relic","Card","Card"],"build_version":"2020-12-18","purchased_purges":1,"victory":false,"max_hp_per_floor":[68,68,68,68,68,68,68,68,68,68,68,68,68,68,68,68,68,68,68,68,74,74,51,51,51,51,51,51,51,51,51,51,51,51],"relic_stats":{"Darkstone Periapt":6,"counters":[17,62],"Ornamental Fan":[24],"Art of War":[1],"Bag of Preparation":[14],"obtain_stats":[{"Darkstone Periapt":10,"Lantern":24,"Vajra":8,"Bag of Preparation":19,"Omamori":26,"TeardropLocket":9,"Runic Dome":0,"SlaversCollar":17,"Ornamental Fan":30,"Art of War":6,"Red Mask":20,"PureWater":0,"Unceasing Top":21},{"Darkstone Periapt":7,"Lantern":12,"Vajra":6,"Bag of Preparation":10,"Omamori":12,"TeardropLocket":6,"Runic Dome":0,"SlaversCollar":9,"Ornamental Fan":15,"Art of War":5,"Red Mask":11,"PureWater":0,"Unceasing Top":11},{"Darkstone Periapt":24,"Lantern":44,"Vajra":18,"Bag of Preparation":36,"Omamori":44,"TeardropLocket":18,"Runic Dome":0,"SlaversCollar":33,"Ornamental Fan":54,"Art of War":15,"Red Mask":40,"PureWater":0,"Unceasing Top":40}],"Unceasing Top":[2]},"card_choices":[{"not_picked":["Fasting2","Prostrate"],"picked":"EmptyFist","floor":1},{"not_picked":["WreathOfFlame","ForeignInfluence"],"picked":"EmptyFist","floor":2},{"not_picked":["ThirdEye","Prostrate"],"picked":"SandsOfTime","floor":3},{"not_picked":["ThirdEye","PathToVictory"],"picked":"Vault","floor":4},{"not_picked":["Pray","WreathOfFlame","Study"],"picked":"SKIP","floor":6},{"not_picked":["Vengeance","WindmillStrike"],"picked":"Fasting2","floor":7},{"not_picked":["Swivel","Halt"],"picked":"FlurryOfBlows","floor":10},{"not_picked":["WaveOfTheHand","ClearTheMind"],"picked":"FlurryOfBlows","floor":14},{"not_picked":["Ragnarok","MasterReality"],"picked":"DevaForm","floor":16},{"not_picked":["CarveReality","EmptyFist+1"],"picked":"Conclude","floor":18},{"not_picked":["Weave","Vengeance"],"picked":"JustLucky","floor":20},{"not_picked":["Crescendo","ForeignInfluence"],"picked":"FlyingSleeves","floor":24},{"not_picked":["FlyingSleeves","JustLucky+1"],"picked":"Wireheading","floor":28},{"not_picked":["Evaluate","EmptyBody"],"picked":"Wallop","floor":29},{"not_picked":["Consecrate","Collect"],"picked":"TalkToTheHand","floor":30},{"not_picked":["CrushJoints","PathToVictory"],"picked":"BowlingBash+1","floor":31}],"player_experience":1788571,"relics_obtained":[{"floor":6,"key":"Art of War"},{"floor":9,"key":"TeardropLocket"},{"floor":10,"key":"Darkstone Periapt"},{"floor":20,"key":"Red Mask"},{"floor":24,"key":"Lantern"},{"floor":26,"key":"Omamori"},{"floor":30,"key":"Ornamental Fan"}],"event_choices":[{"damage_healed":0,"gold_gain":150,"player_choice":"AGREE","damage_taken":0,"max_hp_gain":0,"max_hp_loss":0,"event_name":"Liars Game","floor":5,"gold_loss":0,"cards_obtained":["Doubt"]},{"damage_healed":0,"gold_gain":0,"player_choice":"Ignored","damage_taken":0,"max_hp_gain":0,"max_hp_loss":0,"event_name":"Shining Light","floor":13,"gold_loss":0},{"damage_healed":0,"gold_gain":0,"player_choice":"Fought Bandits","damage_taken":0,"max_hp_gain":0,"max_hp_loss":0,"event_name":"Masked Bandits","floor":20,"gold_loss":0},{"damage_healed":0,"gold_gain":0,"player_choice":"Stole Relic","damage_taken":0,"relics_obtained":["Unceasing Top"],"max_hp_gain":0,"max_hp_loss":0,"event_name":"Addict","floor":21,"gold_loss":0,"cards_obtained":["Shame"]},{"damage_healed":0,"gold_gain":0,"player_choice":"Became a vampire","damage_taken":0,"max_hp_gain":0,"max_hp_loss":23,"event_name":"Vampires","floor":23,"gold_loss":0,"cards_obtained":["Bite","Bite","Bite","Bite","Bite"]}],"is_beta":true,"boss_relics":[{"not_picked":["Velvet Choker","Calling Bell"],"picked":"SlaversCollar"}],"items_purged_floors":[8],"is_endless":false,"potions_floor_spawned":[2,3,6,16,24,29,30,31],"killed_by":"Collector","ascension_level":20}}