{"host":"m4qpn8a4h7jhbw2f","time":1612142083,"event":{"mods":["BaseMod","Colored Map","Colored Powertips","Highlight Path","Minty Spire (QoL Compilation)","Rare Cards Sparkle","Relic Stats"],"gold_per_floor":[359,359,52,52,7,42,42,54,54,73,73,73,93,103,103,202,202,219,229,229,1,11,11,28,28,28,61,71,71,86,86,86,191,191,210,227,80,80,80],"floor_reached":38,"language":"ENG","playtime":1681,"items_purged":["Shame","Strike_R"],"score":480,"play_id":"0b312088-0a39-48bd-8450-747b16191270","local_time":"20210131201443","is_ascension_mode":true,"campfire_choices":[{"data":"Bash","floor":7,"key":"SMITH"},{"data":"Wild Strike","floor":12,"key":"SMITH"},{"data":"Wild Strike","floor":15,"key":"SMITH"},{"data":"Evolve","floor":23,"key":"SMITH"},{"data":"Double Tap","floor":25,"key":"SMITH"},{"data":"Wild Strike","floor":29,"key":"SMITH"},{"data":"Wild Strike","floor":32,"key":"SMITH"}],"circlet_count":0,"master_deck":["Strike_R","Strike_R","Defend_R","Defend_R+1","Defend_R+1","Defend_R","Bash+1","Wild Strike+1","Wild Strike+1","True Grit","Wild Strike+1","Cleave","Iron Wave","Wild Strike+1","Double Tap+1","CurseOfTheBell","Pommel Strike+1","Evolve+1","Wild Strike+1","Headbutt","Flex+1","Flex"],"relics":["Black Blood","Eternal Feather","Champion Belt","War Paint","Self Forming Clay","Calling Bell","Strawberry","Blue Candle","Lizard Tail","Ice Cream","Orichalcum","Matryoshka","Charon\u0027s Ashes"],"acts_visited":["Exordium","TheCity","TheBeyond"],"potions_floor_usage":[16,16,24,27,27,33,38],"damage_taken":[{"damage":0,"enemies":"2 Louse","floor":1,"turns":3},{"damage":30,"enemies":"Gremlin Nob","floor":6,"turns":4},{"damage":0,"enemies":"Small Slimes","floor":8,"turns":3},{"damage":0,"enemies":"Cultist","floor":10,"turns":2},{"damage":3,"enemies":"Gremlin Gang","floor":13,"turns":5},{"damage":14,"enemies":"3 Louse","floor":14,"turns":3},{"damage":11,"enemies":"Slime Boss","floor":16,"turns":6},{"damage":6,"enemies":"Spheric Guardian","floor":18,"turns":3},{"damage":6,"enemies":"Chosen","floor":19,"turns":4},{"damage":22,"enemies":"Snecko","floor":22,"turns":4},{"damage":30,"enemies":"Snake Plant","floor":24,"turns":3},{"damage":31,"enemies":"Slavers","floor":27,"turns":4},{"damage":19,"enemies":"Cultist and Chosen","floor":28,"turns":5},{"damage":1,"enemies":"Snecko","floor":30,"turns":3},{"damage":93,"enemies":"Automaton","floor":33,"turns":12},{"damage":28,"enemies":"3 Shapes","floor":35,"turns":4},{"damage":30,"enemies":"Orb Walker","floor":36,"turns":4},{"damage":51,"enemies":"Maw","floor":38,"turns":4}],"seed_played":"-6972257194087773038","potions_obtained":[{"floor":1,"key":"Dexterity Potion"},{"floor":6,"key":"Fire Potion"},{"floor":13,"key":"SteroidPotion"},{"floor":18,"key":"Block Potion"},{"floor":22,"key":"Energy Potion"},{"floor":30,"key":"PowerPotion"},{"floor":36,"key":"Fire Potion"}],"is_trial":false,"path_per_floor":["M","?","$","?","$","E","R","M","T","M","?","R","M","M","R","B",null,"M","M","?","$","M","R","M","R","T","E","M","R","M","?","R","B",null,"M","M","$","M"],"character_chosen":"IRONCLAD","items_purchased":["Champion Belt","Wild Strike","Orichalcum","Flex"],"campfire_rested":0,"item_purchase_floors":[3,5,21,37],"current_hp_per_floor":[72,72,72,65,65,41,47,53,53,59,59,65,68,60,69,64,79,79,79,79,79,63,75,51,63,63,38,25,37,42,42,54,9,79,63,45,45,0,0],"gold":80,"neow_bonus":"TWO_FIFTY_GOLD","is_daily":false,"chose_seed":false,"campfire_upgraded":7,"win_rate":0.0,"timestamp":1612142083,"path_taken":["M","?","$","?","$","E","R","M","T","M","?","R","M","?","R","BOSS","M","?","?","$","M","R","M","R","T","E","M","R","M","?","R","BOSS","M","M","$","M"],"items_purchased_type":["Relic","Card","Relic","Card"],"build_version":"2020-12-22","purchased_purges":2,"victory":false,"max_hp_per_floor":[72,72,72,72,72,72,72,72,72,72,72,72,72,72,72,72,79,79,79,79,79,79,79,79,79,79,79,79,79,79,79,79,79,79,79,79,79,79,79],"relic_stats":{"Lizard Tail":39,"counters":[18,76],"Self Forming Clay":[126],"Blue Candle":[2],"Black Blood":108,"Eternal Feather":69,"Charon\u0027s Ashes":[15],"Champion Belt":[10],"War Paint":["Defend_R","Defend_R"],"Orichalcum":[102],"obtain_stats":[{"Ice Cream":20,"Self Forming Clay":9,"Blue Candle":17,"Black Blood":34,"Eternal Feather":2,"Charon\u0027s Ashes":27,"War Paint":6,"Orichalcum":21,"Burning Blood":0,"Calling Bell":17,"Lizard Tail":17,"Matryoshka":26,"Strawberry":17,"Champion Belt":3},{"Ice Cream":9,"Self Forming Clay":3,"Blue Candle":7,"Black Blood":15,"Eternal Feather":1,"Charon\u0027s Ashes":12,"War Paint":2,"Orichalcum":9,"Burning Blood":0,"Calling Bell":7,"Lizard Tail":7,"Matryoshka":11,"Strawberry":7,"Champion Belt":1},{"Ice Cream":33,"Self Forming Clay":10,"Blue Candle":26,"Black Blood":64,"Eternal Feather":3,"Charon\u0027s Ashes":44,"War Paint":7,"Orichalcum":33,"Burning Blood":0,"Calling Bell":26,"Lizard Tail":26,"Matryoshka":40,"Strawberry":26,"Champion Belt":3}]},"card_choices":[{"not_picked":["Seeing Red","True Grit"],"picked":"Wild Strike","floor":1},{"not_picked":["Offering","Disarm"],"picked":"True Grit","floor":6},{"not_picked":["Pommel Strike","Bloodletting"],"picked":"Wild Strike","floor":8},{"not_picked":["Sword Boomerang","Disarm"],"picked":"Cleave","floor":10},{"not_picked":["Whirlwind","Warcry"],"picked":"Iron Wave","floor":13},{"not_picked":["Bloodletting","Dual Wield"],"picked":"Wild Strike","floor":14},{"not_picked":["Limit Break","Offering"],"picked":"Double Tap","floor":16},{"not_picked":["Iron Wave","True Grit"],"picked":"Pommel Strike+1","floor":18},{"not_picked":["Shockwave","Heavy Blade","Warcry"],"picked":"SKIP","floor":19},{"not_picked":["Flex+1","Spot Weakness"],"picked":"Evolve","floor":22},{"not_picked":["Clothesline","Fiend Fire","Shockwave+1"],"picked":"SKIP","floor":24},{"not_picked":["Shockwave","Sword Boomerang"],"picked":"Wild Strike+1","floor":27},{"not_picked":["Body Slam","Wild Strike"],"picked":"Headbutt","floor":28},{"not_picked":["Clash","Seeing Red","Perfected Strike"],"picked":"SKIP","floor":30},{"not_picked":["Clash","Havoc","Shockwave"],"picked":"SKIP","floor":35},{"not_picked":["Seeing Red","Whirlwind"],"picked":"Flex+1","floor":36}],"player_experience":213582,"relics_obtained":[{"floor":6,"key":"War Paint"},{"floor":9,"key":"Self Forming Clay"},{"floor":17,"key":"Strawberry"},{"floor":17,"key":"Blue Candle"},{"floor":17,"key":"Lizard Tail"},{"floor":26,"key":"Matryoshka"},{"floor":27,"key":"Charon\u0027s Ashes"}],"event_choices":[{"damage_healed":0,"gold_gain":0,"player_choice":"Box","damage_taken":0,"relics_obtained":["Eternal Feather"],"max_hp_gain":0,"max_hp_loss":0,"event_name":"Big Fish","floor":2,"gold_loss":0,"cards_obtained":["Regret"]},{"cards_removed":["Regret"],"damage_healed":0,"gold_gain":0,"player_choice":"Card Removal","damage_taken":7,"max_hp_gain":0,"max_hp_loss":0,"event_name":"Golden Wing","floor":4,"gold_loss":0},{"cards_removed":["Strike_R"],"damage_healed":0,"gold_gain":0,"player_choice":"Offered Basic","damage_taken":0,"max_hp_gain":0,"max_hp_loss":0,"event_name":"Bonfire Elementals","floor":11,"gold_loss":0},{"damage_healed":0,"gold_gain":0,"player_choice":"Stole Relic","damage_taken":0,"relics_obtained":["Ice Cream"],"max_hp_gain":0,"max_hp_loss":0,"event_name":"Addict","floor":20,"gold_loss":0,"cards_obtained":["Shame"]},{"cards_removed":["Strike_R"],"damage_healed":0,"gold_gain":0,"player_choice":"Elegance","damage_taken":0,"max_hp_gain":0,"max_hp_loss":0,"event_name":"Back to Basics","floor":31,"gold_loss":0}],"is_beta":false,"boss_relics":[{"not_picked":["Fusion Hammer","Busted Crown"],"picked":"Calling Bell"},{"not_picked":["Coffee Dripper","Black Star"],"picked":"Black Blood"}],"items_purged_floors":[21,37],"is_endless":false,"potions_floor_spawned":[1,6,13,18,22,30,36],"killed_by":"Maw","ascension_level":3}}