{"host":"x8sop9v6zw8yitbt","time":1612215422,"event":{"mods":["BaseMod","Best Route Mod","Block Reminder","Challenge The Spire","Colored Powertips","Dark Map","DeckTracker","Minty Spire (QoL Compilation)","Permanent Neow","Quick Restart","Rare Cards Sparkle","Reliquary","Spicy Shops","Spikes Relics","StSLib","Virulent Crown"],"gold_per_floor":[115,125,125,51,51,92,32,72,72,92,92,133,58,72,72,193,193,206,206,226,262,187,187,223,236,236,276,299,299,299],"floor_reached":29,"language":"ENG","playtime":904,"items_purged":["Strike_G"],"score":346,"play_id":"b31f42ca-2deb-4417-b7d6-21784973a195","local_time":"20210201163702","daily_mods":["Specialized"],"is_ascension_mode":true,"campfire_choices":[{"data":"Malaise","floor":11,"key":"SMITH"},{"data":"Caltrops","floor":15,"key":"SMITH"},{"data":"Dodge and Roll","floor":23,"key":"SMITH"}],"circlet_count":0,"master_deck":["Strike_G","Strike_G","Strike_G","Strike_G","Defend_G","Defend_G","Defend_G","Defend_G","Survivor","Neutralize","Caltrops+1","Caltrops","Caltrops","Caltrops+1","Caltrops","Leg Sweep","Caltrops","Deflect","Dodge and Roll+1","Malaise+1","Blur+1","PiercingWail","Escape Plan"],"relics":["Ring of the Snake","Golden Idol","RoseTintedShades","reliquary:BallBearing","Meat on the Bone","reliquary:PartyBalloon","Velvet Choker","Red Mask","reliquary:PorcupineQuills","reliquary:HotPoker","Letter Opener"],"acts_visited":["Exordium","TheCity"],"potions_floor_usage":[6,12,21,27],"damage_taken":[{"damage":2,"enemies":"Small Slimes","floor":1,"turns":5},{"damage":0,"enemies":"Jaw Worm","floor":2,"turns":5},{"damage":27,"enemies":"3 Sentries","floor":6,"turns":6},{"damage":0,"enemies":"Lagavulin","floor":8,"turns":9},{"damage":0,"enemies":"2 Louse","floor":10,"turns":3},{"damage":16,"enemies":"Gremlin Nob","floor":12,"turns":5},{"damage":15,"enemies":"Blue Slaver","floor":14,"turns":4},{"damage":15,"enemies":"The Guardian","floor":16,"turns":9},{"damage":3,"enemies":"Spheric Guardian","floor":18,"turns":5},{"damage":0,"enemies":"Chosen","floor":20,"turns":6},{"damage":12,"enemies":"Masked Bandits","floor":21,"turns":4},{"damage":5,"enemies":"Book of Stabbing","floor":24,"turns":4},{"damage":7,"enemies":"3 Cultists","floor":25,"turns":4},{"damage":30,"enemies":"Gremlin Leader","floor":27,"turns":8},{"damage":9,"enemies":"Snake Plant","floor":28,"turns":4},{"damage":0,"enemies":"Slavers","floor":29,"turns":1}],"seed_played":"-7120178624852861466","potions_obtained":[{"floor":2,"key":"AttackPotion"},{"floor":6,"key":"Fruit Juice"},{"floor":16,"key":"EssenceOfSteel"},{"floor":24,"key":"AttackPotion"},{"floor":25,"key":"SteroidPotion"},{"floor":28,"key":"GamblersBrew"}],"is_trial":true,"path_per_floor":["M","M","?","$","?","E","$","E","T","M","R","E","$","M","R","B",null,"M","?","M","?","?","R","E","M","T","E","M","E"],"character_chosen":"THE_SILENT","items_purchased":["Caltrops","Dodge and Roll"],"campfire_rested":0,"item_purchase_floors":[4,7],"current_hp_per_floor":[68,68,65,65,65,38,38,38,38,38,38,39,39,36,36,33,70,67,67,67,55,55,55,50,43,43,25,28,28,28],"gold":299,"neow_bonus":"","is_daily":false,"chose_seed":false,"campfire_upgraded":3,"win_rate":0.0,"timestamp":1612215422,"path_taken":["M","M","?","$","?","E","?","E","T","M","R","E","$","M","R","BOSS","M","?","M","?","?","R","E","M","T","E","?","E"],"items_purchased_type":["Card","Card"],"build_version":"2020-12-22","purchased_purges":1,"victory":false,"max_hp_per_floor":[70,70,65,65,65,65,65,65,65,65,65,70,70,70,70,70,70,70,70,70,70,70,70,70,70,70,70,70,70,70],"card_choices":[{"not_picked":["Acrobatics","Infinite Blades"],"picked":"Leg Sweep","floor":1},{"not_picked":["Poisoned Stab","Dagger Throw","Quick Slash"],"picked":"SKIP","floor":2},{"not_picked":["Bane","Deadly Poison"],"picked":"Deflect","floor":6},{"not_picked":["Poisoned Stab","Acrobatics","Quick Slash"],"picked":"SKIP","floor":8},{"not_picked":["Deadly Poison","PiercingWail"],"picked":"Malaise","floor":10},{"not_picked":["Poisoned Stab","Blade Dance","Sucker Punch"],"picked":"SKIP","floor":12},{"not_picked":["Backflip","Dodge and Roll","Tactician"],"picked":"SKIP","floor":14},{"not_picked":["Sucker Punch","Flechettes","Acrobatics"],"picked":"SKIP","floor":18},{"not_picked":["ShadowRift","Flechettes"],"picked":"Blur+1","floor":20},{"not_picked":["Unload","Eviscerate+1","Dash"],"picked":"SKIP","floor":24},{"not_picked":["Sucker Punch","Reflex+1"],"picked":"PiercingWail","floor":25},{"not_picked":["Predator","Dodge and Roll"],"picked":"Escape Plan","floor":27},{"not_picked":["Flying Knee","Sucker Punch","Reflex+1"],"picked":"SKIP","floor":28}],"player_experience":876311,"relics_obtained":[{"floor":6,"key":"RoseTintedShades"},{"floor":8,"key":"reliquary:BallBearing"},{"floor":9,"key":"Meat on the Bone"},{"floor":12,"key":"reliquary:PartyBalloon"},{"floor":21,"key":"Red Mask"},{"floor":24,"key":"reliquary:PorcupineQuills"},{"floor":26,"key":"reliquary:HotPoker"},{"floor":27,"key":"Letter Opener"}],"event_choices":[{"damage_healed":0,"gold_gain":0,"player_choice":"Lose Max HP","damage_taken":0,"relics_obtained":["Golden Idol"],"max_hp_gain":0,"max_hp_loss":5,"event_name":"Golden Idol","floor":3,"gold_loss":0},{"damage_healed":0,"gold_gain":0,"player_choice":"Grow","damage_taken":0,"max_hp_gain":0,"max_hp_loss":0,"event_name":"Living Wall","floor":5,"gold_loss":0,"cards_upgraded":["Caltrops"]},{"damage_healed":0,"gold_gain":0,"player_choice":"Ignored","damage_taken":0,"max_hp_gain":0,"max_hp_loss":0,"event_name":"Ghosts","floor":19,"gold_loss":0},{"damage_healed":0,"gold_gain":0,"player_choice":"Fought Bandits","damage_taken":0,"max_hp_gain":0,"max_hp_loss":0,"event_name":"Masked Bandits","floor":21,"gold_loss":0},{"cards_removed":["Defend_G"],"damage_healed":0,"gold_gain":0,"player_choice":"Gave Gold","damage_taken":0,"max_hp_gain":0,"max_hp_loss":0,"event_name":"Beggar","floor":22,"gold_loss":75}],"is_beta":false,"boss_relics":[{"not_picked":["Ring of the Serpent","Snecko Eye"],"picked":"Velvet Choker"}],"items_purged_floors":[13],"is_endless":false,"potions_floor_spawned":[2,6,16,24,25,28],"killed_by":"Slavers","ascension_level":1}}