{"host":"x8sop9v6zw8yitbt","time":1612150351,"event":{"mods":["BaseMod","Best Route Mod","Block Reminder","Colored Powertips","Dark Map","DeckTracker","Minty Spire (QoL Compilation)","Permanent Neow","Quick Restart","Reliquary","Spicy Shops","StSLib"],"gold_per_floor":[112,112,123,138,63,63,77,89,157,57,57,90,90,119,119,224,224,236,151,170,170,197,197,197],"floor_reached":23,"language":"ENG","playtime":535,"items_purged":["Strike_G","Strike_G"],"score":209,"play_id":"9dbff0fa-c79d-4454-af37-a7b7dddfe948","local_time":"20210131223231","is_ascension_mode":true,"campfire_choices":[{"data":"Neutralize","floor":6.0,"key":"SMITH"},{"data":"Grand Finale","floor":11.0,"key":"SMITH"},{"data":"Defend_G","floor":13.0,"key":"SMITH"},{"data":"Defend_G","floor":15.0,"key":"SMITH"}],"circlet_count":0,"master_deck":["Strike_G","Strike_G","Strike_G","Defend_G+1","Defend_G","Defend_G","Defend_G+1","Survivor","Neutralize+1","Grand Finale+1","Footwork+1"],"relics":["Ring of the Snake","Frozen Egg 2","Ice Cream","Juzu Bracelet","WristBlade","Blood Vial","Pen Nib"],"acts_visited":["Exordium","TheCity"],"potions_floor_usage":[],"damage_taken":[{"damage":5.0,"enemies":"Small Slimes","floor":1.0,"turns":3.0},{"damage":6.0,"enemies":"Cultist","floor":3.0,"turns":5.0},{"damage":0.0,"enemies":"Jaw Worm","floor":4.0,"turns":2.0},{"damage":4.0,"enemies":"3 Louse","floor":7.0,"turns":6.0},{"damage":1.0,"enemies":"Exordium Wildlife","floor":8.0,"turns":3.0},{"damage":3.0,"enemies":"Lagavulin","floor":12.0,"turns":7.0},{"damage":4.0,"enemies":"Gremlin Nob","floor":14.0,"turns":3.0},{"damage":2.0,"enemies":"The Guardian","floor":16.0,"turns":7.0},{"damage":0.0,"enemies":"Shell Parasite","floor":18.0,"turns":3.0},{"damage":1.0,"enemies":"3 Byrds","floor":20.0,"turns":5.0},{"damage":18,"enemies":"Slavers","floor":23,"turns":4}],"seed_played":"5081151027115075579","potions_obtained":[{"floor":1.0,"key":"SteroidPotion"},{"floor":4.0,"key":"FairyPotion"},{"floor":14.0,"key":"FearPotion"},{"floor":16.0,"key":"Swift Potion"},{"floor":20.0,"key":"DuplicationPotion"}],"is_trial":false,"path_per_floor":["M","?","M","M","$","R","M","M","T","$","R","E","R","E","R","B",null,"M","?","M","?","T","E"],"character_chosen":"THE_SILENT","items_purchased":[],"campfire_rested":0,"item_purchase_floors":[],"current_hp_per_floor":[65,65,59,59,59,59,55,54,54,54,54,51,51,47,47,45,70,70,70,69,69,69,52,52],"gold":197,"neow_bonus":"ONE_RANDOM_RARE_CARD","is_daily":false,"chose_seed":false,"campfire_upgraded":4,"win_rate":0.0,"timestamp":1612150351,"path_taken":["M","?","M","M","$","R","M","M","T","$","R","E","R","E","R","BOSS","M","?","M","?","?","E"],"items_purchased_type":[],"build_version":"2020-12-22","purchased_purges":2,"victory":false,"max_hp_per_floor":[70,70,70,70,70,70,70,70,70,70,70,70,70,70,70,70,70,70,70,70,70,70,70,70],"card_choices":[{"not_picked":["Escape Plan","Slice","Blur"],"picked":"SKIP","floor":1.0},{"not_picked":["Poisoned Stab","Dagger Throw","Deadly Poison"],"picked":"SKIP","floor":3.0},{"not_picked":["Concentrate","Quick Slash","Endless Agony"],"picked":"SKIP","floor":4.0},{"not_picked":["Infinite Blades","Blade Dance","Sucker Punch"],"picked":"SKIP","floor":7.0},{"not_picked":["Terror","Underhanded Strike","Noxious Fumes"],"picked":"SKIP","floor":8.0},{"not_picked":["Finisher","Acrobatics","Underhanded Strike"],"picked":"SKIP","floor":12.0},{"not_picked":["Infinite Blades+1","Sucker Punch","Blur"],"picked":"SKIP","floor":14.0},{"not_picked":["Backflip","Deflect+1"],"picked":"Footwork+1","floor":18.0},{"not_picked":["Slice","Blade Dance+1","Cloak And Dagger+1"],"picked":"SKIP","floor":20.0}],"player_experience":868627,"relics_obtained":[{"floor":9.0,"key":"Frozen Egg 2"},{"floor":12.0,"key":"Ice Cream"},{"floor":14.0,"key":"Juzu Bracelet"},{"floor":22,"key":"Pen Nib"}],"event_choices":[{"cards_removed":["Defend_G"],"damage_healed":0.0,"max_hp_gain":0.0,"max_hp_loss":0.0,"gold_gain":0.0,"event_name":"Bonfire Elementals","player_choice":"Offered Basic","floor":2.0,"gold_loss":0.0,"damage_taken":0.0},{"damage_healed":0.0,"max_hp_gain":0.0,"max_hp_loss":0.0,"gold_gain":0.0,"event_name":"Addict","player_choice":"Obtained Relic","floor":19.0,"gold_loss":85.0,"damage_taken":0.0,"relics_obtained":["Blood Vial"]},{"damage_healed":0,"gold_gain":0,"player_choice":"Ignored","damage_taken":0,"max_hp_gain":0,"max_hp_loss":0,"event_name":"Cursed Tome","floor":21,"gold_loss":0}],"is_beta":false,"boss_relics":[{"not_picked":["reliquary:RedPaperclip","reliquary:KinkedSpring"],"picked":"WristBlade"}],"items_purged_floors":[5,10],"is_endless":false,"potions_floor_spawned":[1,4,14,16,18,20],"killed_by":"Slavers","ascension_level":1}}