{"host":"c3lc60y5x60jlt1y","time":1612199328,"event":{"mods":["AchievementEnabler","BaseMod","Bestiary","Colored Map","Minty Spire (QoL Compilation)","Quick Restart","StSLib","ojb\u0027s Info Mod"],"gold_per_floor":[117,42,42,42,61,61,71,71,94,112,62,74,54,65,65,170,170,180,130,130,143,157,157,185,185,185,196,206,219,219,219,219,322,322,342,292,392,412,67,67,86,99,126,144,144,144,144,71,71,71],"floor_reached":51,"language":"ENG","playtime":1175,"items_purged":["Defend_R","Strike_R","Strike_R","Strike_R","Defend_R"],"score":689,"play_id":"ddc586c8-d902-47d4-b743-1b6784784603","local_time":"20210201190848","is_ascension_mode":false,"campfire_choices":[{"data":"Armaments","floor":6.0,"key":"SMITH"},{"data":"Bash","floor":8.0,"key":"SMITH"},{"data":"Berserk","floor":15.0,"key":"SMITH"},{"data":"Demon Form","floor":23.0,"key":"SMITH"},{"data":"Bludgeon","floor":25.0,"key":"SMITH"},{"data":"Shrug It Off","floor":30.0,"key":"SMITH"},{"data":"Thunderclap","floor":32.0,"key":"SMITH"},{"data":"Limit Break","floor":40.0,"key":"SMITH"},{"floor":49.0,"key":"REST"}],"circlet_count":0,"master_deck":["Bash+1","Flame Barrier+1","Armaments+1","Bludgeon+1","Thunderclap+1","Berserk+1","Demon Form+1","Flex+1","Shrug It Off+1","Demon Form+1","Whirlwind+1","Limit Break+1","Impervious","Impatience","Dual Wield"],"relics":["Burning Blood","Smiling Mask","Snecko Eye","Red Mask","Frozen Egg 2","Bottled Flame","Sozu","Akabeko","Pocketwatch"],"acts_visited":["Exordium","TheCity","TheBeyond"],"potions_floor_usage":[],"damage_taken":[{"damage":9.0,"enemies":"Small Slimes","floor":1.0,"turns":4.0},{"damage":9.0,"enemies":"Cultist","floor":5.0,"turns":4.0},{"damage":6.0,"enemies":"Jaw Worm","floor":7.0,"turns":5.0},{"damage":9.0,"enemies":"Lots of Slimes","floor":10.0,"turns":6.0},{"damage":4.0,"enemies":"Exordium Wildlife","floor":12.0,"turns":5.0},{"damage":1.0,"enemies":"Exordium Thugs","floor":14.0,"turns":3.0},{"damage":11.0,"enemies":"Slime Boss","floor":16.0,"turns":5.0},{"damage":0.0,"enemies":"Chosen","floor":18.0,"turns":3.0},{"damage":0.0,"enemies":"Spheric Guardian","floor":21.0,"turns":3.0},{"damage":7.0,"enemies":"Centurion and Healer","floor":22.0,"turns":3.0},{"damage":9.0,"enemies":"Masked Bandits","floor":24.0,"turns":4.0},{"damage":1.0,"enemies":"Cultist and Chosen","floor":27.0,"turns":3.0},{"damage":0.0,"enemies":"Snake Plant","floor":28.0,"turns":3.0},{"damage":6.0,"enemies":"Centurion and Healer","floor":29.0,"turns":3.0},{"damage":9.0,"enemies":"Champ","floor":33.0,"turns":6.0},{"damage":2.0,"enemies":"Orb Walker","floor":35.0,"turns":3.0},{"damage":7.0,"enemies":"3 Shapes","floor":38.0,"turns":5.0},{"damage":28.0,"enemies":"3 Darklings","floor":41.0,"turns":4.0},{"damage":24.0,"enemies":"Writhing Mass","floor":42.0,"turns":3.0},{"damage":19.0,"enemies":"Spire Growth","floor":44.0,"turns":4.0},{"damage":47,"enemies":"Awakened One","floor":50,"turns":7}],"seed_played":"6622467702488182083","potions_obtained":[{"floor":4.0,"key":"DuplicationPotion"},{"floor":4.0,"key":"EssenceOfSteel"},{"floor":4.0,"key":"GamblersBrew"},{"floor":13.0,"key":"Strength Potion"},{"floor":18.0,"key":"EntropicBrew"},{"floor":28.0,"key":"PowerPotion"},{"floor":33.0,"key":"AttackPotion"}],"is_trial":false,"path_per_floor":["M","$","?","?","M","R","M","R","T","M","$","M","?","M","R","B",null,"M","$","?","M","M","R","?","R","T","M","M","M","R","T","R","B",null,"M","$","?","M","$","R","M","M","T","M","?","?","T","$","R","B",null],"character_chosen":"IRONCLAD","items_purchased":["Limit Break","Impervious","Dual Wield"],"campfire_rested":1,"item_purchase_floors":[39,39,48],"current_hp_per_floor":[53,53,46,46,43,43,43,43,43,40,40,42,42,47,47,42,80,80,80,80,80,79,79,76,76,76,80,80,80,80,80,80,77,80,80,80,80,79,79,79,57,39,39,26,26,26,26,26,50,9],"gold":71,"neow_bonus":"REMOVE_TWO","is_daily":false,"chose_seed":false,"campfire_upgraded":8,"win_rate":0.0,"timestamp":1612199328,"path_taken":["M","$","?","?","?","R","M","R","T","M","$","M","?","?","R","BOSS","M","?","?","?","M","R","?","R","T","M","M","M","R","?","R","BOSS","M","$","?","M","$","R","M","?","T","M","?","?","?","?","R","BOSS"],"items_purchased_type":["Card","Card","Card"],"build_version":"2020-12-22","purchased_purges":5,"victory":true,"max_hp_per_floor":[80,80,80,80,80,80,80,80,80,80,80,80,80,80,80,80,80,80,80,80,80,80,80,80,80,80,80,80,80,80,80,80,80,80,80,80,80,80,80,80,80,80,80,80,80,80,80,80,80,80],"card_choices":[{"not_picked":["Iron Wave","Shrug It Off"],"picked":"Flame Barrier","floor":1.0},{"not_picked":["Anger","Shrug It Off"],"picked":"Armaments","floor":5.0},{"not_picked":["True Grit","Cleave"],"picked":"Bludgeon","floor":7.0},{"not_picked":["Twin Strike","Anger"],"picked":"Thunderclap","floor":10.0},{"not_picked":["Pommel Strike","Iron Wave","True Grit"],"picked":"SKIP","floor":12.0},{"not_picked":["Dual Wield","Anger"],"picked":"Berserk","floor":14.0},{"not_picked":["Limit Break","Feed"],"picked":"Demon Form","floor":16.0},{"not_picked":["Clash","Armaments+1","Cleave"],"picked":"SKIP","floor":18.0},{"not_picked":["Sword Boomerang","Headbutt","Shrug It Off+1"],"picked":"SKIP","floor":21.0},{"not_picked":["Body Slam+1","Pummel"],"picked":"Flex+1","floor":22.0},{"not_picked":["Bloodletting+1","Anger","Pummel"],"picked":"SKIP","floor":27.0},{"not_picked":["Searing Blow+1","True Grit","Hemokinesis+1"],"picked":"SKIP","floor":28.0},{"not_picked":["Anger","Thunderclap"],"picked":"Shrug It Off","floor":29.0},{"not_picked":["Bludgeon","Double Tap"],"picked":"Demon Form+1","floor":33.0},{"not_picked":["Pommel Strike","Clothesline"],"picked":"Whirlwind+1","floor":35.0},{"not_picked":["Entrench+1","Perfected Strike","Warcry"],"picked":"SKIP","floor":38.0},{"not_picked":["Thunderclap","Uppercut","Shrug It Off"],"picked":"SKIP","floor":41.0},{"not_picked":["Wild Strike+1","Sword Boomerang+1","Thunderclap"],"picked":"SKIP","floor":42.0},{"not_picked":["Disarm+1","Flex","Sentinel"],"picked":"SKIP","floor":44.0},{"not_picked":["Transmutation","Swift Strike"],"picked":"Impatience","floor":45.0}],"player_experience":8897052,"relics_obtained":[{"floor":9.0,"key":"Smiling Mask"},{"floor":24.0,"key":"Red Mask"},{"floor":26.0,"key":"Frozen Egg 2"},{"floor":31.0,"key":"Bottled Flame"},{"floor":43.0,"key":"Akabeko"},{"floor":47.0,"key":"Pocketwatch"}],"event_choices":[{"cards_removed":["Strike_R"],"damage_healed":0.0,"max_hp_gain":0.0,"max_hp_loss":0.0,"gold_gain":0.0,"event_name":"Golden Wing","player_choice":"Card Removal","floor":3.0,"gold_loss":0.0,"damage_taken":7.0},{"damage_healed":0.0,"max_hp_gain":0.0,"max_hp_loss":0.0,"gold_gain":0.0,"event_name":"Lab","player_choice":"Got Potions","floor":4.0,"gold_loss":0.0,"damage_taken":0.0},{"damage_healed":0.0,"max_hp_gain":0.0,"max_hp_loss":0.0,"gold_gain":0.0,"event_name":"The Woman in Blue","player_choice":"Bought 1 Potion","floor":13.0,"gold_loss":0.0,"damage_taken":0.0},{"damage_healed":0.0,"max_hp_gain":0.0,"max_hp_loss":0.0,"gold_gain":0.0,"event_name":"Upgrade Shrine","player_choice":"Upgraded","floor":20.0,"gold_loss":0.0,"damage_taken":0.0,"cards_upgraded":["Flame Barrier"]},{"damage_healed":0.0,"max_hp_gain":0.0,"max_hp_loss":0.0,"gold_gain":0.0,"event_name":"Masked Bandits","player_choice":"Fought Bandits","floor":24.0,"gold_loss":0.0,"damage_taken":0.0},{"damage_healed":0.0,"max_hp_gain":0.0,"max_hp_loss":0.0,"gold_gain":100.0,"event_name":"Golden Shrine","player_choice":"Pray","floor":37.0,"gold_loss":0.0,"damage_taken":0.0},{"damage_healed":0.0,"max_hp_gain":0.0,"max_hp_loss":0.0,"gold_gain":0.0,"event_name":"SensoryStone","player_choice":"Memory 1","floor":45.0,"gold_loss":0.0,"damage_taken":0.0},{"cards_removed":["Defend_R"],"damage_healed":0.0,"max_hp_gain":0.0,"max_hp_loss":0.0,"gold_gain":0.0,"event_name":"Falling","player_choice":"Removed Skill","floor":46.0,"gold_loss":0.0,"damage_taken":0.0}],"is_beta":false,"boss_relics":[{"not_picked":["SacredBark","Mark of Pain"],"picked":"Snecko Eye"},{"not_picked":["Calling Bell","Black Star"],"picked":"Sozu"}],"items_purged_floors":[2,11,19,36,39],"is_endless":false,"potions_floor_spawned":[10,14,18,28,29,33,41,44],"ascension_level":0}}