{"host":"15dd7v8o90xso62x","time":1612176079,"event":{"mods":["BaseMod","Minty Spire (QoL Compilation)","Quick Restart","StSLib","SuperFastMode"],"gold_per_floor":[213,268,150,150,170,170,188,113,113,113,113,125,25,25,25,25,25],"floor_reached":16,"language":"KOR","playtime":279,"items_purged":["Defend_G","Strike_G"],"score":176,"play_id":"2d35bfd1-ff29-4525-a547-bab3d6594074","local_time":"20210201194119","is_ascension_mode":true,"campfire_choices":[{"data":"Tactician","floor":6,"key":"SMITH"},{"data":"Prepared","floor":11,"key":"SMITH"},{"data":"Neutralize","floor":15,"key":"SMITH"}],"circlet_count":0,"master_deck":["AscendersBane","Strike_G+1","Strike_G","Strike_G","Defend_G","Defend_G","Defend_G","Defend_G","Survivor","Neutralize+1","Tactician+1","Well Laid Plans+1","Prepared+1","Acrobatics"],"relics":["Ring of the Snake","Pen Nib","Du-Vu Doll"],"acts_visited":[],"potions_floor_usage":[],"damage_taken":[{"damage":3,"enemies":"Cultist","floor":1,"turns":5},{"damage":1,"enemies":"2 Louse","floor":5,"turns":5},{"damage":1,"enemies":"Small Slimes","floor":7,"turns":4},{"damage":13,"enemies":"3 Louse","floor":12,"turns":5},{"damage":0,"enemies":"Slime Boss","floor":16,"turns":3}],"seed_played":"-633771993425080332","potions_obtained":[],"is_trial":false,"path_per_floor":["M","T","$","?","M","R","M","?","T","?","R","M","$","?","R","B"],"character_chosen":"THE_SILENT","items_purchased":["Well Laid Plans"],"campfire_rested":0,"item_purchase_floors":[3],"current_hp_per_floor":[56,56,56,61,60,60,59,59,59,38,38,25,25,25,25,25,25],"gold":25,"neow_bonus":"HUNDRED_GOLD","is_daily":false,"chose_seed":false,"campfire_upgraded":3,"win_rate":0.0,"timestamp":1612176079,"path_taken":["M","?","$","?","M","R","M","?","T","?","R","M","$","?","R","BOSS"],"items_purchased_type":["Card"],"build_version":"2020-12-22","purchased_purges":2,"victory":false,"max_hp_per_floor":[66,66,66,71,71,71,71,71,71,71,71,71,71,71,71,71,71],"card_choices":[{"not_picked":["Deadly Poison","Sucker Punch"],"picked":"Tactician","floor":1},{"not_picked":["Sucker Punch","Dodge and Roll","PiercingWail"],"picked":"SKIP","floor":5},{"not_picked":["Outmaneuver","Skewer"],"picked":"Prepared","floor":7},{"not_picked":["Terror","Crippling Poison"],"picked":"Acrobatics","floor":12}],"player_experience":920576,"relics_obtained":[{"floor":2,"key":"Pen Nib"},{"floor":9,"key":"Du-Vu Doll"}],"event_choices":[{"damage_healed":0,"gold_gain":0,"player_choice":"Donut","damage_taken":0,"max_hp_gain":5,"max_hp_loss":0,"event_name":"Big Fish","floor":4,"gold_loss":0},{"cards_removed":["Strike_G"],"damage_healed":0,"gold_gain":0,"player_choice":"Card Removal","damage_taken":0,"max_hp_gain":0,"max_hp_loss":0,"event_name":"The Cleric","floor":8,"gold_loss":75},{"damage_healed":0,"gold_gain":0,"player_choice":"Entered Light","damage_taken":21,"max_hp_gain":0,"max_hp_loss":0,"event_name":"Shining Light","floor":10,"gold_loss":0,"cards_upgraded":["Strike_G","Well Laid Plans"]},{"damage_healed":0,"gold_gain":0,"player_choice":"Ignored","damage_taken":0,"max_hp_gain":0,"max_hp_loss":0,"event_name":"Liars Game","floor":14,"gold_loss":0}],"is_beta":false,"boss_relics":[],"items_purged_floors":[3,13],"is_endless":false,"potions_floor_spawned":[],"killed_by":"Slime Boss","ascension_level":20}}