{"host":"tvwbxqry54t86y0v","time":1612176481,"event":{"mods":["2.2 Compatiblity","A Magickal Journey","Arknights","Astrologer","BaseMod","Beaked The Cultist","BetterRewards","Block Reminder","Clockwork Mod","Colored Powertips","DeckTracker","Downfall","Fiend Mod","GungeonMod","Hermit","Hubris","Infinite Spire","Ironclad Rager","Marked Mod","Mimic Mod","Minty Spire (QoL Compilation)","Potionbrewer","Replay The Spire","Shade Mod","Somnambulant","StSLib","The Bug Knight","The Cursed","The Death Knight","The Druid","The Elementalist","The Exalted","The Forsaken","The Hierophant","The Jungle","The Marked","The Mystic","The Problem Sleuth","The Runesmith","The Senshi","The Spell Scribe","The Valiant","The Wild Card","TheFirefly","TheHeartMod","Unceasing Turn Reminder","thorton"],"gold_per_floor":[199,217,234,249,182,182,219,234,234,61,95,95,95,108,126,225,225,225,243,243,262,275,292,370,448,448,478,478,489,489,503,514,514,514,514],"floor_reached":33,"language":"ENG","playtime":7980,"items_purged":[],"score":287,"play_id":"70914cea-423c-4925-b467-a58a274753a2","local_time":"20210201214801","is_ascension_mode":true,"campfire_choices":[{"data":"champ:PerfectedStrike","floor":6,"key":"SMITH"},{"data":"champ:SwordSigil","floor":9,"key":"SMITH"},{"data":"champ:StanceDance","floor":12,"key":"SMITH"},{"data":"champ:BladeFlurry","floor":28,"key":"SMITH"}],"circlet_count":0,"master_deck":["champ:Strike","champ:Strike","champ:Strike","champ:Strike","champ:Defend","champ:Defend","champ:Defend","champ:Defend","champ:Execute","champ:Taunt","champ:SwordSigil+1","champ:PerfectedStrike+1","champ:FlashCut","champ:StanceDance+1","champ:FanOfKnives","champ:ShieldWall","champ:FocusedBerserking","champ:SwordSigil+1","champ:FlashCut","champ:AdrenalArmor","champ:LastStand","champ:BerserkersShout+1","champ:Encircle+1","champ:TripleStrike","champ:BladeFlurry+1","champ:Improvising","champ:FlashCut+1","champ:PerfectedStrike"],"relics":["champ:ChampionCrown","HollowMod:PaleOreRelic","Replay:Wax Seal","Gremlin Horn","SacredBark","Bottled Flame","Sundial","DemoMod:LamentConfigurum","Replay:Bottled Flurry"],"acts_visited":["Exordium","TheCity"],"potions_floor_usage":[16,16,20,23,27,29,33,33],"damage_taken":[{"damage":15,"enemies":"Cultist","floor":2,"turns":6},{"damage":19,"enemies":"Jaw Worm","floor":3,"turns":5},{"damage":5,"enemies":"Small Slimes","floor":4,"turns":2},{"damage":25,"enemies":"downfall:FleeingMerchant","floor":5,"turns":4},{"damage":25,"enemies":"Large Slime","floor":7,"turns":6},{"damage":0,"enemies":"Large Slime","floor":8,"turns":4},{"damage":10,"enemies":"downfall:FleeingMerchant","floor":10,"turns":4},{"damage":36,"enemies":"Lagavulin","floor":11,"turns":6},{"damage":32,"enemies":"Gremlin Gang","floor":14,"turns":3},{"damage":57,"enemies":"Lots of Slimes","floor":15,"turns":3},{"damage":71,"enemies":"IC_STATUS_ARCHETYPE","floor":16,"turns":6},{"damage":41,"enemies":"3 Byrds","floor":19,"turns":4},{"damage":72,"enemies":"Cultist and Chosen","floor":20,"turns":6},{"damage":32,"enemies":"Snake Plant","floor":21,"turns":4},{"damage":49,"enemies":"Centurion and Healer","floor":22,"turns":5},{"damage":45,"enemies":"Cultist and Chosen","floor":23,"turns":5},{"damage":34,"enemies":"Slavers","floor":27,"turns":4},{"damage":80,"enemies":"Snake Plant","floor":29,"turns":4},{"damage":26,"enemies":"3 Cultists","floor":31,"turns":4},{"damage":17,"enemies":"Chosen and Byrds","floor":32,"turns":3},{"damage":33,"enemies":"WA_ARCHETYPE_CALM","floor":33,"turns":8}],"seed_played":"6879304709893207773","potions_obtained":[{"floor":1,"key":"potionbrewer:BarricadePotion"},{"floor":1,"key":"SmokeBomb"},{"floor":1,"key":"Venom Potion"},{"floor":14,"key":"LiquidBronze"},{"floor":16,"key":"Dexterity Potion"},{"floor":21,"key":"AttackPotion"},{"floor":22,"key":"potionbrewer:NoxiousPotion"},{"floor":23,"key":"potionbrewer:CleansingPotion"},{"floor":27,"key":"Dexterity Potion"}],"is_trial":false,"path_per_floor":["R","M","M","M","$","R","MIM","M","R","$","E","R","?","M","M","B",null,"R","M","M","M","M","M","T","T","?","E","R","M","M","M","M","B"],"character_chosen":"THE_CHAMP","items_purchased":["champ:FanOfKnives","champ:ShieldWall","Replay:Wax Seal"],"campfire_rested":0,"item_purchase_floors":[5,10,10],"current_hp_per_floor":[90,85,81,76,66,66,66,66,66,66,65,65,65,58,58,47,90,90,89,77,60,46,46,46,46,83,64,64,39,39,18,18,0,0,0],"gold":514,"neow_bonus":"HUNDRED_GOLD","is_daily":false,"chose_seed":false,"campfire_upgraded":4,"win_rate":0.0,"timestamp":1612176481,"path_taken":["R","M","M","M","$","R","MIM","M","R","$","E","R","?","?","M","BOSS","R","M","M","M","M","M","T","?","?","E","R","M","M","M","M","BOSS"],"items_purchased_type":["Card","Card","Relic"],"build_version":"2020-12-22","purchased_purges":0,"victory":false,"max_hp_per_floor":[90,90,90,90,90,90,90,90,90,90,90,90,90,90,90,90,90,90,90,90,90,90,90,90,90,83,83,83,83,83,83,83,83,83,83],"card_choices":[{"not_picked":["champ:StanceDance","champ:RageSigil"],"picked":"champ:SwordSigil","floor":2},{"not_picked":["champ:DefensiveShout","champ:HeartStrike"],"picked":"champ:PerfectedStrike","floor":3},{"not_picked":["champ:FalseCounter","champ:Duel"],"picked":"champ:FlashCut","floor":4},{"not_picked":["champ:GladiatorStyle","champ:LastStand"],"picked":"champ:StanceDance","floor":5},{"not_picked":["champ:CrownThrow","champ:FalseCounter","champ:PreemptiveStrike"],"picked":"SKIP","floor":8},{"not_picked":["champ:DefensiveShout","champ:DefensiveStyle","champ:GutPunch"],"picked":"SKIP","floor":10},{"not_picked":["champ:UltimateStance","champ:GladiatorStyle"],"picked":"champ:FocusedBerserking","floor":11},{"not_picked":["champ:Backstep","champ:BringItOn"],"picked":"champ:FlashCut","floor":14},{"not_picked":["champ:SwordSigil","champ:Endure"],"picked":"champ:AdrenalArmor","floor":15},{"not_picked":["champ:Devastate","champ:ShieldThrow"],"picked":"champ:LastStand","floor":16},{"not_picked":["champ:FanOfKnives","champ:GutPunch+1"],"picked":"champ:BerserkersShout+1","floor":19},{"not_picked":["champ:FanOfKnives","champ:AdrenalArmor"],"picked":"champ:Encircle+1","floor":21},{"not_picked":["champ:DefensiveShout","champ:Circumvent"],"picked":"champ:TripleStrike","floor":22},{"not_picked":["champ:FlashCut","champ:BringItOn"],"picked":"champ:BladeFlurry","floor":23},{"not_picked":["champ:BerserkerStyle","champ:CrownThrow"],"picked":"champ:Improvising","floor":27},{"not_picked":["champ:GladiatorStyle","champ:SkillfulDodge+1"],"picked":"champ:FlashCut+1","floor":29},{"not_picked":["champ:Encircle+1","champ:FlashCut","champ:TornadoPunch"],"picked":"SKIP","floor":31},{"not_picked":["champ:ShieldSigil","champ:DeathBlow"],"picked":"champ:PerfectedStrike","floor":32}],"player_experience":1134743,"relics_obtained":[{"floor":7,"key":"HollowMod:PaleOreRelic"},{"floor":11,"key":"Gremlin Horn"},{"floor":24,"key":"Bottled Flame"},{"floor":25,"key":"Sundial"},{"floor":27,"key":"DemoMod:LamentConfigurum"}],"event_choices":[{"damage_healed":0,"gold_gain":0,"player_choice":"Got Potions","damage_taken":0,"max_hp_gain":0,"max_hp_loss":0,"event_name":"Lab","floor":1,"gold_loss":0}],"is_beta":false,"boss_relics":[{"not_picked":["hubris:RunicObelisk","beaked:MawFillet"],"picked":"SacredBark"}],"items_purged_floors":[],"is_endless":false,"potions_floor_spawned":[2,4,8,14,16,21,22,23,27],"killed_by":"WA_ARCHETYPE_CALM","ascension_level":1}}