{"host":"a5v7x5tmlr5iccdt","time":1612202457,"event":{"mods":["100% Spire Juice","Act Like it!","Aspiration","BaseMod","ChefMod","Colored Map","Colored Powertips","Conspire","Downfall","Energized Spire","Gensokyo","Hallownest","Highlight Path","HornydragonMod","Minty Spire (QoL Compilation)","Quick Restart","Remilia£®¿Ÿ√◊¿Ú—«£©","Replay The Spire","Robot Space Explorer","StSLib","The Bug Knight","Youmu£®ªÍ∆«—˝√Œ£©"],"gold_per_floor":[82,99,99,24,43,43,74,74,122,154,154,168,185,185,185,289,289,302,302,302,364,375,403,403,283,307,337,363,406,731,741,741,843,843,860,875,875,875,1153,1184,1184,1772,1772,1788,2060,1746,1009,1025,1025,1025],"floor_reached":51,"language":"ZHS","playtime":2203,"items_purged":["Defend_HD","Strike_HD"],"score":1140,"play_id":"a52a04cf-e523-4847-ad58-5f61bd5412ae","local_time":"20210202020057","is_ascension_mode":true,"campfire_choices":[{"data":"Scp500","floor":6.0,"key":"SMITH"},{"data":"Caffeine","floor":8.0,"key":"SMITH"},{"data":"ChickenAttack","floor":15.0,"key":"SMITH"},{"data":"Metabolism","floor":32,"key":"SMITH"},{"data":"GetAlcoholSmell","floor":41,"key":"SMITH"},{"data":"Gensokyo:ShootingStar","floor":49,"key":"SMITH"}],"circlet_count":0,"master_deck":["Strike_HD","Strike_HD","DrunkenFist","Defend_HD","AlcoholBarrier","BreakDrink","ShrimpCocktail","Scp500+1","Caffeine+1","GetToilet","Endless Agony","Deadly Poison","Adrenaline","Vomiting+1","ChickenAttack+1","BloodyMary","LightAttack+1","Sadman570","Gensokyo:FourOfAKind","Gensokyo:FourOfAKind","Gensokyo:FourOfAKind","Conch","Metabolism+1","Melancholia","GetStonks","IceTea","CrazyDrinking+1","Gensokyo:ShootingStar+1","GetAlcoholSmell+1","BloodyMary+1","Heart6+1","Pot Of Greed","Pot Of Greed","Pot Of Greed","IceTea"],"relics":["WineBottle","NeowsBlessing","Gensokyo:OccultBall","Letter Opener","PreservedInsect","Omamori","conspire:SpecialSausage","ReplayTheSpireMod:Ring of Challenge","Ring of Peace","Bronze Scales","Gensokyo:RedStar","Gensokyo:LionMask","Potion Belt","Anchor","HollowMod:PaleOreRelic","Simple Rune","Busted Crown","Orichalcum","Boot","Replay:Bottled Steam","Guide Book","ReplayTheSpireMod:EnergyBall","AntiCross","Grinning Jar","Sling"],"acts_visited":["Gensokyo:Gensokyo","Gensokyo:Gensokyoer","Gensokyo:Gensokyoest"],"potions_floor_usage":[33],"damage_taken":[{"damage":0.0,"enemies":"Gensokyo:3_Fairies","floor":1.0,"turns":1.0},{"damage":0.0,"enemies":"Gensokyo:Gryphon","floor":2.0,"turns":1.0},{"damage":0.0,"enemies":"Gensokyo:Python","floor":5.0,"turns":1.0},{"damage":23.0,"enemies":"Gensokyo:Aya","floor":7.0,"turns":7.0},{"damage":16.0,"enemies":"Gensokyo:Mamizou","floor":10.0,"turns":9.0},{"damage":1.0,"enemies":"Gensokyo:5_Fairies","floor":12.0,"turns":8.0},{"damage":0.0,"enemies":"Gensokyo:LivingMonolith","floor":13.0,"turns":3.0},{"damage":29.0,"enemies":"Gensokyo:Kokoro","floor":16.0,"turns":10.0},{"damage":24.0,"enemies":"Gensokyo:AngelMirror","floor":18.0,"turns":2.0},{"damage":0.0,"enemies":"Gensokyo:CosmicMonolith","floor":21.0,"turns":2.0},{"damage":0.0,"enemies":"Gensokyo:Swordslinger","floor":22.0,"turns":2.0},{"damage":0.0,"enemies":"Gensokyo:Reisen","floor":23.0,"turns":2.0},{"damage":16.0,"enemies":"Gensokyo:Tenshi","floor":27.0,"turns":3.0},{"damage":0,"enemies":"Gensokyo:Koishi","floor":29,"turns":2},{"damage":31,"enemies":"Gensokyo:Chomper_and_Gloop","floor":30,"turns":5},{"damage":0,"enemies":"Gensokyo:Monolith_and_Dog","floor":31,"turns":2},{"damage":0,"enemies":"Gensokyo:Eternal_Rivals","floor":33,"turns":9},{"damage":0,"enemies":"Gensokyo:3_Bats","floor":35,"turns":2},{"damage":0,"enemies":"Gensokyo:AncientGuardian","floor":36,"turns":3},{"damage":42,"enemies":"Gensokyo:Rafflesia","floor":39,"turns":6},{"damage":0,"enemies":"Gensokyo:Doremy","floor":40,"turns":4},{"damage":28,"enemies":"Gensokyo:Kasen","floor":42,"turns":6},{"damage":3,"enemies":"Gensokyo:Dusk_and_Dawn","floor":44,"turns":3},{"damage":13,"enemies":"Gensokyo:AtlasGolem","floor":45,"turns":5},{"damage":0,"enemies":"Gensokyo:Rafflesia","floor":48,"turns":3},{"damage":0,"enemies":"Gensokyo:Yuyuko","floor":50,"turns":5}],"seed_played":"-4095013804216402211","potions_obtained":[{"floor":1.0,"key":"GamblersBrew"},{"floor":5.0,"key":"LiquidMemories"},{"floor":16.0,"key":"FearPotion"},{"floor":22.0,"key":"Venom Potion"},{"floor":27.0,"key":"Regen Potion"},{"floor":30,"key":"LiquidBronze"},{"floor":35,"key":"Strength Potion"},{"floor":39,"key":"SneckoOil"}],"is_trial":false,"path_per_floor":["M","M","?","$","M","R","E","R","T","E","?","M","M","?","R","B",null,"M","?","?","M","M","E","?","?","T","E","T","E","M","M","R","B",null,"M","M","?","?","M","E","R","E","T","M","M","COS","$","M","R","B",null],"character_chosen":"HORNYDRAGON","items_purchased":["AntiCross","Grinning Jar","Sling","IceTea"],"campfire_rested":0,"item_purchase_floors":[47,47,47,47],"current_hp_per_floor":[87,87,87,87,87,87,76,76,76,60,60,71,83,83,83,70,87,67,67,61,61,61,61,61,61,61,61,61,61,34,58,58,61,61,61,61,61,52,26,36,36,30,30,61,48,48,48,60,60,60],"gold":1025,"neow_bonus":"THREE_ENEMY_KILL","is_daily":false,"chose_seed":false,"campfire_upgraded":6,"win_rate":0.0,"timestamp":1612202457,"path_taken":["M","?","?","?","M","R","E","R","T","E","?","?","M","?","R","BOSS","M","?","?","M","M","E","?","?","T","E","?","E","M","?","R","BOSS","M","M","?","?","M","E","R","E","T","M","M","COS","?","M","R","BOSS"],"items_purchased_type":["Relic","Relic","Relic","Card"],"build_version":"2020-12-22","purchased_purges":2,"victory":true,"max_hp_per_floor":[87,87,87,87,87,87,87,87,87,87,87,87,87,87,87,87,87,87,87,61,61,61,61,61,61,61,61,61,61,61,61,61,61,61,61,61,61,61,61,61,61,61,61,61,61,61,61,61,61,61],"card_choices":[{"not_picked":["MemeAttack","BottleAttack"],"picked":"CardDestruct","floor":1.0},{"not_picked":["GetToilet","BreakDrink"],"picked":"ShrimpCocktail","floor":2.0},{"not_picked":["PowerGlove","Timmie"],"picked":"Scp500","floor":5.0},{"not_picked":["Metabolism","SexyLeg"],"picked":"Caffeine","floor":7.0},{"not_picked":["PowerGlove","Alcoholic"],"picked":"GetToilet","floor":10.0},{"not_picked":["AlcoholBarrier","DrumStick","Fury"],"picked":"SKIP","floor":12.0},{"not_picked":["CardReborn","Conch"],"picked":"Vomiting","floor":13.0},{"not_picked":["ShrimpCocktail","Pigeon"],"picked":"ChickenAttack","floor":14.0},{"not_picked":["AlcoholBarrier","Nihilism"],"picked":"BloodyMary","floor":14.0},{"not_picked":["Brimstone","JohnCena"],"picked":"LightAttack","floor":16.0},{"not_picked":["GetToilet","CardReborn"],"picked":"Sadman570","floor":18.0},{"not_picked":["StrangeSheild","Fury+1","AlcoholBarrier"],"picked":"SKIP","floor":21.0},{"not_picked":["BreakDrink+1","ThrowBottle"],"picked":"Conch","floor":22.0},{"not_picked":["AlcoholAttack+1","BraveAlcohol"],"picked":"Metabolism","floor":23.0},{"not_picked":["AlcoholBarrier","Timmie"],"picked":"Melancholia","floor":27.0},{"not_picked":["Scp261+1","BloodyMary"],"picked":"GetStonks","floor":29},{"not_picked":["Vomiting","PowerGlove"],"picked":"IceTea","floor":30},{"not_picked":["Fury","Bike"],"picked":"CrazyDrinking+1","floor":31},{"not_picked":[],"picked":"Gensokyo:ShootingStar","floor":33},{"not_picked":["Ie6","FearFace"],"picked":"GetAlcoholSmell","floor":33},{"not_picked":["Nihilism"],"picked":"SKIP","floor":35},{"not_picked":["Yeast+1"],"picked":"SKIP","floor":36},{"not_picked":[],"picked":"BloodyMary+1","floor":39},{"not_picked":["Ocd"],"picked":"SKIP","floor":40},{"not_picked":["PayToPlay"],"picked":"SKIP","floor":42},{"not_picked":[],"picked":"Heart6+1","floor":44},{"not_picked":["BunnyJump"],"picked":"SKIP","floor":45},{"not_picked":["Ahahah"],"picked":"SKIP","floor":48}],"player_experience":83033,"relics_obtained":[{"floor":7.0,"key":"Letter Opener"},{"floor":9.0,"key":"PreservedInsect"},{"floor":10.0,"key":"Omamori"},{"floor":16.0,"key":"Gensokyo:OccultBall"},{"floor":19.0,"key":"ReplayTheSpireMod:Ring of Challenge"},{"floor":19.0,"key":"Ring of Peace"},{"floor":23.0,"key":"Bronze Scales"},{"floor":26.0,"key":"Potion Belt"},{"floor":27.0,"key":"Anchor"},{"floor":28.0,"key":"HollowMod:PaleOreRelic"},{"floor":29,"key":"Simple Rune"},{"floor":31,"key":"Gensokyo:OccultBall"},{"floor":33,"key":"Gensokyo:OccultBall"},{"floor":36,"key":"Gensokyo:OccultBall"},{"floor":40,"key":"Gensokyo:OccultBall"},{"floor":40,"key":"Orichalcum"},{"floor":42,"key":"Boot"},{"floor":43,"key":"Replay:Bottled Steam"}],"event_choices":[],"is_beta":false,"boss_relics":[{"not_picked":["ReplayTheSpireMod:DimensionalGlitch","Ectoplasm"],"picked":"conspire:SpecialSausage"},{"not_picked":["Ring of Chaos","Empty Cage"],"picked":"Busted Crown"}],"items_purged_floors":[4,47],"is_endless":false,"potions_floor_spawned":[1,5,16,18,22,27,30,35,39,40,45],"ascension_level":1}}