{"host":"3utruza25chulvet","time":1612191631,"event":{"mods":["2.2 Compatiblity","BaseMod","Colored Map","Colored Powertips","Duelist Mod","Minty Spire (QoL Compilation)","Quick Restart","StSLib","SuperFastMode"],"gold_per_floor":[136,61,80,180,80,80,107,107,30,30,78,90,90,107,107,124,124,229,229,239,273,273,286,286,319,319,330,330,345,345,375,385,398,408,82,94,94,126,126,231,231,249,262,262,279,297,312,312,329,342,368,368,384,384,401,401,251,251,251],"floor_reached":60,"language":"ENG","playtime":2925,"items_purged":["theDuelist:ArmoredZombie","theDuelist:ArmoredZombie","theDuelist:ZombieCorpse","theDuelist:ClownZombie"],"score":1255,"play_id":"422d8261-8f67-48a5-8f96-f754f6a46318","local_time":"20210201090031","is_ascension_mode":true,"campfire_choices":[{"data":"theDuelist:PatricianDarkness","floor":6,"key":"SMITH"},{"data":"theDuelist:ShallowGrave","floor":13,"key":"SMITH"},{"data":"theDuelist:VampireGrace","floor":15,"key":"SMITH"},{"data":"theDuelist:TutanMask","floor":17,"key":"SMITH"},{"data":"theDuelist:GhostrickWarwolf","floor":26,"key":"SMITH"},{"floor":28,"key":"RECALL"},{"floor":39,"key":"REST"},{"floor":48,"key":"REST"},{"floor":52,"key":"REST"},{"floor":56,"key":"REST"},{"floor":58,"key":"REST"}],"circlet_count":0,"master_deck":["theDuelist:ZombieCorpse","theDuelist:ShallowGrave+1","theDuelist:TutanMask+1","theDuelist:GhostrickWarwolf+1","theDuelist:VampireDuke+1","theDuelist:FusionGuard+1","theDuelist:GhostBelle+1","theDuelist:MonsterReborn+1","theDuelist:BattleFusion+1","theDuelist:VampireDesire+1","theDuelist:GhostOgre","theDuelist:Polymerization+1","theDuelist:VampireScarletScourge+1","theDuelist:UltraPolymerization+1","theDuelist:MonsterReborn+1","theDuelist:VampireLady","theDuelist:BattleFusion+1","theDuelist:BattleFusion+1","theDuelist:GhostBelle+1"],"relics":["theDuelist:MillenniumPuzzle","theDuelist:CardPoolRelic","theDuelist:CardPoolBasicRelic","theDuelist:BoosterPackPoolRelic","theDuelist:CardPoolAddRelic","theDuelist:CardPoolMinusRelic","theDuelist:CardPoolSaveRelic","theDuelist:CardPoolOptionsRelic","Toxic Egg 2","InkBottle","Dream Catcher","Philosopher\u0027s Stone","Red Mask","theDuelist:CursedHealer","theDuelist:MillenniumArmor","theDuelist:BlessingAnubis","Ancient Tea Set","Bag of Preparation","theDuelist:VampiricPendant","Fusion Hammer","War Paint"],"acts_visited":["Exordium","TheCity","TheBeyond"],"potions_floor_usage":[],"damage_taken":[{"damage":0,"enemies":"Small Slimes","floor":1,"turns":3},{"damage":0,"enemies":"Cultist","floor":3,"turns":4},{"damage":8,"enemies":"Gremlin Nob","floor":7,"turns":3},{"damage":1,"enemies":"Jaw Worm","floor":12,"turns":2},{"damage":2,"enemies":"Exordium Thugs","floor":14,"turns":4},{"damage":0,"enemies":"Exordium Wildlife","floor":16,"turns":2},{"damage":0,"enemies":"Slime Boss","floor":18,"turns":6},{"damage":6,"enemies":"Shell Parasite","floor":20,"turns":2},{"damage":0,"enemies":"Masked Bandits","floor":21,"turns":1},{"damage":0,"enemies":"Spheric Guardian","floor":23,"turns":1},{"damage":3,"enemies":"Slavers","floor":25,"turns":3},{"damage":0,"enemies":"Chosen and Byrds","floor":27,"turns":3},{"damage":0,"enemies":"3 Cultists","floor":29,"turns":3},{"damage":0,"enemies":"Gremlin Leader","floor":31,"turns":5},{"damage":0,"enemies":"Snake Plant","floor":32,"turns":2},{"damage":0,"enemies":"Snecko","floor":33,"turns":1},{"damage":0,"enemies":"Shelled Parasite and Fungi","floor":34,"turns":1},{"damage":0,"enemies":"Centurion and Healer","floor":36,"turns":3},{"damage":0,"enemies":"theDuelist:KaibaA2","floor":38,"turns":1},{"damage":0,"enemies":"Champ","floor":40,"turns":6},{"damage":0,"enemies":"3 Shapes","floor":42,"turns":1},{"damage":0,"enemies":"Orb Walker","floor":43,"turns":3},{"damage":0,"enemies":"Sphere and 2 Shapes","floor":45,"turns":3},{"damage":0,"enemies":"3 Darklings","floor":46,"turns":1},{"damage":0,"enemies":"Spire Growth","floor":47,"turns":3},{"damage":0,"enemies":"Jaw Worm Horde","floor":49,"turns":1},{"damage":0,"enemies":"4 Shapes","floor":50,"turns":2},{"damage":0,"enemies":"Transient","floor":53,"turns":5},{"damage":0,"enemies":"Writhing Mass","floor":55,"turns":2},{"damage":0,"enemies":"Awakened One","floor":59,"turns":10}],"seed_played":"-3207753660715982632","potions_obtained":[{"floor":1,"key":"Swift Potion"},{"floor":7,"key":"theDuelist:ReducerPotion"},{"floor":12,"key":"theDuelist:ExtraOrbsBottle"},{"floor":23,"key":"theDuelist:MegaupgradePotion"},{"floor":25,"key":"theDuelist:DebuffArmorPotion"}],"is_trial":false,"path_per_floor":["M","$","M","?","$","R","E","?","$","T","T","M","R","M","R","M","R","B",null,"M","?","?","M","?","E","R","M","R","M","T","E","M","M","M","$","M","$","E","R","B",null,"M","M","?","M","M","M","R","M","M","T","R","M","?","M","R","$","R","B",null],"character_chosen":"THE_DUELIST","items_purchased":["theDuelist:VampireGrace","theDuelist:Polymerization+1","Bag of Preparation"],"campfire_rested":5,"item_purchase_floors":[9,35,35],"current_hp_per_floor":[80,80,80,80,80,80,72,72,72,72,72,71,71,69,69,69,69,84,92,86,86,95,95,95,92,92,92,92,92,92,92,92,92,92,92,92,92,92,95,95,95,95,95,95,95,95,95,95,95,95,95,95,95,95,95,95,95,95,95],"gold":251,"neow_bonus":"THREE_CARDS","is_daily":false,"chose_seed":false,"campfire_upgraded":5,"win_rate":0.0,"timestamp":1612191631,"path_taken":["M","$","M","?","?","R","E","?","$","T","T","M","R","?","R","M","R","BOSS","M","?","?","M","?","E","R","M","R","M","T","E","M","M","M","$","M","$","E","R","BOSS","M","M","?","M","M","M","R","M","M","T","R","?","?","M","R","$","R","BOSS"],"items_purchased_type":["Card","Card","Relic"],"build_version":"2020-12-22","purchased_purges":4,"victory":true,"max_hp_per_floor":[80,80,80,80,80,80,80,80,80,80,80,80,80,80,80,80,80,95,95,95,95,95,95,95,95,95,95,95,95,95,95,95,95,95,95,95,95,95,95,95,95,95,95,95,95,95,95,95,95,95,95,95,95,95,95,95,95,95,95],"card_choices":[{"not_picked":["theDuelist:Tsukahagi","theDuelist:NecroworldBanshee"],"picked":"theDuelist:Pumpking","floor":0},{"not_picked":["theDuelist:GhostrickStein","theDuelist:GhostrickMummy","theDuelist:GhostrickJiangshi","theDuelist:GhostrickGhoul"],"picked":"theDuelist:GhostrickWarwolf","floor":1},{"not_picked":["theDuelist:BattleFusion","theDuelist:SkullServant","theDuelist:FireReaper","theDuelist:DespairFromDark"],"picked":"theDuelist:VampireGrimson","floor":3},{"not_picked":["theDuelist:VampireSucker+1","theDuelist:VampireSorcerer+1","theDuelist:VampireRetainer","theDuelist:VampireBaby+1"],"picked":"theDuelist:VampireDuke+1","floor":7},{"not_picked":["theDuelist:DimensionBurial+1","theDuelist:DarkFusion+1","theDuelist:FuryFire+1","theDuelist:MagicalGhost+1","theDuelist:BloodSucker"],"picked":"SKIP","floor":12},{"not_picked":["theDuelist:DimensionBurial+1","theDuelist:DarkFusion+1","theDuelist:FuryFire+1","theDuelist:BloodSucker"],"picked":"theDuelist:DestructPotion+1","floor":14},{"not_picked":["theDuelist:ShiranuiSpectralsword","theDuelist:SkullFlame","theDuelist:Skullgios","theDuelist:PMCaptor","theDuelist:FlameGhost"],"picked":"SKIP","floor":16},{"not_picked":["theDuelist:VendreadStriges","theDuelist:VampireGrace","theDuelist:InstantFusion+1","theDuelist:BookEclipse"],"picked":"theDuelist:FusionGuard+1","floor":18},{"not_picked":["theDuelist:Kasha","theDuelist:VampireFraulein+1","theDuelist:Mezuki+1","theDuelist:GhostSister+1"],"picked":"theDuelist:GhostBelle+1","floor":20},{"not_picked":["theDuelist:YukiOnnaAbsolute+1","theDuelist:VampireGrace","theDuelist:OverpoweringEye","theDuelist:MayakashiWinter"],"picked":"theDuelist:MonsterReborn+1","floor":21},{"not_picked":["theDuelist:FossilDragon","theDuelist:SphereChaos+1","theDuelist:GreenGraveOni+1","theDuelist:MiracleFusion+1","theDuelist:GhostrickLantern+1"],"picked":"SKIP","floor":23},{"not_picked":["theDuelist:GhostrickAlucard","theDuelist:VampireFraulein+1","theDuelist:GhostrickYeti","theDuelist:Hajun+1"],"picked":"theDuelist:BattleFusion+1","floor":25},{"not_picked":["theDuelist:SkullServant+1","theDuelist:Mezuki+1","theDuelist:NecroworldBanshee","theDuelist:PhantomGhost"],"picked":"theDuelist:VampireDesire+1","floor":27},{"not_picked":["theDuelist:PhantomGhost+1","theDuelist:GhostReaper","theDuelist:TriWight+1","theDuelist:IlBlud+1","theDuelist:Wightmare"],"picked":"SKIP","floor":29},{"not_picked":["theDuelist:VampireHunter","theDuelist:Tsukahagi+1","theDuelist:DoubleCoston+1","theDuelist:RevendreadOrigin+1","theDuelist:OniGamiCombo"],"picked":"SKIP","floor":31},{"not_picked":["theDuelist:OvertexQoatlus","theDuelist:Tsukahagi+1","theDuelist:DesLacooda+1","theDuelist:Hajun+1"],"picked":"theDuelist:GhostOgre","floor":32},{"not_picked":["theDuelist:VampireFraulein+1","theDuelist:VampireDragon","theDuelist:GhostrickJiangshi+1","theDuelist:GhostrickGhoul+1","theDuelist:OboroGuruma"],"picked":"SKIP","floor":33},{"not_picked":["theDuelist:SkullConductor","theDuelist:VampireDesire+1","theDuelist:ZombieWarrior","theDuelist:VampireFraulein+1","theDuelist:ImmortalRuler"],"picked":"SKIP","floor":34},{"not_picked":["theDuelist:VampireGrimson","theDuelist:BattleFusion+1","theDuelist:WightLady+1","theDuelist:Bonecrusher"],"picked":"theDuelist:VampireScarletScourge+1","floor":36},{"not_picked":["theDuelist:VampireScarletScourge+1","theDuelist:ShiranuiSmith+1","theDuelist:GhostrickMummy","theDuelist:VendreadRevenants","theDuelist:Tsukahagi+1"],"picked":"SKIP","floor":38},{"not_picked":["theDuelist:VendreadStriges","theDuelist:VendreadDaybreak","theDuelist:VampireGrace","theDuelist:BookLife+1"],"picked":"theDuelist:UltraPolymerization+1","floor":40},{"not_picked":["theDuelist:ZombieMaster","theDuelist:VendreadDaybreak","theDuelist:Scapeghost+1","theDuelist:InstantFusion+1"],"picked":"theDuelist:MonsterReborn+1","floor":42},{"not_picked":["theDuelist:SouleatingOviraptor","theDuelist:OvertexQoatlus+1","theDuelist:FossilSkullknight","theDuelist:FossilSkullKing+1","theDuelist:Chewbone+1"],"picked":"SKIP","floor":43},{"not_picked":["theDuelist:Mezuki+1","theDuelist:Wightprincess+1","theDuelist:FireReaper","theDuelist:GhostrickSkeleton+1"],"picked":"theDuelist:VampireLady","floor":45},{"not_picked":["theDuelist:ZombieMaster","theDuelist:YukiOnnaAbsolute+1","theDuelist:UltraPolymerization+1","theDuelist:SoulRelease+1","theDuelist:RobbinZombie"],"picked":"SKIP","floor":46},{"not_picked":["theDuelist:GhostrickJackfrost","theDuelist:Pumprincess+1","theDuelist:GhostrickMansion","theDuelist:VampireAwakening+1"],"picked":"theDuelist:BattleFusion+1","floor":47},{"not_picked":["theDuelist:GhostrickMummy","theDuelist:Polymerization+1"],"picked":"theDuelist:BattleFusion+1","floor":48},{"not_picked":["theDuelist:VendreadCharge+1","theDuelist:VampireDesire+1","theDuelist:VampireDomain+1","theDuelist:CardSafeReturn","theDuelist:Wasteland"],"picked":"SKIP","floor":49},{"not_picked":["theDuelist:FossilSkullknight","theDuelist:MechMoleZombie+1","theDuelist:ParallelWorldFusion+1","theDuelist:Wightprincess+1"],"picked":"theDuelist:GhostBelle+1","floor":50},{"not_picked":["theDuelist:FusionWeapon+1","theDuelist:ZombieNecronize+1","theDuelist:OniGamiCombo+1","theDuelist:BookMoon","theDuelist:CallMummy+1"],"picked":"SKIP","floor":53},{"not_picked":["theDuelist:VendreadCharge+1","theDuelist:FusionWeapon+1","theDuelist:TyrantDinoFusion+1","theDuelist:FusionTag+1","theDuelist:ZombiePowerStruggle+1"],"picked":"SKIP","floor":55}],"player_experience":201658,"relics_obtained":[{"floor":7,"key":"Toxic Egg 2"},{"floor":10,"key":"InkBottle"},{"floor":11,"key":"Dream Catcher"},{"floor":21,"key":"Red Mask"},{"floor":25,"key":"theDuelist:MillenniumArmor"},{"floor":30,"key":"theDuelist:BlessingAnubis"},{"floor":31,"key":"Ancient Tea Set"},{"floor":38,"key":"theDuelist:VampiricPendant"},{"floor":51,"key":"War Paint"}],"event_choices":[{"damage_healed":0,"gold_gain":100,"player_choice":"Gold","damage_taken":0,"max_hp_gain":0,"max_hp_loss":0,"event_name":"Wheel of Change","floor":4,"gold_loss":0},{"damage_healed":0,"gold_gain":0,"player_choice":"Leave","duelist":true,"damage_taken":0,"max_hp_gain":0,"max_hp_loss":0,"event_name":"Battle City","floor":8,"gold_loss":0},{"damage_healed":0,"gold_gain":0,"player_choice":"Fought Bandits","damage_taken":0,"max_hp_gain":0,"max_hp_loss":0,"event_name":"Masked Bandits","floor":21,"gold_loss":0},{"damage_healed":0,"gold_gain":0,"player_choice":"Succumb - +25HP/Cursed Relic","duelist":true,"damage_taken":0,"max_hp_gain":0,"max_hp_loss":0,"event_name":"Tomb of the Nameless","floor":22,"gold_loss":0},{"damage_healed":0,"gold_gain":0,"player_choice":"Leave","duelist":true,"damage_taken":0,"max_hp_gain":0,"max_hp_loss":0,"event_name":"Relic Duplicator","floor":24,"gold_loss":0},{"damage_healed":0,"gold_gain":0,"player_choice":"Leave","duelist":true,"damage_taken":0,"max_hp_gain":0,"max_hp_loss":0,"event_name":"Card Trader","floor":44,"gold_loss":0},{"cards_removed":["theDuelist:VampireGrace"],"damage_healed":0,"gold_gain":0,"player_choice":"Removed Attack","damage_taken":0,"max_hp_gain":0,"max_hp_loss":0,"event_name":"Falling","floor":54,"gold_loss":0}],"is_beta":false,"boss_relics":[{"not_picked":["theDuelist:MillenniumKey","Calling Bell"],"picked":"Philosopher\u0027s Stone"},{"not_picked":["Velvet Choker","SacredBark"],"picked":"Fusion Hammer"}],"items_purged_floors":[2,5,35,57],"is_endless":false,"potions_floor_spawned":[1,7,12,23,25,27,31,33,36,38,43,49,50,53],"ascension_level":5}}