{"host":"nb3r5a3er9rrnn3n","time":1612151086,"event":{"mods":["BaseMod","Colored Map","Downfall","Minty Spire (QoL Compilation)","Spire Arcade","StSLib"],"gold_per_floor":[99,114,114,133,148,179,205,205,230,45,45,45,55,72,83,83,83,83],"floor_reached":16,"language":"ENG","playtime":1271,"items_purged":["Guardian:Strike_Guardian"],"score":206,"play_id":"490f41a3-c029-4218-bb7b-8a6286d1a95a","local_time":"20210201144446","is_ascension_mode":true,"campfire_choices":[{"data":"Guardian:ChargeCore","floor":1,"key":"SMITH"},{"data":"Guardian:GatlingBeam","floor":11,"key":"SMITH"}],"circlet_count":0,"master_deck":["AscendersBane","Guardian:Strike_Guardian","Guardian:Strike_Guardian","Guardian:Strike_Guardian","Guardian:Defend_Guardian","Guardian:Defend_Guardian","Guardian:Defend_Guardian","Guardian:Defend_Guardian","Guardian:CurlUp","Guardian:TwinSlam","Guardian:ChargeCore+1","Guardian:TimeBomb","Guardian:ChargeCore+1","Guardian:Suspension","Guardian:GatlingBeam+1","Guardian:ChargeUp","Guardian:TemporalShield","expansioncontent:YouAreMine","Guardian:MultiBeam"],"relics":["Guardian:ModeShifter","Strawberry","Centennial Puzzle","downfall:ExtraCursedKey","White Beast Statue"],"acts_visited":["Exordium"],"potions_floor_usage":[6,16,16,16],"damage_taken":[{"damage":9,"enemies":"Small Slimes","floor":2,"turns":4},{"damage":0,"enemies":"Cultist","floor":4,"turns":3},{"damage":7,"enemies":"Jaw Worm","floor":5,"turns":4},{"damage":8,"enemies":"3 Sentries","floor":6,"turns":7},{"damage":0,"enemies":"Lagavulin","floor":9,"turns":6},{"damage":0,"enemies":"downfall:FleeingMerchant","floor":10,"turns":4},{"damage":7,"enemies":"Exordium Thugs","floor":13,"turns":3},{"damage":0,"enemies":"Exordium Wildlife","floor":14,"turns":3},{"damage":0,"enemies":"Large Slime","floor":15,"turns":3},{"damage":52,"enemies":"DF_ARCHETYPE_STREAMLINE","floor":16,"turns":15}],"seed_played":"2043633103066009319","potions_obtained":[{"floor":2,"key":"Guardian:BlockOnCardUsePotion"},{"floor":5,"key":"Block Potion"},{"floor":6,"key":"Dexterity Potion"},{"floor":10,"key":"Energy Potion"},{"floor":14,"key":"LiquidMemories"}],"is_trial":false,"path_per_floor":["R","M","?","M","M","E","T","?","E","$","R","T","M","M","M","B"],"character_chosen":"GUARDIAN","items_purchased":["expansioncontent:YouAreMine"],"campfire_rested":0,"item_purchase_floors":[10],"current_hp_per_floor":[72,63,63,63,56,55,55,55,55,55,55,55,48,48,48,0,0,0],"gold":83,"neow_bonus":"THREE_CARDS","is_daily":false,"chose_seed":false,"campfire_upgraded":2,"win_rate":0.0,"timestamp":1612151086,"path_taken":["R","M","?","M","?","E","T","?","E","?","R","?","M","M","M","BOSS"],"items_purchased_type":["Card"],"build_version":"2020-12-22","purchased_purges":1,"victory":false,"max_hp_per_floor":[80,80,80,80,80,87,87,87,87,87,87,87,87,87,87,87,87,87],"card_choices":[{"not_picked":["Guardian:Suspension","Guardian:ArmoredProtocol"],"picked":"Guardian:ChargeCore","floor":0},{"not_picked":["Guardian:Gem_Purple","Guardian:PrismaticBarrier"],"picked":"Guardian:TimeBomb","floor":2},{"not_picked":["Guardian:CrystalBeam","Guardian:RollAttack"],"picked":"Guardian:Suspension","floor":4},{"not_picked":["Guardian:PrismaticBeam","Guardian:DonusPower"],"picked":"Guardian:GatlingBeam","floor":5},{"not_picked":["Guardian:PiercingHide","Guardian:Gem_Blue"],"picked":"Guardian:ChargeUp","floor":6},{"not_picked":["Guardian:PrismaticBeam","Guardian:CrystalBeam","Guardian:RollAttack"],"picked":"SKIP","floor":9},{"not_picked":["Guardian:GemFire","Guardian:PrismaticBarrier"],"picked":"Guardian:TemporalShield","floor":10},{"not_picked":["Guardian:CrystalBeam","Guardian:Suspension"],"picked":"Guardian:MultiBeam","floor":13},{"not_picked":["Guardian:Suspension","Guardian:Gem_Red","Guardian:Reroute"],"picked":"SKIP","floor":14},{"not_picked":["Guardian:VentSteam","Guardian:ChargeCore","Guardian:PolyBeam"],"picked":"SKIP","floor":15}],"player_experience":1954766,"relics_obtained":[{"floor":6,"key":"Strawberry"},{"floor":7,"key":"Centennial Puzzle"},{"floor":9,"key":"White Beast Statue"}],"event_choices":[],"is_beta":false,"boss_relics":[],"items_purged_floors":[10],"is_endless":false,"potions_floor_spawned":[2,5,6,10,13,14,15],"killed_by":"DF_ARCHETYPE_STREAMLINE","ascension_level":10}}