{"host":"5jyeqch4fosnsiz2","time":1612193074,"event":{"mods":["BaseMod","Bestiary","Colored Map","Colored Powertips","Filter the Spire","Minty Spire (QoL Compilation)","Relic Stats","StSLib","Waifu the Spire","ojb\u0027s Better Paths Mod","ojb\u0027s Info Mod"],"gold_per_floor":[369,25,325,380,418,418,475,475,475,533,575,575,650,695,695,791,791,806,806,806,816,851,902,939,939,939],"floor_reached":25,"language":"ENG","playtime":1214,"items_purged":["Shame"],"score":283,"play_id":"8856c723-81d2-4112-80be-0b5a1ce4a885","local_time":"20210201102434","is_ascension_mode":false,"campfire_choices":[{"data":"HandOfGreed","floor":6,"key":"SMITH"},{"data":"Backflip","floor":8,"key":"SMITH"},{"data":"Blade Dance","floor":12,"key":"SMITH"},{"data":"Prepared","floor":15,"key":"SMITH"}],"circlet_count":0,"master_deck":["Survivor","Neutralize","Backflip","HandOfGreed+1","Blade Dance+1","Backflip+1","Prepared+1","Prepared","Slice","Masterful Stab","Dagger Throw","Unload","Finisher","Sucker Punch","Underhanded Strike","Distraction","Glass Knife","Quick Slash","Crippling Poison","Bullet Time","After Image","Sucker Punch","Flying Knee+1","Ghostly","Ghostly","Ghostly","Ghostly","Ghostly","Blur","Accuracy+1","Escape Plan"],"relics":["Ring of the Snake","Old Coin","The Courier","Dead Branch","Ninja Scroll","Pandora\u0027s Box","Juzu Bracelet"],"acts_visited":["Exordium","TheCity"],"potions_floor_usage":[7,7,14,16,16,23],"damage_taken":[{"damage":1,"enemies":"2 Louse","floor":1,"turns":3},{"damage":0,"enemies":"Small Slimes","floor":4,"turns":4},{"damage":0,"enemies":"Cultist","floor":5,"turns":4},{"damage":13,"enemies":"Lagavulin","floor":7,"turns":6},{"damage":6,"enemies":"Gremlin Nob","floor":10,"turns":3},{"damage":0,"enemies":"Exordium Wildlife","floor":11,"turns":3},{"damage":10,"enemies":"3 Louse","floor":14,"turns":4},{"damage":18,"enemies":"The Guardian","floor":16,"turns":13},{"damage":10,"enemies":"Shell Parasite","floor":18,"turns":2},{"damage":0,"enemies":"Spheric Guardian","floor":21,"turns":1},{"damage":0,"enemies":"3 Cultists","floor":22,"turns":1},{"damage":12,"enemies":"Slavers","floor":23,"turns":7},{"damage":21,"enemies":"Shelled Parasite and Fungi","floor":24,"turns":8},{"damage":4,"enemies":"Snake Plant","floor":25,"turns":4}],"seed_played":"-3397344594582149312","potions_obtained":[{"floor":4,"key":"Poison Potion"},{"floor":10,"key":"SkillPotion"},{"floor":11,"key":"DistilledChaos"},{"floor":14,"key":"SkillPotion"},{"floor":21,"key":"Energy Potion"}],"is_trial":false,"path_per_floor":["M","$","?","M","M","R","E","R","T","E","M","R","?","M","R","B",null,"M","?","?","M","M","E","M","M"],"character_chosen":"THE_SILENT","items_purchased":["HandOfGreed","Blade Dance","Regen Potion"],"campfire_rested":0,"item_purchase_floors":[2,2,2],"current_hp_per_floor":[69,69,66,66,66,66,62,62,62,56,56,56,45,35,35,17,70,60,47,37,37,37,25,4,0,0],"gold":939,"neow_bonus":"TWO_FIFTY_GOLD","is_daily":false,"chose_seed":false,"campfire_upgraded":4,"win_rate":0.0,"timestamp":1612193074,"path_taken":["M","$","?","M","M","R","E","R","T","E","M","R","?","M","R","BOSS","M","?","?","M","M","E","M","M"],"items_purchased_type":["Card","Card","Potion"],"build_version":"2020-12-22","purchased_purges":1,"victory":false,"max_hp_per_floor":[70,70,70,70,70,70,70,70,70,70,70,70,70,70,70,70,70,70,75,37,37,37,37,37,37,37],"relic_stats":{"counters":[14,63],"Dead Branch":[107],"Pandora\u0027s Box":["Finisher","Sucker Punch","Underhanded Strike","Distraction","Glass Knife","Quick Slash","Crippling Poison","Bullet Time","After Image","Sucker Punch"],"Juzu Bracelet":0,"obtain_stats":[{"Ninja Scroll":10,"Dead Branch":9,"Pandora\u0027s Box":17,"The Courier":7,"Juzu Bracelet":23,"Ring of the Snake":0,"Old Coin":3},{"Ninja Scroll":5,"Dead Branch":4,"Pandora\u0027s Box":8,"The Courier":4,"Juzu Bracelet":12,"Ring of the Snake":0,"Old Coin":1},{"Ninja Scroll":20,"Dead Branch":17,"Pandora\u0027s Box":40,"The Courier":17,"Juzu Bracelet":51,"Ring of the Snake":0,"Old Coin":3}],"Ring of the Snake":[28]},"card_choices":[{"not_picked":["Dodge and Roll","Bane"],"picked":"Backflip","floor":1},{"not_picked":["Quick Slash","Outmaneuver"],"picked":"Backflip","floor":4},{"not_picked":["Flechettes","Finisher"],"picked":"Prepared","floor":5},{"not_picked":["Distraction","Eviscerate"],"picked":"Prepared","floor":7},{"not_picked":["Escape Plan","Burst"],"picked":"Slice","floor":10},{"not_picked":["All Out Attack","Crippling Poison"],"picked":"Masterful Stab","floor":11},{"not_picked":["Deadly Poison","Poisoned Stab"],"picked":"Dagger Throw","floor":14},{"not_picked":["A Thousand Cuts","Envenom"],"picked":"Unload","floor":16},{"not_picked":["Quick Slash","Crippling Poison"],"picked":"Flying Knee+1","floor":18},{"not_picked":["Outmaneuver","Poisoned Stab","Dodge and Roll+1"],"picked":"SKIP","floor":21},{"not_picked":["Flying Knee","Slice"],"picked":"Blur","floor":22},{"not_picked":["Deadly Poison+1","Deflect"],"picked":"Accuracy+1","floor":23},{"not_picked":["Slice+1","Poisoned Stab"],"picked":"Escape Plan","floor":24}],"player_experience":366836,"relics_obtained":[{"floor":7,"key":"The Courier"},{"floor":9,"key":"Dead Branch"},{"floor":10,"key":"Ninja Scroll"},{"floor":23,"key":"Juzu Bracelet"}],"event_choices":[{"damage_healed":0,"gold_gain":0,"player_choice":"Success","damage_taken":3,"relics_obtained":["Old Coin"],"max_hp_gain":0,"max_hp_loss":0,"event_name":"Scrap Ooze","floor":3,"gold_loss":0},{"damage_healed":0,"gold_gain":75,"player_choice":"Gather Gold","damage_taken":11,"max_hp_gain":0,"max_hp_loss":0,"event_name":"World of Goop","floor":13,"gold_loss":0},{"damage_healed":0,"gold_gain":0,"player_choice":"Shed Blood","damage_taken":18,"max_hp_gain":5,"max_hp_loss":0,"event_name":"Forgotten Altar","floor":19,"gold_loss":0},{"damage_healed":0,"gold_gain":0,"player_choice":"Became a Ghost","damage_taken":0,"max_hp_gain":0,"max_hp_loss":38,"event_name":"Ghosts","floor":20,"gold_loss":0,"cards_obtained":["Ghostly","Ghostly","Ghostly","Ghostly","Ghostly"]}],"is_beta":false,"boss_relics":[{"not_picked":["Tiny House","SacredBark"],"picked":"Pandora\u0027s Box"}],"items_purged_floors":[2],"is_endless":false,"potions_floor_spawned":[4,10,11,14,21],"killed_by":"Snake Plant","ascension_level":0}}