{"host":"DrTrollPool","time":1612143499,"event":{"mods":["2.2 Compatiblity","BaseMod","BetterRewards","Colored Map","DeckTracker","Downfall","Googly Eyes","Hermit","HexUI Lib","Highlight Path","Hubris","Infinite Spire","Minty Spire (QoL Compilation)","Potionbrewer","Replay The Spire","StSLib","SuperFastMode","The Construct","The Cursed","The Disciple","The Hierophant","The Jungle","The Necromancer","The Runesmith","The Servant 0.9.4"],"gold_per_floor":[209,225,242,242,261,288,563,581,581,592,627,627,627,647,647,745,845,864,881,881,881,899,899,915,915,915,915,915],"floor_reached":27,"language":"ENG","playtime":1101,"items_purged":[],"score":219,"play_id":"73e7ddc4-cc22-4e63-a57d-faba6f437af5","local_time":"20210201023819","is_ascension_mode":false,"campfire_choices":[{"floor":15,"key":"REST"},{"floor":23,"key":"REST"},{"floor":25,"key":"REST"}],"circlet_count":0,"master_deck":["hermit:Strike_Hermit","hermit:Strike_Hermit","hermit:Strike_Hermit","hermit:Strike_Hermit","hermit:Defend_Hermit","hermit:Defend_Hermit","hermit:Defend_Hermit","hermit:Defend_Hermit","hermit:Snapshot","hermit:Covet","hermit:EyeOfTheStorm","hermit:Shortfuse","hermit:TrackingShot","hermit:Deadeye","hermit:DeadOrAlive","Regret","hermit:Dive","hermit:Headshot","hermit:TakeAim","hermit:Ricochet","hermit:FatalDesire","hermit:GhostlyPresence","hermit:Misfire"],"relics":["hermit:Momento","Lizard Tail","Kunai","Replay:Bottled Steam","hubris:Towel","Replay:Wanted Poster"],"acts_visited":["Exordium","TheCity"],"potions_floor_usage":[16,16,19,19],"damage_taken":[{"damage":1,"enemies":"Jaw Worm","floor":1,"turns":3},{"damage":0,"enemies":"Cultist","floor":2,"turns":4},{"damage":2,"enemies":"Small Slimes","floor":3,"turns":2},{"damage":8,"enemies":"Gremlin Gang","floor":5,"turns":6},{"damage":26,"enemies":"3 Sentries","floor":6,"turns":8},{"damage":4,"enemies":"Blue Slaver","floor":8,"turns":3},{"damage":15,"enemies":"Looter","floor":10,"turns":3},{"damage":8,"enemies":"Lots of Slimes","floor":11,"turns":3},{"damage":7,"enemies":"Blue Slaver","floor":14,"turns":4},{"damage":58,"enemies":"The Guardian","floor":16,"turns":11},{"damage":4,"enemies":"Chosen","floor":18,"turns":5},{"damage":15,"enemies":"2 Thieves","floor":19,"turns":4},{"damage":30,"enemies":"Snake Plant","floor":22,"turns":5},{"damage":30,"enemies":"Snecko","floor":24,"turns":4},{"damage":40,"enemies":"Centurion and Healer","floor":27,"turns":8}],"seed_played":"-1985029258732705655","potions_obtained":[{"floor":3,"key":"potionbrewer:FreezingPotion"},{"floor":11,"key":"champ:CounterPotion"},{"floor":14,"key":"SteroidPotion"},{"floor":16,"key":"PowerPotion"},{"floor":18,"key":"BlessingOfTheForge"}],"is_trial":false,"path_per_floor":["M","M","M","?","M","E","?","M","T","M","M","?","?","M","R","B",null,"M","M","?","?","M","R","M","R","T","M"],"character_chosen":"HERMIT","items_purchased":[],"campfire_rested":3,"item_purchase_floors":[],"current_hp_per_floor":[74,74,72,72,64,38,38,34,34,19,11,11,11,4,26,9,75,71,56,56,56,26,48,18,40,40,0,0],"gold":915,"neow_bonus":"HUNDRED_GOLD","is_daily":false,"chose_seed":false,"campfire_upgraded":0,"win_rate":0.0,"timestamp":1612143499,"path_taken":["M","M","M","?","?","E","?","?","T","M","M","?","?","M","R","BOSS","M","?","?","?","M","R","M","R","T","M"],"items_purchased_type":[],"build_version":"2020-12-18","purchased_purges":0,"victory":false,"max_hp_per_floor":[75,75,75,75,75,75,75,75,75,75,75,75,75,75,75,75,75,75,75,75,75,75,75,75,75,75,75,75],"card_choices":[{"not_picked":["hermit:Midnight","hermit:Cheat"],"picked":"hermit:EyeOfTheStorm","floor":1},{"not_picked":["hermit:Feint","hermit:Snipe"],"picked":"hermit:Shortfuse","floor":2},{"not_picked":["hermit:SprayPray","hermit:Spite"],"picked":"hermit:TrackingShot","floor":3},{"not_picked":["hermit:Coalescence","hermit:HeroicBravado"],"picked":"hermit:Deadeye","floor":5},{"not_picked":["hermit:Glare","hermit:WideOpen"],"picked":"hermit:DeadOrAlive","floor":6},{"not_picked":["hermit:LowProfile","hermit:FullyLoaded"],"picked":"hermit:Dive","floor":8},{"not_picked":["hermit:Deadeye","hermit:HoleUp"],"picked":"hermit:Headshot","floor":10},{"not_picked":["hermit:HoleUp","hermit:Coalescence"],"picked":"hermit:TakeAim","floor":11},{"not_picked":["hermit:Shortfuse","hermit:WideOpen"],"picked":"hermit:Ricochet","floor":14},{"not_picked":["hermit:Purgatory","hermit:Dissolve"],"picked":"hermit:FatalDesire","floor":16},{"not_picked":["hermit:LoneWolf","hermit:Ricochet"],"picked":"hermit:GhostlyPresence","floor":18},{"not_picked":["hermit:Gestalt","hermit:TakeAim","hermit:LowProfile"],"picked":"SKIP","floor":19},{"not_picked":["hermit:Misfire","hermit:Roulette+1","hermit:SprayPray+1"],"picked":"SKIP","floor":22},{"not_picked":["hermit:CalledShot","hermit:FinalCanter"],"picked":"hermit:Misfire","floor":24}],"player_experience":112833,"relics_obtained":[{"floor":6,"key":"Kunai"},{"floor":9,"key":"Replay:Bottled Steam"}],"event_choices":[{"damage_healed":0,"gold_gain":0,"player_choice":"Gave Potion","damage_taken":0,"relics_obtained":["Lizard Tail"],"max_hp_gain":0,"max_hp_loss":0,"event_name":"WeMeetAgain","floor":4,"gold_loss":0},{"damage_healed":0,"gold_gain":275,"player_choice":"Desecrate","damage_taken":0,"max_hp_gain":0,"max_hp_loss":0,"event_name":"Golden Shrine","floor":7,"gold_loss":0,"cards_obtained":["Regret"]},{"damage_healed":0,"gold_gain":0,"player_choice":"Ignored","damage_taken":0,"max_hp_gain":0,"max_hp_loss":0,"event_name":"NoteForYourself","floor":13,"gold_loss":0},{"damage_healed":0,"gold_gain":0,"player_choice":"Ignored","damage_taken":0,"max_hp_gain":0,"max_hp_loss":0,"event_name":"Vampires","floor":21,"gold_loss":0}],"is_beta":true,"boss_relics":[{"not_picked":["Runic Dome","Pandora\u0027s Box"],"picked":"Replay:Wanted Poster"}],"items_purged_floors":[],"is_endless":false,"potions_floor_spawned":[3,11,14,16,18],"killed_by":"Centurion and Healer","ascension_level":0}}