{"host":"z42sc0n2dozsmk72","time":1612148541,"event":{"mods":["AchievementEnabler","BaseMod","Better Third Choice","Colored Map","Curses Come First","Highlight Path","Minty Spire (QoL Compilation)","Permanent Neow","Quick Restart","Relic Stats","Shop Mod","StSLib","egg","slay the spire mod where everything is the same but ironclad has a cowboy hat"],"gold_per_floor":[111,121,140,157,172,172,207,207,207,207,232,256,256,256],"floor_reached":13,"language":"ENG","playtime":475,"items_purged":[],"score":100,"play_id":"cd51800d-91d2-4ef2-8cde-a5184219bf53","local_time":"20210201160221","is_ascension_mode":true,"campfire_choices":[{"data":"Sunder","floor":6,"key":"SMITH"},{"data":"Zap","floor":8,"key":"SMITH"}],"circlet_count":0,"master_deck":["Strike_B","Strike_B","Strike_B","Strike_B","Defend_B","Defend_B","Defend_B","Defend_B","Zap+1","Dualcast","Sunder+1","Glacier","Storm","Genetic Algorithm"],"relics":["Cracked Core","Ginger","Shuriken","Potion Belt","Vajra","CeramicFish"],"acts_visited":["Exordium"],"potions_floor_usage":[7,13],"damage_taken":[{"damage":0,"enemies":"2 Louse","floor":1,"turns":1},{"damage":0,"enemies":"Jaw Worm","floor":2,"turns":3},{"damage":0,"enemies":"Cultist","floor":3,"turns":3},{"damage":15,"enemies":"Large Slime","floor":4,"turns":6},{"damage":4,"enemies":"Red Slaver","floor":5,"turns":4},{"damage":14,"enemies":"Gremlin Nob","floor":7,"turns":3},{"damage":2,"enemies":"Looter","floor":12,"turns":3},{"damage":8,"enemies":"3 Sentries","floor":13,"turns":4}],"seed_played":"223744296412951942","potions_obtained":[{"floor":3,"key":"Weak Potion"},{"floor":4,"key":"AttackPotion"},{"floor":5,"key":"Fire Potion"}],"is_trial":false,"path_per_floor":["M","M","M","M","M","R","E","R","T","?","T","M","E"],"character_chosen":"DEFECT","items_purchased":[],"campfire_rested":0,"item_purchase_floors":[],"current_hp_per_floor":[54,54,54,39,35,35,21,21,21,9,9,7,0,0],"gold":256,"neow_bonus":"ONE_RARE_RELIC","is_daily":false,"chose_seed":false,"campfire_upgraded":2,"win_rate":0.0,"timestamp":1612148541,"path_taken":["M","M","M","M","M","R","E","R","T","?","?","M","E"],"items_purchased_type":[],"build_version":"2020-12-22","purchased_purges":0,"victory":false,"max_hp_per_floor":[75,75,75,75,75,75,75,75,75,75,75,75,75,75],"relic_stats":{"counters":[8,27],"Shuriken":[0],"CeramicFish":9,"Ginger":[1],"obtain_stats":[{"Potion Belt":9,"Shuriken":7,"CeramicFish":11,"Vajra":10,"Ginger":0,"Cracked Core":0},{"Potion Belt":6,"Shuriken":6,"CeramicFish":6,"Vajra":6,"Ginger":0,"Cracked Core":0},{"Potion Belt":20,"Shuriken":20,"CeramicFish":20,"Vajra":20,"Ginger":0,"Cracked Core":0}]},"card_choices":[{"not_picked":["Stack","Hologram"],"picked":"Sunder","floor":1},{"not_picked":["Go for the Eyes","Skim"],"picked":"Glacier","floor":2},{"not_picked":["Barrage","Turbo","Auto Shields"],"picked":"SKIP","floor":3},{"not_picked":["Hello World","Hologram","Cold Snap"],"picked":"SKIP","floor":4},{"not_picked":["Compile Driver","Darkness","Hologram"],"picked":"SKIP","floor":5},{"not_picked":["Hologram","Barrage"],"picked":"Storm","floor":7},{"not_picked":["Lockon","Cold Snap"],"picked":"Genetic Algorithm","floor":12}],"player_experience":893446,"relics_obtained":[{"floor":7,"key":"Shuriken"},{"floor":9,"key":"Potion Belt"},{"floor":11,"key":"CeramicFish"}],"event_choices":[{"damage_healed":0,"gold_gain":0,"player_choice":"Relic ","damage_taken":12,"max_hp_gain":0,"max_hp_loss":0,"event_name":"betterThird:BetterScrap","floor":10,"gold_loss":0,"cards_obtained":["Vengeance"]}],"is_beta":false,"boss_relics":[],"items_purged_floors":[],"is_endless":false,"potions_floor_spawned":[3,4,5],"killed_by":"3 Sentries","ascension_level":3}}