{"host":"swphzoo6hmc78epl","time":1612153778,"event":{"mods":["BaseMod","Highlight Path","Minty Spire (QoL Compilation)","Quick Restart"],"gold_per_floor":[113,288,288,18,18,57,30,45,123,123,123,123,123,48,48,168,168,192,192,216,216,232,232,232,232,232],"floor_reached":25,"language":"ENG","playtime":657,"items_purged":["Regret"],"score":253,"play_id":"abeb35b3-35b3-4efd-a633-f17481915206","local_time":"20210131232938","is_ascension_mode":true,"campfire_choices":[{"data":"Sweeping Beam","floor":10,"key":"SMITH"},{"data":"Streamline","floor":12,"key":"SMITH"},{"data":"Beam Cell","floor":15,"key":"SMITH"},{"data":"Cold Snap","floor":24,"key":"SMITH"}],"circlet_count":0,"master_deck":["Strike_B","Strike_B","Strike_B","Strike_B","Defend_B","Defend_B+1","Defend_B","Defend_B+1","Zap","Dualcast","Sweeping Beam+1","Doubt","Barrage","Streamline+1","Beam Cell+1","Go for the Eyes","Seek","CurseOfTheBell","Rebound+1","Cold Snap+1","Self Repair+1","Hello World+1"],"relics":["Cracked Core","NeowsBlessing","Shuriken","Golden Idol","Bottled Flame","Meat on the Bone","Tiny Chest","Oddly Smooth Stone","Calling Bell","Omamori","Gremlin Horn","Prayer Wheel","Nilry\u0027s Codex","Question Card"],"acts_visited":["Exordium","TheCity"],"potions_floor_usage":[20],"damage_taken":[{"damage":0,"enemies":"Small Slimes","floor":1,"turns":1},{"damage":0,"enemies":"Gremlin Nob","floor":6,"turns":1},{"damage":0,"enemies":"2 Louse","floor":8,"turns":1},{"damage":22,"enemies":"Hexaghost","floor":16,"turns":9},{"damage":3,"enemies":"Chosen","floor":18,"turns":4},{"damage":3,"enemies":"2 Thieves","floor":20,"turns":3},{"damage":43,"enemies":"Sentry and Sphere","floor":22,"turns":6},{"damage":29,"enemies":"Snake Plant","floor":25,"turns":4}],"seed_played":"-2007001715523172468","potions_obtained":[{"floor":1,"key":"SpeedPotion"},{"floor":8,"key":"LiquidBronze"},{"floor":20,"key":"Block Potion"}],"is_trial":false,"path_per_floor":["M","?","?","$","?","E","$","M","T","R","T","R","?","$","R","B",null,"M","?","M","T","M","T","R","M"],"character_chosen":"DEFECT","items_purchased":["Shuriken","Barrage","Beam Cell"],"campfire_rested":0,"item_purchase_floors":[4,4,7],"current_hp_per_floor":[75,75,60,60,42,42,42,42,42,42,42,42,42,42,42,32,75,72,56,53,53,22,22,22,0,0],"gold":232,"neow_bonus":"THREE_ENEMY_KILL","is_daily":false,"chose_seed":false,"campfire_upgraded":4,"win_rate":0.0,"timestamp":1612153778,"path_taken":["M","?","?","$","?","E","$","M","T","R","?","R","?","?","R","BOSS","M","?","M","?","?","?","R","M"],"items_purchased_type":["Relic","Card","Card"],"build_version":"2020-12-22","purchased_purges":1,"victory":false,"max_hp_per_floor":[75,75,75,75,75,75,75,75,75,75,75,75,75,75,75,75,75,75,75,75,75,75,75,75,75,75],"card_choices":[{"not_picked":["Auto Shields","Scrape"],"picked":"Sweeping Beam","floor":1},{"not_picked":["Go for the Eyes","Buffer"],"picked":"Streamline","floor":6},{"not_picked":["Steam","Streamline"],"picked":"Go for the Eyes","floor":8},{"not_picked":["Thunder Strike","Meteor Strike"],"picked":"Seek","floor":16},{"not_picked":["Turbo","Self Repair"],"picked":"Rebound+1","floor":18},{"not_picked":["Rebound+1","Redo"],"picked":"Cold Snap","floor":18},{"not_picked":["Rip and Tear","Hologram","Barrage"],"picked":"SKIP","floor":20},{"not_picked":["Ball Lightning","Leap+1","Force Field+1"],"picked":"SKIP","floor":20},{"not_picked":["Multi-Cast","Aggregate","Darkness+1"],"picked":"Self Repair+1","floor":22},{"not_picked":["Skim","Chill","Barrage+1"],"picked":"Hello World+1","floor":22}],"player_experience":852805,"relics_obtained":[{"floor":6,"key":"Bottled Flame"},{"floor":9,"key":"Meat on the Bone"},{"floor":11,"key":"Tiny Chest"},{"floor":17,"key":"Omamori"},{"floor":17,"key":"Gremlin Horn"},{"floor":17,"key":"Prayer Wheel"},{"floor":19,"key":"Nilry\u0027s Codex"},{"floor":21,"key":"Question Card"}],"event_choices":[{"damage_healed":0,"gold_gain":175,"player_choice":"AGREE","damage_taken":0,"max_hp_gain":0,"max_hp_loss":0,"event_name":"Liars Game","floor":2,"gold_loss":0,"cards_obtained":["Doubt"]},{"damage_healed":0,"gold_gain":0,"player_choice":"Entered Light","damage_taken":15,"max_hp_gain":0,"max_hp_loss":0,"event_name":"Shining Light","floor":3,"gold_loss":0,"cards_upgraded":["Defend_B","Defend_B"]},{"damage_healed":0,"gold_gain":0,"player_choice":"Take Damage","damage_taken":18,"relics_obtained":["Golden Idol"],"max_hp_gain":0,"max_hp_loss":0,"event_name":"Golden Idol","floor":5,"gold_loss":0},{"damage_healed":0,"gold_gain":0,"player_choice":"Box","damage_taken":0,"relics_obtained":["Oddly Smooth Stone"],"max_hp_gain":0,"max_hp_loss":0,"event_name":"Big Fish","floor":13,"gold_loss":0,"cards_obtained":["Regret"]},{"damage_healed":0,"gold_gain":0,"player_choice":"Obtained Book","damage_taken":16,"max_hp_gain":0,"max_hp_loss":0,"event_name":"Cursed Tome","floor":19,"gold_loss":0}],"is_beta":false,"boss_relics":[{"not_picked":["Tiny House","Cursed Key"],"picked":"Calling Bell"}],"items_purged_floors":[14],"is_endless":false,"potions_floor_spawned":[1,8,20],"killed_by":"Snake Plant","ascension_level":3}}