{"host":"vrsxkkch9ccrec7k","time":1612184424,"event":{"mods":["Act Like it!","BaseMod","Bestiary","Better Altar","Better Match","Better Note","Better Sensory Stone","Better Skull","Better Third Choice","Better Vampires","Downfall","Minty Spire (QoL Compilation)","Permanent Neow","Relic Stats","Spicy Shops","StSLib"],"gold_per_floor":[99,99,99,249,249,276,303,337,337,437,437,46,66,93,106,201,201,101,117,127,147,157,62,87,87,120,136,136,136,167,167,183,282,282,282,282,28,28,42,42,42,61,76,76,92,42,58,93,104,104],"floor_reached":51,"language":"ENG","playtime":3851,"items_purged":["downfall:Icky","Writhe","champ:Strike"],"score":1593,"play_id":"1e764aed-e102-489c-b864-f8545b5b5b0b","local_time":"20210201080024","is_ascension_mode":true,"campfire_choices":[{"data":"champ:Taunt","floor":1,"key":"SMITH"},{"data":"champ:GladiatorStyle","floor":11,"key":"SMITH"},{"data":"champ:Lariat","floor":18,"key":"SMITH"},{"floor":29,"key":"REST"},{"data":"champ:UltimateStance","floor":35,"key":"SMITH"},{"data":"champ:UltimateStance","floor":44,"key":"SMITH"}],"circlet_count":0,"master_deck":["AscendersBane","champ:Strike","champ:Strike","champ:Strike","champ:Defend","champ:Defend","champ:Defend","champ:Defend","champ:Execute","champ:Taunt+1","champ:GladiatorStyle+1","champ:Encircle","champ:DeathBlow","champ:VampiricStrike","champ:Endure","champ:Lariat+1","champ:DefensiveStyle","champ:StrikeOfGenius","champ:ShieldWall","champ:Haymaker","champ:TornadoPunch","champ:DefensiveStyle","champ:ShieldWall","champ:UltimateStance+1","champ:ShieldWall","champ:RapidStrikes","champ:Parry","champ:Improvising","CurseOfTheBell","champ:ShieldSigil+1","champ:UltimateStance+1","champ:Backstep+1"],"relics":["champ:ChampionCrown","downfall:HeartsMalice","Slimebound:PreparedRelic","Pen Nib","Ginger","Pear","Lee\u0027s Waffle","champ:DefensiveTrainingManual","Bronze Scales","Snecko Eye","downfall:HeartBlessingGreen","Happy Flower","Smiling Mask","Incense Burner","champ:BerserkersGuideToSlaughter","Calling Bell","Lantern","Gremlin Horn","Calipers","sneckomod:SuperSneckoEye","OrangePellets","Oddly Smooth Stone","Pantograph","Strawberry","Boot"],"acts_visited":["Exordium","TheCity","TheBeyond"],"potions_floor_usage":[8,16,26,26,27,50],"damage_taken":[{"damage":0,"enemies":"Small Slimes","floor":2,"turns":1},{"damage":0,"enemies":"Jaw Worm","floor":3,"turns":1},{"damage":0,"enemies":"Gremlin Nob","floor":6,"turns":1},{"damage":54,"enemies":"3 Sentries","floor":8,"turns":7},{"damage":30,"enemies":"downfall:FleeingMerchant","floor":12,"turns":4},{"damage":16,"enemies":"2 Louse","floor":13,"turns":2},{"damage":48,"enemies":"Lagavulin","floor":14,"turns":8},{"damage":19,"enemies":"Red Slaver","floor":15,"turns":3},{"damage":80,"enemies":"SI_SHIV_ARCHETYPE","floor":16,"turns":10},{"damage":10,"enemies":"Spheric Guardian","floor":19,"turns":2},{"damage":20,"enemies":"Shell Parasite","floor":20,"turns":3},{"damage":18,"enemies":"Snake Plant","floor":21,"turns":4},{"damage":20,"enemies":"Centurion and Healer","floor":22,"turns":6},{"damage":20,"enemies":"downfall:FleeingMerchant","floor":23,"turns":4},{"damage":27,"enemies":"Slavers","floor":26,"turns":4},{"damage":29,"enemies":"Chosen and Byrds","floor":27,"turns":6},{"damage":30,"enemies":"Gremlin Leader","floor":30,"turns":6},{"damage":0,"enemies":"Snake Plant","floor":32,"turns":2},{"damage":63,"enemies":"IC_MUSHROOM_ARCHETYPE","floor":33,"turns":6},{"damage":60,"enemies":"downfall:FleeingMerchant","floor":37,"turns":4},{"damage":0,"enemies":"Orb Walker","floor":39,"turns":2},{"damage":10,"enemies":"3 Darklings","floor":42,"turns":3},{"damage":40,"enemies":"Spire Growth","floor":43,"turns":5},{"damage":5,"enemies":"Jaw Worm Horde","floor":45,"turns":4},{"damage":12,"enemies":"3 Darklings","floor":47,"turns":4},{"damage":55,"enemies":"Nemesis","floor":48,"turns":5},{"damage":15,"enemies":"Maw","floor":49,"turns":4},{"damage":150,"enemies":"WA_ARCHETYPE_DIVINITY","floor":50,"turns":12}],"seed_played":"2623934491950009642","potions_obtained":[{"floor":6,"key":"ColorlessPotion"},{"floor":13,"key":"AttackPotion"},{"floor":16,"key":"Explosive Potion"},{"floor":19,"key":"SteroidPotion"},{"floor":21,"key":"Guardian:BlockOnCardUsePotion"},{"floor":26,"key":"Regen Potion"},{"floor":32,"key":"champ:OpenerPotion"},{"floor":42,"key":"Slimebound:ThreeZeroPotion"},{"floor":45,"key":"Dexterity Potion"}],"is_trial":false,"path_per_floor":["R","M","M","?","?","E","T","E","?","?","R","$","M","E","M","B",null,"R","M","M","M","M","$","T","?","E","M","?","R","E","?","M","B",null,"R","?","$","T","M","?","T","M","M","R","M","$","M","E","M","B",null],"character_chosen":"THE_CHAMP","items_purchased":["Lee\u0027s Waffle","champ:DefensiveTrainingManual","champ:DefensiveStyle","sneckomod:SuperSneckoEye","OrangePellets","Oddly Smooth Stone","sneckomod:MuddlingPotion"],"campfire_rested":1,"item_purchase_floors":[12,12,23,37,37,37,37],"current_hp_per_floor":[81,81,81,81,81,81,81,57,67,67,67,107,101,83,74,21,86,86,86,86,68,68,68,68,68,61,57,57,89,89,89,99,46,92,92,92,102,102,102,109,109,114,114,114,114,114,114,109,114,114],"gold":104,"neow_bonus":"THREE_ENEMY_KILL","is_daily":false,"chose_seed":false,"campfire_upgraded":5,"win_rate":0.0,"timestamp":1612184424,"path_taken":["R","M","M","?","?","E","T","E","?","?","R","$","M","E","M","BOSS","R","M","M","M","M","$","T","?","E","?","?","R","E","?","M","BOSS","R","?","$","?","M","?","T","M","M","R","M","$","M","E","M","BOSS"],"items_purchased_type":["Relic","Relic","Card","Relic","Relic","Relic","Potion"],"build_version":"2020-12-22","purchased_purges":3,"victory":true,"max_hp_per_floor":[90,90,90,90,90,90,90,90,100,100,100,107,107,107,107,107,107,107,107,107,107,107,107,107,107,107,107,107,107,107,107,107,107,107,107,107,107,107,107,114,114,114,114,114,114,114,114,114,114,114],"relic_stats":{"Lee\u0027s Waffle":40,"Happy Flower":[22],"Gremlin Horn":[7,7],"counters":[28,120],"Pen Nib":[21],"Ginger":[32],"Smiling Mask":125,"Boot":[7],"OrangePellets":[10],"Bronze Scales":[290],"Pantograph":0,"Snecko Eye":[110,85,86,98],"obtain_stats":[{"Lantern":34,"Calipers":34,"Gremlin Horn":34,"champ:ChampionCrown":0,"downfall:HeartBlessingGreen":18,"Incense Burner":30,"Ginger":8,"Smiling Mask":26,"Boot":48,"champ:DefensiveTrainingManual":12,"Pantograph":38,"Strawberry":40,"champ:BerserkersGuideToSlaughter":31,"Lee\u0027s Waffle":12,"Pear":9,"Happy Flower":24,"Oddly Smooth Stone":37,"downfall:HeartsMalice":0,"sneckomod:SuperSneckoEye":37,"Pen Nib":7,"Calling Bell":34,"OrangePellets":37,"Bronze Scales":14,"Snecko Eye":17,"Slimebound:PreparedRelic":6},{"Lantern":19,"Calipers":19,"Gremlin Horn":19,"champ:ChampionCrown":0,"downfall:HeartBlessingGreen":9,"Incense Burner":17,"Ginger":4,"Smiling Mask":15,"Boot":26,"champ:DefensiveTrainingManual":5,"Pantograph":20,"Strawberry":21,"champ:BerserkersGuideToSlaughter":17,"Lee\u0027s Waffle":5,"Pear":4,"Happy Flower":14,"Oddly Smooth Stone":20,"downfall:HeartsMalice":0,"sneckomod:SuperSneckoEye":20,"Pen Nib":3,"Calling Bell":19,"OrangePellets":20,"Bronze Scales":7,"Snecko Eye":9,"Slimebound:PreparedRelic":3},{"Lantern":77,"Calipers":77,"Gremlin Horn":77,"champ:ChampionCrown":0,"downfall:HeartBlessingGreen":34,"Incense Burner":69,"Ginger":7,"Smiling Mask":57,"Boot":104,"champ:DefensiveTrainingManual":11,"Pantograph":81,"Strawberry":83,"champ:BerserkersGuideToSlaughter":69,"Lee\u0027s Waffle":11,"Pear":7,"Happy Flower":53,"Oddly Smooth Stone":81,"downfall:HeartsMalice":0,"sneckomod:SuperSneckoEye":81,"Pen Nib":0,"Calling Bell":77,"OrangePellets":81,"Bronze Scales":21,"Snecko Eye":34,"Slimebound:PreparedRelic":0}]},"card_choices":[{"not_picked":["champ:CrownThrow","champ:SkillfulDodge"],"picked":"champ:GladiatorStyle","floor":2},{"not_picked":["champ:EndlessRage","champ:BerserkerStyle"],"picked":"champ:Encircle","floor":3},{"not_picked":["champ:Shatter","champ:HeartStrike"],"picked":"champ:DeathBlow","floor":6},{"not_picked":["champ:PreciseThrust","champ:Duel"],"picked":"champ:VampiricStrike","floor":8},{"not_picked":["champ:RecklessLeap","champ:DeathBlow"],"picked":"champ:Endure","floor":12},{"not_picked":["champ:AdrenalArmor","champ:Haymaker"],"picked":"champ:Lariat","floor":13},{"not_picked":["champ:RecklessLeap","champ:PerfectedStrike"],"picked":"champ:DefensiveStyle","floor":14},{"not_picked":["champ:PreciseThrust","champ:Shatter","champ:EnGarde"],"picked":"SKIP","floor":15},{"not_picked":["champ:VampiricStrike","champ:ShieldThrow"],"picked":"champ:StrikeOfGenius","floor":16},{"not_picked":["champ:BringItOn","champ:BladeFlurry"],"picked":"champ:ShieldWall","floor":19},{"not_picked":["champ:DefensiveShout","champ:AdrenalArmor"],"picked":"champ:Haymaker","floor":20},{"not_picked":["champ:BladeFlurry","champ:CrownThrow","champ:BerserkersShout"],"picked":"SKIP","floor":21},{"not_picked":["champ:AdrenalArmor+1","champ:BladeFlurry+1"],"picked":"champ:TornadoPunch","floor":22},{"not_picked":["champ:TornadoPunch","champ:FalseCounter","champ:AdrenalArmor"],"picked":"SKIP","floor":23},{"not_picked":["champ:Backstep","champ:IgnorePain"],"picked":"champ:UltimateStance","floor":26},{"not_picked":["champ:Shatter","champ:PreciseThrust"],"picked":"champ:ShieldWall","floor":27},{"not_picked":["champ:Haymaker","champ:DefensiveShout"],"picked":"champ:RapidStrikes","floor":30},{"not_picked":["champ:FocusedBerserking+1","champ:Circumvent"],"picked":"champ:Parry","floor":32},{"not_picked":["champ:IgnorePain","champ:DancingMaster"],"picked":"champ:Improvising","floor":33},{"not_picked":["champ:BladeFlurry","champ:PerfectedStrike+1"],"picked":"champ:ShieldSigil+1","floor":37},{"not_picked":["champ:SkillfulDodge+1","champ:PreemptiveStrike","champ:Haymaker+1"],"picked":"SKIP","floor":39},{"not_picked":["champ:EndlessRage","champ:ShieldSigil"],"picked":"champ:UltimateStance","floor":42},{"not_picked":["champ:ShieldSigil","champ:SkillfulDodge","champ:PreciseThrust"],"picked":"SKIP","floor":43},{"not_picked":["champ:FocusedDefense","champ:FanOfKnives","champ:PerfectedStrike"],"picked":"SKIP","floor":45},{"not_picked":["champ:BringItOn+1","champ:SetATrap","champ:StanceDance"],"picked":"SKIP","floor":47},{"not_picked":["champ:Shatter+1","champ:Encircle","champ:HeartStrike"],"picked":"SKIP","floor":48},{"not_picked":["champ:Haymaker","champ:FanOfKnives"],"picked":"champ:Backstep+1","floor":49}],"player_experience":1858417,"relics_obtained":[{"floor":6,"key":"Slimebound:PreparedRelic"},{"floor":7,"key":"Pen Nib"},{"floor":8,"key":"Ginger"},{"floor":14,"key":"Bronze Scales"},{"floor":24,"key":"Happy Flower"},{"floor":26,"key":"Smiling Mask"},{"floor":30,"key":"Incense Burner"},{"floor":34,"key":"Lantern"},{"floor":34,"key":"Gremlin Horn"},{"floor":34,"key":"Calipers"},{"floor":38,"key":"Pantograph"},{"floor":40,"key":"Strawberry"},{"floor":48,"key":"Boot"}],"event_choices":[{"damage_healed":0,"gold_gain":1,"player_choice":"1","damage_taken":0,"max_hp_gain":0,"max_hp_loss":0,"event_name":"betterStone:BetterStone","floor":5,"gold_loss":0}],"is_beta":false,"boss_relics":[{"not_picked":["SlaversCollar","Astrolabe"],"picked":"Snecko Eye"},{"not_picked":["bronze:MakeshiftBattery","Black Star"],"picked":"Calling Bell"}],"items_purged_floors":[12,37,46],"is_endless":false,"potions_floor_spawned":[6,13,16,19,21,26,32,39,42,45,48],"ascension_level":12}}