{"host":"w7o06k3e8uel8euj","time":1612186742,"event":{"mods":["AchievementEnabler","BaseMod","Colored Powertips","Custom Start","DeckTracker","Keyboard Shortcuts","Minty Spire (QoL Compilation)","Quick Restart","Relic Stats","StSLib","SuperFastMode","everything is the same but u backflip on backflip"],"gold_per_floor":[111,111,36,36,50,75,75,104,104,104,104,131,157,169,181,267,279,304,140,140,140,15,50,80,80,80,80,90,120,132,144,144,221,221,237,459,459,137,137,167,167,182,182,212,212,224,259,269,269,269,269,269,52,77,77],"floor_reached":56,"language":"KOR","playtime":1594,"items_purged":["Defend_P","Defend_P","Strike_P","Defend_P","Strike_P"],"score":2342,"play_id":"7b3a409c-ded7-468f-a6b9-cb40b7149b78","local_time":"20210201223902","is_ascension_mode":true,"campfire_choices":[{"data":"Eruption","floor":7.0,"key":"SMITH"},{"data":"EmptyFist","floor":11.0,"key":"SMITH"},{"floor":15.0,"key":"REST"},{"floor":25.0,"key":"REST"},{"data":"Wallop","floor":27.0,"key":"SMITH"},{"data":"Alpha","floor":32.0,"key":"SMITH"},{"floor":41.0,"key":"REST"},{"data":"Adaptation","floor":45,"key":"SMITH"},{"floor":49,"key":"RECALL"},{"data":"Deep Breath","floor":52,"key":"SMITH"}],"circlet_count":0,"master_deck":["AscendersBane","Strike_P","Defend_P","Eruption+1","Vigilance","EmptyFist+1","Tantrum","Wallop+1","Alpha+1","Flash of Steel","Deep Breath+1","Adaptation+1","InnerPeace"],"relics":["PureWater","NeowsBlessing","Prayer Wheel","Singing Bowl","Pen Nib","Blood Vial","MawBank","CultistMask","VioletLotus","Enchiridion","Akabeko","Red Mask","Mango","Black Star","Juzu Bracelet","Thread and Needle","Mercury Hourglass","Damaru","Lantern","Pear","Potion Belt","Boot","Anchor","Bag of Marbles"],"acts_visited":["Exordium","TheCity","TheBeyond","TheEnding"],"potions_floor_usage":[47,50,50,54],"damage_taken":[{"damage":0.0,"enemies":"Small Slimes","floor":1.0,"turns":1.0},{"damage":0.0,"enemies":"Jaw Worm","floor":5.0,"turns":1.0},{"damage":0.0,"enemies":"Lagavulin","floor":6.0,"turns":1.0},{"damage":31.0,"enemies":"Gremlin Nob","floor":8.0,"turns":4.0},{"damage":17.0,"enemies":"Lagavulin","floor":12.0,"turns":7.0},{"damage":2.0,"enemies":"Cultist","floor":13.0,"turns":3.0},{"damage":37.0,"enemies":"The Guardian","floor":16.0,"turns":13.0},{"damage":27.0,"enemies":"3 Byrds","floor":18.0,"turns":6.0},{"damage":19.0,"enemies":"Slavers","floor":23.0,"turns":3.0},{"damage":0.0,"enemies":"Masked Bandits","floor":24.0,"turns":2.0},{"damage":0.0,"enemies":"Chosen","floor":28.0,"turns":3.0},{"damage":13.0,"enemies":"Book of Stabbing","floor":29.0,"turns":3.0},{"damage":0.0,"enemies":"Shelled Parasite and Fungi","floor":30.0,"turns":2.0},{"damage":8.0,"enemies":"Cultist and Chosen","floor":31.0,"turns":3.0},{"damage":33.0,"enemies":"Automaton","floor":33.0,"turns":6.0},{"damage":0.0,"enemies":"Orb Walker","floor":35.0,"turns":2.0},{"damage":88.0,"enemies":"Nemesis","floor":40.0,"turns":7.0},{"damage":0.0,"enemies":"3 Shapes","floor":42.0,"turns":4.0},{"damage":4.0,"enemies":"Giant Head","floor":44.0,"turns":4.0},{"damage":32,"enemies":"3 Darklings","floor":46,"turns":3},{"damage":7,"enemies":"Reptomancer","floor":47,"turns":4},{"damage":4,"enemies":"Writhing Mass","floor":48,"turns":2},{"damage":13,"enemies":"Donu and Deca","floor":50,"turns":5},{"damage":42,"enemies":"Shield and Spear","floor":54,"turns":3},{"damage":69,"enemies":"The Heart","floor":55,"turns":6}],"seed_played":"8105500374374528614","potions_obtained":[{"floor":8.0,"key":"Energy Potion"},{"floor":12.0,"key":"Explosive Potion"},{"floor":13.0,"key":"Strength Potion"},{"floor":28.0,"key":"Fire Potion"},{"floor":31.0,"key":"Dexterity Potion"},{"floor":42.0,"key":"BottledMiracle"},{"floor":47,"key":"Explosive Potion"},{"floor":48,"key":"Weak Potion"},{"floor":54,"key":"Ancient Potion"}],"is_trial":false,"path_per_floor":["M","?","$","?","M","E","R","E","T","?","R","E","M","?","R","B",null,"M","$","?","?","$","E","?","R","T","R","M","E","M","M","R","B",null,"M","?","?","$","?","E","R","M","T","E","R","M","E","M","R","B",null,"R","$","E","B",null],"character_chosen":"WATCHER","items_purchased":["Prayer Wheel","Tantrum","Juzu Bracelet","InnerPeace"],"campfire_rested":3,"item_purchase_floors":[3,19,38,53],"current_hp_per_floor":[61,66,66,66,66,68,68,39,39,32,32,19,23,23,47,14,67,46,46,46,25,25,10,12,39,39,39,45,50,54,52,52,21,93,99,99,99,99,91,5,41,47,47,57,57,31,28,30,30,19,117,117,117,79,12],"gold":77,"neow_bonus":"THREE_ENEMY_KILL","is_daily":false,"chose_seed":false,"campfire_upgraded":6,"win_rate":0.0,"timestamp":1612186742,"path_taken":["M","?","$","?","M","E","R","E","T","?","R","E","M","?","R","BOSS","M","?","?","?","?","E","?","R","T","R","M","E","M","M","R","BOSS","M","?","?","$","?","E","R","M","T","E","R","M","E","M","R","BOSS","R","$","E","BOSS"],"items_purchased_type":["Relic","Card","Relic","Card"],"build_version":"2020-12-22","purchased_purges":5,"victory":true,"max_hp_per_floor":[68,73,73,73,73,75,75,77,77,77,77,79,83,83,83,85,85,89,89,89,89,89,91,91,91,91,91,95,111,113,117,117,117,117,121,121,121,121,123,123,123,127,127,139,139,143,145,149,149,149,149,149,149,151,151],"relic_stats":{"Blood Vial":42,"Singing Bowl":54,"counters":[25,98],"Prayer Wheel":11,"Pen Nib":[25],"VioletLotus":[52],"Black Star":4,"Juzu Bracelet":0,"MawBank":84,"Boot":[132],"obtain_stats":[{"Potion Belt":47,"Lantern":44,"Pear":44,"NeowsBlessing":0,"Singing Bowl":6,"Enchiridion":21,"Damaru":43,"Mango":29,"Thread and Needle":40,"Pen Nib":8,"Juzu Bracelet":38,"MawBank":12,"Boot":47,"Akabeko":23,"Mercury Hourglass":40,"Blood Vial":9,"Anchor":54,"Prayer Wheel":3,"CultistMask":14,"VioletLotus":17,"Red Mask":24,"Black Star":34,"Bag of Marbles":54,"PureWater":0},{"Potion Belt":21,"Lantern":19,"Pear":19,"NeowsBlessing":0,"Singing Bowl":3,"Enchiridion":8,"Damaru":18,"Mango":12,"Thread and Needle":17,"Pen Nib":4,"Juzu Bracelet":16,"MawBank":5,"Boot":21,"Akabeko":9,"Mercury Hourglass":17,"Blood Vial":4,"Anchor":24,"Prayer Wheel":1,"CultistMask":6,"VioletLotus":7,"Red Mask":10,"Black Star":15,"Bag of Marbles":24,"PureWater":0},{"Potion Belt":82,"Lantern":75,"Pear":75,"NeowsBlessing":0,"Singing Bowl":3,"Enchiridion":36,"Damaru":71,"Mango":47,"Thread and Needle":67,"Pen Nib":7,"Juzu Bracelet":60,"MawBank":14,"Boot":82,"Akabeko":39,"Mercury Hourglass":67,"Blood Vial":7,"Anchor":92,"Prayer Wheel":1,"CultistMask":17,"VioletLotus":30,"Red Mask":41,"Black Star":58,"Bag of Marbles":92,"PureWater":0}],"Mercury Hourglass":[138]},"card_choices":[{"not_picked":["FlurryOfBlows","JustLucky","LikeWater"],"picked":"SKIP","floor":1.0},{"not_picked":["Meditate","PathToVictory"],"picked":"EmptyFist","floor":5.0},{"not_picked":["BowlingBash","PathToVictory","Consecrate"],"picked":"SKIP","floor":5.0},{"not_picked":["ReachHeaven","Meditate","PathToVictory"],"picked":"Singing Bowl","floor":6.0},{"not_picked":["CrushJoints","BattleHymn","Study"],"picked":"Singing Bowl","floor":8.0},{"not_picked":["FollowUp","FlurryOfBlows","PathToVictory"],"picked":"Singing Bowl","floor":12.0},{"not_picked":["CrushJoints","Swivel","Crescendo"],"picked":"Singing Bowl","floor":13.0},{"not_picked":["Evaluate","Meditate","Consecrate"],"picked":"Singing Bowl","floor":13.0},{"not_picked":["LessonLearned","DevaForm","Wish"],"picked":"Singing Bowl","floor":16.0},{"not_picked":["Evaluate","ThirdEye","ClearTheMind"],"picked":"Singing Bowl","floor":18.0},{"not_picked":["EmptyBody","Collect","EmptyMind"],"picked":"Singing Bowl","floor":18.0},{"not_picked":["BowlingBash","Prostrate","SashWhip"],"picked":"Singing Bowl","floor":23.0},{"not_picked":["FollowUp","Protect"],"picked":"Wallop","floor":24.0},{"not_picked":["CutThroughFate","Protect","ThirdEye"],"picked":"Singing Bowl","floor":28.0},{"not_picked":["Pray","CrushJoints","Sanctity"],"picked":"Singing Bowl","floor":28.0},{"not_picked":["FollowUp","Protect+1","ClearTheMind"],"picked":"Singing Bowl","floor":29.0},{"not_picked":["Consecrate","Indignation","Wallop"],"picked":"Singing Bowl","floor":30.0},{"not_picked":["Weave","Consecrate"],"picked":"Alpha","floor":30.0},{"not_picked":["BowlingBash","SashWhip","Wallop+1"],"picked":"Singing Bowl","floor":31.0},{"not_picked":["Prostrate","FollowUp+1","Consecrate"],"picked":"Singing Bowl","floor":31.0},{"not_picked":["Establishment","LessonLearned"],"picked":"Omniscience","floor":33.0},{"not_picked":["CrushJoints","Consecrate+1","EmptyBody"],"picked":"Singing Bowl","floor":35.0},{"not_picked":["FlurryOfBlows+1","EmptyFist","ForeignInfluence"],"picked":"Singing Bowl","floor":35.0},{"not_picked":["Apotheosis","Purity"],"picked":"Flash of Steel","floor":39.0},{"not_picked":["Thinking Ahead","Madness"],"picked":"Deep Breath","floor":39.0},{"not_picked":["Enlightenment","Magnetism","Bandage Up"],"picked":"Singing Bowl","floor":39.0},{"not_picked":["FlurryOfBlows","ThirdEye"],"picked":"Adaptation","floor":40.0},{"not_picked":["PathToVictory","FlyingSleeves+1","Prostrate"],"picked":"Singing Bowl","floor":42.0},{"not_picked":["PathToVictory","Vengeance","Study+1"],"picked":"Singing Bowl","floor":42.0},{"not_picked":["Conclude","ReachHeaven","Fasting2+1"],"picked":"Singing Bowl","floor":44.0},{"not_picked":["WreathOfFlame+1","Tantrum","ThirdEye"],"picked":"Singing Bowl","floor":46},{"not_picked":["ClearTheMind","PathToVictory","ForeignInfluence"],"picked":"Singing Bowl","floor":46},{"not_picked":["Vengeance","FollowUp+1","Protect+1"],"picked":"Singing Bowl","floor":47},{"not_picked":["FollowUp","CrushJoints","Evaluate"],"picked":"Singing Bowl","floor":48},{"not_picked":["Crescendo+1","Collect+1","Ragnarok"],"picked":"Singing Bowl","floor":48},{"not_picked":["CrushJoints","Prostrate","Consecrate"],"picked":"Singing Bowl","floor":54}],"player_experience":521944,"relics_obtained":[{"floor":6.0,"key":"Singing Bowl"},{"floor":8.0,"key":"Pen Nib"},{"floor":9.0,"key":"Blood Vial"},{"floor":12.0,"key":"MawBank"},{"floor":21.0,"key":"Enchiridion"},{"floor":23.0,"key":"Akabeko"},{"floor":24.0,"key":"Red Mask"},{"floor":29.0,"key":"Mango"},{"floor":40.0,"key":"Thread and Needle"},{"floor":40.0,"key":"Mercury Hourglass"},{"floor":43.0,"key":"Damaru"},{"floor":44.0,"key":"Lantern"},{"floor":44.0,"key":"Pear"},{"floor":47,"key":"Potion Belt"},{"floor":47,"key":"Boot"},{"floor":54,"key":"Anchor"},{"floor":54,"key":"Bag of Marbles"}],"event_choices":[{"damage_healed":0.0,"max_hp_gain":5.0,"max_hp_loss":0.0,"gold_gain":0.0,"event_name":"Big Fish","player_choice":"Donut","floor":2.0,"gold_loss":0.0,"damage_taken":0.0},{"damage_healed":0.0,"max_hp_gain":0.0,"max_hp_loss":0.0,"gold_gain":0.0,"event_name":"Liars Game","player_choice":"Ignored","floor":4.0,"gold_loss":0.0,"damage_taken":0.0},{"cards_removed":["Strike_P"],"damage_healed":0.0,"max_hp_gain":0.0,"max_hp_loss":0.0,"gold_gain":0.0,"event_name":"Golden Wing","player_choice":"Card Removal","floor":10.0,"gold_loss":0.0,"damage_taken":7.0},{"damage_healed":0.0,"max_hp_gain":0.0,"max_hp_loss":0.0,"gold_gain":0.0,"event_name":"FaceTrader","player_choice":"Trade","floor":14.0,"gold_loss":0.0,"damage_taken":0.0,"relics_obtained":["CultistMask"]},{"damage_healed":0.0,"max_hp_gain":0.0,"max_hp_loss":0.0,"gold_gain":0.0,"event_name":"Ghosts","player_choice":"Ignored","floor":20.0,"gold_loss":0.0,"damage_taken":0.0},{"damage_healed":0.0,"max_hp_gain":0.0,"max_hp_loss":0.0,"gold_gain":0.0,"event_name":"Cursed Tome","player_choice":"Obtained Book","floor":21.0,"gold_loss":0.0,"damage_taken":21.0},{"damage_healed":0.0,"max_hp_gain":0.0,"max_hp_loss":0.0,"gold_gain":0.0,"event_name":"Masked Bandits","player_choice":"Fought Bandits","floor":24.0,"gold_loss":0.0,"damage_taken":0.0},{"damage_healed":0.0,"max_hp_gain":0.0,"max_hp_loss":0.0,"gold_gain":222.0,"event_name":"Tomb of Lord Red Mask","player_choice":"Wore Mask","floor":36.0,"gold_loss":0.0,"damage_taken":0.0},{"cards_removed":["Omniscience"],"damage_healed":0.0,"max_hp_gain":0.0,"max_hp_loss":0.0,"gold_gain":0.0,"event_name":"Falling","player_choice":"Removed Skill","floor":37.0,"gold_loss":0.0,"damage_taken":0.0},{"damage_healed":0.0,"max_hp_gain":0.0,"max_hp_loss":0.0,"gold_gain":0.0,"event_name":"SensoryStone","player_choice":"Memory 3","floor":39.0,"gold_loss":0.0,"damage_taken":10.0}],"is_beta":false,"boss_relics":[{"not_picked":["Coffee Dripper","Ectoplasm"],"picked":"VioletLotus"},{"not_picked":["Snecko Eye","HolyWater"],"picked":"Black Star"}],"items_purged_floors":[3,19,22,38,53],"is_endless":false,"potions_floor_spawned":[8,12,13,18,28,31,40,42,47,48,54],"ascension_level":16}}