{"host":"x5w9zppki4gdwvc7","time":1612210191,"event":{"mods":["AchievementEnabler","BaseMod","Colored Powertips","DeckTracker","Minty Spire (QoL Compilation)","Relic Sorter"],"gold_per_floor":[111,126,139,139,192,0,0,12,12,12,30,4,14,30,30,130,130,141,155,155,155,155,155,170,170,220,220,64,16,16,33,33,128,128,147,165,182,107,107,107,121,121,121,121,121,121,121,35,35,35,35],"floor_reached":50,"language":"ENG","playtime":4428,"items_purged":["Defend_P"],"score":505,"play_id":"ba152938-fc31-45db-828d-8cd32c571148","local_time":"20210201210951","is_ascension_mode":false,"campfire_choices":[{"data":"Chrysalis","floor":7,"key":"SMITH"},{"data":"LikeWater","floor":15,"key":"SMITH"},{"data":"Eruption","floor":23,"key":"SMITH"},{"data":"Vigilance","floor":25,"key":"SMITH"},{"data":"JustLucky","floor":27,"key":"SMITH"},{"data":"Evaluate","floor":30,"key":"SMITH"},{"data":"Evaluate","floor":32,"key":"SMITH"},{"data":"ClearTheMind","floor":40,"key":"SMITH"},{"floor":42,"key":"REST"},{"data":"Vault","floor":44,"key":"SMITH"},{"data":"Madness","floor":49,"key":"SMITH"}],"circlet_count":0,"master_deck":["Strike_P","Defend_P","Defend_P","Defend_P","Eruption+1","Vigilance+1","FlyingSleeves","Evaluate+1","FearNoEvil","SignatureMove","Chrysalis+1","Evaluate+1","Prostrate","Prostrate","LikeWater+1","Vault+1","EmptyFist","JustLucky+1","Ghostly","Ghostly","Ghostly","Ghostly","Ghostly","ClearTheMind+1","JustLucky+1","Madness","Madness+1","Tantrum+1","ClearTheMind"],"relics":["HolyWater","Bag of Marbles","WingedGreaves","Enchiridion","Nunchaku","MealTicket","Black Star","Molten Egg 2","Damaru"],"acts_visited":["Exordium","TheCity","TheBeyond"],"potions_floor_usage":[16,16,16,33,33,36,50,50,50,50],"damage_taken":[{"damage":0,"enemies":"Cultist","floor":1,"turns":2},{"damage":1,"enemies":"Jaw Worm","floor":2,"turns":3},{"damage":0,"enemies":"Small Slimes","floor":3,"turns":3},{"damage":5,"enemies":"3 Louse","floor":8,"turns":4},{"damage":1,"enemies":"Blue Slaver","floor":11,"turns":2},{"damage":11,"enemies":"Large Slime","floor":13,"turns":4},{"damage":6,"enemies":"Exordium Wildlife","floor":14,"turns":4},{"damage":14,"enemies":"Hexaghost","floor":16,"turns":6},{"damage":5,"enemies":"3 Byrds","floor":18,"turns":6},{"damage":3,"enemies":"Shell Parasite","floor":19,"turns":8},{"damage":1,"enemies":"Snecko","floor":24,"turns":7},{"damage":0,"enemies":"Snake Plant","floor":31,"turns":6},{"damage":0,"enemies":"Champ","floor":33,"turns":11},{"damage":17,"enemies":"3 Shapes","floor":35,"turns":8},{"damage":4,"enemies":"3 Darklings","floor":36,"turns":7},{"damage":5,"enemies":"Jaw Worm Horde","floor":37,"turns":8},{"damage":7,"enemies":"4 Shapes","floor":41,"turns":9},{"damage":43,"enemies":"Time Eater","floor":50,"turns":10}],"seed_played":"-4858273354384884503","potions_obtained":[{"floor":2,"key":"DuplicationPotion"},{"floor":3,"key":"Regen Potion"},{"floor":11,"key":"Regen Potion"},{"floor":18,"key":"Energy Potion"},{"floor":19,"key":"GamblersBrew"},{"floor":24,"key":"PowerPotion"},{"floor":35,"key":"Energy Potion"},{"floor":36,"key":"BlessingOfTheForge"},{"floor":41,"key":"EntropicBrew"}],"is_trial":false,"path_per_floor":["M","M","M","?","T","$","R","M","T","$","M","$","M","M","R","B",null,"M","M","?","?","?","R","M","R","T","R","$","$","R","M","R","B",null,"M","M","M","$","?","R","M","R","T","R","?","T","?","$","R","B"],"character_chosen":"WATCHER","items_purchased":["Chrysalis","Prostrate","MealTicket","Strength Potion","Tantrum+1","ClearTheMind"],"campfire_rested":1,"item_purchase_floors":[6,12,28,29,48,48],"current_hp_per_floor":[72,71,71,64,64,64,64,59,59,59,58,58,47,41,41,61,72,67,64,64,36,20,20,19,19,19,19,19,34,34,34,34,34,36,19,15,10,25,25,25,18,28,28,28,28,28,23,36,36,0,0],"gold":35,"neow_bonus":"TRANSFORM_CARD","is_daily":false,"chose_seed":false,"campfire_upgraded":10,"win_rate":0.0,"timestamp":1612210191,"path_taken":["M","M","?","?","?","?","R","M","T","$","M","$","M","M","R","BOSS","M","M","?","?","?","R","M","R","T","R","?","$","R","M","R","BOSS","M","M","M","$","?","R","M","R","T","R","?","?","?","?","R","BOSS"],"items_purchased_type":["Card","Card","Relic","Potion","Card","Card"],"build_version":"2020-12-22","purchased_purges":1,"victory":false,"max_hp_per_floor":[72,72,72,72,72,72,72,72,72,72,72,72,72,72,72,72,72,72,72,72,36,36,36,36,36,36,36,36,36,36,36,36,36,36,36,36,36,36,36,36,36,36,36,36,36,36,36,36,36,36,36],"card_choices":[{"not_picked":["ClearTheMind","ForeignInfluence"],"picked":"Evaluate","floor":1},{"not_picked":["Prostrate","Study"],"picked":"FearNoEvil","floor":2},{"not_picked":["Halt","EmptyBody"],"picked":"SignatureMove","floor":3},{"not_picked":["JustLucky","Fasting2"],"picked":"Evaluate","floor":8},{"not_picked":["Indignation","FlyingSleeves","Protect"],"picked":"SKIP","floor":11},{"not_picked":["Establishment","ThirdEye"],"picked":"Prostrate","floor":13},{"not_picked":["SashWhip","Perseverance"],"picked":"LikeWater","floor":14},{"not_picked":["Wish","Blasphemy"],"picked":"Vault","floor":16},{"not_picked":["CrushJoints+1","Adaptation"],"picked":"EmptyFist","floor":18},{"not_picked":["Swivel","FollowUp"],"picked":"JustLucky","floor":19},{"not_picked":["FollowUp","Crescendo","Collect"],"picked":"SKIP","floor":24},{"not_picked":["BowlingBash+1","PathToVictory","Consecrate"],"picked":"SKIP","floor":31},{"not_picked":["Indignation","JustLucky"],"picked":"ClearTheMind","floor":35},{"not_picked":["Halt+1","FearNoEvil"],"picked":"JustLucky+1","floor":36},{"not_picked":["JustLucky","FearNoEvil","Fasting2+1"],"picked":"SKIP","floor":37},{"not_picked":["PathToVictory","Worship","Conclude"],"picked":"SKIP","floor":41}],"player_experience":389840,"relics_obtained":[{"floor":5,"key":"Bag of Marbles"},{"floor":9,"key":"WingedGreaves"},{"floor":22,"key":"Enchiridion"},{"floor":26,"key":"Nunchaku"},{"floor":43,"key":"Molten Egg 2"},{"floor":46,"key":"Damaru"}],"event_choices":[{"cards_removed":["Strike_P"],"damage_healed":0,"gold_gain":0,"player_choice":"Card Removal","damage_taken":7,"max_hp_gain":0,"max_hp_loss":0,"event_name":"Golden Wing","floor":4,"gold_loss":0},{"damage_healed":0,"gold_gain":0,"player_choice":"Ignored","damage_taken":0,"max_hp_gain":0,"max_hp_loss":0,"event_name":"Vampires","floor":20,"gold_loss":0},{"damage_healed":0,"gold_gain":0,"player_choice":"Became a Ghost","damage_taken":0,"max_hp_gain":0,"max_hp_loss":36,"event_name":"Ghosts","floor":21,"gold_loss":0,"cards_obtained":["Ghostly","Ghostly","Ghostly","Ghostly","Ghostly"]},{"damage_healed":0,"gold_gain":0,"player_choice":"Obtained Book","damage_taken":16,"max_hp_gain":0,"max_hp_loss":0,"event_name":"Cursed Tome","floor":22,"gold_loss":0},{"damage_healed":0,"gold_gain":0,"player_choice":"Memory 1","damage_taken":0,"max_hp_gain":0,"max_hp_loss":0,"event_name":"SensoryStone","floor":39,"gold_loss":0},{"cards_removed":["Strike_P"],"damage_healed":0,"gold_gain":0,"player_choice":"Removed Attack","damage_taken":0,"max_hp_gain":0,"max_hp_loss":0,"event_name":"Falling","floor":45,"gold_loss":0},{"damage_healed":0,"gold_gain":0,"player_choice":"Embrace Madness","damage_taken":5,"max_hp_gain":0,"max_hp_loss":0,"event_name":"Winding Halls","floor":47,"gold_loss":0,"cards_obtained":["Madness","Madness"]}],"is_beta":false,"boss_relics":[{"not_picked":["SacredBark","SlaversCollar"],"picked":"HolyWater"},{"not_picked":["Runic Dome","Fusion Hammer"],"picked":"Black Star"}],"items_purged_floors":[38],"is_endless":false,"potions_floor_spawned":[2,3,11,13,18,19,24,35,36,41],"killed_by":"Time Eater","ascension_level":0}}