{"host":"ewe4oe702q4ujr6i","time":1612177637,"event":{"mods":["BaseMod","Colored Map","Colored Powertips","DeckTracker","Minty Spire (QoL Compilation)","SuperFastMode"],"gold_per_floor":[114,64,64,13,23,23,51,62,85,85,99,128,128,128,128,229,229,244,169,94,94,19,49,68,68,147,147,71,71,98,110,110,215,215,228,228,228],"floor_reached":36,"language":"KOR","playtime":2528,"items_purged":["Strike_G"],"score":431,"play_id":"56878d0d-0552-4757-80f9-bd56638c7cbb","local_time":"20210201200717","is_ascension_mode":false,"campfire_choices":[{"data":"Neutralize","floor":6,"key":"SMITH"},{"data":"Deadly Poison","floor":10,"key":"SMITH"},{"data":"Panacea","floor":13,"key":"SMITH"},{"floor":15,"key":"REST"},{"floor":29,"key":"REST"},{"data":"Adrenaline","floor":32,"key":"SMITH"}],"circlet_count":0,"master_deck":["Strike_G","Strike_G","Defend_G","Defend_G","Defend_G","Defend_G","Defend_G","Survivor","Neutralize+1","Panacea+1","PiercingWail","Backflip","Acrobatics","Deadly Poison+1","Tools of the Trade","Adrenaline+1","Catalyst","PiercingWail","Ghostly","Ghostly","Ghostly","Ghostly","Ghostly","Noxious Fumes","Crippling Poison","Night Terror"],"relics":["Ring of the Snake","Nunchaku","Pen Nib","Pear","Juzu Bracelet","SlaversCollar","GremlinMask","Letter Opener","InkBottle","Molten Egg 2","HoveringKite"],"acts_visited":["Exordium","TheCity","TheBeyond"],"potions_floor_usage":[7,22,36,36],"damage_taken":[{"damage":7,"enemies":"2 Louse","floor":1,"turns":5},{"damage":3,"enemies":"Jaw Worm","floor":5,"turns":5},{"damage":16,"enemies":"Lagavulin","floor":7,"turns":16},{"damage":1,"enemies":"Small Slimes","floor":8,"turns":4},{"damage":11,"enemies":"Exordium Thugs","floor":11,"turns":5},{"damage":21,"enemies":"Gremlin Nob","floor":12,"turns":6},{"damage":22,"enemies":"Hexaghost","floor":16,"turns":12},{"damage":25,"enemies":"3 Byrds","floor":18,"turns":8},{"damage":11,"enemies":"2 Thieves","floor":22,"turns":5},{"damage":17,"enemies":"Book of Stabbing","floor":23,"turns":9},{"damage":0,"enemies":"Snake Plant","floor":24,"turns":4},{"damage":5,"enemies":"Slavers","floor":30,"turns":6},{"damage":6,"enemies":"Sentry and Sphere","floor":31,"turns":8},{"damage":10,"enemies":"Champ","floor":33,"turns":13},{"damage":12,"enemies":"Orb Walker","floor":35,"turns":7},{"damage":86,"enemies":"2 Orb Walkers","floor":36,"turns":9}],"seed_played":"5410167410244559384","potions_obtained":[{"floor":1,"key":"BlessingOfTheForge"},{"floor":11,"key":"Ancient Potion"},{"floor":16,"key":"Explosive Potion"},{"floor":24,"key":"Regen Potion"},{"floor":31,"key":"FairyPotion"},{"floor":33,"key":"PowerPotion"}],"is_trial":false,"path_per_floor":["M","?","$","$","M","R","E","M","T","R","M","E","R","?","R","B",null,"M","?","$","?","M","E","M","?","T","?","$","R","E","M","R","B",null,"M","?"],"character_chosen":"THE_SILENT","items_purchased":["Backflip","Noxious Fumes"],"campfire_rested":2,"item_purchase_floors":[4,28],"current_hp_per_floor":[63,63,63,63,60,60,44,43,43,43,32,21,21,14,38,16,80,55,55,55,55,44,27,27,12,12,12,12,24,19,13,13,3,42,30,0,0],"gold":228,"neow_bonus":"RANDOM_COLORLESS","is_daily":false,"chose_seed":false,"campfire_upgraded":4,"win_rate":0.0,"timestamp":1612177637,"path_taken":["M","?","?","$","M","R","E","?","T","R","M","E","R","?","R","BOSS","M","?","$","?","M","E","M","?","T","?","?","R","E","M","R","BOSS","M","?"],"items_purchased_type":["Card","Card"],"build_version":"2020-12-22","purchased_purges":1,"victory":false,"max_hp_per_floor":[70,70,70,70,70,70,70,70,70,70,70,80,80,80,80,80,80,80,80,80,80,80,80,80,85,85,42,42,42,42,42,42,42,42,42,42,42],"card_choices":[{"not_picked":["Madness","Deep Breath"],"picked":"Panacea","floor":0},{"not_picked":["Setup","Well Laid Plans"],"picked":"PiercingWail","floor":1},{"not_picked":["Choke","Underhanded Strike","Deflect"],"picked":"SKIP","floor":5},{"not_picked":["Masterful Stab","Dodge and Roll"],"picked":"Acrobatics","floor":7},{"not_picked":["Masterful Stab","Backflip"],"picked":"Deadly Poison","floor":8},{"not_picked":["Blade Dance","Distraction"],"picked":"Tools of the Trade","floor":11},{"not_picked":["Backstab","Die Die Die","Deflect"],"picked":"SKIP","floor":12},{"not_picked":["Unload","Wraith Form v2"],"picked":"Adrenaline","floor":16},{"not_picked":["Bane","Cloak And Dagger"],"picked":"Catalyst","floor":18},{"not_picked":["Deflect+1","Underhanded Strike+1"],"picked":"PiercingWail","floor":22},{"not_picked":["Underhanded Strike","Eviscerate","Backstab"],"picked":"SKIP","floor":23},{"not_picked":["Caltrops","Malaise","Quick Slash"],"picked":"SKIP","floor":24},{"not_picked":["Choke+1","Dagger Throw+1","Backstab+1"],"picked":"SKIP","floor":30},{"not_picked":["Eviscerate+1","Riddle With Holes+1"],"picked":"Crippling Poison","floor":31},{"not_picked":["Bullet Time","Die Die Die+1"],"picked":"Night Terror","floor":33},{"not_picked":["Blade Dance+1","Outmaneuver","Quick Slash+1"],"picked":"SKIP","floor":35}],"player_experience":187455,"relics_obtained":[{"floor":7,"key":"Nunchaku"},{"floor":9,"key":"Pen Nib"},{"floor":12,"key":"Pear"},{"floor":23,"key":"Letter Opener"},{"floor":26,"key":"InkBottle"},{"floor":30,"key":"Molten Egg 2"}],"event_choices":[{"cards_removed":["Strike_G"],"damage_healed":0,"gold_gain":0,"player_choice":"Card Removal","damage_taken":0,"max_hp_gain":0,"max_hp_loss":0,"event_name":"The Cleric","floor":2,"gold_loss":50},{"damage_healed":0,"gold_gain":0,"player_choice":"Success","damage_taken":7,"relics_obtained":["Juzu Bracelet"],"max_hp_gain":0,"max_hp_loss":0,"event_name":"Scrap Ooze","floor":14,"gold_loss":0},{"cards_removed":["Strike_G"],"damage_healed":0,"gold_gain":0,"player_choice":"Gave Gold","damage_taken":0,"max_hp_gain":0,"max_hp_loss":0,"event_name":"Beggar","floor":19,"gold_loss":75},{"damage_healed":0,"gold_gain":0,"player_choice":"Trade","damage_taken":0,"relics_obtained":["GremlinMask"],"max_hp_gain":0,"max_hp_loss":0,"event_name":"FaceTrader","floor":21,"gold_loss":0},{"damage_healed":0,"gold_gain":0,"player_choice":"Shed Blood","damage_taken":20,"max_hp_gain":5,"max_hp_loss":0,"event_name":"Forgotten Altar","floor":25,"gold_loss":0},{"damage_healed":0,"gold_gain":0,"player_choice":"Became a Ghost","damage_taken":0,"max_hp_gain":0,"max_hp_loss":43,"event_name":"Ghosts","floor":27,"gold_loss":0,"cards_obtained":["Ghostly","Ghostly","Ghostly","Ghostly","Ghostly"]},{"damage_healed":0,"gold_gain":0,"player_choice":"Fight","damage_taken":0,"max_hp_gain":0,"max_hp_loss":0,"event_name":"Mysterious Sphere","floor":36,"gold_loss":0}],"is_beta":false,"boss_relics":[{"not_picked":["Black Star","Velvet Choker"],"picked":"SlaversCollar"},{"not_picked":["SacredBark","Runic Pyramid"],"picked":"HoveringKite"}],"items_purged_floors":[20],"is_endless":false,"potions_floor_spawned":[1,11,16,24,31,33],"killed_by":"2 Orb Walkers","ascension_level":0}}