{"host":"f0gpob8hq9vgebej","time":1612170778,"event":{"mods":["AchievementEnabler","BaseMod","Minty Spire (QoL Compilation)","Quick Restart","SuperFastMode"],"gold_per_floor":[119,138,152,168,168,168,168,41,41,68,84,54,54,64,64,143,143,163,163,178,191,22,22,39,39,39],"floor_reached":25,"language":"KOR","playtime":885,"items_purged":["Strike_G","Strike_G"],"score":384,"play_id":"981e807b-a833-4974-9f0c-dfde84ae7ff4","local_time":"20210201181258","is_ascension_mode":true,"campfire_choices":[{"data":"Noxious Fumes","floor":6,"key":"SMITH"},{"data":"Blade Dance","floor":13,"key":"SMITH"},{"data":"Deadly Poison","floor":15,"key":"SMITH"},{"data":"Storm of Steel","floor":23,"key":"SMITH"}],"circlet_count":0,"master_deck":["AscendersBane","Strike_G","Defend_G","Defend_G","Defend_G","Defend_G","Survivor","Neutralize","Deadly Poison+1","Blade Dance+1","Venomology","Noxious Fumes+1","Dagger Spray","Acrobatics","Backflip","Storm of Steel+1","Well Laid Plans","Calculated Gamble+1"],"relics":["Ring of the Snake","Nunchaku","Singing Bowl","Bird Faced Urn","Empty Cage"],"acts_visited":["Exordium","TheCity"],"potions_floor_usage":[4,4,4,10,16,18,18,21,21,25,25],"damage_taken":[{"damage":0,"enemies":"Small Slimes","floor":1,"turns":4},{"damage":0,"enemies":"Jaw Worm","floor":2,"turns":5},{"damage":6,"enemies":"Cultist","floor":3,"turns":3},{"damage":11,"enemies":"Gremlin Gang","floor":4,"turns":7},{"damage":38,"enemies":"Gremlin Nob","floor":10,"turns":4},{"damage":4,"enemies":"Blue Slaver","floor":11,"turns":4},{"damage":1,"enemies":"Looter","floor":12,"turns":4},{"damage":7,"enemies":"Red Slaver","floor":14,"turns":4},{"damage":60,"enemies":"Slime Boss","floor":16,"turns":8},{"damage":17,"enemies":"Spheric Guardian","floor":18,"turns":5},{"damage":0,"enemies":"3 Byrds","floor":20,"turns":4},{"damage":32,"enemies":"Snake Plant","floor":21,"turns":4},{"damage":19,"enemies":"Centurion and Healer","floor":24,"turns":7},{"damage":20,"enemies":"Sentry and Sphere","floor":25,"turns":3}],"seed_played":"3736735784899899374","potions_obtained":[{"floor":3,"key":"DuplicationPotion"},{"floor":4,"key":"SteroidPotion"},{"floor":10,"key":"FairyPotion"},{"floor":18,"key":"Fruit Juice"},{"floor":20,"key":"SkillPotion"}],"is_trial":false,"path_per_floor":["M","M","M","M","?","R","?","$","T","E","M","M","R","M","R","B",null,"M","?","M","M","$","R","M","M"],"character_chosen":"THE_SILENT","items_purchased":["Dagger Spray","Well Laid Plans"],"campfire_rested":0,"item_purchase_floors":[8,22],"current_hp_per_floor":[59,59,53,42,42,42,47,47,47,11,9,10,10,7,7,22,62,54,54,58,32,32,32,15,0,0],"gold":39,"neow_bonus":"RANDOM_COMMON_RELIC","is_daily":false,"chose_seed":false,"campfire_upgraded":4,"win_rate":0.0,"timestamp":1612170778,"path_taken":["M","M","M","M","?","R","?","?","T","E","M","M","R","M","R","BOSS","M","?","M","M","$","R","M","?"],"items_purchased_type":["Card","Card"],"build_version":"2020-12-22","purchased_purges":2,"victory":false,"max_hp_per_floor":[66,66,66,66,66,66,71,71,71,73,73,73,73,75,75,75,75,82,82,84,86,86,86,86,86,86],"card_choices":[{"not_picked":["Dagger Throw","Deflect"],"picked":"Deadly Poison","floor":1},{"not_picked":["Terror","Acrobatics"],"picked":"Blade Dance","floor":2},{"not_picked":["Terror","Predator"],"picked":"Venomology","floor":3},{"not_picked":["Backstab","All Out Attack"],"picked":"Noxious Fumes","floor":4},{"not_picked":["Flying Knee","Sucker Punch","Noxious Fumes"],"picked":"Singing Bowl","floor":10},{"not_picked":["Deflect","Cloak And Dagger"],"picked":"Acrobatics","floor":11},{"not_picked":["Infinite Blades","Backstab"],"picked":"Backflip","floor":12},{"not_picked":["Backflip","Poisoned Stab","Storm of Steel"],"picked":"Singing Bowl","floor":14},{"not_picked":["Unload","Malaise"],"picked":"Storm of Steel","floor":16},{"not_picked":["Noxious Fumes","Bane+1","Outmaneuver"],"picked":"Singing Bowl","floor":18},{"not_picked":["Backflip","Acrobatics","Setup"],"picked":"Singing Bowl","floor":20},{"not_picked":["Bouncing Flask","Catalyst+1","All Out Attack"],"picked":"Singing Bowl","floor":21},{"not_picked":["Quick Slash","Outmaneuver"],"picked":"Calculated Gamble+1","floor":24}],"player_experience":343308,"relics_obtained":[{"floor":9,"key":"Singing Bowl"},{"floor":10,"key":"Bird Faced Urn"}],"event_choices":[{"damage_healed":0,"gold_gain":0,"player_choice":"Ignored","damage_taken":0,"max_hp_gain":0,"max_hp_loss":0,"event_name":"Liars Game","floor":5,"gold_loss":0},{"damage_healed":0,"gold_gain":0,"player_choice":"Donut","damage_taken":0,"max_hp_gain":5,"max_hp_loss":0,"event_name":"Big Fish","floor":7,"gold_loss":0},{"cards_removed":["Strike_G"],"damage_healed":0,"gold_gain":0,"player_choice":"Purged","damage_taken":0,"max_hp_gain":0,"max_hp_loss":0,"event_name":"Purifier","floor":19,"gold_loss":0}],"is_beta":false,"boss_relics":[{"not_picked":["HoveringKite","Cursed Key"],"picked":"Empty Cage"}],"items_purged_floors":[8,22],"is_endless":false,"potions_floor_spawned":[3,4,10,11,14,18,20],"killed_by":"Sentry and Sphere","ascension_level":15}}