{"host":"Jay","time":1612206013,"event":{"mods":["BaseMod","Colored Map","Hermit","Minty Spire (QoL Compilation)","Replay The Spire","Shop Mod","StSLib"],"gold_per_floor":[116,126,47,65,85,104,104,104,104,132,132,132,149,178,196,371,371,474,474,491,491,126,136,136,136,163,163,188,201,201,221,234,249,249,344,344,360,360,360,360],"floor_reached":39,"language":"ENG","playtime":1770,"items_purged":["Doubt"],"score":413,"play_id":"70cabeeb-5e51-41b2-b170-0aac4a49017b","local_time":"20210201140013","is_ascension_mode":false,"campfire_choices":[{"floor":7,"key":"REST"},{"data":"Limit Break","floor":12,"key":"SMITH"},{"floor":25,"key":"REST"},{"floor":27,"key":"REST"},{"floor":30,"key":"REST"},{"floor":34,"key":"REST"}],"circlet_count":0,"master_deck":["Strike_R","Strike_R","Strike_R","Strike_R","Strike_R","Defend_R","Defend_R","Defend_R","Defend_R","Bash+1","Sword Boomerang","Limit Break+1","Double Tap","Perfected Strike+1","Thunderclap","Dual Wield","Flex","Perfected Strike","ReplayTheSpireMod:Muscle Training","Limit Break+1","Entrench+1","Spot Weakness+1","ReplayTheSpireMod:LeadingStrike","Twin Strike","Infernal Blade","Demon Form","Feed","Replay:Undeath\u0027s Touch+1"],"relics":["Burning Blood","StrikeDummy","Shuriken","ReplayTheSpireMod:Spearhead","Black Star","Lee\u0027s Waffle","King of Hearts","Charon\u0027s Ashes","Incense Burner","Orichalcum"],"acts_visited":["Exordium","TheCity","TheBeyond"],"potions_floor_usage":[10,18,18,29,35,35,37],"damage_taken":[{"damage":6,"enemies":"Jaw Worm","floor":1,"turns":4},{"damage":12,"enemies":"Small Slimes","floor":2,"turns":4},{"damage":1,"enemies":"Cultist","floor":4,"turns":3},{"damage":21,"enemies":"3 Louse","floor":5,"turns":4},{"damage":12,"enemies":"Blue Slaver","floor":6,"turns":2},{"damage":18,"enemies":"3 Sentries","floor":10,"turns":4},{"damage":3,"enemies":"2 Fungi Beasts","floor":13,"turns":3},{"damage":29,"enemies":"Gremlin Nob","floor":14,"turns":4},{"damage":11,"enemies":"Large Slime","floor":15,"turns":2},{"damage":56,"enemies":"Hexaghost","floor":18,"turns":5},{"damage":32,"enemies":"Shell Parasite","floor":20,"turns":4},{"damage":40,"enemies":"3 Byrds","floor":23,"turns":7},{"damage":68,"enemies":"Slavers","floor":26,"turns":6},{"damage":27,"enemies":"Centurion and Healer","floor":29,"turns":4},{"damage":11,"enemies":"3 Cultists","floor":31,"turns":5},{"damage":20,"enemies":"Snake Plant","floor":32,"turns":2},{"damage":18,"enemies":"Snecko","floor":33,"turns":4},{"damage":32,"enemies":"Champ","floor":35,"turns":8},{"damage":48,"enemies":"3 Darklings","floor":37,"turns":7},{"damage":46,"enemies":"2 Orb Walkers","floor":39,"turns":3}],"seed_played":"-2795358454992507783","potions_obtained":[{"floor":1,"key":"Milkshake"},{"floor":4,"key":"SteroidPotion"},{"floor":5,"key":"Adrenaline Potion"},{"floor":13,"key":"Swift Potion"},{"floor":20,"key":"Explosive Potion"},{"floor":23,"key":"BlessingOfTheForge"},{"floor":29,"key":"SneckoOil"}],"is_trial":false,"path_per_floor":["M","M","$","M","M","M","R","PTL","PTL","E","T","R","M","E","M","?","R_BF","B",null,"M","?","$","M","?","R","E","R","T","M","R","M","M","M","R","B",null,"M","?","?"],"character_chosen":"IRONCLAD","items_purchased":["Limit Break","Lee\u0027s Waffle","King of Hearts"],"campfire_rested":5,"item_purchase_floors":[3,22,22],"current_hp_per_floor":[80,74,74,79,64,58,80,80,80,68,68,68,71,48,43,43,67,17,80,54,54,87,53,53,79,17,43,43,22,48,43,29,17,43,17,87,45,45,0,0],"gold":360,"neow_bonus":"RANDOM_EVENT","is_daily":false,"chose_seed":false,"campfire_upgraded":1,"win_rate":0.0,"timestamp":1612206013,"path_taken":["M","M","$","M","M","M","R","PTL","PTL","E","T","R","M","E","M","?","R_BF","BOSS","M","?","$","?","?","R","E","R","T","M","R","M","M","M","R","BOSS","M","?","?"],"items_purchased_type":["Card","Relic","Relic"],"build_version":"2020-12-18","purchased_purges":1,"victory":false,"max_hp_per_floor":[80,80,80,80,80,80,80,80,80,80,80,80,80,80,80,80,80,80,80,80,80,87,87,87,87,87,87,87,87,87,87,87,87,87,87,87,87,87,87,87],"card_choices":[{"not_picked":["Evolve","Clothesline","True Grit"],"picked":"SKIP","floor":1},{"not_picked":["True Grit","Headbutt"],"picked":"Sword Boomerang","floor":2},{"not_picked":["Dual Wield","Armaments"],"picked":"Double Tap","floor":4},{"not_picked":["Pommel Strike","Uppercut"],"picked":"Perfected Strike","floor":5},{"not_picked":["Life Link","Searing Blow"],"picked":"Thunderclap","floor":6},{"not_picked":["Thunderclap","Bludgeon"],"picked":"Dual Wield","floor":10},{"not_picked":["Sentinel","Anger"],"picked":"Flex","floor":13},{"not_picked":["Thunderclap","Sentinel"],"picked":"Perfected Strike","floor":14},{"not_picked":["Blood for Blood","Headbutt"],"picked":"ReplayTheSpireMod:Muscle Training","floor":15},{"not_picked":["Brutality","Corruption"],"picked":"Limit Break","floor":18},{"not_picked":["True Grit","Burning Pact"],"picked":"Entrench+1","floor":20},{"not_picked":["Body Slam","Havoc","Combust"],"picked":"SKIP","floor":23},{"not_picked":["Warcry","Iron Wave+1"],"picked":"Spot Weakness+1","floor":26},{"not_picked":["Thunderclap","Pummel"],"picked":"ReplayTheSpireMod:LeadingStrike","floor":29},{"not_picked":["Havoc","Replay:Many Hands"],"picked":"Twin Strike","floor":31},{"not_picked":["Twin Strike","Flex"],"picked":"Infernal Blade","floor":32},{"not_picked":["Thunderclap+1","Clash"],"picked":"Demon Form","floor":33},{"not_picked":["Impervious","Corruption"],"picked":"Feed","floor":35},{"not_picked":["Iron Wave","Sever Soul+1"],"picked":"Replay:Undeath\u0027s Touch+1","floor":37}],"player_experience":616611,"relics_obtained":[{"floor":10,"key":"StrikeDummy"},{"floor":11,"key":"Shuriken"},{"floor":14,"key":"ReplayTheSpireMod:Spearhead"},{"floor":26,"key":"Charon\u0027s Ashes"},{"floor":26,"key":"Incense Burner"},{"floor":28,"key":"Orichalcum"}],"event_choices":[{"damage_healed":0,"gold_gain":0,"player_choice":"Grow","damage_taken":0,"max_hp_gain":0,"max_hp_loss":0,"event_name":"Living Wall","floor":0,"gold_loss":0,"cards_upgraded":["Bash"]},{"damage_healed":0,"gold_gain":175,"player_choice":"AGREE","damage_taken":0,"max_hp_gain":0,"max_hp_loss":0,"event_name":"Liars Game","floor":16,"gold_loss":0,"cards_obtained":["Doubt"]},{"damage_healed":0,"gold_gain":0,"player_choice":"Upgraded","damage_taken":0,"max_hp_gain":0,"max_hp_loss":0,"event_name":"Upgrade Shrine","floor":21,"gold_loss":0,"cards_upgraded":["Limit Break"]},{"damage_healed":0,"gold_gain":0,"player_choice":"Ignored","damage_taken":0,"max_hp_gain":0,"max_hp_loss":0,"event_name":"Vampires","floor":24,"gold_loss":0},{"damage_healed":0,"gold_gain":0,"player_choice":"Ignored","damage_taken":0,"max_hp_gain":0,"max_hp_loss":0,"event_name":"Tomb of Lord Red Mask","floor":38,"gold_loss":0},{"damage_healed":0,"gold_gain":0,"player_choice":"Fight","damage_taken":0,"max_hp_gain":0,"max_hp_loss":0,"event_name":"Mysterious Sphere","floor":39,"gold_loss":0}],"is_beta":true,"boss_relics":[{"not_picked":["Cursed Key","Busted Crown"],"picked":"Black Star"},{"not_picked":["Fusion Hammer","Snecko Eye","Electric Blood"]}],"items_purged_floors":[22],"is_endless":false,"potions_floor_spawned":[1,4,5,6,13,20,23,29],"killed_by":"2 Orb Walkers","ascension_level":0}}