{"host":"uceopoba4zvqsgiy","time":1612171476,"event":{"mods":["Act Like it!","BaseMod","Better Skull","Better Third Choice","Elementarium","Evolution","GifTheSpireLib","Hermit","Humility","Infinite Spire","Jorbs\u0027s Wanderer Trilogy","Marked Mod","Minty Spire (QoL Compilation)","Potionbrewer","Reliquary","Replay The Spire","Robot Space Explorer","Shade Mod","Spicy Shops","StS++","StSLib","Stuff the Spire","The Blue Laboratory","The Caster","The Cursed","The Dragon Tamer","The Hierophant","The Jungle","TheSurvivalist","Wandering Minibosses"],"gold_per_floor":[110,110,110,39,51,51,51,83,83,99,112,144,144,161,161,259,259,271,288,0,0,0,26,26,26,26],"floor_reached":25,"language":"ENG","playtime":2107,"items_purged":[],"score":380,"play_id":"74bea42b-a42c-4278-9cd9-03739ebdfa56","local_time":"20210201195436","is_ascension_mode":true,"campfire_choices":[{"floor":6.0,"key":"REST"},{"floor":13.0,"key":"REST"},{"floor":15.0,"key":"REST"},{"floor":24,"key":"REST"}],"circlet_count":0,"master_deck":["Quick Slash","Quick Slash","Quick Slash","Quick Slash+1","Defend_G","Defend_G","Defend_G","Defend_G","Defend_G","Survivor","Neutralize","Apotheosis","StSpp:PoisonousPunch","Pot Of Greed","Pot Of Greed","Toxin Wave","StSpp:FiercePoison","StSpp:PoisonousPunch","Noxious Fumes","Glass Knife","Leg Sweep","StSpp:SwitchWeapon","Skewer+1","Envenom","Catalyst","Pot Of Greed","Outmaneuver","StuffTheSpire:BumpUp","StuffTheSpire:Python","ReplayTheSpireMod:Scrap Shanks","StSpp:TimeParadox","Replay:Bag of Tricks","infinitespire:FutureSight","infinitespire:Fortify","ReplayTheSpireMod:Black Plague","Replay:Bag of Tricks"],"relics":["Ring of the Snake","EVO:Axolotl","Grinning Jar","StSpp:SailorCap","Darkstone Periapt","Dream Catcher","reliquary:PrincelyHelmet","reliquary:WritOfMandamus","reliquary:Craggleroot","potionbrewer:BoosterPack","Replay:Accelerometer"],"acts_visited":["Exordium","TheCity"],"potions_floor_usage":[],"damage_taken":[{"damage":5.0,"enemies":"Jaw Worm","floor":1.0,"turns":4.0},{"damage":0.0,"enemies":"Small Slimes","floor":5.0,"turns":2.0},{"damage":0.0,"enemies":"Lagavulin","floor":8.0,"turns":4.0},{"damage":1.0,"enemies":"Cultist","floor":10.0,"turns":3.0},{"damage":0.0,"enemies":"Exordium Wildlife","floor":11.0,"turns":2.0},{"damage":25.0,"enemies":"Gremlin Nob","floor":12.0,"turns":3.0},{"damage":0.0,"enemies":"Looter","floor":14.0,"turns":3.0},{"damage":24.0,"enemies":"Fading Forest","floor":16.0,"turns":11.0},{"damage":10.0,"enemies":"Spheric Guardian","floor":18.0,"turns":4.0},{"damage":24.0,"enemies":"3 Byrds","floor":19.0,"turns":4.0},{"damage":30,"enemies":"Book of Stabbing","floor":23,"turns":4},{"damage":27,"enemies":"Gremlin Leader","floor":25,"turns":2}],"seed_played":"-1529671801430651698","potions_obtained":[{"floor":3.0,"key":"Ancient Potion"},{"floor":3.0,"key":"Flashbang"},{"floor":3.0,"key":"blueLaboratory:PyrophylliteBrew"},{"floor":5.0,"key":"EssenceOfSteel"},{"floor":8.0,"key":"ColorlessPotion"},{"floor":12.0,"key":"StSpp:ScatteredPotion"},{"floor":14.0,"key":"Dexterity Potion"},{"floor":16.0,"key":"potionbrewer:MidasPotion"}],"is_trial":false,"path_per_floor":["M","?","?","$","M","R","T","E","T","M","M","E","R","M","R","B",null,"M","M","$","?","AVR","E","R","E"],"character_chosen":"THE_SILENT","items_purchased":["Grinning Jar","Envenom","Catalyst"],"campfire_rested":4,"item_purchase_floors":[4,20,20],"current_hp_per_floor":[40,40,40,40,40,61,61,61,61,60,60,35,56,56,70,52,66,56,32,32,32,32,2,23,0,0],"gold":26,"neow_bonus":"RANDOM_COLORLESS_2","is_daily":false,"chose_seed":false,"campfire_upgraded":0,"win_rate":0.0,"timestamp":1612171476,"path_taken":["M","?","?","$","?","R","?","E","T","M","M","E","R","M","R","BOSS","M","M","$","?","AVR","E","R","E"],"items_purchased_type":["Relic","Card","Card"],"build_version":"2020-12-22","purchased_purges":0,"victory":false,"max_hp_per_floor":[70,70,70,70,70,70,70,70,70,70,70,70,70,70,70,70,70,70,70,70,70,70,70,70,70,70],"card_choices":[{"not_picked":["Replay:Dark Deal","Mayhem"],"picked":"Apotheosis","floor":0.0},{"not_picked":["Deadly Poison","Footwork"],"picked":"StSpp:PoisonousPunch","floor":1.0},{"not_picked":["StSpp:Dive","Dagger Spray","Heel Hook"],"picked":"SKIP","floor":5.0},{"not_picked":["StuffTheSpire:Python","Deflect"],"picked":"Toxin Wave","floor":8.0},{"not_picked":["StuffTheSpire:Injection","Bane"],"picked":"StSpp:FiercePoison","floor":10.0},{"not_picked":["Slice","Crippling Poison"],"picked":"StSpp:PoisonousPunch","floor":11.0},{"not_picked":["StuffTheSpire:FinalStruggle","ReplayTheSpireMod:Exploit Weakness"],"picked":"Noxious Fumes","floor":12.0},{"not_picked":["Flying Knee","Masterful Stab"],"picked":"Glass Knife","floor":14.0},{"not_picked":["StSpp:CorrosivePoison","Blade Dance"],"picked":"Leg Sweep","floor":15.0},{"not_picked":["Burst","StSpp:AbandonFlesh"],"picked":"StSpp:SwitchWeapon","floor":16.0},{"not_picked":["StuffTheSpire:ClusterCrunch","Acrobatics+1","Terror"],"picked":"SKIP","floor":18.0},{"not_picked":["StSpp:Anticipation","Backstab+1"],"picked":"Skewer+1","floor":19},{"not_picked":["StuffTheSpire:MirrorStance","Phantasmal Killer"],"picked":"Replay:Bag of Tricks","floor":23}],"player_experience":1459242,"relics_obtained":[{"floor":7.0,"key":"StSpp:SailorCap"},{"floor":8.0,"key":"Darkstone Periapt"},{"floor":9.0,"key":"Dream Catcher"},{"floor":12.0,"key":"reliquary:PrincelyHelmet"},{"floor":23,"key":"Replay:Accelerometer"}],"event_choices":[{"damage_healed":0.0,"max_hp_gain":0.0,"max_hp_loss":0.0,"gold_gain":0.0,"event_name":"Lab","player_choice":"Got Potions","floor":3.0,"gold_loss":0.0,"damage_taken":0.0},{"cards_removed":["Strike_G"],"damage_healed":0,"gold_gain":0,"player_choice":"Elegance","damage_taken":0,"max_hp_gain":0,"max_hp_loss":0,"event_name":"betterThird:BetterWriting","floor":21,"gold_loss":0}],"is_beta":false,"boss_relics":[{"not_picked":["StSpp:PileOfSugar","Ring of Chaos"],"picked":"reliquary:WritOfMandamus"}],"items_purged_floors":[],"is_endless":false,"potions_floor_spawned":[5,8,12,14,16,19],"killed_by":"Gremlin Leader","ascension_level":6,"is_humility":true}}