{"host":"qm4rv4rkpk76sbxu","time":1612176733,"event":{"mods":["BaseMod","Bestiary","Block Reminder","DeckTracker","Filter the Spire","Keyboard Shortcuts","Minty Spire (QoL Compilation)","MonsterHotkey","Quick Restart","Random Character Button","Relic Stats","Slay-I","StSLib","Unceasing Turn Reminder","ojb\u0027s Better Paths Mod","ojb\u0027s Info Mod"],"gold_per_floor":[109,31,48,48,111,150,177,177,204,388,388,417,417,459,459,564,564,592,592,34,58,84,127,127,127,127],"floor_reached":25,"language":"ENG","playtime":656,"items_purged":["Doubt"],"score":335,"play_id":"e7fb86c2-b6ea-4ff8-b10b-c02be8dcfbcb","local_time":"20210201115213","is_ascension_mode":true,"campfire_choices":[{"data":"Sunder","floor":8.0,"key":"SMITH"},{"data":"Zap","floor":11.0,"key":"SMITH"},{"data":"Loop","floor":15.0,"key":"SMITH"},{"data":"Defragment","floor":24.0,"key":"SMITH"}],"circlet_count":0,"master_deck":["Strike_B","Strike_B","Strike_B","Strike_B","Defend_B","Defend_B","Defend_B","Defend_B","Zap+1","Dualcast+1","Sunder+1","Conserve Battery","Conserve Battery","Core Surge","Hologram","Cold Snap","Loop+1","Core Surge","Tempest+1","Defragment+1","Core Surge","Conserve Battery","Recycle+1","Seek"],"relics":["Cracked Core","NeowsBlessing","CeramicFish","Bag of Marbles","Centennial Puzzle","Coffee Dripper","Bronze Scales","Oddly Smooth Stone","InkBottle"],"acts_visited":["Exordium","TheCity"],"potions_floor_usage":[25,25],"damage_taken":[{"damage":0.0,"enemies":"Cultist","floor":1.0,"turns":1.0},{"damage":0.0,"enemies":"Small Slimes","floor":3.0,"turns":1.0},{"damage":0.0,"enemies":"3 Sentries","floor":6.0,"turns":1.0},{"damage":0.0,"enemies":"Jaw Worm","floor":7.0,"turns":3.0},{"damage":6.0,"enemies":"Lots of Slimes","floor":12.0,"turns":3.0},{"damage":0.0,"enemies":"Gremlin Nob","floor":14.0,"turns":2.0},{"damage":41.0,"enemies":"Hexaghost","floor":16.0,"turns":8.0},{"damage":1.0,"enemies":"Shell Parasite","floor":18.0,"turns":4.0},{"damage":6.0,"enemies":"2 Thieves","floor":21.0,"turns":3.0},{"damage":17.0,"enemies":"3 Cultists","floor":22.0,"turns":4.0},{"damage":24.0,"enemies":"Book of Stabbing","floor":23.0,"turns":4.0},{"damage":28,"enemies":"Gremlin Leader","floor":25,"turns":3}],"seed_played":"1702899083405110750","potions_obtained":[{"floor":1.0,"key":"LiquidBronze"},{"floor":14.0,"key":"PotionOfCapacity"},{"floor":18.0,"key":"Weak Potion"},{"floor":21.0,"key":"SmokeBomb"},{"floor":23.0,"key":"SteroidPotion"}],"is_trial":false,"path_per_floor":["M","$","M","$","?","E","M","R","T","?","R","M","?","E","R","B",null,"M","?","$","M","M","E","R","E"],"character_chosen":"DEFECT","items_purchased":["Fire Potion","Conserve Battery","Defragment","Bronze Scales","Oddly Smooth Stone","Core Surge"],"campfire_rested":0,"item_purchase_floors":[2,2,20,20,20,20],"current_hp_per_floor":[75,75,75,75,75,75,75,75,75,75,75,69,69,69,69,28,75,74,74,74,68,51,27,27,0,0],"gold":127,"neow_bonus":"THREE_ENEMY_KILL","is_daily":false,"chose_seed":false,"campfire_upgraded":4,"win_rate":0.0,"timestamp":1612176733,"path_taken":["M","?","M","$","?","E","M","R","T","?","R","M","?","E","R","BOSS","M","?","$","M","?","E","R","E"],"items_purchased_type":["Potion","Card","Card","Relic","Relic","Card"],"build_version":"2020-12-22","purchased_purges":1,"victory":false,"max_hp_per_floor":[75,75,75,75,75,75,75,75,75,75,75,75,75,75,75,75,75,75,75,75,75,75,75,75,75,75],"relic_stats":{"Centennial Puzzle":[18],"counters":[12,36],"CeramicFish":108,"Bronze Scales":[48],"obtain_stats":[{"Centennial Puzzle":14,"NeowsBlessing":0,"CeramicFish":6,"Bronze Scales":20,"Oddly Smooth Stone":20,"Bag of Marbles":9,"Coffee Dripper":17,"Cracked Core":0,"InkBottle":23},{"Centennial Puzzle":6,"NeowsBlessing":0,"CeramicFish":3,"Bronze Scales":8,"Oddly Smooth Stone":8,"Bag of Marbles":4,"Coffee Dripper":7,"Cracked Core":0,"InkBottle":11},{"Centennial Puzzle":11,"NeowsBlessing":0,"CeramicFish":3,"Bronze Scales":22,"Oddly Smooth Stone":22,"Bag of Marbles":6,"Coffee Dripper":18,"Cracked Core":0,"InkBottle":33}],"InkBottle":[1]},"card_choices":[{"not_picked":["Redo","Glacier"],"picked":"Sunder","floor":1.0},{"not_picked":["Heatsinks","White Noise"],"picked":"Conserve Battery","floor":3.0},{"not_picked":["Double Energy","Blizzard"],"picked":"Core Surge","floor":6.0},{"not_picked":["Conserve Battery","Redo"],"picked":"Hologram","floor":7.0},{"not_picked":["Hello World","Turbo"],"picked":"Cold Snap","floor":12.0},{"not_picked":["Conserve Battery","FTL"],"picked":"Loop","floor":14.0},{"not_picked":["Reboot","Fission"],"picked":"Core Surge","floor":16.0},{"not_picked":["Sweeping Beam","Leap+1"],"picked":"Tempest+1","floor":18.0},{"not_picked":["Sweeping Beam","Steam"],"picked":"Conserve Battery","floor":21.0},{"not_picked":["Turbo","Double Energy"],"picked":"Recycle+1","floor":22.0},{"not_picked":["Auto Shields","Consume+1"],"picked":"Seek","floor":23.0}],"player_experience":1475006,"relics_obtained":[{"floor":6.0,"key":"CeramicFish"},{"floor":9.0,"key":"Bag of Marbles"},{"floor":14.0,"key":"Centennial Puzzle"},{"floor":23.0,"key":"InkBottle"}],"event_choices":[{"damage_healed":0.0,"max_hp_gain":0.0,"max_hp_loss":0.0,"gold_gain":63.0,"event_name":"Golden Wing","player_choice":"Gained Gold","floor":5.0,"gold_loss":0.0,"damage_taken":0.0},{"damage_healed":0.0,"max_hp_gain":0.0,"max_hp_loss":0.0,"gold_gain":175.0,"event_name":"Liars Game","player_choice":"AGREE","floor":10.0,"gold_loss":0.0,"damage_taken":0.0,"cards_obtained":["Doubt"]},{"damage_healed":0.0,"max_hp_gain":0.0,"max_hp_loss":0.0,"gold_gain":0.0,"event_name":"Living Wall","player_choice":"Grow","floor":13.0,"gold_loss":0.0,"damage_taken":0.0,"cards_upgraded":["Dualcast"]},{"damage_healed":0.0,"max_hp_gain":0.0,"max_hp_loss":0.0,"gold_gain":0.0,"event_name":"NoteForYourself","player_choice":"Ignored","floor":19.0,"gold_loss":0.0,"damage_taken":0.0}],"is_beta":false,"boss_relics":[{"not_picked":["Pandora\u0027s Box","Sozu"],"picked":"Coffee Dripper"}],"items_purged_floors":[20],"is_endless":false,"potions_floor_spawned":[1,14,18,21,23],"killed_by":"Gremlin Leader","ascension_level":4}}