{"host":"ymw71f7rc9ndansy","time":1612184517,"event":{"mods":["ATMod(阿瑾Mod)","Act Like it!","Arknights","Aspiration","BaseMod","DeckTracker","Hubris","Library of Ruina","Library of Ruina Extra","Minty Spire (QoL Compilation)","MostiFishMod","Relic Filter Mod","Remove Card Discount Mod","Replay The Spire","RumiaBox-露米娅的神秘盒子","StSLib","TestMod","[Fun]BeWhatYouAte","【功能Mod】精心准备","【遗物卡牌】REMEMod"],"gold_per_floor":[618,618,1188,390,390,955,1494,2134,2146,2736,2748,3335,2493,3067,3067,3798,3798,4965,4965,5582,6184,6208,6797,7359,7996,8074,8643,9232,9847,3195,3818,3818,4528,4528,5177,142,1394,2019,2025,2025],"floor_reached":39,"language":"ZHS","playtime":1860,"items_purged":["Strike_B","Strike_B","Defend_B","Defend_B","Strike_B","Strike_B","Defend_B","Defend_B","Dualcast"],"score":1251,"play_id":"0c00569b-f5e2-4362-b6bb-4b02984a66ce","local_time":"20210201210157","is_ascension_mode":true,"campfire_choices":[{"data":"MostiFishMod:Hijack","floor":15.0,"key":"SMITH"},{"floor":32,"key":"RECALL"}],"circlet_count":2,"master_deck":["AscendersBane","Zap+1","AT_FamilyPortrait","MostiFishMod:Hijack+1","Turbo+1","Apotheosis+1","AT_ThunderBolt","Defragment+1","Capacitor","MostiFishMod:Distribution+1","Panic Button","Double Energy+1","Coolheaded+1","Defragment","AT_RobotInSpace+1","Pot Of Greed","Pot Of Greed","MostiFishMod:TalkingToTheRain","Defragment+1","MostiFishMod:InterfaceCompatibility+1","MostiFishMod:ActiveDefenseSystem+1"],"relics":["testmod-TestBox","DaveBox","REME_ComplimentaryCards","AT_ATBox","DianPoetry","testmod-Déjàvu","ReplayTheSpireMod:Ring of Challenge","hubris:TenFootPole","AT_MibuBalloonWealth","Incense Burner","Vajra","Orichalcum","Ancient Tea Set","SynthV:TestCard","Eternal Feather","Happy Flower","GodSword1","AT_SunfireAegis","testmod-CrystalShield","testmod-IWantAll","Golden Idol","CaptainsWheel","AT_SeraphEmbrace","AT_ChloranthyRing","Gremlin Horn","Bag of Marbles","MagicDraw2","SSSystem","PageOfFairyFestival","Replay:Baseball","War Paint","MawBank","Replay:Rubber Ducky","Symbiotic Virus","Prayer Wheel","aspiration:ChemicalBlood","hubris:Reverence","Nunchaku","InkBottle","Bag of Preparation","aspiration:EnhancedActuators","Strawberry","ats:Originium","GodSword6","hubris:BallOfYels","ReplayTheSpireMod:Lightbulb","Onion Ring","MoreBug","testmod-AssaultLearning","testmod-ArcanaOfDestiny","MostiFishMod:AdaptiveDefenses","testmod-Fortitude","aspiration:Lifesprig","REME_ArchaeologicalTools","Toy Ornithopter","Blue Doll","Gremlin Food","CeramicFish","testmod-RealStoneCalender","PageOfWayBackHome","PageOfTheSilentOrchestra","Runic Pyramid","SecretRecord","Tiny Chest","Darkstone Periapt","Dream Catcher","Whetstone","hubris:Towel","DataDisk","Art of War","GodSword4","AT_BladeRuinedKing","PageOfPinocchio","testmod-TurbochargingSystem","PreservedInsect","Carrot","AT_SpeedBoots","AT_RedTearstoneRing","Ccalipers","Akabeko","PageOfPorccubus","PageOfBloodbath","AT_BellDemon","AT_BellowingDragoncrestRing","Lantern","Mummified Hand","Regal Pillow","hubris:SlimyHat","PageOfSpiderBud","Replay:Mystery Machine","testmod-IndustrialRevolution","Replay:Bandana","Shuriken","hubris:CrystalStatue","Quantum Egg","Replay:Accelerometer","AT_GuinsooRageblade","Grinning Jar","Toxic Egg 2","GodSword5","Mercury Hourglass","Pantograph","HornCleat","Replay:Ringing Soul","GodSword3","AT_SilvercatRing","Bottled Lightning","Garlic","White Beast Statue","PageOfOzma","hubris:RGBLights","PageOfScarecrow","LastBattle","The Courier","Bottled Tornado","PageOfGreed","PageOfAlriune","hubris:PeanutButter","hubris:BottledRain","Sundial","hubris:SphereOfDissonance","AT_LudenTempest","Ornamental Fan","PageOfWrath","PageOfLaetitia","AT_TimeSand","aspiration:FaultyCoupler","PageOfLittleHelper","Question Card","AT_ForceNature","AT_ImmortalShieldbow","Replay:Bottled Steam","aspiration:SeaSaltIceCream","DaveBox","ImprovedEquipment","testmod-Muramasa","ReplayTheSpireMod:Ninjato","Golden Egg","MagicDraw1","REME_LimitBreaker","Letter Opener","Ginger","PageOfLumberjack","Snack Pack","aspiration:HummingbirdHeart","hubris:SoftwareUpdate","DollysMirror","Blue Candle","Singing Bowl","Peace Pipe","ReplayTheSpireMod:Shallot","Replay:WaspNest","Iron Hammer","PageOfTheQueenOfHatred","hubris:Potato","PageOfWizard","testmod-FatalChain","Prayer Wheel","WingedGreaves","Calipers","Counterbalance","BionicSphere","AT_Manta","testmod-EqualTreatment","GreenFoldingFan","PageOfFreischutz","PageOfTheKnightOfDespair","ThornShield","testmod-IntensifyImprint","PageOfDeadButterflies","AT_Kusabimaru","SynthV:MejaisSoulstealer","AT_TheCollector","hubris:64BitClover","testmod-RainbowHikingShoes","hubris:CuriousFeather","testmod-Nyarlathotep","testmod-Maize","PageOfGalaxyChild","testmod-HeartOfStrike","Durian","testmod-CasingShield","aspiration:HatOfInfinitePower","Pondfish Scales","testmod-Alchemist","MostiFishMod:Haymaker","Bird Faced Urn","SentryEyes","PageOfAspirationHeart","PageOfHappyTeddyBear","aspiration:Legacy_Headhunter","aspiration:Headhunter","testmod-Brilliant","PageOfNihil","Circlet"],"acts_visited":["Exordium","TheCity","TheBeyond"],"potions_floor_usage":[],"damage_taken":[{"damage":9.0,"enemies":"2 Louse","floor":1.0,"turns":2.0},{"damage":9.0,"enemies":"Small Slimes","floor":3.0,"turns":3.0},{"damage":8.0,"enemies":"Gremlin Nob","floor":6.0,"turns":3.0},{"damage":9.0,"enemies":"Jaw Worm","floor":7.0,"turns":2.0},{"damage":5.0,"enemies":"3 Sentries","floor":8.0,"turns":4.0},{"damage":5.0,"enemies":"Gremlin Nob","floor":10.0,"turns":2.0},{"damage":5.0,"enemies":"Exordium Thugs","floor":12.0,"turns":2.0},{"damage":5.0,"enemies":"2 Fungi Beasts","floor":14.0,"turns":1.0},{"damage":5.0,"enemies":"Fading Forest","floor":16.0,"turns":3.0},{"damage":5.0,"enemies":"Spheric Guardian","floor":18.0,"turns":1.0},{"damage":5.0,"enemies":"3 Byrds","floor":20.0,"turns":1.0},{"damage":5.0,"enemies":"Cultist and Chosen","floor":21.0,"turns":1.0},{"damage":5.0,"enemies":"Book of Stabbing","floor":23.0,"turns":1.0},{"damage":5.0,"enemies":"Snecko","floor":24.0,"turns":1.0},{"damage":5.0,"enemies":"Slavers","floor":25.0,"turns":1.0},{"damage":5.0,"enemies":"Snake Plant","floor":27.0,"turns":1.0},{"damage":5.0,"enemies":"Centurion and Healer","floor":28.0,"turns":1.0},{"damage":5.0,"enemies":"Gremlin Leader","floor":29.0,"turns":1.0},{"damage":2,"enemies":"3 Cultists","floor":31,"turns":1},{"damage":0,"enemies":"Pondfish","floor":33,"turns":1},{"damage":0,"enemies":"3 Darklings","floor":35,"turns":1},{"damage":0,"enemies":"3 Shapes","floor":37,"turns":1},{"damage":0,"enemies":"2 Orb Walkers","floor":38,"turns":1},{"damage":0,"enemies":"Transient","floor":39,"turns":1}],"seed_played":"3354714643667324975","potions_obtained":[{"floor":6.0,"key":"testmod-TimePotion"},{"floor":8.0,"key":"AttackPotion"},{"floor":16.0,"key":"PowerPotion"},{"floor":20.0,"key":"FocusPotion"},{"floor":23.0,"key":"Swift Potion"},{"floor":31,"key":"EntropicBrew"},{"floor":37,"key":"Ancient Potion"}],"is_trial":false,"path_per_floor":["M","?","M","$","?","E","M","E","T","E","?","M","$","M","R","B",null,"M","?","M","M","T","E","M","E","T","M","M","E","$","M","R","B",null,"M","$","M","?","M"],"character_chosen":"DEFECT","items_purchased":["testmod-CrystalShield","Apotheosis","testmod-IWantAll","AT_ThunderBolt","testmod-ArcanaOfDestiny","MostiFishMod:AdaptiveDefenses","testmod-Fortitude","Capacitor","hubris:PeanutButter","ReplayTheSpireMod:Fabricate Wheel+1","hubris:BottledRain","Sundial","hubris:SphereOfDissonance","AT_LudenTempest","Ornamental Fan","PageOfWrath","PageOfLaetitia","AT_TimeSand","aspiration:FaultyCoupler","PageOfLittleHelper","Question Card","AT_ForceNature","AT_ImmortalShieldbow","Replay:Bottled Steam","aspiration:SeaSaltIceCream","testmod-Muramasa","ReplayTheSpireMod:Ninjato","Golden Egg","MagicDraw1","REME_LimitBreaker","Letter Opener","Ginger","PageOfLumberjack","Snack Pack","aspiration:HummingbirdHeart","hubris:SoftwareUpdate","DollysMirror","Blue Candle","Singing Bowl","Peace Pipe","ReplayTheSpireMod:Shallot","SynthV:MejaisSoulstealer","AT_TheCollector","hubris:64BitClover","testmod-RainbowHikingShoes","hubris:CuriousFeather","testmod-Nyarlathotep","testmod-Maize","PageOfGalaxyChild","testmod-HeartOfStrike","Durian","testmod-CasingShield","aspiration:HatOfInfinitePower","Pondfish Scales","testmod-Alchemist","MostiFishMod:Haymaker","Bird Faced Urn"],"campfire_rested":0,"item_purchase_floors":[4,4,4,4,13,13,13,13,30,30,30,30,30,30,30,30,30,30,30,30,30,30,30,30,30,30,30,30,30,30,30,30,30,30,30,30,30,30,30,30,30,36,36,36,36,36,36,36,36,36,36,36,36,36,36,36,36],"current_hp_per_floor":[55,55,46,46,46,38,29,24,24,26,26,21,21,16,22,42,64,59,59,54,49,49,44,41,38,38,38,35,32,35,39,54,84,84,90,95,113,115,115,115],"gold":2025,"neow_bonus":"RANDOM_COMMON_RELIC","is_daily":false,"chose_seed":false,"campfire_upgraded":1,"win_rate":0.0,"timestamp":1612184517,"path_taken":["M","?","M","$","?","E","M","E","T","E","?","M","$","M","R","BOSS","M","?","M","M","?","E","M","E","T","M","M","E","$","M","R","BOSS","M","$","M","?","M"],"items_purchased_type":["Relic","Card","Relic","Card","Relic","Relic","Relic","Card","Relic","Card","Relic","Relic","Relic","Relic","Relic","Relic","Relic","Relic","Relic","Relic","Relic","Relic","Relic","Relic","Relic","Relic","Relic","Relic","Relic","Relic","Relic","Relic","Relic","Relic","Relic","Relic","Relic","Relic","Relic","Relic","Relic","Relic","Relic","Relic","Relic","Relic","Relic","Relic","Relic","Relic","Relic","Relic","Relic","Relic","Relic","Relic","Relic"],"build_version":"2020-12-22","purchased_purges":9,"victory":false,"max_hp_per_floor":[71,71,71,71,64,64,64,64,64,71,71,71,71,71,71,71,71,71,71,71,71,71,71,71,71,71,74,74,74,77,81,81,84,84,90,95,113,115,115,115],"card_choices":[{"not_picked":["Beam Cell","Compile Driver","Steam"],"picked":"SKIP","floor":1.0},{"not_picked":["AT_StudyProgram","Go for the Eyes","Capacitor","Genetic Algorithm"],"picked":"Turbo","floor":3.0},{"not_picked":["Sweeping Beam","Cold Snap","Gash","ReplayTheSpireMod:Reroute Power","Rainbow"],"picked":"SKIP","floor":6.0},{"not_picked":["Loop","Chaos","Compile Driver","Barrage"],"picked":"Defragment","floor":7.0},{"not_picked":["Hello World","Turbo","Loop","MostiFishMod:ReprogramOld","Machine Learning"],"picked":"SKIP","floor":8.0},{"not_picked":["Cold Snap","MostiFishMod:ATRI","Barrage","Tempest","MostiFishMod:PushDownKick"],"picked":"SKIP","floor":10.0},{"not_picked":["Sweeping Beam","Compile Driver","Streamline","Leap","Barrage"],"picked":"SKIP","floor":12.0},{"not_picked":["ReplayTheSpireMod:Reroute Power","MostiFishMod:PushDownKick","MostiFishMod:ReprogramOld","AT_ThreeBodyProblem","Sweeping Beam"],"picked":"SKIP","floor":12.0},{"not_picked":["Stack","MostiFishMod:IceShield","Sweeping Beam","AT_WarpDrive","ReplayGash"],"picked":"SKIP","floor":14.0},{"not_picked":["hubris:PowerSurge","Conserve Battery","ReplayTheSpireMod:System Scan","Sweeping Beam","MostiFishMod:PushDownKick"],"picked":"SKIP","floor":14.0},{"not_picked":["Seek","MostiFishMod:IntelligentEquipment","REME_Shoggoth","Biased Cognition"],"picked":"MostiFishMod:Distribution","floor":16.0},{"not_picked":["Heatsinks+1","Barrage","Ball Lightning","Beam Cell"],"picked":"Panic Button","floor":18.0},{"not_picked":["REME_SelfUpgrade+1","MostiFishMod:Impulse","Turbo","REME_Whirling","Go for the Eyes"],"picked":"SKIP","floor":18.0},{"not_picked":["Steam Power","Steam","MostiFishMod:ReprogramOld","Panic Button"],"picked":"Double Energy","floor":20.0},{"not_picked":["Heatsinks","Conserve Battery","hubris:Ukulele","Go for the Eyes","BasicCrystalCard"],"picked":"SKIP","floor":20.0},{"not_picked":["AT_DarkMatter+1","Streamline","AT_HeatAcrobatics","MostiFishMod:PushDownKick"],"picked":"Coolheaded+1","floor":21.0},{"not_picked":["Stack+1","Barrage","Turbo","Ball Lightning"],"picked":"Defragment","floor":21.0},{"not_picked":["ReplayTheSpireMod:Repulse","Rebound","FTL+1","Recycle","BasicCrystalCard"],"picked":"SKIP","floor":23.0},{"not_picked":["Beam Cell","Conserve Battery","Stack","Reinforced Body+1","REME_Compress"],"picked":"SKIP","floor":24.0},{"not_picked":["Reinforced Body","Blizzard","AT_HeatAcrobatics","AT_RobotInSpace+1","Streamline+1"],"picked":"SKIP","floor":24.0},{"not_picked":["Reinforced Body","Blizzard","AT_HeatAcrobatics","Streamline+1"],"picked":"AT_RobotInSpace+1","floor":24.0},{"not_picked":["Beam Cell","Conserve Battery","Stack","Reinforced Body+1","REME_Compress"],"picked":"SKIP","floor":24.0},{"not_picked":["Redo","Stack+1","hubris:DoWhile","AT_RobotInSpace","Cold Snap"],"picked":"SKIP","floor":25.0},{"not_picked":["Ball Lightning","Reprogram+1","Barrage","AT_RobotInSpace+1"],"picked":"MostiFishMod:TalkingToTheRain","floor":27.0},{"not_picked":["Fusion+1","Cold Snap","Streamline","FTL","Hello World"],"picked":"SKIP","floor":27.0},{"not_picked":["BootSequence+1","Streamline","Compile Driver","Barrage","Redo+1"],"picked":"SKIP","floor":28.0},{"not_picked":["Sweeping Beam+1","REME_SelfUpgrade+1","Compile Driver","Ball Lightning","Genetic Algorithm+1"],"picked":"SKIP","floor":28.0},{"not_picked":["Beam Cell","ReplayTheSpireMod:System Scan+1","Steam+1","Self Repair+1","Compile Driver"],"picked":"SKIP","floor":29.0},{"not_picked":["Blizzard","Ball Lightning+1","Rebound","MostiFishMod:PushDownKick","Compile Driver","AT_HeatAcrobatics+1"],"picked":"Singing Bowl","floor":31},{"not_picked":["Go for the Eyes","Fusion+1","REME_Whirling+1","AT_ThunderBolt","Gash","MostiFishMod:IntelligentEquipment"],"picked":"Singing Bowl","floor":31},{"not_picked":["AT_WaterDrop","MostiFishMod:StarOceanB+1","Mirror Shield+1","ReplayTheSpireMod:Fabricate Wheel+1","hubris:DoWhile+1"],"picked":"MostiFishMod:ActiveDefenseSystem","floor":33},{"not_picked":["Hologram+1","Consume+1","Chill+1","REME_Compress+1","ReplayTheSpireMod:Calculation Training+1","Conserve Battery+1"],"picked":"Singing Bowl","floor":35},{"not_picked":["Storm","Time Bomb+1","Cold Snap","AT_DarkMatter+1","Rip and Tear","ReplayTheSpireMod:Calculation Training+1"],"picked":"Singing Bowl","floor":35},{"not_picked":["Steam+1","AT_RobotInSpace+1","Reboot+1","Redo+1","Stack+1","Go for the Eyes"],"picked":"Singing Bowl","floor":35},{"not_picked":["Ball Lightning","Beam Cell","Leap+1","Cold Snap+1","MostiFishMod:IceShield+1","Barrage"],"picked":"Singing Bowl","floor":37},{"not_picked":["Consume+1","Reinforced Body+1","Amplify+1","Hologram+1","ReplayTheSpireMod:GoodbyeWorld+1","BasicCrystalCard+1"],"picked":"Singing Bowl","floor":37},{"not_picked":["Heatsinks","White Noise+1","BasicCrystalCard+1","Machine Learning","Turbo+1","Sweeping Beam+1"],"picked":"Singing Bowl","floor":38}],"player_experience":1075557,"relics_obtained":[{"floor":1.0,"key":"AT_MibuBalloonWealth"},{"floor":1.0,"key":"Incense Burner"},{"floor":1.0,"key":"Vajra"},{"floor":1.0,"key":"Orichalcum"},{"floor":1.0,"key":"Ancient Tea Set"},{"floor":1.0,"key":"SynthV:TestCard"},{"floor":3.0,"key":"Eternal Feather"},{"floor":3.0,"key":"Happy Flower"},{"floor":3.0,"key":"GodSword1"},{"floor":3.0,"key":"AT_SunfireAegis"},{"floor":6.0,"key":"CaptainsWheel"},{"floor":6.0,"key":"AT_ArchangelStaff"},{"floor":6.0,"key":"AT_ChloranthyRing"},{"floor":6.0,"key":"Gremlin Horn"},{"floor":6.0,"key":"Bag of Marbles"},{"floor":7.0,"key":"MagicDraw2"},{"floor":7.0,"key":"SSSystem"},{"floor":7.0,"key":"PageOfFairyFestival"},{"floor":7.0,"key":"Replay:Baseball"},{"floor":7.0,"key":"War Paint"},{"floor":8.0,"key":"MawBank"},{"floor":8.0,"key":"Replay:Rubber Ducky"},{"floor":8.0,"key":"Symbiotic Virus"},{"floor":8.0,"key":"Prayer Wheel"},{"floor":8.0,"key":"aspiration:ChemicalBlood"},{"floor":9.0,"key":"hubris:Reverence"},{"floor":10.0,"key":"Nunchaku"},{"floor":10.0,"key":"InkBottle"},{"floor":10.0,"key":"Bag of Preparation"},{"floor":10.0,"key":"aspiration:EnhancedActuators"},{"floor":10.0,"key":"Strawberry"},{"floor":10.0,"key":"ats:Originium"},{"floor":10.0,"key":"GodSword6"},{"floor":12.0,"key":"hubris:BallOfYels"},{"floor":12.0,"key":"ReplayTheSpireMod:Lightbulb"},{"floor":12.0,"key":"Onion Ring"},{"floor":12.0,"key":"MoreBug"},{"floor":12.0,"key":"testmod-AssaultLearning"},{"floor":14.0,"key":"aspiration:Lifesprig"},{"floor":14.0,"key":"REME_ArchaeologicalTools"},{"floor":14.0,"key":"Toy Ornithopter"},{"floor":14.0,"key":"Blue Doll"},{"floor":16.0,"key":"Gremlin Food"},{"floor":16.0,"key":"CeramicFish"},{"floor":16.0,"key":"testmod-RealStoneCalender"},{"floor":16.0,"key":"PageOfWayBackHome"},{"floor":16.0,"key":"PageOfTheSilentOrchestra"},{"floor":18.0,"key":"SecretRecord"},{"floor":18.0,"key":"Tiny Chest"},{"floor":18.0,"key":"Darkstone Periapt"},{"floor":18.0,"key":"Dream Catcher"},{"floor":18.0,"key":"Whetstone"},{"floor":20.0,"key":"DataDisk"},{"floor":20.0,"key":"Art of War"},{"floor":20.0,"key":"GodSword4"},{"floor":20.0,"key":"AT_BladeRuinedKing"},{"floor":20.0,"key":"PageOfPinocchio"},{"floor":21.0,"key":"testmod-TurbochargingSystem"},{"floor":21.0,"key":"PreservedInsect"},{"floor":21.0,"key":"Carrot"},{"floor":21.0,"key":"AT_SpeedBoots"},{"floor":21.0,"key":"AT_RedTearstoneRing"},{"floor":22.0,"key":"Ccalipers"},{"floor":23.0,"key":"Akabeko"},{"floor":23.0,"key":"PageOfPorccubus"},{"floor":23.0,"key":"PageOfBloodbath"},{"floor":23.0,"key":"AT_BellDemon"},{"floor":23.0,"key":"AT_BellowingDragoncrestRing"},{"floor":23.0,"key":"Lantern"},{"floor":24.0,"key":"Mummified Hand"},{"floor":24.0,"key":"Regal Pillow"},{"floor":24.0,"key":"hubris:SlimyHat"},{"floor":24.0,"key":"PageOfSpiderBud"},{"floor":24.0,"key":"Replay:Mystery Machine"},{"floor":24.0,"key":"testmod-IndustrialRevolution"},{"floor":25.0,"key":"Replay:Bandana"},{"floor":25.0,"key":"Shuriken"},{"floor":25.0,"key":"hubris:CrystalStatue"},{"floor":25.0,"key":"Quantum Egg"},{"floor":25.0,"key":"Replay:Accelerometer"},{"floor":25.0,"key":"ats:Originium"},{"floor":25.0,"key":"AT_GuinsooRageblade"},{"floor":25.0,"key":"Grinning Jar"},{"floor":27.0,"key":"Toxic Egg 2"},{"floor":27.0,"key":"GodSword5"},{"floor":27.0,"key":"Mercury Hourglass"},{"floor":27.0,"key":"Pantograph"},{"floor":27.0,"key":"HornCleat"},{"floor":27.0,"key":"Replay:Ringing Soul"},{"floor":28.0,"key":"GodSword3"},{"floor":28.0,"key":"AT_SilvercatRing"},{"floor":28.0,"key":"Bottled Lightning"},{"floor":28.0,"key":"Garlic"},{"floor":28.0,"key":"White Beast Statue"},{"floor":28.0,"key":"PageOfOzma"},{"floor":29.0,"key":"hubris:RGBLights"},{"floor":29.0,"key":"PageOfScarecrow"},{"floor":29.0,"key":"LastBattle"},{"floor":29.0,"key":"The Courier"},{"floor":29.0,"key":"Bottled Tornado"},{"floor":29.0,"key":"PageOfGreed"},{"floor":29.0,"key":"PageOfAlriune"},{"floor":31,"key":"Replay:WaspNest"},{"floor":31,"key":"Iron Hammer"},{"floor":31,"key":"PageOfTheQueenOfHatred"},{"floor":31,"key":"hubris:Potato"},{"floor":31,"key":"PageOfWizard"},{"floor":31,"key":"testmod-FatalChain"},{"floor":33,"key":"WingedGreaves"},{"floor":33,"key":"Calipers"},{"floor":33,"key":"Counterbalance"},{"floor":33,"key":"BionicSphere"},{"floor":33,"key":"AT_Manta"},{"floor":33,"key":"testmod-EqualTreatment"},{"floor":35,"key":"PageOfFreischutz"},{"floor":35,"key":"PageOfTheKnightOfDespair"},{"floor":35,"key":"ThornShield"},{"floor":35,"key":"testmod-IntensifyImprint"},{"floor":35,"key":"PageOfDeadButterflies"},{"floor":35,"key":"AT_Kusabimaru"},{"floor":37,"key":"SentryEyes"},{"floor":37,"key":"PageOfAspirationHeart"},{"floor":37,"key":"PageOfHappyTeddyBear"},{"floor":37,"key":"aspiration:Legacy_Headhunter"},{"floor":37,"key":"aspiration:Headhunter"},{"floor":37,"key":"testmod-Brilliant"},{"floor":37,"key":"PageOfNihil"},{"floor":38,"key":"Circlet"},{"floor":38,"key":"Circlet"}],"event_choices":[{"damage_healed":0.0,"max_hp_gain":0.0,"max_hp_loss":0.0,"gold_gain":0.0,"event_name":"Golden Wing","player_choice":"Ignored","floor":2.0,"gold_loss":0.0,"damage_taken":0.0},{"damage_healed":0.0,"max_hp_gain":0.0,"max_hp_loss":7.0,"gold_gain":0.0,"event_name":"Golden Idol","player_choice":"Lose Max HP","floor":5.0,"gold_loss":0.0,"damage_taken":0.0,"relics_obtained":["Golden Idol"]},{"damage_healed":0.0,"max_hp_gain":0.0,"max_hp_loss":0.0,"gold_gain":0.0,"event_name":"Liars Game","player_choice":"Ignored","floor":11.0,"gold_loss":0.0,"damage_taken":0.0},{"damage_healed":0,"gold_gain":0,"player_choice":"Fight","damage_taken":0,"max_hp_gain":0,"max_hp_loss":0,"event_name":"Mysterious Sphere","floor":38,"gold_loss":0}],"is_beta":false,"boss_relics":[{"not_picked":["testmod-BatchProcessingSystem","Velvet Choker"],"picked":"Runic Pyramid"},{"not_picked":["aspiration:Stellarator","hubris:GrandSneckoEye"],"picked":"GreenFoldingFan"}],"items_purged_floors":[4,4,4,4,13,13,30,30,30],"is_endless":false,"potions_floor_spawned":[6,7,8,14,20,23,24,29,31,33,35,37,38],"killed_by":"Transient","ascension_level":20}}