{"host":"p7cjtxxrilhp4dw7","time":1612144343,"event":{"mods":["BaseMod","Block Reminder","Colored Map","Curses Come First","Highlight Path","Minty Spire (QoL Compilation)","Replay The Spire","StSLib","The Hierophant"],"gold_per_floor":[109,122,122,122,122,122,139,139,155,155,155,169,169,185,185,220,220,220,220],"floor_reached":18,"language":"ENG","playtime":1226,"items_purged":[],"score":174,"play_id":"eb9e86fb-1179-4312-a49c-af8b35f20887","local_time":"20210131185223","is_ascension_mode":true,"campfire_choices":[{"floor":8,"key":"REST"},{"data":"Leg Sweep","floor":10,"key":"SMITH"},{"floor":13,"key":"REST"},{"floor":17,"key":"REST"}],"circlet_count":0,"master_deck":["AscendersBane","Strike_G","Strike_G","Strike_G","Strike_G+1","Defend_G","Defend_G+1","Defend_G","Defend_G","Defend_G+1","Survivor","Neutralize","ReplayTheSpireMod:Faulty Equipment","Quick Slash","Deflect","Leg Sweep+1","ReplayTheSpireMod:Exploit Weakness","Acrobatics","Tactician"],"relics":["Ring of the Snake","Calipers","War Paint","Regal Pillow"],"acts_visited":["Exordium"],"potions_floor_usage":[12,16,18],"damage_taken":[{"damage":5,"enemies":"Cultist","floor":1,"turns":6},{"damage":9,"enemies":"Jaw Worm","floor":2,"turns":5},{"damage":0,"enemies":"Small Slimes","floor":7,"turns":4},{"damage":5,"enemies":"Exordium Wildlife","floor":9,"turns":4},{"damage":0,"enemies":"Looter","floor":12,"turns":4},{"damage":1,"enemies":"Blue Slaver","floor":14,"turns":5},{"damage":22,"enemies":"Lagavulin","floor":16,"turns":13},{"damage":35,"enemies":"Slime Boss","floor":18,"turns":12}],"seed_played":"3541898978290958291","potions_obtained":[{"floor":7,"key":"FearPotion"},{"floor":9,"key":"CunningPotion"},{"floor":12,"key":"SteroidPotion"}],"is_trial":false,"path_per_floor":["M","M","?","?","PTL","PTL","M","R","M","R","T","M","R","M","?","E","R","B"],"character_chosen":"THE_SILENT","items_purchased":[],"campfire_rested":3,"item_purchase_floors":[],"current_hp_per_floor":[58,49,42,42,42,42,42,63,58,58,58,58,70,69,51,29,65,30,30],"gold":220,"neow_bonus":"ONE_RARE_RELIC","is_daily":false,"chose_seed":false,"campfire_upgraded":1,"win_rate":0.0,"timestamp":1612144343,"path_taken":["M","?","?","?","PTL","PTL","M","R","M","R","T","M","R","?","?","E","R","BOSS"],"items_purchased_type":[],"build_version":"2020-12-22","purchased_purges":0,"victory":false,"max_hp_per_floor":[70,70,70,70,70,70,70,70,70,70,70,70,70,70,70,70,70,70,70],"card_choices":[{"not_picked":["Blade Dance","Cloak And Dagger"],"picked":"Quick Slash","floor":1},{"not_picked":["Dodge and Roll","Prepared"],"picked":"Deflect","floor":2},{"not_picked":["Outmaneuver","Well Laid Plans"],"picked":"Leg Sweep","floor":7},{"not_picked":["Toxin Wave","Backflip"],"picked":"ReplayTheSpireMod:Exploit Weakness","floor":9},{"not_picked":["Poisoned Stab","Prepared","Deflect"],"picked":"SKIP","floor":12},{"not_picked":["ReplayTheSpireMod:Scrap Shanks","A Thousand Cuts"],"picked":"Acrobatics","floor":14},{"not_picked":["Deadly Poison","Poisoned Stab"],"picked":"Tactician","floor":16}],"player_experience":601758,"relics_obtained":[{"floor":16,"key":"Regal Pillow"}],"event_choices":[{"cards_removed":["Strike_G"],"damage_healed":0,"gold_gain":0,"player_choice":"Card Removal","damage_taken":7,"max_hp_gain":0,"max_hp_loss":0,"event_name":"Golden Wing","floor":3,"gold_loss":0},{"damage_healed":0,"gold_gain":0,"player_choice":"Success","damage_taken":18,"relics_obtained":["War Paint"],"max_hp_gain":0,"max_hp_loss":0,"event_name":"Scrap Ooze","floor":15,"gold_loss":0}],"is_beta":false,"boss_relics":[],"items_purged_floors":[],"is_endless":false,"potions_floor_spawned":[7,9,12],"killed_by":"Slime Boss","ascension_level":11}}