{"host":"8a3jzv7qxg3y7b6t","time":1612171951,"event":{"mods":["BaseMod","Better Third Choice","Downfall","Hermit","Minty Spire (QoL Compilation)","Relic Stats","StSLib","The Bug Knight","The Cursed"],"gold_per_floor":[118,118,136,153,172,206,218,251,319,354,354,0,0,31,31,128,128,140,157,157,157,171,198,198,45,45,80,100,100,135,135,135,249,249,272,272,272,291,314,314,346,365,365,365,365],"floor_reached":44,"language":"ENG","playtime":3011,"items_purged":[],"score":659,"play_id":"97864c4d-40c6-4635-ad80-f24f614a21d3","local_time":"20210201013231","is_ascension_mode":true,"campfire_choices":[{"floor":11,"key":"RECALL"},{"floor":13,"key":"REST"},{"data":"Tantrum","floor":15,"key":"SMITH"},{"data":"HollowMod:HornetsHelp","floor":24,"key":"SMITH"},{"floor":32,"key":"REST"},{"data":"HollowMod:SoulSplash","floor":40,"key":"SMITH"}],"circlet_count":0,"master_deck":["HollowMod:NailStrikeStart","HollowMod:NailStrikeStart","HollowMod:NailStrikeStart","HollowMod:QuickDashStart","HollowMod:QuickDashStart","HollowMod:QuickDashStart","HollowMod:QuickDashStart","HollowMod:FocusHealStart","HollowMod:PogoStrike","Tantrum+1","HollowMod:CloakDash","HollowMod:QuirrelsAssistance","HollowMod:SoulSplash+1","HollowMod:QuirrelsAssistance","HollowMod:DashSlash","HollowMod:SoulSplash","Enlightenment+1","HollowMod:GreatSlash","HollowMod:HornetsHelp","HollowMod:VengefulSpirit","HollowMod:HowlingWraiths+1","HollowMod:CloakDash","HollowMod:HornetsHelp+1","HollowMod:LifebloodCocoon","HollowMod:CycloneSlash+1","HollowMod:NewLittleFool+1","HollowMod:Weaversong+1","HollowMod:DoubleDash"],"relics":["HollowMod:VesselMask","Bag of Marbles","Oddly Smooth Stone","Torii","Toy Ornithopter","Tiny Chest","Black Star","Mercury Hourglass","Pen Nib","Medical Kit","HornCleat","CeramicFish","Gambling Chip","HollowMod:LumaflyLanternRelic","Thread and Needle","Ornamental Fan","betterThird:NestCultRelic","Busted Crown","PreservedInsect","HollowMod:KingsBrand","Bottled Flame","Mummified Hand"],"acts_visited":["Exordium","TheCity","TheBeyond"],"potions_floor_usage":[6,6,6,22,23,27,28,33,44],"damage_taken":[{"damage":6,"enemies":"2 Louse","floor":1,"turns":2},{"damage":0,"enemies":"Small Slimes","floor":3,"turns":2},{"damage":0,"enemies":"Jaw Worm","floor":4,"turns":4},{"damage":0,"enemies":"Looter","floor":5,"turns":2},{"damage":0,"enemies":"Gremlin Nob","floor":6,"turns":2},{"damage":4,"enemies":"Exordium Thugs","floor":7,"turns":4},{"damage":7,"enemies":"3 Sentries","floor":8,"turns":9},{"damage":0,"enemies":"Lagavulin","floor":10,"turns":5},{"damage":8,"enemies":"3 Sentries","floor":14,"turns":8},{"damage":7,"enemies":"Slime Boss","floor":16,"turns":6},{"damage":6,"enemies":"Chosen","floor":18,"turns":5},{"damage":7,"enemies":"3 Byrds","floor":19,"turns":4},{"damage":38,"enemies":"Shelled Parasite and Fungi","floor":22,"turns":4},{"damage":13,"enemies":"Gremlin Leader","floor":23,"turns":7},{"damage":20,"enemies":"Slavers","floor":27,"turns":6},{"damage":0,"enemies":"Snake Plant","floor":28,"turns":5},{"damage":8,"enemies":"Book of Stabbing","floor":30,"turns":6},{"damage":18,"enemies":"Champ","floor":33,"turns":8},{"damage":12,"enemies":"3 Darklings","floor":35,"turns":3},{"damage":5,"enemies":"3 Shapes","floor":38,"turns":3},{"damage":0,"enemies":"Nemesis","floor":41,"turns":5},{"damage":56,"enemies":"HollowMod:SlobberingHusk","floor":42,"turns":5},{"damage":30,"enemies":"Writhing Mass","floor":44,"turns":1}],"seed_played":"8157973646252917142","potions_obtained":[{"floor":3,"key":"Weak Potion"},{"floor":4,"key":"FearPotion"},{"floor":5,"key":"AttackPotion"},{"floor":14,"key":"Guardian:BlockOnCardUsePotion"},{"floor":19,"key":"SteroidPotion"},{"floor":22,"key":"Block Potion"},{"floor":27,"key":"sneckomod:MuddlingPotion"},{"floor":30,"key":"Explosive Potion"},{"floor":42,"key":"AttackPotion"}],"is_trial":false,"path_per_floor":["M","?","M","M","M","E","M","E","T","E","R","?","R","E","R","B",null,"M","M","?","?","M","E","R","$","T","E","M","T","E","?","R","B",null,"M","?","$","M","T","R","E","M","T","M"],"character_chosen":"THE_BUGKNIGHT","items_purchased":["Medical Kit"],"campfire_rested":2,"item_purchase_floors":[25],"current_hp_per_floor":[76,10,10,20,20,20,16,15,15,15,15,21,47,39,39,32,88,82,75,75,75,42,34,34,34,34,19,30,30,22,22,48,35,88,76,76,76,71,71,71,71,15,15,0,0],"gold":365,"neow_bonus":"TEN_PERCENT_HP_BONUS","is_daily":false,"chose_seed":false,"campfire_upgraded":3,"win_rate":0.0,"timestamp":1612171951,"path_taken":["M","?","M","M","M","E","M","E","T","E","R","?","R","E","R","BOSS","M","M","?","?","M","E","R","$","T","E","?","?","E","?","R","BOSS","M","?","?","M","?","R","E","M","T","M"],"items_purchased_type":["Relic"],"build_version":"2020-12-22","purchased_purges":0,"victory":false,"max_hp_per_floor":[82,82,82,82,82,82,82,82,82,82,82,88,88,88,88,88,88,88,88,88,88,88,88,88,88,88,88,88,88,88,88,88,88,88,88,88,88,88,88,88,88,88,88,88,88],"relic_stats":{"Torii":31,"counters":[23,105],"CeramicFish":45,"Pen Nib":[9],"PreservedInsect":47,"Medical Kit":[0],"Mercury Hourglass":[186],"Busted Crown":8,"Ornamental Fan":[44],"Mummified Hand":[0],"Gambling Chip":[35],"Tiny Chest":2,"Black Star":4,"obtain_stats":[{"Torii":8,"HollowMod:LumaflyLanternRelic":29,"CeramicFish":27,"Oddly Smooth Stone":6,"HollowMod:VesselMask":0,"Thread and Needle":30,"Pen Nib":23,"betterThird:NestCultRelic":31,"PreservedInsect":39,"Medical Kit":25,"HollowMod:KingsBrand":41,"Mercury Hourglass":23,"Bottled Flame":41,"HornCleat":26,"Busted Crown":34,"Ornamental Fan":30,"Mummified Hand":43,"Gambling Chip":27,"Tiny Chest":14,"Bag of Marbles":2,"Black Star":17,"Toy Ornithopter":10},{"Torii":7,"HollowMod:LumaflyLanternRelic":16,"CeramicFish":15,"Oddly Smooth Stone":5,"HollowMod:VesselMask":0,"Thread and Needle":17,"Pen Nib":14,"betterThird:NestCultRelic":17,"PreservedInsect":20,"Medical Kit":14,"HollowMod:KingsBrand":21,"Mercury Hourglass":14,"Bottled Flame":21,"HornCleat":14,"Busted Crown":18,"Ornamental Fan":17,"Mummified Hand":22,"Gambling Chip":15,"Tiny Chest":9,"Bag of Marbles":1,"Black Star":10,"Toy Ornithopter":8},{"Torii":25,"HollowMod:LumaflyLanternRelic":74,"CeramicFish":69,"Oddly Smooth Stone":12,"HollowMod:VesselMask":0,"Thread and Needle":80,"Pen Nib":64,"betterThird:NestCultRelic":80,"PreservedInsect":94,"Medical Kit":64,"HollowMod:KingsBrand":99,"Mercury Hourglass":64,"Bottled Flame":99,"HornCleat":64,"Busted Crown":88,"Ornamental Fan":80,"Mummified Hand":104,"Gambling Chip":69,"Tiny Chest":38,"Bag of Marbles":2,"Black Star":44,"Toy Ornithopter":30}],"Toy Ornithopter":30},"card_choices":[{"not_picked":["HollowMod:SiblingsSouls","HollowMod:BrokenVessel","HollowMod:WraithStrike"],"picked":"SKIP","floor":1},{"not_picked":["HollowMod:MawleksShell","HollowMod:InfectedCysts"],"picked":"HollowMod:CloakDash","floor":3},{"not_picked":["HollowMod:WraithStrike","HollowMod:CornifersMapStart"],"picked":"HollowMod:QuirrelsAssistance","floor":4},{"not_picked":["HollowMod:ShadowDash","HollowMod:TaintedHusks"],"picked":"HollowMod:SoulSplash","floor":5},{"not_picked":["HollowMod:DreamGate","HollowMod:DoubleDash"],"picked":"HollowMod:QuirrelsAssistance","floor":6},{"not_picked":["HollowMod:SharpenedNail","HollowMod:TaintedHusks"],"picked":"HollowMod:DashSlash","floor":7},{"not_picked":["HollowMod:Grubsong","HollowMod:AwokenDreamNail"],"picked":"HollowMod:SoulSplash","floor":8},{"not_picked":["HollowMod:GoodIntentions","HollowMod:SiblingsSouls","HollowMod:SharpenedNail"],"picked":"SKIP","floor":10},{"not_picked":["HollowMod:DesolateDive","HollowMod:VengefulSpirit"],"picked":"HollowMod:GreatSlash","floor":14},{"not_picked":["HollowMod:WhiteLadysBlessing","HollowMod:VoidDash"],"picked":"HollowMod:HornetsHelp","floor":16},{"not_picked":["HollowMod:ChannelNail","HollowMod:AbyssShriek+1"],"picked":"HollowMod:VengefulSpirit","floor":18},{"not_picked":["HollowMod:InfectedAttack","HollowMod:MawleksShell"],"picked":"HollowMod:HowlingWraiths+1","floor":19},{"not_picked":["HollowMod:HeavyBlow","HollowMod:ChannelNail"],"picked":"HollowMod:CloakDash","floor":22},{"not_picked":["HollowMod:ShadowDash","HollowMod:SharpenedNail"],"picked":"HollowMod:HornetsHelp","floor":23},{"not_picked":["HollowMod:ShadowDash","HollowMod:HowlingWraiths"],"picked":"HollowMod:LifebloodCocoon","floor":27},{"not_picked":["HollowMod:SoulStrike","HollowMod:GoodIntentions"],"picked":"HollowMod:CycloneSlash+1","floor":28},{"not_picked":["HollowMod:QuirrelsAssistance","HollowMod:LuriensSpire"],"picked":"HollowMod:NewLittleFool+1","floor":30},{"not_picked":["HollowMod:PureVessel","HollowMod:LordofShades"],"picked":"HollowMod:Weaversong","floor":33},{"not_picked":[],"picked":"HollowMod:DoubleDash","floor":35},{"not_picked":["HollowMod:VengefulVoid"],"picked":"SKIP","floor":38},{"not_picked":["HollowMod:NewGlowingWomb"],"picked":"SKIP","floor":41},{"not_picked":["HollowMod:TaintedHusks"],"picked":"SKIP","floor":42}],"player_experience":654563,"relics_obtained":[{"floor":6,"key":"Oddly Smooth Stone"},{"floor":8,"key":"Torii"},{"floor":10,"key":"Toy Ornithopter"},{"floor":14,"key":"Tiny Chest"},{"floor":23,"key":"Mercury Hourglass"},{"floor":23,"key":"Pen Nib"},{"floor":26,"key":"HornCleat"},{"floor":27,"key":"CeramicFish"},{"floor":27,"key":"Gambling Chip"},{"floor":29,"key":"HollowMod:LumaflyLanternRelic"},{"floor":30,"key":"Thread and Needle"},{"floor":30,"key":"Ornamental Fan"},{"floor":39,"key":"PreservedInsect"},{"floor":41,"key":"HollowMod:KingsBrand"},{"floor":41,"key":"Bottled Flame"},{"floor":43,"key":"Mummified Hand"}],"event_choices":[{"damage_healed":0,"gold_gain":0,"player_choice":"RENOUNCE","damage_taken":354,"max_hp_gain":0,"max_hp_loss":0,"event_name":"betterThird:BetterSerpent","floor":12,"gold_loss":354,"cards_obtained":["Enlightenment"]},{"damage_healed":0,"gold_gain":0,"player_choice":"Serpent","damage_taken":0,"max_hp_gain":0,"max_hp_loss":0,"event_name":"BanditSerpent","floor":20,"gold_loss":0},{"cards_removed":["HollowMod:NailStrikeStart"],"damage_healed":0,"gold_gain":0,"player_choice":"Card Removal","damage_taken":0,"max_hp_gain":0,"max_hp_loss":0,"event_name":"Wheel of Change","floor":21,"gold_loss":0},{"damage_healed":0,"gold_gain":0,"player_choice":"Madness","damage_taken":0,"relics_obtained":["betterThird:NestCultRelic"],"max_hp_gain":0,"max_hp_loss":0,"event_name":"betterThird:BetterNest","floor":31,"gold_loss":0},{"damage_healed":0,"gold_gain":0,"player_choice":"Upgraded","damage_taken":0,"max_hp_gain":0,"max_hp_loss":0,"event_name":"Upgrade Shrine","floor":36,"gold_loss":0,"cards_upgraded":["HollowMod:Weaversong"]}],"is_beta":false,"boss_relics":[{"not_picked":["Cursed Key","HollowMod:KingsSoulRelic"],"picked":"Black Star"},{"not_picked":["Runic Dome","expansioncontent:StudyCardRelic"],"picked":"Busted Crown"}],"items_purged_floors":[],"is_endless":false,"potions_floor_spawned":[3,4,5,14,19,22,27,30,42],"killed_by":"Writhing Mass","ascension_level":2}}