{"host":"ml2ro5l6hu6y0pll","time":1612218302,"event":{"mods":["AchievementEnabler","BaseMod","Colored Map","Colored Powertips","Custom Start","Googly Eyes","Minty Spire (QoL Compilation)","Quick Restart","Rare Cards Sparkle","Relic Stats","Reliquary","StSLib","everything is the same but u backflip on backflip"],"gold_per_floor":[113,132,132,148,93,93,93,93,118,136,147,69,81,106,106,185,185,199,212,212,227,245,280,296,328,381,381,381,381,381,398,398,474,474,492,512,193,193,208,238,252,284,284,296,296,75,75,106,106,106,106,106,106,39,39,39],"floor_reached":55,"language":"ENG","playtime":2221,"items_purged":["Defend_B","Parasite"],"score":1898,"play_id":"b48251c9-de53-4809-ae2e-d4de69ccf34e","local_time":"20210201222502","is_ascension_mode":true,"campfire_choices":[{"data":"Consume","floor":6.0,"key":"SMITH"},{"data":"Sweeping Beam","floor":8.0,"key":"SMITH"},{"data":"Seek","floor":15.0,"key":"SMITH"},{"floor":27,"key":"REST"},{"data":"Loop","floor":29,"key":"SMITH"},{"floor":32,"key":"REST"},{"floor":45,"key":"REST"},{"floor":47,"key":"RECALL"},{"data":"Defragment","floor":49,"key":"SMITH"},{"floor":53,"key":"DIG"}],"circlet_count":0,"master_deck":["Consume+1","Glacier","Genetic Algorithm+1","Coolheaded","Ball Lightning","Barrage","FTL","Ball Lightning","Sweeping Beam+1","Coolheaded","Compile Driver","Gash","Redo","White Noise","Loop+1","Seek+1","Turbo+1","Self Repair","Capacitor","Defragment+1","Defragment+1","Defragment","Force Field"],"relics":["Cracked Core","Runic Capacitor","OrangePellets","DataDisk","Bag of Marbles","Dream Catcher","Nuclear Battery","StoneCalendar","Shovel","Sozu","reliquary:SilkGlove","reliquary:PurpleTingedLeaf","Bottled Flame","reliquary:IridiumChain","Membership Card","Incense Burner"],"acts_visited":["Exordium","TheCity","TheBeyond","TheEnding"],"potions_floor_usage":[18,50],"damage_taken":[{"damage":7.0,"enemies":"2 Louse","floor":1.0,"turns":3.0},{"damage":0.0,"enemies":"Cultist","floor":2.0,"turns":3.0},{"damage":0.0,"enemies":"Small Slimes","floor":4.0,"turns":2.0},{"damage":13.0,"enemies":"Exordium Thugs","floor":10.0,"turns":4.0},{"damage":10.0,"enemies":"3 Louse","floor":11.0,"turns":2.0},{"damage":0.0,"enemies":"Looter","floor":13.0,"turns":3.0},{"damage":14.0,"enemies":"3 Sentries","floor":14.0,"turns":5.0},{"damage":7.0,"enemies":"Slime Boss","floor":16.0,"turns":7.0},{"damage":0,"enemies":"3 Byrds","floor":18,"turns":3},{"damage":2,"enemies":"Shell Parasite","floor":19,"turns":5},{"damage":13,"enemies":"Snecko","floor":21,"turns":3},{"damage":3,"enemies":"Snake Plant","floor":22,"turns":4},{"damage":22,"enemies":"Gremlin Leader","floor":23,"turns":4},{"damage":1,"enemies":"Cultist and Chosen","floor":24,"turns":5},{"damage":8,"enemies":"Book of Stabbing","floor":25,"turns":5},{"damage":0,"enemies":"Snecko","floor":31,"turns":4},{"damage":12,"enemies":"Champ","floor":33,"turns":9},{"damage":0,"enemies":"Orb Walker","floor":35,"turns":2},{"damage":0,"enemies":"3 Shapes","floor":36,"turns":3},{"damage":4,"enemies":"Writhing Mass","floor":39,"turns":5},{"damage":17,"enemies":"Nemesis","floor":40,"turns":5},{"damage":25,"enemies":"Spire Growth","floor":41,"turns":5},{"damage":34,"enemies":"Reptomancer","floor":42,"turns":7},{"damage":12,"enemies":"Maw","floor":44,"turns":5},{"damage":15,"enemies":"Giant Head","floor":48,"turns":6},{"damage":28,"enemies":"Awakened One","floor":50,"turns":14},{"damage":19,"enemies":"Donu and Deca","floor":51,"turns":9},{"damage":104,"enemies":"Shield and Spear","floor":55,"turns":3}],"seed_played":"3375600288886624219","potions_obtained":[{"floor":1.0,"key":"DuplicationPotion"},{"floor":10.0,"key":"LiquidBronze"},{"floor":14.0,"key":"CultistPotion"},{"floor":19,"key":"Explosive Potion"}],"is_trial":true,"path_per_floor":["M","M","?","M","$","R","?","R","T","M","M","$","M","E","R","B",null,"M","M","?","M","M","E","M","E","T","R","?","R","?","M","R","B",null,"M","M","$","?","M","E","M","E","T","M","R","$","R","E","R","B","B",null,"R","$","E"],"character_chosen":"DEFECT","items_purchased":["Gash","White Noise","Capacitor","reliquary:SilkGlove","Membership Card","Defragment","Force Field"],"campfire_rested":3,"item_purchase_floors":[5,12,37,37,46,54,54],"current_hp_per_floor":[57,57,57,57,57,57,57,57,57,44,34,34,34,20,20,13,57,57,55,55,42,39,17,16,8,8,29,29,29,20,20,41,29,61,61,61,61,61,64,54,37,12,12,9,30,30,30,38,38,28,32,59,59,59,0,0],"gold":39,"neow_bonus":"","is_daily":false,"chose_seed":false,"campfire_upgraded":5,"win_rate":0.0,"timestamp":1612218302,"path_taken":["M","M","?","M","?","R","?","R","T","?","M","$","M","E","R","BOSS","M","M","?","M","M","E","M","E","T","R","?","R","?","M","R","BOSS","M","M","$","?","M","E","M","E","T","?","R","$","R","E","R","BOSS","BOSS","R","$","E"],"items_purchased_type":["Card","Card","Card","Relic","Relic","Card","Card"],"build_version":"2020-12-22","purchased_purges":2,"victory":false,"max_hp_per_floor":[71,71,71,71,71,71,71,71,71,71,71,71,71,71,71,71,71,71,71,71,71,71,71,71,71,71,71,71,71,71,71,71,71,71,71,71,71,71,71,71,71,71,71,71,71,68,68,68,68,68,68,68,68,68,68,68],"relic_stats":{"Sozu":3,"OrangePellets":[7],"Dream Catcher":3,"Shovel":1,"counters":[28,134],"StoneCalendar":[203],"obtain_stats":[{"reliquary:SilkGlove":37,"StoneCalendar":23,"Runic Capacitor":0,"Incense Burner":48,"reliquary:IridiumChain":43,"Nuclear Battery":17,"Sozu":34,"OrangePellets":0,"DataDisk":0,"Dream Catcher":14,"Bottled Flame":42,"Shovel":25,"Bag of Marbles":9,"Membership Card":46,"Cracked Core":0,"reliquary:PurpleTingedLeaf":40},{"reliquary:SilkGlove":19,"StoneCalendar":13,"Runic Capacitor":0,"Incense Burner":25,"reliquary:IridiumChain":23,"Nuclear Battery":8,"Sozu":17,"OrangePellets":0,"DataDisk":0,"Dream Catcher":7,"Bottled Flame":23,"Shovel":15,"Bag of Marbles":3,"Membership Card":24,"Cracked Core":0,"reliquary:PurpleTingedLeaf":21},{"reliquary:SilkGlove":76,"StoneCalendar":48,"Runic Capacitor":0,"Incense Burner":108,"reliquary:IridiumChain":97,"Nuclear Battery":29,"Sozu":71,"OrangePellets":0,"DataDisk":0,"Dream Catcher":22,"Bottled Flame":97,"Shovel":58,"Bag of Marbles":8,"Membership Card":102,"Cracked Core":0,"reliquary:PurpleTingedLeaf":86}]},"card_choices":[{"not_picked":["Consume","Fusion"],"picked":"Coolheaded","floor":1.0},{"not_picked":["Stack","Streamline","Redo"],"picked":"SKIP","floor":2.0},{"not_picked":["Darkness","Ball Lightning"],"picked":"Compile Driver","floor":4.0},{"not_picked":["Hologram","Coolheaded","Beam Cell"],"picked":"SKIP","floor":10.0},{"not_picked":["Rip and Tear","Steam Power","Turbo"],"picked":"SKIP","floor":11.0},{"not_picked":["Chill","Conserve Battery"],"picked":"Loop","floor":13.0},{"not_picked":["Hologram","Rebound"],"picked":"Seek","floor":14.0},{"not_picked":["Compile Driver","Redo","Barrage"],"picked":"SKIP","floor":18},{"not_picked":["Streamline","Lockon","Cold Snap"],"picked":"SKIP","floor":19},{"not_picked":["Turbo","FTL","Fusion+1"],"picked":"SKIP","floor":21},{"not_picked":["Beam Cell","Skim","Core Surge"],"picked":"SKIP","floor":22},{"not_picked":["Streamline","Rebound","Steam"],"picked":"SKIP","floor":23},{"not_picked":["Turbo+1","Auto Shields+1","Glacier"],"picked":"SKIP","floor":24},{"not_picked":["Auto Shields+1","Glacier"],"picked":"Turbo+1","floor":24},{"not_picked":["Auto Shields","Leap","Genetic Algorithm"],"picked":"SKIP","floor":25},{"not_picked":["Cold Snap","Gash","Tempest"],"picked":"SKIP","floor":31},{"not_picked":["Steam","Hologram","Reinforced Body+1"],"picked":"SKIP","floor":35},{"not_picked":["Leap","Beam Cell"],"picked":"Self Repair","floor":36},{"not_picked":["Steam+1","Compile Driver+1","Skim"],"picked":"SKIP","floor":39},{"not_picked":["Double Energy","Conserve Battery","BootSequence"],"picked":"SKIP","floor":40},{"not_picked":["Cold Snap","Rainbow"],"picked":"Defragment","floor":41},{"not_picked":["Turbo","Beam Cell"],"picked":"Defragment+1","floor":42},{"not_picked":["Barrage","Gash","Stack+1"],"picked":"SKIP","floor":44},{"not_picked":["Ball Lightning","Coolheaded","Chaos+1"],"picked":"SKIP","floor":48}],"player_experience":903567,"relics_obtained":[{"floor":9.0,"key":"Bag of Marbles"},{"floor":14.0,"key":"Dream Catcher"},{"floor":23,"key":"StoneCalendar"},{"floor":25,"key":"Shovel"},{"floor":40,"key":"reliquary:PurpleTingedLeaf"},{"floor":42,"key":"Bottled Flame"},{"floor":43,"key":"reliquary:IridiumChain"},{"floor":48,"key":"Incense Burner"}],"event_choices":[{"damage_healed":0.0,"max_hp_gain":0.0,"max_hp_loss":0.0,"gold_gain":0.0,"event_name":"Upgrade Shrine","player_choice":"Upgraded","floor":3.0,"gold_loss":0.0,"damage_taken":0.0,"cards_upgraded":["Genetic Algorithm"]},{"damage_healed":0.0,"max_hp_gain":0.0,"max_hp_loss":0.0,"gold_gain":0.0,"cards_transformed":["Defend_B"],"event_name":"Transmorgrifier","player_choice":"Transformed","floor":7.0,"gold_loss":0.0,"damage_taken":0.0,"cards_obtained":["Redo"]},{"damage_healed":0,"gold_gain":0,"player_choice":"Ignored","damage_taken":0,"max_hp_gain":0,"max_hp_loss":0,"event_name":"Beggar","floor":20,"gold_loss":0},{"cards_removed":["Defend_B"],"damage_healed":0,"gold_gain":0,"player_choice":"Elegance","damage_taken":0,"max_hp_gain":0,"max_hp_loss":0,"event_name":"Back to Basics","floor":28,"gold_loss":0},{"damage_healed":0,"gold_gain":0,"player_choice":"Stopped","damage_taken":9,"max_hp_gain":0,"max_hp_loss":0,"event_name":"Cursed Tome","floor":30,"gold_loss":0},{"cards_removed":["Defend_B"],"damage_healed":0,"gold_gain":0,"player_choice":"Offered Basic","damage_taken":0,"max_hp_gain":0,"max_hp_loss":0,"event_name":"Bonfire Elementals","floor":38,"gold_loss":0}],"is_beta":false,"boss_relics":[{"not_picked":["Busted Crown","Runic Pyramid"],"picked":"Nuclear Battery"},{"not_picked":["Fusion Hammer","Tiny House"],"picked":"Sozu"}],"items_purged_floors":[37,46],"is_endless":false,"potions_floor_spawned":[1,10,11,14,19,22,23,25,31,36,40,42],"killed_by":"Shield and Spear","ascension_level":20}}