{"host":"x205naxbihvu3p76","time":1612191041,"event":{"mods":["AchievementEnabler","BaseMod","Minty Spire (QoL Compilation)","StSLib","SuperFastMode"],"gold_per_floor":[115,115,115,126,51,51,62,91,114,124,124,143,161,179,179,179,179],"floor_reached":16,"language":"KOR","playtime":409,"items_purged":["Strike_B"],"score":208,"play_id":"8f080efe-bb94-4783-8e3d-fc287fc2d334","local_time":"20210201235041","is_ascension_mode":true,"campfire_choices":[{"data":"Streamline","floor":6.0,"key":"SMITH"},{"floor":15.0,"key":"REST"}],"circlet_count":0,"master_deck":["AscendersBane","Strike_B","Strike_B","Strike_B","Defend_B","Defend_B","Defend_B","Defend_B","Zap","Dualcast","CurseOfTheBell","Streamline+1","Chill","Creative AI","Cold Snap","Ball Lightning"],"relics":["Calling Bell","Toy Ornithopter","Singing Bowl","Dead Branch","Strawberry","Darkstone Periapt","Bag of Preparation"],"acts_visited":["Exordium"],"potions_floor_usage":[],"damage_taken":[{"damage":2.0,"enemies":"Jaw Worm","floor":1.0,"turns":5.0},{"damage":3.0,"enemies":"2 Louse","floor":4.0,"turns":4.0},{"damage":1.0,"enemies":"Cultist","floor":7.0,"turns":3.0},{"damage":18.0,"enemies":"Lagavulin","floor":8.0,"turns":7.0},{"damage":18.0,"enemies":"Exordium Wildlife","floor":10.0,"turns":5.0},{"damage":4.0,"enemies":"Exordium Thugs","floor":12.0,"turns":4.0},{"damage":14.0,"enemies":"Large Slime","floor":13.0,"turns":7.0},{"damage":0.0,"enemies":"3 Louse","floor":14.0,"turns":4.0},{"damage":35,"enemies":"The Guardian","floor":16,"turns":9}],"seed_played":"2528402786176836922","potions_obtained":[{"floor":1.0,"key":"Block Potion"},{"floor":4.0,"key":"Ancient Potion"},{"floor":13.0,"key":"Explosive Potion"}],"is_trial":false,"path_per_floor":["M","?","?","M","$","R","M","E","T","M","?","M","M","M","R","B"],"character_chosen":"DEFECT","items_purchased":[],"campfire_rested":1,"item_purchase_floors":[],"current_hp_per_floor":[64,64,53,50,50,50,49,31,31,13,13,11,4,4,29,0,0],"gold":179,"neow_bonus":"BOSS_RELIC","is_daily":false,"chose_seed":false,"campfire_upgraded":1,"win_rate":0.0,"timestamp":1612191041,"path_taken":["M","?","?","M","$","R","M","E","T","M","?","M","M","?","R","BOSS"],"items_purchased_type":[],"build_version":"2020-12-22","purchased_purges":1,"victory":false,"max_hp_per_floor":[73,73,80,80,80,80,80,80,80,80,80,82,84,84,84,84,84],"card_choices":[{"not_picked":["Blizzard","Go for the Eyes","Recycle"],"picked":"Singing Bowl","floor":1.0},{"not_picked":["Coolheaded","Steam"],"picked":"Streamline","floor":4.0},{"not_picked":["Redo","Streamline"],"picked":"Chill","floor":7.0},{"not_picked":["Stack","Compile Driver"],"picked":"Creative AI","floor":8.0},{"not_picked":["Ball Lightning","Beam Cell"],"picked":"Cold Snap","floor":10.0},{"not_picked":["Auto Shields","Hologram","Steam"],"picked":"Singing Bowl","floor":12.0},{"not_picked":["Hyperbeam","Compile Driver","Conserve Battery"],"picked":"Singing Bowl","floor":13.0},{"not_picked":["Go for the Eyes","Heatsinks"],"picked":"Ball Lightning","floor":14.0}],"player_experience":1011179,"relics_obtained":[{"floor":0.0,"key":"Toy Ornithopter"},{"floor":0.0,"key":"Singing Bowl"},{"floor":0.0,"key":"Dead Branch"},{"floor":8.0,"key":"Darkstone Periapt"},{"floor":9.0,"key":"Bag of Preparation"}],"event_choices":[{"damage_healed":0.0,"max_hp_gain":0.0,"max_hp_loss":0.0,"gold_gain":0.0,"event_name":"Shining Light","player_choice":"Ignored","floor":2.0,"gold_loss":0.0,"damage_taken":0.0},{"damage_healed":0.0,"max_hp_gain":0.0,"max_hp_loss":0.0,"gold_gain":0.0,"event_name":"Scrap Ooze","player_choice":"Success","floor":3.0,"gold_loss":0.0,"damage_taken":18.0,"relics_obtained":["Strawberry"]},{"damage_healed":0.0,"max_hp_gain":0.0,"max_hp_loss":0.0,"gold_gain":0.0,"event_name":"Liars Game","player_choice":"Ignored","floor":11.0,"gold_loss":0.0,"damage_taken":0.0}],"is_beta":false,"boss_relics":[],"items_purged_floors":[5],"is_endless":false,"potions_floor_spawned":[1,4,8,13],"killed_by":"The Guardian","ascension_level":20}}