{"host":"37ccm3d17clopct7","time":1612198519,"event":{"mods":["BaseMod","Lobotomy","Minty Spire (QoL Compilation)","StSLib","The Bug Knight","The Cursed","The Hierophant","The Jungle","The Runesmith"],"gold_per_floor":[112,131,151,151,151,151,183,40,40,40,40,40,50,61,61,161,161,172,72,85,96,109,109,140,140,167,179,211,211,211,211,211,311,311,327,18,68,0,10,10,10,29,56,56,76,76,90,108,108,108,108],"floor_reached":52,"language":"KOR","playtime":3351,"items_purged":["Runesmith:Defend_RS","Runesmith:Defend_RS"],"score":667,"play_id":"37508dfd-9aa3-4cda-b09d-464ca35d9f89","local_time":"20210202015519","is_ascension_mode":false,"campfire_choices":[{"data":"Runesmith:CraftMagma","floor":6,"key":"SMITH"},{"data":"Runesmith:Fortify","floor":10,"key":"SMITH"},{"floor":15,"key":"REST"},{"floor":23,"key":"REST"},{"floor":25,"key":"REST"},{"floor":29,"key":"REST"},{"floor":32,"key":"REST"},{"floor":40,"key":"REST"},{"floor":44,"key":"REST"},{"floor":49,"key":"REST"}],"circlet_count":0,"master_deck":["Runesmith:Strike_RS","Runesmith:Defend_RS","Runesmith:Defend_RS","Runesmith:CraftFirestone+1","Runesmith:Fortify+1","Runesmith:CraftMagma+1","Runesmith:Attraction","Runesmith:EarthShield","Runesmith:LithiumIon","Runesmith:Prism","Runesmith:Firestorm","Runesmith:RuneHurl","Runesmith:CraftIndustria","Runesmith:OneForEveryone+1","Runesmith:CraftMagma","Runesmith:ChiselStab","Runesmith:ChiselStab+1","Runesmith:BackupBattery","Runesmith:EarthShield+1","CurseOfTheBell","Runesmith:CraftIncendium+1","Runesmith:Reinforce","Runesmith:Grindstone+1","Runesmith:CreatorForm","Parasite","Runesmith:Refine+1"],"relics":["Runesmith:BrokenRuby","Ginger","Matryoshka","SlaversCollar","Centennial Puzzle","Potion Belt","PreservedInsect","Happy Flower","Calling Bell","Runesmith:MiniCore","Kunai","Pocketwatch","Frozen Eye","Bronze Scales","Shovel","Red Mask","HornCleat","Runesmith:EmergencyProvisions"],"acts_visited":["Exordium","theJungle:Jungle","TheBeyond"],"potions_floor_usage":[16,16,33,35,47,50],"damage_taken":[{"damage":0,"enemies":"2 Louse","floor":1,"turns":3},{"damage":1,"enemies":"Jaw Worm","floor":2,"turns":4},{"damage":1,"enemies":"Small Slimes","floor":3,"turns":3},{"damage":11,"enemies":"3 Sentries","floor":7,"turns":6},{"damage":9,"enemies":"Gremlin Gang","floor":13,"turns":4},{"damage":3,"enemies":"Exordium Thugs","floor":14,"turns":6},{"damage":17,"enemies":"Slime Boss","floor":16,"turns":7},{"damage":4,"enemies":"Shell Parasite","floor":18,"turns":7},{"damage":0,"enemies":"theJungle:GiantWrat","floor":20,"turns":7},{"damage":0,"enemies":"theJungle:SlimyTreeVines","floor":21,"turns":7},{"damage":37,"enemies":"theJungle:2_Snecko_Cultists","floor":22,"turns":5},{"damage":17,"enemies":"theJungle:MamaSnecko","floor":24,"turns":8},{"damage":27,"enemies":"theJungle:Lyon","floor":27,"turns":6},{"damage":19,"enemies":"theJungle:2_Phrogs","floor":28,"turns":5},{"damage":42,"enemies":"theJungle:TotemBoss","floor":33,"turns":13},{"damage":8,"enemies":"3 Darklings","floor":35,"turns":8},{"damage":21,"enemies":"Mind Bloom Boss Battle","floor":37,"turns":7},{"damage":23,"enemies":"Orb Walker","floor":39,"turns":4},{"damage":24,"enemies":"Jaw Worm Horde","floor":42,"turns":5},{"damage":11,"enemies":"Spire Growth","floor":45,"turns":6},{"damage":4,"enemies":"Transient","floor":47,"turns":5},{"damage":11,"enemies":"Writhing Mass","floor":48,"turns":5},{"damage":25,"enemies":"Donu and Deca","floor":50,"turns":11}],"seed_played":"-2094913892048145846","potions_obtained":[{"floor":1,"key":"FearPotion"},{"floor":3,"key":"EntropicBrew"},{"floor":16,"key":"Dexterity Potion"},{"floor":18,"key":"BlessingOfTheForge"},{"floor":21,"key":"Ancient Potion"},{"floor":33,"key":"SkillPotion"},{"floor":37,"key":"Weak Potion"},{"floor":39,"key":"SpeedPotion"}],"is_trial":false,"path_per_floor":["M","M","M","?","?","R","E","$","T","R","$","?","M","M","R","B",null,"M","$","M","M","M","R","E","R","T","M","E","R","?","?","R","B",null,"M","$","?","?","M","R","$","M","T","R","M","?","M","M","R","B",null,null],"character_chosen":"RUNESMITH_CLASS","items_purchased":["Runesmith:LithiumIon","Frozen Eye","Bronze Scales"],"campfire_rested":8,"item_purchase_floors":[8,36,36],"current_hp_per_floor":[70,69,68,68,68,68,57,57,57,57,57,57,48,45,66,49,70,66,66,66,70,33,54,37,58,58,31,12,33,35,35,56,14,70,62,62,41,41,18,39,39,15,15,36,25,25,21,10,31,6,6],"gold":108,"neow_bonus":"UPGRADE_CARD","is_daily":false,"chose_seed":false,"campfire_upgraded":2,"win_rate":0.0,"timestamp":1612198519,"path_taken":["M","M","M","?","?","R","E","?","T","R","$","?","M","?","R","BOSS","M","$","M","M","?","R","E","R","T","M","E","R","?","?","R","BOSS","M","$","?","?","M","R","$","M","T","R","M","?","M","M","R","BOSS"],"items_purchased_type":["Card","Relic","Relic"],"build_version":"2020-12-22","purchased_purges":2,"victory":true,"max_hp_per_floor":[70,70,70,70,70,70,70,70,70,70,70,70,70,70,70,70,70,70,70,70,70,70,70,70,70,70,70,70,70,70,70,70,70,70,70,70,70,70,70,70,70,70,70,70,70,70,70,70,70,70,70],"card_choices":[{"not_picked":["Runesmith:OneForEveryone","Runesmith:RunicBlueprint"],"picked":"Runesmith:CraftMagma","floor":1},{"not_picked":["Runesmith:MakeshiftArmor","Runesmith:ChiselStab"],"picked":"Runesmith:Attraction","floor":2},{"not_picked":["Runesmith:WhiteBalance","Runesmith:Malloc","Runesmith:ShiftingStrike"],"picked":"SKIP","floor":3},{"not_picked":["Runesmith:MakeshiftArmor","Runesmith:Augment"],"picked":"Runesmith:EarthShield","floor":7},{"not_picked":["Runesmith:CraftMagma","Runesmith:ShiftingStrike"],"picked":"Runesmith:Firestorm","floor":13},{"not_picked":["Runesmith:Overpower","Runesmith:CraftVitae"],"picked":"Runesmith:RuneHurl","floor":14},{"not_picked":["Runesmith:GenerateForcefield","Runesmith:ReplicatingBarrier"],"picked":"Runesmith:CraftIndustria","floor":16},{"not_picked":["Runesmith:HammerThrow","Runesmith:ChargedHammer"],"picked":"Runesmith:OneForEveryone+1","floor":18},{"not_picked":["Runesmith:HeatExchange","Runesmith:Reinforce"],"picked":"Runesmith:CraftMagma","floor":20},{"not_picked":["Runesmith:RuneHurl+1","Runesmith:Repurpose"],"picked":"Runesmith:ChiselStab","floor":21},{"not_picked":["Runesmith:ChargedHammer","Runesmith:RuneHurl"],"picked":"Runesmith:ChiselStab+1","floor":22},{"not_picked":["Runesmith:OneForEveryone","Runesmith:ChargedHammer"],"picked":"Runesmith:BackupBattery","floor":24},{"not_picked":["Runesmith:NanitesCloud","Runesmith:GenerateForcefield","Runesmith:StaticCage"],"picked":"SKIP","floor":27},{"not_picked":["Runesmith:HeatExchange+1","Runesmith:GenerateForcefield"],"picked":"Runesmith:EarthShield+1","floor":28},{"not_picked":["Runesmith:CraftReservo","Runesmith:CraftProtectio+1"],"picked":"Runesmith:CraftIncendium+1","floor":35},{"not_picked":["Runesmith:UnstableHammer","Runesmith:StaticCage+1"],"picked":"Runesmith:Reinforce","floor":39},{"not_picked":["Runesmith:CraftMagma+1","Runesmith:RuneHurl"],"picked":"Runesmith:Grindstone+1","floor":42},{"not_picked":["Runesmith:Repurpose","Runesmith:StaticCage"],"picked":"Runesmith:CreatorForm","floor":45},{"not_picked":["Runesmith:EnergizedChisel","Runesmith:HeatExchange+1","Runesmith:Firewall"],"picked":"SKIP","floor":47},{"not_picked":["Runesmith:EarthShield","Runesmith:Firewall+1"],"picked":"Runesmith:Refine+1","floor":48}],"player_experience":96476,"relics_obtained":[{"floor":7,"key":"Ginger"},{"floor":9,"key":"Matryoshka"},{"floor":24,"key":"Centennial Puzzle"},{"floor":26,"key":"Potion Belt"},{"floor":26,"key":"PreservedInsect"},{"floor":28,"key":"Happy Flower"},{"floor":34,"key":"Runesmith:MiniCore"},{"floor":34,"key":"Kunai"},{"floor":34,"key":"Pocketwatch"},{"floor":37,"key":"Shovel"},{"floor":43,"key":"HornCleat"},{"floor":43,"key":"Runesmith:EmergencyProvisions"}],"event_choices":[{"damage_healed":0,"gold_gain":0,"player_choice":"Ignored","damage_taken":0,"max_hp_gain":0,"max_hp_loss":0,"event_name":"Shining Light","floor":4,"gold_loss":0},{"cards_removed":["Runesmith:Strike_RS"],"damage_healed":0,"gold_gain":0,"player_choice":"Forget","damage_taken":0,"max_hp_gain":0,"max_hp_loss":0,"event_name":"Living Wall","floor":5,"gold_loss":0},{"damage_healed":0,"gold_gain":0,"cards_transformed":["Runesmith:Strike_RS"],"player_choice":"Transformed","damage_taken":0,"max_hp_gain":0,"max_hp_loss":0,"event_name":"Transmorgrifier","floor":12,"gold_loss":0,"cards_obtained":["Runesmith:Prism"]},{"damage_healed":0,"gold_gain":0,"player_choice":"Fight","damage_taken":0,"max_hp_gain":0,"max_hp_loss":0,"event_name":"MindBloom","floor":37,"gold_loss":0},{"damage_healed":0,"gold_gain":0,"player_choice":"Paid","damage_taken":0,"relics_obtained":["Red Mask"],"max_hp_gain":0,"max_hp_loss":0,"event_name":"Tomb of Lord Red Mask","floor":38,"gold_loss":68},{"cards_removed":["Runesmith:Strike_RS"],"damage_healed":0,"gold_gain":0,"player_choice":"Removed Attack","damage_taken":0,"max_hp_gain":0,"max_hp_loss":0,"event_name":"Falling","floor":46,"gold_loss":0}],"is_beta":false,"boss_relics":[{"not_picked":["Coffee Dripper","Astrolabe"],"picked":"SlaversCollar"},{"not_picked":["Tiny House","Runic Pyramid"],"picked":"Calling Bell"}],"items_purged_floors":[8,19],"is_endless":false,"potions_floor_spawned":[1,3,16,18,21,33,37,39],"ascension_level":0}}