{"host":"rgy6n2eoa9ji6d0c","time":1612210569,"event":{"mods":["BaseMod","Downfall","Minty Spire (QoL Compilation)","Quick Restart","StSLib"],"gold_per_floor":[99,116,116,133,19,36,60,60,60,60,75,89,89,103,123,123,123,123],"floor_reached":16,"language":"ENG","playtime":1125,"items_purged":["Injury"],"score":99,"play_id":"00d129d3-ef73-42cd-8f6c-c2d3b7df998c","local_time":"20210201211609","is_ascension_mode":true,"campfire_choices":[{"data":"Guardian:TwinSlam","floor":1,"key":"SMITH"},{"data":"Guardian:PrismaticBarrier","floor":13,"key":"SMITH"}],"circlet_count":0,"master_deck":["Guardian:Strike_Guardian","Guardian:Strike_Guardian","Guardian:Strike_Guardian","Guardian:Strike_Guardian","Guardian:Defend_Guardian+1","Guardian:Defend_Guardian","Guardian:Defend_Guardian","Guardian:CurlUp+1","Guardian:TwinSlam+1","Guardian:ShieldSpikes","Guardian:ExploitGems","Guardian:PiercingHide","Guardian:PrismaticBarrier+1","Guardian:Suspension","Guardian:ArmoredProtocol"],"relics":["Guardian:ModeShifter","Guardian:SackOfGems","War Paint","Guardian:PickAxe"],"acts_visited":["Exordium"],"potions_floor_usage":[],"damage_taken":[{"damage":6,"enemies":"Jaw Worm","floor":2,"turns":2},{"damage":0,"enemies":"Cultist","floor":4,"turns":4},{"damage":10,"enemies":"downfall:FleeingMerchant","floor":5,"turns":4},{"damage":0,"enemies":"Small Slimes","floor":6,"turns":5},{"damage":17,"enemies":"Small Slimes","floor":9,"turns":7},{"damage":6,"enemies":"2 Fungi Beasts","floor":11,"turns":5},{"damage":9,"enemies":"Blue Slaver","floor":12,"turns":5},{"damage":0,"enemies":"Exordium Thugs","floor":14,"turns":2},{"damage":15,"enemies":"Gremlin Gang","floor":15,"turns":6},{"damage":0,"enemies":"SI_SHIV_ARCHETYPE","floor":16,"turns":2}],"seed_played":"5093104777437048116","potions_obtained":[{"floor":2,"key":"SpeedPotion"},{"floor":3,"key":"Ancient Potion"},{"floor":3,"key":"Ancient Potion"},{"floor":15,"key":"Swift Potion"}],"is_trial":false,"path_per_floor":["R","M","?","M","$","M","T","?","?","?","M","M","R","M","M","B"],"character_chosen":"GUARDIAN","items_purchased":["Guardian:PiercingHide"],"campfire_rested":0,"item_purchase_floors":[5],"current_hp_per_floor":[80,74,74,74,64,64,64,64,35,61,55,46,46,46,31,31,31,31],"gold":123,"neow_bonus":"ONE_RARE_RELIC","is_daily":false,"chose_seed":false,"campfire_upgraded":2,"win_rate":0.0,"timestamp":1612210569,"path_taken":["R","M","?","?","$","M","T","?","?","?","M","M","R","?","M","BOSS"],"items_purchased_type":["Card"],"build_version":"2020-12-22","purchased_purges":1,"victory":false,"max_hp_per_floor":[80,80,80,80,80,80,80,80,80,80,80,80,80,80,80,80,80,80],"card_choices":[{"not_picked":["Guardian:TemporalShield","Guardian:Preprogram"],"picked":"Guardian:ShieldSpikes","floor":2},{"not_picked":["Guardian:Reroute","Guardian:VentSteam"],"picked":"Guardian:Gem_Red","floor":4},{"not_picked":["Guardian:StasisEngine","Guardian:SpikerProtocol"],"picked":"Guardian:ExploitGems","floor":5},{"not_picked":["Guardian:ShieldCharger","Guardian:SpikerProtocol"],"picked":"Guardian:PrismaticBarrier","floor":6},{"not_picked":["Guardian:Recover","Guardian:Reroute","Guardian:TemporalShield"],"picked":"SKIP","floor":11},{"not_picked":["Guardian:WalkerClaw","Guardian:Planning","Guardian:Preprogram"],"picked":"SKIP","floor":12},{"not_picked":["Guardian:VentSteam","Guardian:ChargeCore"],"picked":"Guardian:Suspension","floor":14},{"not_picked":["Guardian:Preprogram","Guardian:Gem_Cyan"],"picked":"Guardian:ArmoredProtocol","floor":15}],"player_experience":1491006,"relics_obtained":[{"floor":7,"key":"War Paint"}],"event_choices":[{"damage_healed":0,"gold_gain":0,"player_choice":"Got Potions","damage_taken":0,"max_hp_gain":0,"max_hp_loss":0,"event_name":"Lab","floor":3,"gold_loss":0},{"cards_removed":["Guardian:Defend_Guardian"],"damage_healed":0,"gold_gain":0,"player_choice":"Card Removal","damage_taken":0,"max_hp_gain":0,"max_hp_loss":0,"event_name":"The Cleric","floor":8,"gold_loss":0},{"damage_healed":26,"gold_gain":0,"player_choice":"Banana","damage_taken":0,"max_hp_gain":0,"max_hp_loss":0,"event_name":"Big Fish","floor":10,"gold_loss":0}],"is_beta":false,"boss_relics":[],"items_purged_floors":[5],"is_endless":false,"potions_floor_spawned":[2,6,14,15],"killed_by":"SI_SHIV_ARCHETYPE","ascension_level":1}}