{"host":"0hb9w7uizu7y13wj","time":1612203516,"event":{"mods":["Act Like it!","Aspiration","BaseMod","BetterRewards","Colored Map","Conspire","Downfall","Energized Spire","FTL Soundtrack","Friendly Minions","Halation","Hubris","Infinite Spire","Minty Spire (QoL Compilation)","Quick Restart","Replay The Spire","StSLib","Synergy Search","The Hierophant","The Jungle","The Poker Player","Trackpad","everything is the same but u backflip on backflip"],"gold_per_floor":[114,114,131,131,131,158,158,88,159,159,184,197,213,225,225,225,225],"floor_reached":16,"language":"ENG","playtime":228,"items_purged":[],"score":256,"play_id":"b6a5debb-6311-405a-8103-3190095f9f75","local_time":"20210201181836","is_ascension_mode":true,"campfire_choices":[{"data":"Dualcast","floor":7.0,"key":"SMITH"},{"data":"hubris:PowerSurge","floor":15.0,"key":"SMITH"}],"circlet_count":0,"master_deck":["AscendersBane","Strike_B","Strike_B","Strike_B","Strike_B","Defend_B","Defend_B","Defend_B","Defend_B","Zap+1","Dualcast+1","White Noise","Tempest","ReplayTheSpireMod:Trickstab","Core Surge","Biased Cognition","hubris:PowerSurge+1"],"relics":["Cracked Core","NeowsBlessing","halation:PinkSoulGem","hubris:ToyBattleship","Matryoshka","hubris:RGBLights"],"acts_visited":["Exordium"],"potions_floor_usage":[],"damage_taken":[{"damage":0.0,"enemies":"Jaw Worm","floor":1.0,"turns":1.0},{"damage":0.0,"enemies":"Cultist","floor":3.0,"turns":1.0},{"damage":0.0,"enemies":"3 Sentries","floor":6.0,"turns":1.0},{"damage":0.0,"enemies":"Lagavulin","floor":11.0,"turns":2.0},{"damage":0.0,"enemies":"Small Slimes","floor":12.0,"turns":3.0},{"damage":9.0,"enemies":"3 Louse","floor":13.0,"turns":3.0},{"damage":13.0,"enemies":"Exordium Thugs","floor":14.0,"turns":3.0},{"damage":0,"enemies":"Fading Forest","floor":16,"turns":1}],"seed_played":"-6028468140210283431","potions_obtained":[{"floor":3.0,"key":"infinitespire:BlackPotion"},{"floor":12.0,"key":"infinitespire:BlackPotion"},{"floor":14.0,"key":"AttackPotion"}],"is_trial":false,"path_per_floor":["M","?","M","?","?","E","R","$","T","?","E","M","M","M","R","B"],"character_chosen":"DEFECT","items_purchased":["Tempest"],"campfire_rested":0,"item_purchase_floors":[8],"current_hp_per_floor":[68,68,68,68,68,68,68,68,68,68,68,68,59,46,46,46,46],"gold":225,"neow_bonus":"THREE_ENEMY_KILL","is_daily":false,"chose_seed":false,"campfire_upgraded":2,"win_rate":0.0,"timestamp":1612203516,"path_taken":["M","?","?","?","?","E","R","$","T","?","E","M","M","M","R","BOSS"],"items_purchased_type":["Card"],"build_version":"2020-12-22","purchased_purges":0,"victory":false,"max_hp_per_floor":[75,75,75,75,75,75,75,75,75,75,75,75,75,75,75,75,75],"card_choices":[{"not_picked":["Turbo","Steam","Compile Driver"],"picked":"SKIP","floor":1.0},{"not_picked":["Sweeping Beam","Leap"],"picked":"White Noise","floor":3.0},{"not_picked":["Turbo","conspire:SharedLibrary","ReplayTheSpireMod:Dual Polarity"],"picked":"SKIP","floor":6.0},{"not_picked":["ReplayTheSpireMod:System Scan","Go for the Eyes","Reinforced Body"],"picked":"SKIP","floor":11.0},{"not_picked":["Turbo","Compile Driver"],"picked":"Core Surge","floor":12.0},{"not_picked":["Rebound","ReplaySolidLightProjector"],"picked":"Biased Cognition","floor":13.0},{"not_picked":["Steam","Ball Lightning"],"picked":"hubris:PowerSurge","floor":14.0}],"player_experience":953992,"relics_obtained":[{"floor":6.0,"key":"hubris:ToyBattleship"},{"floor":9.0,"key":"Matryoshka"},{"floor":11.0,"key":"hubris:RGBLights"}],"event_choices":[{"damage_healed":0.0,"max_hp_gain":0.0,"max_hp_loss":0.0,"gold_gain":0.0,"event_name":"Upgrade Shrine","player_choice":"Upgraded","floor":2.0,"gold_loss":0.0,"damage_taken":0.0,"cards_upgraded":["Zap"]},{"damage_healed":0.0,"max_hp_gain":0.0,"max_hp_loss":0.0,"gold_gain":0.0,"event_name":"conspire:LoneGhost","player_choice":"Disagree","floor":5.0,"gold_loss":0.0,"damage_taken":0.0},{"damage_healed":0.0,"max_hp_gain":0.0,"max_hp_loss":0.0,"gold_gain":0.0,"event_name":"Match and Keep!","player_choice":"1 cards matched","floor":10.0,"gold_loss":0.0,"damage_taken":0.0,"cards_obtained":["ReplayTheSpireMod:Trickstab"]}],"is_beta":false,"boss_relics":[],"items_purged_floors":[],"is_endless":false,"potions_floor_spawned":[3,12,14],"killed_by":"Fading Forest","ascension_level":12}}