{"host":"h77azxdx0evtsxw5","time":1612207902,"event":{"mods":["AchievementEnabler","BaseMod","Better Vampires","Minty Spire (QoL Compilation)","Quick Restart","Rare Cards Sparkle","Relic Stats"],"gold_per_floor":[110,70,89,89,89,119,44,44,44,112,147,147,185,210,210,333,333,358,12,12,12,28,28,66,66,89,89,13,13,13,37,37,166,166,184,59,59,2,22,60,60,60,85,98,98,139,32,70,70,70],"floor_reached":51,"language":"ENG","playtime":3669,"items_purged":["Strike_R","Injury","Strike_R"],"score":959,"play_id":"ed064d45-9f98-4c08-98c1-f6ab61a4035a","local_time":"20210201143142","is_ascension_mode":true,"campfire_choices":[{"data":"Searing Blow","floor":12.0,"key":"SMITH"},{"data":"Searing Blow+1","floor":15.0,"key":"SMITH"},{"floor":23.0,"key":"REST"},{"data":"Searing Blow+2","floor":25.0,"key":"SMITH"},{"data":"Searing Blow+3","floor":27.0,"key":"SMITH"},{"data":"Searing Blow+4","floor":30.0,"key":"SMITH"},{"floor":32.0,"key":"REST"},{"data":"Searing Blow+5","floor":41.0,"key":"SMITH"},{"floor":45.0,"key":"REST"},{"floor":49,"key":"REST"}],"circlet_count":0,"master_deck":["Strike_R","Strike_R","Strike_R","Defend_R+1","Defend_R","Defend_R","Defend_R","Bash","Seeing Red+1","Spot Weakness","Searing Blow+6","Demon Form","CurseOfTheBell","Shrug It Off+1","Cleave+1","Seeing Red+1","Enlightenment+1","Metallicize","Shrug It Off+1","Shrug It Off+1"],"relics":["Burning Blood","NeowsBlessing","HornCleat","Mummified Hand","Golden Idol","Happy Flower","PreservedInsect","Sundial","Calling Bell","MealTicket","Dead Branch","Toxic Egg 2","Matryoshka","Anchor","Centennial Puzzle","Potion Belt","Shovel","Sozu","War Paint","Bag of Marbles","Bag of Preparation","Ornamental Fan","Thread and Needle"],"acts_visited":["Exordium","TheCity","TheBeyond"],"potions_floor_usage":[],"damage_taken":[{"damage":0.0,"enemies":"Small Slimes","floor":1.0,"turns":1.0},{"damage":0.0,"enemies":"Jaw Worm","floor":3.0,"turns":1.0},{"damage":0.0,"enemies":"3 Sentries","floor":6.0,"turns":1.0},{"damage":35.0,"enemies":"Lagavulin","floor":11.0,"turns":6.0},{"damage":1.0,"enemies":"3 Sentries","floor":13.0,"turns":4.0},{"damage":0.0,"enemies":"2 Louse","floor":14.0,"turns":2.0},{"damage":48.0,"enemies":"Slime Boss","floor":16.0,"turns":15.0},{"damage":35.0,"enemies":"Shell Parasite","floor":18.0,"turns":6.0},{"damage":32.0,"enemies":"2 Thieves","floor":22.0,"turns":5.0},{"damage":44.0,"enemies":"Slavers","floor":24.0,"turns":5.0},{"damage":8.0,"enemies":"Chosen and Byrds","floor":31.0,"turns":5.0},{"damage":42.0,"enemies":"Champ","floor":33.0,"turns":8.0},{"damage":24.0,"enemies":"3 Darklings","floor":35.0,"turns":7.0},{"damage":3.0,"enemies":"Orb Walker","floor":39.0,"turns":4.0},{"damage":33.0,"enemies":"Nemesis","floor":40.0,"turns":5.0},{"damage":8.0,"enemies":"Writhing Mass","floor":44.0,"turns":3.0},{"damage":45.0,"enemies":"Giant Head","floor":46.0,"turns":7.0},{"damage":20,"enemies":"Nemesis","floor":48,"turns":3},{"damage":8,"enemies":"Donu and Deca","floor":50,"turns":7}],"seed_played":"-405344744844352987","potions_obtained":[{"floor":1.0,"key":"ElixirPotion"},{"floor":11.0,"key":"Explosive Potion"},{"floor":13.0,"key":"SteroidPotion"},{"floor":14.0,"key":"HeartOfIron"},{"floor":22.0,"key":"LiquidBronze"},{"floor":31.0,"key":"DuplicationPotion"},{"floor":33.0,"key":"SteroidPotion"}],"is_trial":false,"path_per_floor":["M","$","M","?","?","E","$","?","T","?","E","R","E","M","R","B",null,"M","$","?","?","M","R","E","R","T","R","$","T","R","M","R","B",null,"M","$","?","?","M","E","R","?","T","M","R","E","$","E","R","B",null],"character_chosen":"IRONCLAD","items_purchased":["Seeing Red","Matryoshka","Regen Potion","Metallicize","Shrug It Off+1"],"campfire_rested":4,"item_purchase_floors":[2,19,28,47,47],"current_hp_per_floor":[78,78,80,77,77,80,80,80,80,80,51,51,56,62,62,20,65,36,51,51,51,25,49,11,11,11,11,26,26,26,38,62,26,67,49,64,64,64,67,40,40,40,40,38,62,23,38,24,48,46],"gold":70,"neow_bonus":"THREE_ENEMY_KILL","is_daily":false,"chose_seed":false,"campfire_upgraded":6,"win_rate":0.0,"timestamp":1612207902,"path_taken":["M","$","M","?","?","E","$","?","T","?","E","R","E","M","R","BOSS","M","$","?","?","M","R","E","R","T","R","$","?","R","?","R","BOSS","M","$","?","?","?","E","R","?","T","M","R","E","?","E","R","BOSS"],"items_purchased_type":["Card","Relic","Potion","Card","Card"],"build_version":"2020-12-22","purchased_purges":3,"victory":true,"max_hp_per_floor":[80,80,80,80,80,80,80,80,80,80,80,80,80,80,80,80,80,80,80,80,80,80,80,80,80,80,80,80,80,80,80,80,80,80,80,80,80,80,80,80,80,80,80,80,80,80,80,80,80,80],"relic_stats":{"Happy Flower":[30],"counters":[19,95],"Golden Idol":151,"Dead Branch":[22],"PreservedInsect":290,"Bag of Preparation":[8],"War Paint":["Seeing Red","Defend_R"],"Burning Blood":107,"Sozu":2,"Centennial Puzzle":[27],"Shovel":0,"Mummified Hand":[21],"Sundial":[16],"Ornamental Fan":[8],"MealTicket":60,"obtain_stats":[{"Potion Belt":29,"NeowsBlessing":0,"Happy Flower":9,"Golden Idol":8,"Dead Branch":17,"Thread and Needle":48,"PreservedInsect":11,"Bag of Preparation":43,"War Paint":38,"Burning Blood":0,"Calling Bell":17,"Sozu":34,"Anchor":24,"Centennial Puzzle":26,"HornCleat":4,"Matryoshka":19,"Shovel":29,"Mummified Hand":6,"Sundial":13,"Ornamental Fan":46,"MealTicket":17,"Bag of Marbles":40,"Toxic Egg 2":17},{"Potion Belt":10,"NeowsBlessing":0,"Happy Flower":3,"Golden Idol":3,"Dead Branch":7,"Thread and Needle":18,"PreservedInsect":4,"Bag of Preparation":15,"War Paint":13,"Burning Blood":0,"Calling Bell":7,"Sozu":12,"Anchor":10,"Centennial Puzzle":10,"HornCleat":2,"Matryoshka":8,"Shovel":10,"Mummified Hand":3,"Sundial":5,"Ornamental Fan":17,"MealTicket":7,"Bag of Marbles":15,"Toxic Egg 2":7},{"Potion Belt":46,"NeowsBlessing":0,"Happy Flower":3,"Golden Idol":3,"Dead Branch":30,"Thread and Needle":88,"PreservedInsect":9,"Bag of Preparation":75,"War Paint":66,"Burning Blood":0,"Calling Bell":30,"Sozu":59,"Anchor":46,"Centennial Puzzle":46,"HornCleat":2,"Matryoshka":36,"Shovel":46,"Mummified Hand":3,"Sundial":13,"Ornamental Fan":85,"MealTicket":30,"Bag of Marbles":75,"Toxic Egg 2":30}]},"card_choices":[{"not_picked":["Dropkick","Thunderclap","Pommel Strike"],"picked":"SKIP","floor":1.0},{"not_picked":["Dropkick","Shrug It Off"],"picked":"Spot Weakness","floor":3.0},{"not_picked":["Sentinel","Infernal Blade"],"picked":"Searing Blow","floor":6.0},{"not_picked":["Shrug It Off","Disarm","Havoc"],"picked":"SKIP","floor":11.0},{"not_picked":["Clash","Hemokinesis","Juggernaut"],"picked":"SKIP","floor":13.0},{"not_picked":["Heavy Blade","Clothesline","Body Slam"],"picked":"SKIP","floor":14.0},{"not_picked":["Limit Break","Double Tap"],"picked":"Demon Form","floor":16.0},{"not_picked":["Headbutt+1","Dual Wield+1","Wild Strike+1"],"picked":"SKIP","floor":18.0},{"not_picked":["Body Slam","Iron Wave","Hemokinesis"],"picked":"SKIP","floor":22.0},{"not_picked":["Juggernaut","Inflame+1","Headbutt"],"picked":"SKIP","floor":24.0},{"not_picked":["Thunderclap","Cleave","Uppercut"],"picked":"SKIP","floor":31.0},{"not_picked":["Demon Form","Immolate"],"picked":"Exhume+1","floor":33.0},{"not_picked":["Power Through+1","Body Slam"],"picked":"Cleave+1","floor":35.0},{"not_picked":["Iron Wave","Clash+1","Rupture+1"],"picked":"SKIP","floor":39.0},{"not_picked":["Uppercut","Iron Wave+1"],"picked":"Seeing Red+1","floor":40.0},{"not_picked":["Clothesline+1","Shrug It Off+1","Thunderclap"],"picked":"SKIP","floor":44.0},{"not_picked":["Cleave","True Grit+1","Impervious+1"],"picked":"SKIP","floor":46.0},{"not_picked":["Inflame+1","Dark Embrace+1"],"picked":"Shrug It Off+1","floor":48}],"player_experience":283986,"relics_obtained":[{"floor":6.0,"key":"Mummified Hand"},{"floor":9.0,"key":"Happy Flower"},{"floor":11.0,"key":"PreservedInsect"},{"floor":13.0,"key":"Sundial"},{"floor":17.0,"key":"MealTicket"},{"floor":17.0,"key":"Dead Branch"},{"floor":17.0,"key":"Toxic Egg 2"},{"floor":24.0,"key":"Anchor"},{"floor":26.0,"key":"Centennial Puzzle"},{"floor":29.0,"key":"Potion Belt"},{"floor":29.0,"key":"Shovel"},{"floor":40.0,"key":"Bag of Marbles"},{"floor":43.0,"key":"Bag of Preparation"},{"floor":46.0,"key":"Ornamental Fan"},{"floor":48,"key":"Thread and Needle"}],"event_choices":[{"damage_healed":0.0,"max_hp_gain":0.0,"max_hp_loss":0.0,"gold_gain":0.0,"event_name":"Scrap Ooze","player_choice":"Success","floor":4.0,"gold_loss":0.0,"damage_taken":3.0,"relics_obtained":["HornCleat"]},{"damage_healed":0.0,"max_hp_gain":0.0,"max_hp_loss":0.0,"gold_gain":0.0,"event_name":"The Cleric","player_choice":"Leave","floor":5.0,"gold_loss":0.0,"damage_taken":0.0},{"damage_healed":0.0,"max_hp_gain":0.0,"max_hp_loss":0.0,"gold_gain":0.0,"event_name":"Golden Idol","player_choice":"Take Wound","floor":8.0,"gold_loss":0.0,"damage_taken":0.0,"relics_obtained":["Golden Idol"],"cards_obtained":["Injury"]},{"damage_healed":0.0,"max_hp_gain":0.0,"max_hp_loss":0.0,"gold_gain":68.0,"event_name":"Golden Wing","player_choice":"Gained Gold","floor":10.0,"gold_loss":0.0,"damage_taken":0.0},{"damage_healed":0.0,"max_hp_gain":0.0,"max_hp_loss":0.0,"gold_gain":0.0,"event_name":"Ghosts","player_choice":"Ignored","floor":20.0,"gold_loss":0.0,"damage_taken":0.0},{"damage_healed":0.0,"max_hp_gain":0.0,"max_hp_loss":0.0,"gold_gain":0.0,"event_name":"The Library","player_choice":"Read","floor":21.0,"gold_loss":0.0,"damage_taken":0.0,"cards_obtained":["Shrug It Off"]},{"cards_removed":["Exhume"],"damage_healed":0.0,"max_hp_gain":0.0,"max_hp_loss":0.0,"gold_gain":0.0,"event_name":"Falling","player_choice":"Removed Skill","floor":37.0,"gold_loss":0.0,"damage_taken":0.0},{"damage_healed":0.0,"max_hp_gain":0.0,"max_hp_loss":0.0,"gold_gain":0.0,"event_name":"WeMeetAgain","player_choice":"Paid Gold","floor":38.0,"gold_loss":57.0,"damage_taken":0.0,"relics_obtained":["War Paint"]},{"damage_healed":0.0,"max_hp_gain":0.0,"max_hp_loss":0.0,"gold_gain":0.0,"event_name":"Match and Keep!","player_choice":"1 cards matched","floor":42.0,"gold_loss":0.0,"damage_taken":0.0,"cards_obtained":["Enlightenment"]}],"is_beta":false,"boss_relics":[{"not_picked":["Astrolabe","Cursed Key"],"picked":"Calling Bell"},{"not_picked":["Fusion Hammer","Pandora\u0027s Box"],"picked":"Sozu"}],"items_purged_floors":[7,19,36],"is_endless":false,"potions_floor_spawned":[1,11,13,14,22,31,33,39,48],"ascension_level":6}}