{"host":"ijtyqc57s6c9mbij","time":1612156677,"event":{"mods":["BaseMod","Colored Map","Downfall","Minty Spire (QoL Compilation)","StSLib"],"gold_per_floor":[0,18,18,3,15,115,140,157,57,82,29,29,44,44,60,156,156,56,68,86,86,99,111,111,103,103,103,103],"floor_reached":26,"language":"ENG","playtime":2066,"items_purged":[],"score":218,"play_id":"ec5fe227-0a01-45a2-92b0-1ed80e215737","local_time":"20210131211757","is_ascension_mode":true,"campfire_choices":[{"floor":1,"key":"RECALL"},{"floor":9,"key":"REST"},{"floor":12,"key":"REST"},{"data":"hexamod:GhostOfSpirePast","floor":18,"key":"SMITH"}],"circlet_count":0,"master_deck":["hexamod:Strike+1","hexamod:Strike+1","hexamod:Strike","hexamod:Defend","hexamod:Defend+1","hexamod:Sear+1","hexamod:Float","hexamod:RadiantFlame","hexamod:ApocalypticArmor","hexamod:RainOfEmbers+1","hexamod:ExtraCrispy+1","hexamod:SpectralSpark","hexamod:BacktrackSmack","hexamod:SoulSteal+1","hexamod:GhostOfSpirePast+1","hexamod:FirstSeal","hexamod:PowerFromBeyond","hexamod:HeatMetal","hexamod:FifthSeal","hexamod:SixthSeal","hexamod:ShieldOfDarkness","hexamod:ThirdSeal","hexamod:GhostShield+1","hexamod:FourthSeal","hexamod:SkipABeat+1","hexamod:BurningTouch","hexamod:FirstSeal","hexamod:FastForward","hexamod:Hexaguard","hexamod:SecondSeal"],"relics":["hexamod:SpiritBrand","Unceasing Top","Whetstone","downfall:HeartBlessingRed","Gremlin Horn","War Paint","hexamod:IceCube","downfall:HeartBlessingGreen","Gambling Chip"],"acts_visited":["Exordium","TheCity"],"potions_floor_usage":[10,16,16,26,26],"damage_taken":[{"damage":6,"enemies":"Jaw Worm","floor":2,"turns":3},{"damage":0,"enemies":"downfall:FleeingMerchant","floor":4,"turns":4},{"damage":0,"enemies":"Cultist","floor":5,"turns":3},{"damage":46,"enemies":"downfall:Heads","floor":6,"turns":7},{"damage":1,"enemies":"2 Louse","floor":8,"turns":2},{"damage":8,"enemies":"3 Sentries","floor":10,"turns":4},{"damage":5,"enemies":"downfall:FleeingMerchant","floor":11,"turns":4},{"damage":4,"enemies":"Blue Slaver","floor":13,"turns":3},{"damage":0,"enemies":"Gremlin Gang","floor":15,"turns":3},{"damage":13,"enemies":"IC_STATUS_ARCHETYPE","floor":16,"turns":4},{"damage":8,"enemies":"Shell Parasite","floor":19,"turns":4},{"damage":20,"enemies":"Spheric Guardian","floor":20,"turns":5},{"damage":8,"enemies":"Shelled Parasite and Fungi","floor":22,"turns":4},{"damage":3,"enemies":"Centurion and Healer","floor":23,"turns":5},{"damage":53,"enemies":"Slavers","floor":26,"turns":4}],"seed_played":"4541897577160945192","potions_obtained":[{"floor":6,"key":"GamblersBrew"},{"floor":8,"key":"ColorlessPotion"},{"floor":10,"key":"hexamod:EctoCoolerPotion"},{"floor":13,"key":"BlessingOfTheForge"},{"floor":15,"key":"AttackPotion"},{"floor":22,"key":"sneckomod:MuddlingPotion"}],"is_trial":false,"path_per_floor":["R","M","?","$","M","?","T","M","R","E","$","R","M","?","M","B",null,"R","M","M","T","M","M","T","?","E"],"character_chosen":"THE_SPIRIT","items_purchased":["hexamod:PowerFromBeyond"],"campfire_rested":2,"item_purchase_floors":[11],"current_hp_per_floor":[70,64,64,64,64,18,18,17,38,30,25,46,49,49,56,50,70,70,69,56,56,48,52,52,52,0,0,0],"gold":103,"neow_bonus":"ONE_RARE_RELIC","is_daily":false,"chose_seed":false,"campfire_upgraded":1,"win_rate":0.0,"timestamp":1612156677,"path_taken":["R","M","?","?","?","?","T","M","R","E","$","R","M","?","M","BOSS","R","M","?","?","M","M","T","?","E"],"items_purchased_type":["Card"],"build_version":"2020-12-22","purchased_purges":0,"victory":false,"max_hp_per_floor":[70,70,70,70,70,70,70,70,70,70,70,70,70,70,70,70,70,70,70,70,70,70,70,70,70,70,70,70],"card_choices":[{"not_picked":["hexamod:ThermalTransfer","hexamod:BacktrackSmack"],"picked":"hexamod:RadiantFlame","floor":2},{"not_picked":["hexamod:BurningTouch","hexamod:HeatShield"],"picked":"hexamod:RainOfEmbers","floor":4},{"not_picked":["hexamod:SuperheatedStrike","hexamod:SwordOfDarkness"],"picked":"hexamod:ExtraCrispy","floor":5},{"not_picked":["hexamod:NightmareGuise","hexamod:GhostflameInferno"],"picked":"hexamod:SpectralSpark","floor":6},{"not_picked":["hexamod:SkipABeat","hexamod:NightmareStrike"],"picked":"hexamod:SoulSteal","floor":8},{"not_picked":["hexamod:ThermalTransfer","hexamod:Haunt"],"picked":"hexamod:GhostOfSpirePast","floor":10},{"not_picked":["hexamod:GhostShield","hexamod:AdvancingGuard"],"picked":"hexamod:FirstSeal","floor":11},{"not_picked":["hexamod:HauntingEcho","hexamod:StepThrough"],"picked":"hexamod:HeatMetal","floor":13},{"not_picked":["hexamod:ShieldOfDarkness","hexamod:SuperheatedStrike","hexamod:HeatMetal"],"picked":"SKIP","floor":15},{"not_picked":["hexamod:TimeWarp","hexamod:TurnItUp"],"picked":"hexamod:FifthSeal","floor":16},{"not_picked":["hexamod:SecondSeal","hexamod:FirstSeal"],"picked":"hexamod:SixthSeal","floor":19},{"not_picked":["hexamod:FlamesFromBeyond","hexamod:Incineration"],"picked":"hexamod:ShieldOfDarkness","floor":19},{"not_picked":["hexamod:FourthSeal","hexamod:SixthSeal"],"picked":"hexamod:ThirdSeal","floor":20},{"not_picked":["hexamod:HeatMetal+1","hexamod:ExtraCrispy"],"picked":"hexamod:GhostShield+1","floor":20},{"not_picked":["hexamod:SixthSeal","hexamod:SecondSeal"],"picked":"hexamod:FourthSeal","floor":22},{"not_picked":["hexamod:Firestarter","hexamod:NightmareStrike+1"],"picked":"hexamod:SkipABeat","floor":22},{"not_picked":["hexamod:SoulSteal+1","hexamod:ChargedBarrage"],"picked":"hexamod:BurningTouch","floor":22},{"not_picked":["hexamod:SixthSeal","hexamod:FourthSeal"],"picked":"hexamod:FirstSeal","floor":23},{"not_picked":["hexamod:RainOfEmbers+1","hexamod:ApocalypticArmor"],"picked":"hexamod:FastForward","floor":23},{"not_picked":["hexamod:SwordOfDarkness+1","hexamod:FirstSeal"],"picked":"hexamod:Hexaguard","floor":23}],"player_experience":943594,"relics_obtained":[{"floor":7,"key":"Whetstone"},{"floor":10,"key":"Gremlin Horn"},{"floor":14,"key":"War Paint"},{"floor":21,"key":"Gambling Chip"}],"event_choices":[{"damage_healed":0,"gold_gain":0,"player_choice":"Relic","damage_taken":0,"max_hp_gain":0,"max_hp_loss":0,"event_name":"Wheel of Change","floor":14,"gold_loss":0}],"is_beta":false,"boss_relics":[{"not_picked":["Runic Pyramid","Tiny House"],"picked":"hexamod:IceCube"}],"items_purged_floors":[],"is_endless":false,"potions_floor_spawned":[6,8,10,13,15,22],"killed_by":"Slavers","ascension_level":1}}