{"host":"0068lo8nqxkxlxxx","time":1612156228,"event":{"mods":["2.2 Compatiblity","AchievementEnabler","Act Like it!","Aspiration","BaseMod","Better Altar","Better Match","Better Note","Better Sensory Stone","Better Skull","Better Third Choice","BetterRewards","Colored Map","Elementarium","Energized Spire","Fox Events","Friendly Minions","GifTheSpireLib","Halation","Hubris","Infinite Spire","Jedi Mod","Minty Spire (QoL Compilation)","Pale of the Ancients","Potionbrewer","Replay The Spire","Shop Mod","Somnambulant","Spikes Relics","StSLib","Stuff the Spire","The Disciple","The Jungle","The Marked","The Sage","Trackpad"],"gold_per_floor":[115,115,4,17,28,28,46,72,72,86,86,100,100,100,121,131,131,131,131],"floor_reached":18,"language":"ENG","playtime":734,"items_purged":["Strike_R"],"score":164,"play_id":"e7413bf8-24fb-4dc9-8f1c-17de832d640d","local_time":"20210201001028","is_ascension_mode":false,"campfire_choices":[{"data":"Bash","floor":6,"key":"SMITH"},{"floor":11,"key":"REST"},{"floor":17,"key":"DIG"}],"circlet_count":0,"master_deck":["Strike_R","Strike_R","Strike_R","Strike_R","Defend_R","Defend_R","Defend_R","Defend_R","Bash+1","Whirlwind","ReplayTheSpireMod:Strike From Hell","Clash","infinitespire:OneForAll","Evolve","Flex","Rage","Body Slam","Heavy Blade"],"relics":["Burning Blood","Snack Pack","halation:PinkSoulGem","Anchor","potionbrewer:MortarAndPestle","Odd Mushroom","Rawhide"],"acts_visited":["Exordium"],"potions_floor_usage":[],"damage_taken":[{"damage":7,"enemies":"Cultist","floor":1,"turns":6},{"damage":0,"enemies":"2 Louse","floor":4,"turns":2},{"damage":3,"enemies":"Jaw Worm","floor":5,"turns":4},{"damage":8,"enemies":"Red Slaver","floor":7,"turns":3},{"damage":41,"enemies":"Lagavulin","floor":8,"turns":8},{"damage":12,"enemies":"Lots of Slimes","floor":10,"turns":4},{"damage":0,"enemies":"Looter","floor":12,"turns":3},{"damage":13,"enemies":"The Mushroom Lair","floor":15,"turns":3},{"damage":16,"enemies":"Exordium Thugs","floor":16,"turns":5},{"damage":65,"enemies":"Slime Boss","floor":18,"turns":8}],"seed_played":"8800029056419982095","potions_obtained":[{"floor":5,"key":"Block Potion"},{"floor":12,"key":"FearPotion"},{"floor":16,"key":"Dexterity Potion"}],"is_trial":false,"path_per_floor":["M","?","$","M","M","R","M","E","T","M","R","M","PTL","PTL","?","M","R_BF","B"],"character_chosen":"IRONCLAD","items_purchased":["Snack Pack","Whirlwind"],"campfire_rested":1,"item_purchase_floors":[0,3],"current_hp_per_floor":[72,72,72,78,80,80,78,43,43,39,63,74,74,74,74,64,64,3,3],"gold":131,"neow_bonus":"","is_daily":false,"chose_seed":false,"campfire_upgraded":1,"win_rate":0.0,"timestamp":1612156228,"path_taken":["M","?","$","M","M","R","M","E","T","M","R","M","PTL","PTL","?","?","R_BF","BOSS"],"items_purchased_type":["Relic","Card"],"build_version":"2020-12-22","purchased_purges":1,"victory":false,"max_hp_per_floor":[80,80,80,80,80,80,80,80,80,80,80,80,80,80,80,80,80,80,80],"card_choices":[{"not_picked":["jedi:fear","Power Through","Sword Boomerang"],"picked":"SKIP","floor":1},{"not_picked":["Rampage","Iron Wave"],"picked":"ReplayTheSpireMod:Strike From Hell","floor":4},{"not_picked":["Run Through","Massacre"],"picked":"Clash","floor":5},{"not_picked":["Pommel Strike","Dropkick"],"picked":"infinitespire:OneForAll","floor":7},{"not_picked":["StuffTheSpire:RockThrow","Invigoration"],"picked":"Evolve","floor":8},{"not_picked":["StuffTheSpire:Incineration","Massacre"],"picked":"Flex","floor":10},{"not_picked":["Havoc","Armaments"],"picked":"Rage","floor":12},{"not_picked":["Cleave","Absolvement"],"picked":"Body Slam","floor":15},{"not_picked":["infinitespire:OneForAll","ReplayReversal"],"picked":"Heavy Blade","floor":16}],"player_experience":96986,"relics_obtained":[{"floor":8,"key":"Anchor"},{"floor":9,"key":"potionbrewer:MortarAndPestle"},{"floor":15,"key":"Odd Mushroom"},{"floor":17,"key":"Rawhide"}],"event_choices":[{"damage_healed":0,"gold_gain":0,"player_choice":"Fought Mushrooms","damage_taken":0,"max_hp_gain":0,"max_hp_loss":0,"event_name":"Mushrooms","floor":15,"gold_loss":0}],"is_beta":false,"boss_relics":[],"items_purged_floors":[3],"is_endless":false,"potions_floor_spawned":[5,12,16],"killed_by":"Slime Boss","ascension_level":0}}