{"host":"avjwtc49fhlk6kym","time":1612207172,"event":{"mods":["AchievementEnabler","BaseMod","Better Match","Better Note","Better Third Choice","Colored Map","Colored Powertips","Displayed Cursed Tome","Highlight Path","Minty Spire (QoL Compilation)","Permanent Neow","Quick Restart","StSLib"],"gold_per_floor":[113,124,124,124,141,141,141,151,151,164,164,199,199,213,213,308,308,328,328,24,24,44,44,59,59,84,102,102,102],"floor_reached":28,"language":"ENG","playtime":883,"items_purged":["Defend_P"],"score":220,"play_id":"2bf6c874-b7af-46eb-b255-1d3f3c2a0452","local_time":"20210201141932","is_ascension_mode":false,"campfire_choices":[{"floor":6,"key":"REST"},{"data":"BattleHymn","floor":11,"key":"SMITH"},{"floor":13,"key":"REST"},{"data":"Establishment","floor":15,"key":"SMITH"},{"data":"Trip","floor":23,"key":"SMITH"},{"floor":25,"key":"REST"}],"circlet_count":0,"master_deck":["Strike_P","Strike_P","Defend_P","Defend_P","Eruption","Vigilance","Trip+1","PathToVictory","Judgement","CrushJoints","BattleHymn+1","Evaluate","Establishment+1","DeusExMachina","WheelKick","Discovery","EmptyFist","FlurryOfBlows","ThirdEye","Nirvana","CutThroughFate"],"relics":["PureWater","Bronze Scales","Omamori","Juzu Bracelet","SacredBark","Medical Kit","Damaru"],"acts_visited":["Exordium","TheCity"],"potions_floor_usage":[5,12,22,22,27,28],"damage_taken":[{"damage":4,"enemies":"Cultist","floor":1,"turns":4},{"damage":6,"enemies":"2 Louse","floor":2,"turns":3},{"damage":2,"enemies":"Small Slimes","floor":5,"turns":2},{"damage":10,"enemies":"Exordium Thugs","floor":8,"turns":3},{"damage":0,"enemies":"3 Louse","floor":10,"turns":2},{"damage":13,"enemies":"3 Sentries","floor":12,"turns":5},{"damage":8,"enemies":"Red Slaver","floor":14,"turns":2},{"damage":14,"enemies":"The Guardian","floor":16,"turns":6},{"damage":16,"enemies":"Spheric Guardian","floor":18,"turns":4},{"damage":12,"enemies":"2 Thieves","floor":22,"turns":3},{"damage":31,"enemies":"Snake Plant","floor":24,"turns":4},{"damage":12,"enemies":"3 Cultists","floor":27,"turns":6},{"damage":27,"enemies":"Slavers","floor":28,"turns":2}],"seed_played":"1489773816559752001","potions_obtained":[{"floor":2,"key":"Fire Potion"},{"floor":10,"key":"DistilledChaos"},{"floor":12,"key":"Strength Potion"},{"floor":16,"key":"Energy Potion"},{"floor":24,"key":"StancePotion"},{"floor":27,"key":"Energy Potion"}],"is_trial":false,"path_per_floor":["M","M","T","?","M","R","?","M","T","M","R","E","R","M","R","B",null,"M","?","$","?","M","R","M","R","T","M","E"],"character_chosen":"WATCHER","items_purchased":["Medical Kit","Discovery"],"campfire_rested":3,"item_purchase_floors":[20,20],"current_hp_per_floor":[68,62,62,37,35,56,56,46,46,46,46,33,54,46,46,32,72,56,56,56,56,44,44,13,34,34,22,0,0],"gold":102,"neow_bonus":"RANDOM_COLORLESS","is_daily":false,"chose_seed":false,"campfire_upgraded":3,"win_rate":0.0,"timestamp":1612207172,"path_taken":["M","M","?","?","M","R","?","M","T","?","R","E","R","M","R","BOSS","M","?","$","?","M","R","M","R","T","M","E"],"items_purchased_type":["Relic","Card"],"build_version":"2020-12-22","purchased_purges":1,"victory":false,"max_hp_per_floor":[72,72,72,72,72,72,72,72,72,72,72,72,72,72,72,72,72,72,72,72,72,72,72,72,72,72,72,72,72],"card_choices":[{"not_picked":["Blind","Swift Strike"],"picked":"Trip","floor":0},{"not_picked":["Swivel","EmptyFist"],"picked":"PathToVictory","floor":1},{"not_picked":["Collect","Tantrum","EmptyBody"],"picked":"SKIP","floor":2},{"not_picked":["Tantrum","EmptyFist"],"picked":"Judgement","floor":5},{"not_picked":["Prostrate","BowlingBash"],"picked":"CrushJoints","floor":8},{"not_picked":["EmptyFist","FearNoEvil"],"picked":"BattleHymn","floor":10},{"not_picked":["MentalFortress","Prostrate"],"picked":"Evaluate","floor":12},{"not_picked":["ReachHeaven","Collect"],"picked":"Establishment","floor":14},{"not_picked":["Establishment","ConjureBlade"],"picked":"DeusExMachina","floor":16},{"not_picked":["CrushJoints","Crescendo+1"],"picked":"WheelKick","floor":18},{"not_picked":["SashWhip","Evaluate+1"],"picked":"ThirdEye","floor":22},{"not_picked":["WheelKick","Perseverance"],"picked":"Nirvana","floor":24},{"not_picked":["Nirvana","WaveOfTheHand"],"picked":"CutThroughFate","floor":27}],"player_experience":425772,"relics_obtained":[{"floor":9,"key":"Omamori"},{"floor":12,"key":"Juzu Bracelet"},{"floor":26,"key":"Damaru"}],"event_choices":[{"damage_healed":0,"gold_gain":0,"player_choice":"Relic ","damage_taken":25,"max_hp_gain":0,"max_hp_loss":0,"event_name":"betterThird:BetterScrap","floor":4,"gold_loss":0,"cards_obtained":["Heel Hook"]},{"cards_removed":["Defend_P"],"damage_healed":0,"gold_gain":0,"player_choice":"Card Removal","damage_taken":0,"max_hp_gain":0,"max_hp_loss":0,"event_name":"Wheel of Change","floor":7,"gold_loss":0},{"cards_removed":["Strike_P"],"damage_healed":0,"gold_gain":0,"player_choice":"Give","damage_taken":0,"max_hp_gain":0,"max_hp_loss":0,"event_name":"betterNote:BetterNote","floor":19,"gold_loss":0,"cards_obtained":["Defend_P"]},{"damage_healed":0,"gold_gain":0,"cards_transformed":["Strike_P","Strike_P"],"player_choice":"Became Test Subject","damage_taken":0,"max_hp_gain":0,"max_hp_loss":0,"event_name":"Drug Dealer","floor":21,"gold_loss":0,"cards_obtained":["EmptyFist","FlurryOfBlows"]}],"is_beta":false,"boss_relics":[{"not_picked":["Busted Crown","Ectoplasm"],"picked":"SacredBark"}],"items_purged_floors":[20],"is_endless":false,"potions_floor_spawned":[2,10,12,16,24,27],"killed_by":"Slavers","ascension_level":0}}