{"host":"uonldg9uriwfhjjx","time":1612204762,"event":{"mods":["AchievementEnabler","BaseMod","Colored Map","Colored Powertips","Curses Come First","Highlight Path","Minty Spire (QoL Compilation)","Rare Cards Sparkle","Relic Stats","StSLib","The Cursed","The Marked"],"gold_per_floor":[119,69,79,4,14,14,49,49,49,80,50,50,84,84,84,183,183,203,6,26,26,26,26,59,69,69,69,15,42,53,53,53],"floor_reached":31,"language":"ENG","playtime":1334,"items_purged":["TheCursedMod:Defend_TheCursed","TheCursedMod:Defend_TheCursed"],"score":461,"play_id":"3d15b9ae-2057-4b18-8997-dfd9cf65e7a6","local_time":"20210201133922","is_ascension_mode":true,"campfire_choices":[{"data":"TheCursedMod:AntiAging","floor":6.0,"key":"SMITH"},{"data":"TheCursedMod:VoidForm","floor":12.0,"key":"SMITH"},{"floor":15.0,"key":"REST"},{"floor":23.0,"key":"REST"},{"floor":27.0,"key":"REST"}],"circlet_count":0,"master_deck":["TheCursedMod:Strike_TheCursed","TheCursedMod:Strike_TheCursed","TheCursedMod:Strike_TheCursed","TheCursedMod:Defend_TheCursed","TheCursedMod:Defend_TheCursed","TheCursedMod:CursedWand","TheCursedMod:CleanUpWorkshop","TheCursedMod:Dregs","TheCursedMod:VoidForm+1","TheCursedMod:Hemoplague","TheCursedMod:AntiAging+1","TheCursedMod:SmokeScreen","TheCursedMod:LuckyCharm","TheCursedMod:VoidForm","TheCursedMod:SpitefulPray","TheCursedMod:CollectTribute","TheCursedMod:Evocation","TheCursedMod:HellsGateOpen","TheCursedMod:WearCloak","Pain","TheCursedMod:Grudge","TheCursedMod:SurpriseAttack+1"],"relics":["TheCursedMod:BlackMagic101","Singing Bowl","White Beast Statue","Bag of Marbles","Bag of Preparation","Philosopher\u0027s Stone","Nilry\u0027s Codex","WarpedTongs","TheCursedMod:Tack","Molten Egg 2","Pear"],"acts_visited":["Exordium","TheCity"],"potions_floor_usage":[31],"damage_taken":[{"damage":4.0,"enemies":"2 Louse","floor":1.0,"turns":4.0},{"damage":0.0,"enemies":"Cultist","floor":3.0,"turns":3.0},{"damage":1.0,"enemies":"Small Slimes","floor":5.0,"turns":4.0},{"damage":20.0,"enemies":"Gremlin Nob","floor":7.0,"turns":5.0},{"damage":0.0,"enemies":"Lagavulin","floor":10.0,"turns":5.0},{"damage":7.0,"enemies":"Looter","floor":11.0,"turns":4.0},{"damage":32.0,"enemies":"Gremlin Nob","floor":13.0,"turns":6.0},{"damage":0.0,"enemies":"Exordium Thugs","floor":14.0,"turns":2.0},{"damage":44.0,"enemies":"The Guardian","floor":16.0,"turns":9.0},{"damage":4.0,"enemies":"Chosen","floor":18.0,"turns":6.0},{"damage":25.0,"enemies":"2 Thieves","floor":20.0,"turns":5.0},{"damage":36.0,"enemies":"Book of Stabbing","floor":24.0,"turns":5.0},{"damage":6.0,"enemies":"Shelled Parasite and Fungi","floor":25.0,"turns":5.0},{"damage":66.0,"enemies":"Slavers","floor":29.0,"turns":6.0},{"damage":19.0,"enemies":"Snecko","floor":30.0,"turns":5.0},{"damage":8,"enemies":"Colosseum Slavers","floor":31,"turns":2}],"seed_played":"-7328768058265813803","potions_obtained":[{"floor":1.0,"key":"SteroidPotion"},{"floor":5.0,"key":"PowerPotion"},{"floor":10.0,"key":"Regen Potion"},{"floor":11.0,"key":"Swift Potion"},{"floor":13.0,"key":"SmokeBomb"},{"floor":16.0,"key":"PowerPotion"},{"floor":24.0,"key":"FearPotion"},{"floor":25.0,"key":"FearPotion"},{"floor":29.0,"key":"Fruit Juice"},{"floor":30.0,"key":"LiquidMemories"}],"is_trial":false,"path_per_floor":["M","?","M","$","M","R","E","?","T","E","M","R","E","M","R","B",null,"M","$","M","?","?","R","E","M","T","R","$","E","M","?"],"character_chosen":"THE_CURSED","items_purchased":["TheCursedMod:HellsGateOpen","TheCursedMod:WearCloak","TheCursedMod:SurpriseAttack+1"],"campfire_rested":3,"item_purchase_floors":[19,19,28],"current_hp_per_floor":[64,64,64,64,65,65,48,48,48,51,46,46,17,20,45,4,66,65,65,45,29,29,57,38,37,37,67,67,21,4,0,0],"gold":53,"neow_bonus":"THREE_RARE_CARDS","is_daily":false,"chose_seed":false,"campfire_upgraded":2,"win_rate":0.0,"timestamp":1612204762,"path_taken":["M","?","M","$","M","R","E","?","T","E","?","R","E","M","R","BOSS","M","$","M","?","?","R","E","?","T","R","$","E","M","?"],"items_purchased_type":["Card","Card","Card"],"build_version":"2020-12-22","purchased_purges":2,"victory":false,"max_hp_per_floor":[68,68,68,68,70,70,73,73,73,76,78,78,81,84,84,87,87,90,90,95,95,95,95,98,103,103,103,103,123,125,128,128],"relic_stats":{"Singing Bowl":10,"counters":[16,76],"Bag of Preparation":[18],"obtain_stats":[{"TheCursedMod:BlackMagic101":0,"Pear":29,"Singing Bowl":7,"Nilry\u0027s Codex":21,"TheCursedMod:Tack":24,"Philosopher\u0027s Stone":17,"Molten Egg 2":26,"Bag of Marbles":10,"Bag of Preparation":13,"White Beast Statue":9,"WarpedTongs":22},{"TheCursedMod:BlackMagic101":0,"Pear":14,"Singing Bowl":4,"Nilry\u0027s Codex":11,"TheCursedMod:Tack":12,"Philosopher\u0027s Stone":9,"Molten Egg 2":13,"Bag of Marbles":5,"Bag of Preparation":7,"White Beast Statue":4,"WarpedTongs":11},{"TheCursedMod:BlackMagic101":0,"Pear":69,"Singing Bowl":16,"Nilry\u0027s Codex":53,"TheCursedMod:Tack":58,"Philosopher\u0027s Stone":42,"Molten Egg 2":63,"Bag of Marbles":21,"Bag of Preparation":31,"White Beast Statue":16,"WarpedTongs":53}],"WarpedTongs":[23]},"card_choices":[{"not_picked":["TheCursedMod:ManaCirculation","TheCursedMod:DemonSword"],"picked":"TheCursedMod:VoidForm","floor":0.0},{"not_picked":["TheCursedMod:VitalStrike","TheCursedMod:TacticalStrike"],"picked":"TheCursedMod:Hemoplague","floor":1.0},{"not_picked":["TheCursedMod:CursedShiv","TheCursedMod:SpitefulStrike"],"picked":"TheCursedMod:AntiAging","floor":3.0},{"not_picked":["TheCursedMod:Obscuration","TheCursedMod:Stretching"],"picked":"TheCursedMod:SmokeScreen","floor":5.0},{"not_picked":["TheCursedMod:Wield","TheCursedMod:CursedSpellbook"],"picked":"TheCursedMod:LuckyCharm","floor":7.0},{"not_picked":["TheCursedMod:SaltUponWound","TheCursedMod:ReleasedKnowledge"],"picked":"TheCursedMod:VoidForm","floor":10.0},{"not_picked":["TheCursedMod:CursedMace","TheCursedMod:EmpowerCircles","TheCursedMod:FleshFromBone"],"picked":"Singing Bowl","floor":11.0},{"not_picked":["TheCursedMod:SoulCrush","TheCursedMod:VitalStrike"],"picked":"TheCursedMod:SpitefulPray","floor":13.0},{"not_picked":["TheCursedMod:UltimatePain","TheCursedMod:OutForBlood"],"picked":"TheCursedMod:CollectTribute","floor":16.0},{"not_picked":["TheCursedMod:Wield","TheCursedMod:SmokeScreen"],"picked":"TheCursedMod:Evocation","floor":18.0},{"not_picked":["TheCursedMod:SmokeScreen+1","TheCursedMod:CursedMace","TheCursedMod:CircleOfFlame+1"],"picked":"Singing Bowl","floor":20.0},{"not_picked":["TheCursedMod:EmpowerCircles","TheCursedMod:CircleOfCorruption"],"picked":"TheCursedMod:Grudge","floor":24.0},{"not_picked":["TheCursedMod:AbyssShockwave","TheCursedMod:RavingStaff+1","TheCursedMod:AshesToAshes+1"],"picked":"Singing Bowl","floor":25.0},{"not_picked":["TheCursedMod:Stretching+1","TheCursedMod:CursedBlade+1","TheCursedMod:ParallelWorld"],"picked":"Singing Bowl","floor":29.0},{"not_picked":["TheCursedMod:DoubleShield","TheCursedMod:CursedAmulet","TheCursedMod:Stigma+1"],"picked":"Singing Bowl","floor":30.0}],"player_experience":828512,"relics_obtained":[{"floor":7.0,"key":"Singing Bowl"},{"floor":9.0,"key":"White Beast Statue"},{"floor":10.0,"key":"Bag of Marbles"},{"floor":13.0,"key":"Bag of Preparation"},{"floor":21.0,"key":"Nilry\u0027s Codex"},{"floor":24.0,"key":"TheCursedMod:Tack"},{"floor":26.0,"key":"Molten Egg 2"},{"floor":29.0,"key":"Pear"}],"event_choices":[{"cards_removed":["TheCursedMod:Strike_TheCursed"],"damage_healed":0.0,"max_hp_gain":0.0,"max_hp_loss":0.0,"gold_gain":0.0,"event_name":"The Cleric","player_choice":"Card Removal","floor":2.0,"gold_loss":50.0,"damage_taken":0.0},{"damage_healed":0.0,"max_hp_gain":0.0,"max_hp_loss":0.0,"gold_gain":0.0,"event_name":"Fountain of Cleansing","player_choice":"Ignored","floor":8.0,"gold_loss":0.0,"damage_taken":0.0},{"damage_healed":0.0,"max_hp_gain":0.0,"max_hp_loss":0.0,"gold_gain":0.0,"event_name":"Cursed Tome","player_choice":"Obtained Book","floor":21.0,"gold_loss":0.0,"damage_taken":16.0},{"damage_healed":0.0,"max_hp_gain":0.0,"max_hp_loss":0.0,"gold_gain":0.0,"event_name":"Accursed Blacksmith","player_choice":"Rummage","floor":22.0,"gold_loss":0.0,"damage_taken":0.0,"relics_obtained":["WarpedTongs"],"cards_obtained":["Pain"]},{"damage_healed":0,"gold_gain":0,"player_choice":"Fight","damage_taken":0,"max_hp_gain":0,"max_hp_loss":0,"event_name":"Colosseum","floor":31,"gold_loss":0}],"is_beta":false,"boss_relics":[{"not_picked":["Fusion Hammer","Ectoplasm"],"picked":"Philosopher\u0027s Stone"}],"items_purged_floors":[4,19],"is_endless":false,"potions_floor_spawned":[1,5,10,11,13,14,16,18,20,24,25,29,30],"killed_by":"Colosseum Slavers","ascension_level":6}}