{"host":"ml2ro5l6hu6y0pll","time":1612144530,"event":{"mods":["AchievementEnabler","BaseMod","Colored Map","Colored Powertips","Custom Start","Googly Eyes","Minty Spire (QoL Compilation)","Quick Restart","Rare Cards Sparkle","Relic Stats","Reliquary","StSLib","everything is the same but u backflip on backflip"],"gold_per_floor":[109,109,109,125,135,164,164,189,212,212,244,254,270,299,299,377,377,397,135,135,135,153,153,187,199,211,249,261,286,298,339,351,442,454,480,271,281,261,275,307,307,338,338,370,420,420,430,444,444,444,444,444,444,195,229,229],"floor_reached":57,"language":"ENG","playtime":3117,"items_purged":["Strike_R"],"score":3127,"play_id":"d0a82190-0a42-49ed-b387-0c1caa54ac2a","local_time":"20210201015530","daily_mods":["Elite Swarm"],"is_ascension_mode":true,"campfire_choices":[{"data":"Whirlwind","floor":7.0,"key":"SMITH"},{"data":"Uppercut","floor":10.0,"key":"SMITH"},{"data":"Feed","floor":15.0,"key":"SMITH"},{"data":"Impervious","floor":23,"key":"SMITH"},{"data":"Dual Wield","floor":25,"key":"SMITH"},{"data":"Feed","floor":32,"key":"SMITH"},{"data":"Limit Break","floor":46,"key":"SMITH"},{"floor":49,"key":"RECALL"},{"data":"Demon Form","floor":53,"key":"SMITH"}],"circlet_count":0,"master_deck":["Limit Break+1","Shrug It Off","Defend_R+1","Defend_R+1","Defend_R+1","Defend_R+1","Bash","Strike_R+1","Strike_R+1","Uppercut+1","Whirlwind+1","Carnage+1","Impervious+1","Feed+1","Reaper","Barricade+1","Dark Embrace+1","Impervious","Dual Wield+1","Feed+1","True Grit+1","Flame Barrier","Impervious","Demon Form+1","Limit Break+1","Demon Form"],"relics":["Burning Blood","Membership Card","Mummified Hand","Snecko Eye","Regal Pillow","reliquary:SilkGlove","Paper Frog","Nunchaku","Mark of Pain","Bottled Flame","MawBank","reliquary:PurpleTingedLeaf","White Beast Statue","reliquary:Buckler","Cursed Key","Sling","reliquary:Buckler","Happy Flower","Potion Belt","reliquary:WeakTea","reliquary:MedicineBall","Orichalcum","Self Forming Clay"],"acts_visited":["Exordium","TheCity","TheBeyond","TheEnding"],"potions_floor_usage":[24,29,33,33,33,35,37,37,39,40,40,56],"damage_taken":[{"damage":9.0,"enemies":"Jaw Worm","floor":1.0,"turns":4.0},{"damage":0.0,"enemies":"Cultist","floor":4.0,"turns":2.0},{"damage":0.0,"enemies":"2 Louse","floor":5.0,"turns":1.0},{"damage":0.0,"enemies":"Gremlin Nob","floor":6.0,"turns":3.0},{"damage":7.0,"enemies":"Lagavulin","floor":8.0,"turns":4.0},{"damage":5.0,"enemies":"3 Sentries","floor":11.0,"turns":5.0},{"damage":9.0,"enemies":"Blue Slaver","floor":12.0,"turns":3.0},{"damage":6.0,"enemies":"Red Slaver","floor":13.0,"turns":6.0},{"damage":0.0,"enemies":"Gremlin Nob","floor":14.0,"turns":2.0},{"damage":7.0,"enemies":"The Guardian","floor":16.0,"turns":8.0},{"damage":0.0,"enemies":"3 Byrds","floor":18.0,"turns":3.0},{"damage":0,"enemies":"Chosen","floor":22,"turns":5},{"damage":0,"enemies":"Slavers","floor":24,"turns":3},{"damage":3,"enemies":"Book of Stabbing","floor":27,"turns":6},{"damage":6,"enemies":"3 Cultists","floor":29,"turns":3},{"damage":20,"enemies":"Slavers","floor":31,"turns":6},{"damage":75,"enemies":"Collector","floor":33,"turns":10},{"damage":2,"enemies":"3 Shapes","floor":35,"turns":5},{"damage":11,"enemies":"3 Darklings","floor":37,"turns":5},{"damage":39,"enemies":"Sphere and 2 Shapes","floor":39,"turns":12},{"damage":0,"enemies":"Giant Head","floor":40,"turns":8},{"damage":0,"enemies":"Reptomancer","floor":42,"turns":6},{"damage":20,"enemies":"Giant Head","floor":44,"turns":6},{"damage":0,"enemies":"Jaw Worm Horde","floor":47,"turns":4},{"damage":8,"enemies":"Transient","floor":48,"turns":6},{"damage":34,"enemies":"Donu and Deca","floor":50,"turns":9},{"damage":43,"enemies":"Time Eater","floor":51,"turns":9},{"damage":17,"enemies":"Shield and Spear","floor":55,"turns":7},{"damage":110,"enemies":"The Heart","floor":56,"turns":10}],"seed_played":"-9035807499425467252","potions_obtained":[{"floor":3.0,"key":"Explosive Potion"},{"floor":3.0,"key":"BloodPotion"},{"floor":4.0,"key":"EntropicBrew"},{"floor":8.0,"key":"Dexterity Potion"},{"floor":11.0,"key":"PowerPotion"},{"floor":14.0,"key":"AttackPotion"},{"floor":16.0,"key":"BlessingOfTheForge"},{"floor":22,"key":"SteroidPotion"},{"floor":24,"key":"SpeedPotion"},{"floor":27,"key":"Strength Potion"},{"floor":29,"key":"LiquidMemories"},{"floor":33,"key":"AttackPotion"},{"floor":35,"key":"DistilledChaos"},{"floor":37,"key":"Swift Potion"},{"floor":39,"key":"Block Potion"},{"floor":40,"key":"BlessingOfTheForge"},{"floor":42,"key":"Fire Potion"},{"floor":44,"key":"Dexterity Potion"},{"floor":47,"key":"ElixirPotion"}],"is_trial":true,"path_per_floor":["M","?","?","M","M","E","R","E","T","R","E","M","M","E","R","B",null,"M","$","?","?","M","R","E","R","T","E","$","M","$","E","R","B",null,"M","$","M","?","M","E","?","E","T","E","?","R","M","M","R","B","B",null,"R","$","E","B",null],"character_chosen":"IRONCLAD","items_purchased":["Bottled Flame","Impervious","Sling","reliquary:SculptingSteel","reliquary:MedicineBall","SteroidPotion","Orichalcum"],"campfire_rested":0,"item_purchase_floors":[19,19,36,36,54,54,54],"current_hp_per_floor":[65,70,70,76,80,80,80,79,79,79,80,80,83,86,86,89,90,94,94,94,94,98,98,102,102,102,106,106,113,113,112,112,88,115,128,128,136,136,115,128,128,148,148,139,139,139,160,160,160,164,158,166,166,166,176,176],"gold":229,"neow_bonus":"","is_daily":false,"chose_seed":false,"campfire_upgraded":8,"win_rate":0.0,"timestamp":1612144530,"path_taken":["M","?","?","M","M","E","R","E","T","R","E","?","M","E","R","BOSS","M","$","?","?","M","R","E","R","T","E","$","M","?","E","R","BOSS","M","$","M","?","?","E","?","E","T","E","?","R","?","M","R","BOSS","BOSS","R","$","E","BOSS"],"items_purchased_type":["Relic","Card","Relic","Relic","Relic","Potion","Relic"],"build_version":"2020-12-22","purchased_purges":1,"victory":true,"max_hp_per_floor":[75,80,80,80,80,80,80,80,80,80,80,83,86,86,86,90,90,94,94,94,94,98,98,102,102,102,106,106,113,113,120,120,124,124,132,132,136,136,144,148,148,148,148,152,152,152,160,160,160,164,168,168,168,168,176,176],"relic_stats":{"Regal Pillow":0,"Nunchaku":[22],"Happy Flower":[19],"counters":[29,161],"Mummified Hand":[89],"Self Forming Clay":[63],"Snecko Eye":[269,276,292,245],"Orichalcum":[6],"MawBank":144,"Cursed Key":0,"obtain_stats":[{"Potion Belt":42,"Regal Pillow":6,"reliquary:SilkGlove":8,"Happy Flower":40,"Self Forming Clay":55,"reliquary:WeakTea":44,"Orichalcum":54,"MawBank":24,"Cursed Key":34,"Sling":36,"Burning Blood":0,"White Beast Statue":27,"Nunchaku":14,"Bottled Flame":19,"Mummified Hand":0,"Snecko Eye":0,"reliquary:Buckler":31,"Mark of Pain":17,"reliquary:SculptingSteel":36,"reliquary:MedicineBall":54,"Membership Card":0,"reliquary:PurpleTingedLeaf":26,"Paper Frog":11},{"Potion Belt":22,"Regal Pillow":4,"reliquary:SilkGlove":5,"Happy Flower":21,"Self Forming Clay":28,"reliquary:WeakTea":23,"Orichalcum":27,"MawBank":13,"Cursed Key":17,"Sling":18,"Burning Blood":0,"White Beast Statue":14,"Nunchaku":9,"Bottled Flame":11,"Mummified Hand":0,"Snecko Eye":0,"reliquary:Buckler":16,"Mark of Pain":10,"reliquary:SculptingSteel":18,"reliquary:MedicineBall":27,"Membership Card":0,"reliquary:PurpleTingedLeaf":13,"Paper Frog":6},{"Potion Belt":110,"Regal Pillow":10,"reliquary:SilkGlove":14,"Happy Flower":104,"Self Forming Clay":151,"reliquary:WeakTea":116,"Orichalcum":144,"MawBank":49,"Cursed Key":74,"Sling":79,"Burning Blood":0,"White Beast Statue":55,"Nunchaku":30,"Bottled Flame":41,"Mummified Hand":0,"Snecko Eye":0,"reliquary:Buckler":64,"Mark of Pain":38,"reliquary:SculptingSteel":79,"reliquary:MedicineBall":144,"Membership Card":0,"reliquary:PurpleTingedLeaf":49,"Paper Frog":19}],"Burning Blood":101},"card_choices":[{"not_picked":["Wild Strike","Twin Strike","True Grit"],"picked":"SKIP","floor":1.0},{"not_picked":["Whirlwind","Second Wind"],"picked":"Carnage","floor":4.0},{"not_picked":["Heavy Blade","Combust","Havoc"],"picked":"SKIP","floor":5.0},{"not_picked":["Double Tap","Limit Break"],"picked":"Impervious","floor":6.0},{"not_picked":["Double Tap","Exhume","Juggernaut"],"picked":"SKIP","floor":8.0},{"not_picked":["Limit Break","Reaper"],"picked":"Feed","floor":11.0},{"not_picked":["Infernal Blade","Havoc","Combust"],"picked":"SKIP","floor":12.0},{"not_picked":["Flex","Armaments","Heavy Blade"],"picked":"SKIP","floor":13.0},{"not_picked":["Brutality","Double Tap"],"picked":"Reaper","floor":14.0},{"not_picked":["Limit Break","Berserk"],"picked":"Barricade","floor":16.0},{"not_picked":["Rupture","Anger"],"picked":"Dark Embrace","floor":18.0},{"not_picked":["Rampage","Wild Strike+1","Armaments"],"picked":"SKIP","floor":22},{"not_picked":["Reaper","Immolate","Brutality"],"picked":"SKIP","floor":24},{"not_picked":["Corruption","Bludgeon"],"picked":"Feed","floor":27},{"not_picked":["Shrug It Off","Second Wind"],"picked":"True Grit+1","floor":29},{"not_picked":["Exhume","Berserk","Corruption"],"picked":"SKIP","floor":31},{"not_picked":["Twin Strike","Warcry","Sentinel"],"picked":"SKIP","floor":35},{"not_picked":["Battle Trance","Reckless Charge+1","Havoc"],"picked":"SKIP","floor":37},{"not_picked":["Corruption","Infernal Blade"],"picked":"Flame Barrier","floor":39},{"not_picked":["Limit Break","Double Tap"],"picked":"Impervious","floor":40},{"not_picked":["Bludgeon","Feed"],"picked":"Demon Form","floor":42},{"not_picked":["Feed","Offering","Limit Break"],"picked":"SKIP","floor":44},{"not_picked":["Feed","Offering"],"picked":"Limit Break","floor":44},{"not_picked":["Twin Strike","Wild Strike+1","Havoc"],"picked":"SKIP","floor":47},{"not_picked":["Sentinel","Body Slam+1","Pommel Strike"],"picked":"SKIP","floor":48},{"not_picked":["Corruption","Juggernaut"],"picked":"Demon Form","floor":55}],"player_experience":884782,"relics_obtained":[{"floor":6.0,"key":"Regal Pillow"},{"floor":8.0,"key":"reliquary:SilkGlove"},{"floor":11.0,"key":"Paper Frog"},{"floor":14.0,"key":"Nunchaku"},{"floor":24,"key":"MawBank"},{"floor":26,"key":"reliquary:PurpleTingedLeaf"},{"floor":27,"key":"White Beast Statue"},{"floor":31,"key":"reliquary:Buckler"},{"floor":40,"key":"Happy Flower"},{"floor":42,"key":"Potion Belt"},{"floor":44,"key":"reliquary:WeakTea"},{"floor":55,"key":"Self Forming Clay"}],"event_choices":[{"damage_healed":0.0,"max_hp_gain":5.0,"max_hp_loss":0.0,"gold_gain":0.0,"event_name":"Big Fish","player_choice":"Donut","floor":2.0,"gold_loss":0.0,"damage_taken":0.0},{"damage_healed":0.0,"max_hp_gain":0.0,"max_hp_loss":0.0,"gold_gain":0.0,"event_name":"Lab","player_choice":"Got Potions","floor":3.0,"gold_loss":0.0,"damage_taken":0.0},{"damage_healed":0,"gold_gain":0,"player_choice":"Read","damage_taken":0,"max_hp_gain":0,"max_hp_loss":0,"event_name":"The Library","floor":20,"gold_loss":0,"cards_obtained":["Dual Wield"]},{"damage_healed":0,"gold_gain":0,"player_choice":"Simplicity","damage_taken":0,"max_hp_gain":0,"max_hp_loss":0,"event_name":"Back to Basics","floor":21,"gold_loss":0,"cards_upgraded":["Defend_R","Defend_R","Defend_R","Defend_R","Strike_R","Strike_R"]},{"damage_healed":0,"gold_gain":0,"player_choice":"Bought 1 Potion","damage_taken":0,"max_hp_gain":0,"max_hp_loss":0,"event_name":"The Woman in Blue","floor":38,"gold_loss":0},{"cards_removed":["Pommel Strike"],"damage_healed":0,"gold_gain":0,"player_choice":"Removed Attack","damage_taken":0,"max_hp_gain":0,"max_hp_loss":0,"event_name":"Falling","floor":41,"gold_loss":0},{"damage_healed":0,"gold_gain":50,"player_choice":"Pray","damage_taken":0,"max_hp_gain":0,"max_hp_loss":0,"event_name":"Golden Shrine","floor":45,"gold_loss":0}],"is_beta":false,"boss_relics":[{"not_picked":["Philosopher\u0027s Stone","reliquary:KinkedSpring"],"picked":"Mark of Pain"},{"not_picked":["reliquary:RedPaperclip","Astrolabe"],"picked":"Cursed Key"}],"items_purged_floors":[19],"is_endless":false,"potions_floor_spawned":[4,5,8,11,14,16,22,24,27,29,31,33,35,37,39,40,42,44,47,48,55],"ascension_level":20}}