{"host":"zwezhz46a5cjkxff","time":1612155488,"event":{"mods":["AchievementEnabler","BaseMod","Colored Map","Colored Powertips","DeckTracker","Hermit","Minty Spire (QoL Compilation)","Permanent Neow","Quick Restart","Rare Cards Sparkle","Relic Stats","Robot Space Explorer","StSLib","SuperFastMode","The Hierophant","The Servant 0.9.4","Weighted Paths","slay the spire mod where everything is the same but ironclad has a cowboy hat"],"gold_per_floor":[114,126,126,146,166,166,198,198,224,4,4,18,53,73,73,73,73],"floor_reached":16,"language":"ENG","playtime":348,"items_purged":["Strike_P"],"score":162,"play_id":"426aae3a-af56-44af-8e9f-2014b116b7b7","local_time":"20210131225808","is_ascension_mode":false,"campfire_choices":[{"floor":6,"key":"RECALL"},{"data":"LessonLearned","floor":8,"key":"SMITH"},{"data":"WindmillStrike","floor":11,"key":"SMITH"},{"data":"Devotion","floor":15,"key":"SMITH"}],"circlet_count":0,"master_deck":["Strike_P+1","Strike_P+1","Strike_P+1","Defend_P+1","Defend_P+1","Defend_P+1","Defend_P+1","Eruption+1","Vigilance","LessonLearned+1","Conclude+1","Eruption+1","WindmillStrike+1","ThirdEye+1","Devotion+1"],"relics":["PureWater","War Paint","PreservedInsect","Pen Nib","Whetstone"],"acts_visited":["Exordium"],"potions_floor_usage":[5,16,16,16],"damage_taken":[{"damage":0,"enemies":"2 Louse","floor":1,"turns":2},{"damage":0,"enemies":"Cultist","floor":2,"turns":2},{"damage":12,"enemies":"Small Slimes","floor":4,"turns":7},{"damage":0,"enemies":"3 Louse","floor":5,"turns":1},{"damage":0,"enemies":"Gremlin Nob","floor":7,"turns":2},{"damage":2,"enemies":"Looter","floor":12,"turns":2},{"damage":0,"enemies":"Lagavulin","floor":13,"turns":4},{"damage":0,"enemies":"Exordium Wildlife","floor":14,"turns":4},{"damage":60,"enemies":"Hexaghost","floor":16,"turns":2}],"seed_played":"-6221006439024159677","potions_obtained":[{"floor":4,"key":"AttackPotion"},{"floor":5,"key":"LiquidBronze"},{"floor":13,"key":"Explosive Potion"},{"floor":14,"key":"BlessingOfTheForge"}],"is_trial":false,"path_per_floor":["M","M","?","M","M","R","E","R","T","$","R","M","E","M","R","B"],"character_chosen":"WATCHER","items_purchased":["Pen Nib"],"campfire_rested":0,"item_purchase_floors":[10],"current_hp_per_floor":[72,72,72,60,60,60,60,60,60,60,60,58,58,58,58,0,0],"gold":73,"neow_bonus":"ONE_RANDOM_RARE_CARD","is_daily":false,"chose_seed":false,"campfire_upgraded":3,"win_rate":0.0,"timestamp":1612155488,"path_taken":["M","M","?","?","M","R","E","R","T","?","R","M","E","M","R","BOSS"],"items_purchased_type":["Relic"],"build_version":"2020-12-22","purchased_purges":1,"victory":false,"max_hp_per_floor":[72,72,72,72,72,72,72,72,72,72,72,72,72,72,72,72,72],"relic_stats":{"counters":[9,26],"PreservedInsect":28,"Pen Nib":[1],"Whetstone":["Eruption"],"War Paint":["Defend_P","Defend_P"],"obtain_stats":[{"PreservedInsect":9,"Pen Nib":10,"Whetstone":13,"PureWater":0,"War Paint":7},{"PreservedInsect":5,"Pen Nib":5,"Whetstone":7,"PureWater":0,"War Paint":5},{"PreservedInsect":14,"Pen Nib":14,"Whetstone":20,"PureWater":0,"War Paint":14}]},"card_choices":[{"not_picked":["EmptyFist","ThirdEye"],"picked":"Conclude","floor":1},{"not_picked":["EmptyFist","FlyingSleeves","CrushJoints"],"picked":"SKIP","floor":2},{"not_picked":["EmptyMind","ClearTheMind"],"picked":"WindmillStrike","floor":4},{"not_picked":["FollowUp","JustLucky"],"picked":"ThirdEye","floor":5},{"not_picked":["CrushJoints","Indignation","FlyingSleeves"],"picked":"SKIP","floor":7},{"not_picked":["Consecrate","SashWhip","EmptyBody"],"picked":"SKIP","floor":12},{"not_picked":["Crescendo","ThirdEye","WaveOfTheHand"],"picked":"SKIP","floor":13},{"not_picked":["FlyingSleeves","SandsOfTime"],"picked":"Devotion","floor":14}],"player_experience":58600,"relics_obtained":[{"floor":7,"key":"War Paint"},{"floor":9,"key":"PreservedInsect"},{"floor":13,"key":"Whetstone"}],"event_choices":[{"damage_healed":0,"gold_gain":0,"player_choice":"1 cards matched","damage_taken":0,"max_hp_gain":0,"max_hp_loss":0,"event_name":"Match and Keep!","floor":3,"gold_loss":0,"cards_obtained":["Eruption"]}],"is_beta":false,"boss_relics":[],"items_purged_floors":[10],"is_endless":false,"potions_floor_spawned":[4,5,13,14],"killed_by":"Hexaghost","ascension_level":0}}