{"host":"x5w9zppki4gdwvc7","time":1612182384,"event":{"mods":["AchievementEnabler","BaseMod","Colored Powertips","DeckTracker","Minty Spire (QoL Compilation)","Relic Sorter"],"gold_per_floor":[214,234,234,244,261,288,288,50,74,74,105,105,163,192,204,314,326,352,364,376,408,420,432,444,444],"floor_reached":24,"language":"ENG","playtime":1823,"items_purged":[],"score":235,"play_id":"971cff60-9287-491b-96ad-45a2ff45b239","local_time":"20210201132624","is_ascension_mode":true,"campfire_choices":[{"floor":7,"key":"REST"},{"data":"After Image","floor":10,"key":"SMITH"},{"floor":12,"key":"REST"},{"floor":15,"key":"REST"},{"data":"Neutralize","floor":23,"key":"SMITH"}],"circlet_count":0,"master_deck":["Strike_G","Strike_G","Strike_G","Defend_G","Defend_G","Defend_G","Defend_G","Defend_G","Survivor","Neutralize+1","Footwork","Terror+1","Prepared+1","Endless Agony","After Image+1","Cloak And Dagger","Deadly Poison","Burst","Acrobatics","Envenom","Footwork"],"relics":["Ring of the Snake","Juzu Bracelet","Kunai","Strawberry","War Paint","MawBank","WristBlade"],"acts_visited":["Exordium","TheCity"],"potions_floor_usage":[5,6,11,13,16,21],"damage_taken":[{"damage":4,"enemies":"Jaw Worm","floor":1,"turns":3},{"damage":0,"enemies":"Cultist","floor":2,"turns":4},{"damage":2,"enemies":"Small Slimes","floor":4,"turns":4},{"damage":1,"enemies":"Blue Slaver","floor":5,"turns":5},{"damage":35,"enemies":"3 Sentries","floor":6,"turns":14},{"damage":49,"enemies":"Gremlin Nob","floor":11,"turns":6},{"damage":2,"enemies":"Gremlin Nob","floor":13,"turns":5},{"damage":16,"enemies":"Gremlin Gang","floor":14,"turns":6},{"damage":15,"enemies":"Hexaghost","floor":16,"turns":14},{"damage":7,"enemies":"Spheric Guardian","floor":18,"turns":8},{"damage":20,"enemies":"3 Byrds","floor":21,"turns":8},{"damage":59,"enemies":"Gremlin Leader","floor":24,"turns":7}],"seed_played":"-8848023850944969503","potions_obtained":[{"floor":1,"key":"Fire Potion"},{"floor":2,"key":"Fire Potion"},{"floor":5,"key":"Fruit Juice"},{"floor":6,"key":"AttackPotion"},{"floor":11,"key":"BlessingOfTheForge"},{"floor":18,"key":"SkillPotion"}],"is_trial":false,"path_per_floor":["M","M","?","M","M","E","R","$","T","R","E","R","?","M","R","B",null,"M","?","$","M","?","R","E"],"character_chosen":"THE_SILENT","items_purchased":["Kunai"],"campfire_rested":3,"item_purchase_floors":[8],"current_hp_per_floor":[66,66,66,64,63,28,49,49,56,56,7,30,28,12,35,25,82,75,75,75,55,55,55,0,0],"gold":444,"neow_bonus":"HUNDRED_GOLD","is_daily":false,"chose_seed":false,"campfire_upgraded":2,"win_rate":0.0,"timestamp":1612182384,"path_taken":["M","M","?","?","M","E","R","$","T","R","E","R","?","M","R","BOSS","M","?","$","M","?","R","E"],"items_purchased_type":["Relic"],"build_version":"2020-12-22","purchased_purges":0,"victory":false,"max_hp_per_floor":[70,70,70,70,70,70,70,70,77,77,77,77,77,77,77,82,82,82,82,82,82,82,82,82,82],"card_choices":[{"not_picked":["Underhanded Strike","Accuracy"],"picked":"Footwork","floor":1},{"not_picked":["Sucker Punch","Accuracy"],"picked":"Terror","floor":2},{"not_picked":["Cloak And Dagger","Deflect"],"picked":"Prepared","floor":4},{"not_picked":["Bane","Tactician"],"picked":"Endless Agony","floor":5},{"not_picked":["Backflip","Deflect"],"picked":"After Image","floor":6},{"not_picked":["Flying Knee","All Out Attack"],"picked":"Cloak And Dagger","floor":11},{"not_picked":["Riddle With Holes","Backstab"],"picked":"Deadly Poison","floor":13},{"not_picked":["Leg Sweep","Poisoned Stab","Flying Knee"],"picked":"SKIP","floor":14},{"not_picked":["Night Terror","Storm of Steel"],"picked":"Burst","floor":16},{"not_picked":["Predator+1","Underhanded Strike"],"picked":"Acrobatics","floor":18},{"not_picked":["Flying Knee","Catalyst","Dagger Spray+1"],"picked":"SKIP","floor":21}],"player_experience":371820,"relics_obtained":[{"floor":6,"key":"Juzu Bracelet"},{"floor":9,"key":"Strawberry"},{"floor":11,"key":"War Paint"},{"floor":13,"key":"MawBank"}],"event_choices":[{"cards_removed":["Strike_G"],"damage_healed":0,"gold_gain":0,"player_choice":"Offered Basic","damage_taken":0,"max_hp_gain":0,"max_hp_loss":0,"event_name":"Bonfire Elementals","floor":3,"gold_loss":0},{"damage_healed":0,"gold_gain":0,"player_choice":"Searched \u00271\u0027 times","damage_taken":0,"max_hp_gain":0,"max_hp_loss":0,"event_name":"Dead Adventurer","floor":13,"gold_loss":0},{"damage_healed":0,"gold_gain":0,"cards_transformed":["Strike_G"],"player_choice":"Transformed","damage_taken":0,"max_hp_gain":0,"max_hp_loss":0,"event_name":"Transmorgrifier","floor":19,"gold_loss":0,"cards_obtained":["Envenom"]},{"damage_healed":0,"gold_gain":0,"player_choice":"Copied","damage_taken":0,"max_hp_gain":0,"max_hp_loss":0,"event_name":"Duplicator","floor":22,"gold_loss":0,"cards_obtained":["Footwork"]}],"is_beta":false,"boss_relics":[{"not_picked":["Snecko Eye","SacredBark"],"picked":"WristBlade"}],"items_purged_floors":[],"is_endless":false,"potions_floor_spawned":[1,2,5,6,11,18],"killed_by":"Gremlin Leader","ascension_level":3}}