{"host":"0fmi5fguj5lvt8pf","time":1612143731,"event":{"mods":["BaseMod","Colored Map","Curses Come First","Downfall","Minty Spire (QoL Compilation)","Permanent Neow","StSLib"],"gold_per_floor":[349,369,380,380,397,30,53,68,97,114,147,164,164,193,213,314,314,14,33,18,18,3,16,68,86,86,111,129,121,121,29,51,147,147,147,203,57,184,274,374,374,101,191,332,433,492,115,228,266,398,410,422,422,422],"floor_reached":52,"language":"ENG","playtime":4081,"items_purged":["downfall:Malfunctioning","Doubt","hexamod:Strike"],"score":826,"play_id":"b1e9de6b-73b4-4c1f-8b8e-ae27e066a869","local_time":"20210131174211","is_ascension_mode":false,"campfire_choices":[{"floor":1.0,"key":"RECALL"},{"floor":13.0,"key":"REST"},{"data":"hexamod:GhostflameInferno","floor":18.0,"key":"SMITH"},{"data":"hexamod:ForkedFlame","floor":35.0,"key":"SMITH"}],"circlet_count":0,"master_deck":["hexamod:Strike+1","hexamod:Strike+1","hexamod:Defend","hexamod:Defend+1","hexamod:Sear","hexamod:Float+1","hexamod:NightmareGuise+1","hexamod:RecurringNightmare+1","hexamod:SpectersWail","hexamod:RecurringNightmare+1","hexamod:NightmareStrike","hexamod:Hexaguard","hexamod:GhostflameBarrier","hexamod:GhostflameInferno+1","hexamod:FourthSeal","hexamod:Haunt","hexamod:HauntingEcho","hexamod:UnleashSpirits","hexamod:Hexaguard","hexamod:ThirdSeal","hexamod:GhostLash","hexamod:GhostShield","hexamod:EmpoweredFlame","hexamod:Incineration","hexamod:GhostflameInferno","hexamod:SpectersWail+1","hexamod:TimeWarp","hexamod:FirstSeal","hexamod:SecondSeal","hexamod:CatchUp+1","hexamod:EtherealExpedition","hexamod:Hexaguard","hexamod:SixthSeal","hexamod:ForkedFlame+1","hexamod:ForkedFlame+1","hexamod:FlameSwitch","expansioncontent:AwakenDeath+1"],"relics":["hexamod:SpiritBrand","hexamod:InflammatoryLetter","Peace Pipe","Bottled Flame","SlaversCollar","downfall:HeartBlessingRed","downfall:HeartBlessingGreen","downfall:HeartBlessingBlue","Pen Nib","Guardian:PocketSentry","Strawberry","downfall:KnowingSkull","bronze:DecasWashers","Busted Crown","DollysMirror","Torii","champ:DeflectingBracers","Frozen Egg 2","Lee\u0027s Waffle","hexamod:RecyclingMachine","Toy Ornithopter","MawBank"],"acts_visited":["Exordium","TheCity","TheBeyond","TheEnding"],"potions_floor_usage":[52,52],"damage_taken":[{"damage":0.0,"enemies":"2 Louse","floor":2.0,"turns":4.0},{"damage":0.0,"enemies":"Cultist","floor":3.0,"turns":3.0},{"damage":0.0,"enemies":"Small Slimes","floor":5.0,"turns":3.0},{"damage":0.0,"enemies":"downfall:FleeingMerchant","floor":6.0,"turns":4.0},{"damage":2.0,"enemies":"2 Fungi Beasts","floor":8.0,"turns":3.0},{"damage":19.0,"enemies":"Lagavulin","floor":9.0,"turns":7.0},{"damage":0.0,"enemies":"Large Slime","floor":10.0,"turns":4.0},{"damage":20.0,"enemies":"3 Sentries","floor":11.0,"turns":6.0},{"damage":4.0,"enemies":"Lots of Slimes","floor":12.0,"turns":4.0},{"damage":27.0,"enemies":"Gremlin Nob","floor":14.0,"turns":6.0},{"damage":0.0,"enemies":"Gremlin Gang","floor":15.0,"turns":4.0},{"damage":7.0,"enemies":"WA_ARCHETYPE_RETAIN","floor":16.0,"turns":7.0},{"damage":27.0,"enemies":"3 Byrds","floor":19.0,"turns":4.0},{"damage":0.0,"enemies":"downfall:FleeingMerchant","floor":20.0,"turns":4.0},{"damage":2.0,"enemies":"downfall:FleeingMerchant","floor":22.0,"turns":4.0},{"damage":5.0,"enemies":"Chosen","floor":23.0,"turns":3.0},{"damage":14.0,"enemies":"Centurion and Healer","floor":25.0,"turns":8.0},{"damage":29.0,"enemies":"Slavers","floor":27.0,"turns":7.0},{"damage":10.0,"enemies":"Snake Plant","floor":28.0,"turns":4.0},{"damage":3.0,"enemies":"downfall:FleeingMerchant","floor":31.0,"turns":1.0},{"damage":5.0,"enemies":"Shelled Parasite and Fungi","floor":32.0,"turns":4.0},{"damage":5.0,"enemies":"IC_MUSHROOM_ARCHETYPE","floor":33.0,"turns":4.0},{"damage":3.0,"enemies":"Orb Walker","floor":36.0,"turns":1.0},{"damage":23.0,"enemies":"2 Orb Walkers","floor":38.0,"turns":4.0},{"damage":3.0,"enemies":"2 Orb Walkers","floor":39.0,"turns":3.0},{"damage":6.0,"enemies":"3 Darklings","floor":43.0,"turns":3.0},{"damage":9.0,"enemies":"Transient","floor":44.0,"turns":5.0},{"damage":7.0,"enemies":"Maw","floor":45.0,"turns":6.0},{"damage":9.0,"enemies":"Spire Growth","floor":46.0,"turns":5.0},{"damage":37.0,"enemies":"Nemesis","floor":48.0,"turns":6.0},{"damage":3.0,"enemies":"Writhing Mass","floor":49.0,"turns":3.0},{"damage":37.0,"enemies":"DF_ARCHETYPE_ORBS","floor":50.0,"turns":7.0},{"damage":108,"enemies":"downfall:CharBossMerchant","floor":52,"turns":6}],"seed_played":"1507195823952948458","potions_obtained":[{"floor":2.0,"key":"LiquidBronze"},{"floor":3.0,"key":"SneckoOil"},{"floor":9.0,"key":"Energy Potion"},{"floor":12.0,"key":"Dexterity Potion"},{"floor":15.0,"key":"Fire Potion"},{"floor":16.0,"key":"hexamod:InfernoChargePotion"},{"floor":16.0,"key":"FearPotion"},{"floor":19.0,"key":"SkillPotion"},{"floor":23.0,"key":"ColorlessPotion"},{"floor":25.0,"key":"Regen Potion"},{"floor":25.0,"key":"Regen Potion"},{"floor":27.0,"key":"Weak Potion"},{"floor":27.0,"key":"GamblersBrew"},{"floor":28.0,"key":"EntropicBrew"},{"floor":32.0,"key":"BlessingOfTheForge"},{"floor":33.0,"key":"ColorlessPotion"},{"floor":33.0,"key":"Fire Potion"},{"floor":38.0,"key":"hexamod:DoubleChargePotion"},{"floor":48.0,"key":"BlessingOfTheForge"},{"floor":49.0,"key":"sneckomod:MuddlingPotion"}],"is_trial":false,"path_per_floor":["R","M","M","?","M","$","T","M","E","M","E","M","R","E","M","B",null,"R","M","$","?","$","M","T","M","?","E","M","?","?","$","M","B",null,"R","M","$","?","?","?","T","$","M","M","M","M","$","E","M","B",null,"E"],"character_chosen":"THE_SPIRIT","items_purchased":["hexamod:InflammatoryLetter","hexamod:NightmareStrike","bronze:DecasWashers","hexamod:EtherealExpedition","BlessingOfTheForge","DollysMirror","Lee\u0027s Waffle","hexamod:RecyclingMachine","Toy Ornithopter","expansioncontent:AwakenDeath"],"campfire_rested":1,"item_purchase_floors":[6,6,31,31,31,37,42,47,47,47],"current_hp_per_floor":[70,70,70,70,70,70,70,68,49,49,29,25,46,19,19,12,70,80,53,53,53,51,46,46,32,32,45,35,28,21,18,13,8,87,87,84,84,61,65,65,65,94,94,92,92,90,90,65,74,59,94,0,0,0],"gold":422,"neow_bonus":"TWO_FIFTY_GOLD","is_daily":false,"chose_seed":false,"campfire_upgraded":2,"win_rate":0.0,"timestamp":1612143731,"path_taken":["R","M","M","?","?","$","T","M","E","?","E","M","R","E","M","BOSS","R","M","$","?","?","M","T","?","?","E","M","?","?","$","M","BOSS","R","M","?","?","?","?","T","$","?","M","M","M","$","E","M","BOSS","E"],"items_purchased_type":["Relic","Card","Relic","Card","Potion","Relic","Relic","Relic","Relic","Card"],"build_version":"2020-12-22","purchased_purges":3,"victory":false,"max_hp_per_floor":[70,70,70,70,70,70,70,70,70,70,70,70,70,70,70,70,70,80,80,80,80,80,80,80,80,80,87,87,87,87,87,87,87,87,87,87,87,87,87,87,87,94,94,94,94,94,94,94,94,94,94,94,94,94],"card_choices":[{"not_picked":["hexamod:FlamesFromBeyond","hexamod:InspiringFlames"],"picked":"hexamod:NightmareGuise","floor":2.0},{"not_picked":["hexamod:NightmareStrike","hexamod:BurningTouch"],"picked":"hexamod:RecurringNightmare","floor":3.0},{"not_picked":["hexamod:SuperheatedStrike","hexamod:ThermalTransfer"],"picked":"hexamod:SpectersWail","floor":5.0},{"not_picked":["hexamod:RadiantFlame","hexamod:Hexaguard"],"picked":"hexamod:RecurringNightmare","floor":6.0},{"not_picked":["hexamod:SuperheatedStrike","hexamod:GhostShield"],"picked":"hexamod:Hexaguard","floor":8.0},{"not_picked":["hexamod:CatchUp","hexamod:NightmareGuise"],"picked":"hexamod:GhostflameBarrier","floor":9.0},{"not_picked":["hexamod:GhostflameBarrier","hexamod:Hexaguard"],"picked":"hexamod:GhostflameInferno","floor":10.0},{"not_picked":["hexamod:HeatShield","hexamod:SpectersWail"],"picked":"hexamod:FourthSeal","floor":11.0},{"not_picked":["hexamod:FlamesFromBeyond","hexamod:BacktrackSmack","hexamod:SwordOfDarkness"],"picked":"SKIP","floor":12.0},{"not_picked":["hexamod:SkipABeat","hexamod:BacktrackSmack"],"picked":"hexamod:Haunt","floor":14.0},{"not_picked":["hexamod:AdvancingGuard","hexamod:GhostShield"],"picked":"hexamod:HauntingEcho","floor":15.0},{"not_picked":["hexamod:TimeWarp","hexamod:SearingWound"],"picked":"hexamod:UnleashSpirits","floor":16.0},{"not_picked":["hexamod:GhostOfSpireFuture","hexamod:SpectersWail"],"picked":"hexamod:Hexaguard","floor":19.0},{"not_picked":["hexamod:GhostLash","hexamod:SuperheatedStrike"],"picked":"hexamod:ThirdSeal","floor":20.0},{"not_picked":["hexamod:SpectersWail+1","hexamod:Firestarter"],"picked":"hexamod:GhostLash","floor":22.0},{"not_picked":["hexamod:ShieldOfDarkness+1","hexamod:SpectralSpark","hexamod:NightmareGuise"],"picked":"SKIP","floor":22.0},{"not_picked":["hexamod:InspiringFlames","hexamod:FlamesFromBeyond"],"picked":"hexamod:GhostShield","floor":23.0},{"not_picked":["hexamod:RetreatToShadows+1","hexamod:HauntingEcho"],"picked":"hexamod:EmpoweredFlame","floor":25.0},{"not_picked":["hexamod:GhostLash","hexamod:PhantomFireball"],"picked":"hexamod:Incineration","floor":25.0},{"not_picked":["hexamod:GhostLash","hexamod:HeatCrush"],"picked":"hexamod:GhostflameInferno","floor":27.0},{"not_picked":["hexamod:NightmareStrike","hexamod:NightmareGuise"],"picked":"hexamod:SpectersWail","floor":27.0},{"not_picked":["hexamod:Firestarter+1","hexamod:BacktrackSmack"],"picked":"hexamod:TimeWarp","floor":28.0},{"not_picked":["hexamod:NightmareGuise","hexamod:AdvancingGuard+1","hexamod:FlamesFromBeyond"],"picked":"SKIP","floor":28.0},{"not_picked":["hexamod:Firestarter","hexamod:RadiantFlame+1"],"picked":"hexamod:CatchUp+1","floor":31.0},{"not_picked":["hexamod:Rewind","hexamod:BacktrackSmack+1"],"picked":"hexamod:Hexaguard","floor":32.0},{"not_picked":["hexamod:InspiringFlames","hexamod:GhostOfSpirePast+1"],"picked":"hexamod:SixthSeal","floor":32.0},{"not_picked":["hexamod:GhostOfSpirePresent","hexamod:TurnItUp"],"picked":"hexamod:ForkedFlame","floor":33.0},{"not_picked":["hexamod:GhostLash"],"picked":"SKIP","floor":36.0},{"not_picked":[],"picked":"hexamod:FlameSwitch","floor":39.0},{"not_picked":["hexamod:RetreatToShadows"],"picked":"SKIP","floor":43.0},{"not_picked":["hexamod:SuperheatedStrike"],"picked":"SKIP","floor":43.0},{"not_picked":["hexamod:GhostShield"],"picked":"SKIP","floor":44.0},{"not_picked":["hexamod:ThermalTransfer+1"],"picked":"SKIP","floor":44.0},{"not_picked":["hexamod:BurningTouch"],"picked":"SKIP","floor":45.0},{"not_picked":["hexamod:HauntingEcho"],"picked":"SKIP","floor":45.0},{"not_picked":["hexamod:HauntingEcho"],"picked":"SKIP","floor":46.0},{"not_picked":["hexamod:ChargedBarrage"],"picked":"SKIP","floor":46.0},{"not_picked":["hexamod:CatchUp+1"],"picked":"SKIP","floor":48.0},{"not_picked":["hexamod:GhostLash+1"],"picked":"SKIP","floor":48.0},{"not_picked":["hexamod:SwordOfDarkness+1"],"picked":"SKIP","floor":49.0}],"player_experience":1477766,"relics_obtained":[{"floor":9.0,"key":"Peace Pipe"},{"floor":14.0,"key":"Bottled Flame"},{"floor":24.0,"key":"Pen Nib"},{"floor":27.0,"key":"Strawberry"},{"floor":38.0,"key":"Torii"},{"floor":39.0,"key":"champ:DeflectingBracers"},{"floor":41.0,"key":"Frozen Egg 2"},{"floor":48.0,"key":"MawBank"}],"event_choices":[{"damage_healed":0.0,"max_hp_gain":0.0,"max_hp_loss":0.0,"gold_gain":0.0,"event_name":"Accursed Blacksmith","player_choice":"Forge","floor":4.0,"gold_loss":0.0,"damage_taken":0.0,"cards_upgraded":["hexamod:RecurringNightmare"]},{"damage_healed":0.0,"max_hp_gain":0.0,"max_hp_loss":0.0,"gold_gain":0.0,"event_name":"Mysterious Sphere","player_choice":"Fight","floor":38.0,"gold_loss":0.0,"damage_taken":0.0}],"is_beta":false,"boss_relics":[{"not_picked":["sneckomod:SneckoTalon","Coffee Dripper"],"picked":"SlaversCollar"},{"not_picked":["bronze:MakeshiftBattery","SacredBark"],"picked":"Busted Crown"}],"items_purged_floors":[6,31,42],"is_endless":false,"potions_floor_spawned":[2,3,9,12,14,16,19,25,27,33,43,44,48,49],"killed_by":"downfall:CharBossMerchant","ascension_level":0}}