{"host":"z5bn7jsck728mmiq","time":1612169587,"event":{"mods":["BaseMod","Bestiary","DeckTracker","Minty Spire (QoL Compilation)","StSLib"],"gold_per_floor":[116,130,145,17,36,61,76,76,76,76,5,5,5,80,80,176,176,196,209,308,318,70,70,70,70],"floor_reached":24,"language":"ENG","playtime":613,"items_purged":["Defend_P"],"score":221,"play_id":"ba71360f-fcbb-4f27-9b7b-c82cc44f0f1a","local_time":"20210201005307","is_ascension_mode":false,"campfire_choices":[{"floor":8,"key":"REST"},{"data":"Eruption","floor":10,"key":"SMITH"},{"data":"Judgement","floor":12,"key":"SMITH"},{"data":"Tantrum","floor":15,"key":"SMITH"},{"data":"Dramatic Entrance","floor":23,"key":"SMITH"}],"circlet_count":0,"master_deck":["Strike_P","Strike_P","Strike_P","Strike_P","Defend_P","Defend_P","Defend_P","Eruption+1","Vigilance","Tantrum+1","CutThroughFate","EmptyFist","Halt","EmptyBody","Judgement+1","EmptyBody","SandsOfTime+1","DevaForm","CurseOfTheBell","CrushJoints","SashWhip","Dramatic Entrance+1"],"relics":["PureWater","Eternal Feather","Pear","Calling Bell","Potion Belt","HornCleat","Dead Branch","Vajra"],"acts_visited":["Exordium","TheCity"],"potions_floor_usage":[2,7,19],"damage_taken":[{"damage":12,"enemies":"Cultist","floor":1,"turns":3},{"damage":0,"enemies":"Small Slimes","floor":2,"turns":2},{"damage":0,"enemies":"2 Louse","floor":3,"turns":1},{"damage":34,"enemies":"Exordium Wildlife","floor":5,"turns":2},{"damage":18,"enemies":"Gremlin Nob","floor":6,"turns":4},{"damage":5,"enemies":"Exordium Thugs","floor":7,"turns":6},{"damage":37,"enemies":"Hexaghost","floor":16,"turns":7},{"damage":0,"enemies":"Spheric Guardian","floor":18,"turns":3},{"damage":5,"enemies":"2 Thieves","floor":19,"turns":3},{"damage":34,"enemies":"Snake Plant","floor":21,"turns":3},{"damage":63,"enemies":"Slavers","floor":24,"turns":3}],"seed_played":"-3887188324817539207","potions_obtained":[{"floor":1,"key":"LiquidMemories"},{"floor":2,"key":"Dexterity Potion"},{"floor":5,"key":"LiquidBronze"},{"floor":16,"key":"Explosive Potion"},{"floor":21,"key":"SteroidPotion"}],"is_trial":false,"path_per_floor":["M","M","M","$","M","E","M","R","T","R","$","R","?","?","R","B",null,"M","M","?","M","$","R","E"],"character_chosen":"WATCHER","items_purchased":["Halt","SandsOfTime","Vajra","Dramatic Entrance"],"campfire_rested":1,"item_purchase_floors":[4,11,22,22],"current_hp_per_floor":[67,67,67,67,33,15,10,42,52,61,61,70,70,59,68,31,89,89,84,84,50,50,62,0,0],"gold":70,"neow_bonus":"TEN_PERCENT_HP_BONUS","is_daily":false,"chose_seed":false,"campfire_upgraded":4,"win_rate":0.0,"timestamp":1612169587,"path_taken":["M","M","?","$","M","E","?","R","T","R","$","R","?","?","R","BOSS","M","M","?","M","$","R","E"],"items_purchased_type":["Card","Card","Relic","Card"],"build_version":"2020-12-22","purchased_purges":1,"victory":false,"max_hp_per_floor":[79,79,79,79,79,79,79,79,89,89,89,89,89,89,89,89,89,89,89,89,89,89,89,89,89],"card_choices":[{"not_picked":["SashWhip","Evaluate"],"picked":"Tantrum","floor":1},{"not_picked":["BowlingBash","Prostrate"],"picked":"CutThroughFate","floor":2},{"not_picked":["WheelKick","Evaluate"],"picked":"EmptyFist","floor":3},{"not_picked":["Evaluate","MentalFortress"],"picked":"EmptyBody","floor":5},{"not_picked":["DeceiveReality","FlyingSleeves"],"picked":"Judgement","floor":6},{"not_picked":["Evaluate","Collect"],"picked":"EmptyBody","floor":7},{"not_picked":["Brilliance","SpiritShield"],"picked":"DevaForm","floor":16},{"not_picked":["WaveOfTheHand","Study","Crescendo+1"],"picked":"SKIP","floor":18},{"not_picked":["Consecrate+1","CutThroughFate"],"picked":"CrushJoints","floor":19},{"not_picked":["CutThroughFate","Protect"],"picked":"SashWhip","floor":21}],"player_experience":90653,"relics_obtained":[{"floor":6,"key":"Eternal Feather"},{"floor":9,"key":"Pear"},{"floor":17,"key":"Potion Belt"},{"floor":17,"key":"HornCleat"},{"floor":17,"key":"Dead Branch"}],"event_choices":[{"damage_healed":0,"gold_gain":0,"player_choice":"Grow","damage_taken":0,"max_hp_gain":0,"max_hp_loss":0,"event_name":"Living Wall","floor":13,"gold_loss":0,"cards_upgraded":["SandsOfTime"]},{"damage_healed":0,"gold_gain":75,"player_choice":"Gather Gold","damage_taken":11,"max_hp_gain":0,"max_hp_loss":0,"event_name":"World of Goop","floor":14,"gold_loss":0},{"damage_healed":0,"gold_gain":99,"player_choice":"Stole From Cult","damage_taken":0,"max_hp_gain":0,"max_hp_loss":0,"event_name":"Nest","floor":20,"gold_loss":0}],"is_beta":false,"boss_relics":[{"not_picked":["Runic Dome","Philosopher\u0027s Stone"],"picked":"Calling Bell"}],"items_purged_floors":[4],"is_endless":false,"potions_floor_spawned":[1,2,5,16,21],"killed_by":"Slavers","ascension_level":0}}