{"host":"8inpc3yxphy2r27y","time":1612197806,"event":{"mods":["Act Like it!","Aspiration","Astrologer","Bard","BaseMod","Better Synergies","Better Vampires","Challenge The Spire","Conspire","Decade(王小明)","Defuse TimeMaze Blight","Downfall","Energized Spire","FutureSeer","Gensokyo","Gremlin Mod","GungeonMod","Hallownest","Highlight Path","HumanHunterMod(怪物杀人mod)","Hunter 猎人","KinomotoSakuraMod(木之本樱)","Lobotomy","LobotomyExtend","Minty Spire (QoL Compilation)","Pale of the Ancients","Quick Restart","READ ME - Guardian Mod","Red Circlet Mod","Reimu（博丽灵梦）","Relic Filter Mod","Relic Stats","Replay The Spire","Ryuuou龙王","SIMod","Shop Mod","Spicy Shops","StSLib","The Bug Knight","The Cursed","The Gatherer","The Hierophant","UnlockEverythingMod","Waifu the Spire","[GremlinLeader]The Maniac","[IsaacMod]以撒尖塔","noobMod","【遗物卡牌】REMEMod","残留之物","篝火指南"],"gold_per_floor":[99,113,113,123,139,153,179,226,260,360,60,79,79,79,179,197,292,292,145,155,166,180,180,280,280,338,365,398,407,54,77,98,159,271,271,271,290,37,55,215,215,215,234,257,59,84,104,4,69,110,135,135,155,2],"floor_reached":55,"language":"ZHS","playtime":10312,"items_purged":[],"score":1495,"play_id":"8952d550-d7a6-4a7d-9561-b1ca6550f6d7","local_time":"20210202004326","is_ascension_mode":false,"campfire_choices":[{"floor":1.0,"key":"RECALL"},{"data":"TheCursedMod:ReleasedKnowledge","floor":11.0,"key":"SMITH"},{"data":"DoctorFetus","floor":14.0,"key":"SMITH"},{"data":"TheCursedMod:CollectTribute","floor":36.0,"key":"SMITH"}],"circlet_count":0,"master_deck":["TheCursedMod:Strike_TheCursed","TheCursedMod:Strike_TheCursed","TheCursedMod:Strike_TheCursed","TheCursedMod:Strike_TheCursed","TheCursedMod:Defend_TheCursed","TheCursedMod:Defend_TheCursed","TheCursedMod:Defend_TheCursed","TheCursedMod:Defend_TheCursed","TheCursedMod:CursedWand","TheCursedMod:CleanUpWorkshop","TheCursedMod:Dregs","DoctorFetus+1","hierophant:Punish","Defend_FS+1","TheCursedMod:ReleasedKnowledge+1","TheCursedMod:FleshFromBone","TheCursedMod:HellfireBreathing","TheCursedMod:RapidMovement","TheCursedMod:BloodBarrier","downfall:Haunted","downfall:Haunted","Doubt","TheCursedMod:DemonicPact","Overencumbered","Parasite","TheCursedMod:ForbiddenAlchemy","TheCursedMod:CollectTribute+1","TheCursedMod:SpitefulStrike","TheCursedMod:CursedMace","TheCursedMod:CircleOfAmplification","TheCursedMod:PrepareRite+1","TheCursedMod:ReleasedKnowledge+1","Hallownest:attackAdjustingAction","TheCursedMod:BloodBarrier+1","Shame","TheCursedMod:ReleasedStrength","TheCursedMod:BlessingInDisguise","ReplayTheSpireMod:Private Reserves","TheCursedMod:CircleOfFocus","TheCursedMod:Wield+1","TheCursedMod:CursedArmor+1","TheCursedMod:CircleOfAbyss+1","TheCursedMod:RavingStaff+1","TheCursedMod:AntiAging+1","expansioncontent:AwakenDeath+1","TheCursedMod:CircleOfFocus","TheCursedMod:CircleOfFocus","TheCursedMod:CircleOfFlame","TheCursedMod:CursedRelics","TheCursedMod:CircleOfCorruption+1","TheCursedMod:EmpowerCircles+1","TheCursedMod:EmpowerCircles","TheCursedMod:SpitefulStrike","TheCursedMod:LuckyCharm","TheCursedMod:SpitefulPlan","TheCursedMod:EmpowerCircles"],"relics":["TheCursedMod:BlackMagic101","HushsDoor","REME_ComplimentaryCards","ice","MoneyPower","LetterFromLob","DemoMod:MonsterBlood","conspire:BottledYoYo","downfall:HeartBlessingRed","downfall:HeartBlessingGreen","downfall:HeartBlessingBlue","Hallownest:DreamNailRelic","Darkstone Periapt","TheCursedMod:FourLeafCloverCharm","SteamSale","HollowMod:StagPassRelic","CeramicFish","WarpedTongs","Frozen Eye","EdensBlessing","MerchantsRug","PlaceholderMod:FlatBlood","conspire:RunicOctahedron","Hallownest:GodTamersBeastRelic","HonorFeather","Moonlight_r","Gaze_r","TuHaoJin","Omamori","aspiration:HummingbirdHeart","REME_HandOfSuture","Replay:Wax Seal","Medical Kit","Thread and Needle","GuppysPaw","paleoftheancients:Timepiece","paleoftheancients:KeyRelic","Ice Cream","Gremlin Horn"],"acts_visited":["Hallownest:Greenpath","Hallownest:CityofTears","Hallownest:KingdomsEdge","paleoftheancients:PaleOfTheAncients"],"potions_floor_usage":[54,54,54,54,54],"damage_taken":[{"damage":3.0,"enemies":"Hallownest:monsterHuskWarrior","floor":2.0,"turns":4.0},{"damage":7.0,"enemies":"Hallownest:2_MossCreeps","floor":4.0,"turns":6.0},{"damage":20.0,"enemies":"Hallownest:2_Tiktiks_and_1_Crawlid","floor":5.0,"turns":5.0},{"damage":1.0,"enemies":"Hallownest:MossCreep_and_Mosskin","floor":6.0,"turns":6.0},{"damage":9.0,"enemies":"Hallownest:eliteMossKnight","floor":9.0,"turns":11.0},{"damage":7.0,"enemies":"Hallownest:Wandering_and_Horned","floor":12.0,"turns":5.0},{"damage":18.0,"enemies":"Hallownest:1_Ooma_and_2_Uuma","floor":16.0,"turns":5.0},{"damage":62.0,"enemies":"SI_SHIV_ARCHETYPE","floor":17.0,"turns":10.0},{"damage":33.0,"enemies":"Hallownest:3_Youths","floor":20.0,"turns":5.0},{"damage":26.0,"enemies":"Hallownest:Flukemon_and_Top","floor":21.0,"turns":7.0},{"damage":13.0,"enemies":"Hallownest:monsterShrumalOgre","floor":22.0,"turns":6.0},{"damage":32.0,"enemies":"Hallownest:Glutton_and_Coward","floor":26.0,"turns":5.0},{"damage":47.0,"enemies":"Hallownest:monsterMisterMushroom","floor":28.0,"turns":9.0},{"damage":19.0,"enemies":"Hallownest:Master_and_Novice","floor":31.0,"turns":3.0},{"damage":11.0,"enemies":"Hallownest:2_Husk_Sentries","floor":32.0,"turns":8.0},{"damage":30.0,"enemies":"Hallownest:Glutton_and_Coward","floor":33.0,"turns":4.0},{"damage":7.0,"enemies":"IC_MUSHROOM_ARCHETYPE","floor":34.0,"turns":6.0},{"damage":51.0,"enemies":"Hallownest:2_Littles","floor":37.0,"turns":7.0},{"damage":0.0,"enemies":"downfall:FleeingMerchant","floor":38.0,"turns":4.0},{"damage":46.0,"enemies":"downfall:FleeingMerchant","floor":40.0,"turns":7.0},{"damage":22.0,"enemies":"downfall:FleeingMerchant","floor":40.0,"turns":7.0},{"damage":86.0,"enemies":"downfall:FleeingMerchant","floor":40.0,"turns":8.0},{"damage":0.0,"enemies":"downfall:FleeingMerchant","floor":40.0,"turns":2.0},{"damage":110.0,"enemies":"downfall:FleeingMerchant","floor":41.0,"turns":4.0},{"damage":3.0,"enemies":"downfall:FleeingMerchant","floor":41.0,"turns":2.0},{"damage":11.0,"enemies":"Hallownest:3_Siblings","floor":43.0,"turns":5.0},{"damage":0.0,"enemies":"Hallownest:2_Wandering_and_1_Horned","floor":44.0,"turns":4.0},{"damage":0.0,"enemies":"downfall:FleeingMerchant","floor":45.0,"turns":3.0},{"damage":0.0,"enemies":"Hallownest:2_Soldiers_and_1_Guardian","floor":47.0,"turns":4.0},{"damage":0.0,"enemies":"Hallownest:2_Primals","floor":49.0,"turns":4.0},{"damage":0.0,"enemies":"Hallownest:eliteCollector","floor":50.0,"turns":4.0},{"damage":3.0,"enemies":"Hallownest:monsterPrimalAspid","floor":51.0,"turns":2.0},{"damage":0.0,"enemies":"WA_ARCHETYPE_DIVINITY","floor":52.0,"turns":4.0},{"damage":0.0,"enemies":"WA_ARCHETYPE_DIVINITY","floor":53.0,"turns":3.0},{"damage":261,"enemies":"paleoftheancients:N","floor":54,"turns":10}],"seed_played":"-7298297982669904246","potions_obtained":[{"floor":2.0,"key":"Venom Potion"},{"floor":5.0,"key":"ColorlessPotion"},{"floor":12.0,"key":"TheCursedMod:DregsPotion"},{"floor":16.0,"key":"PlaceholderMod:PlaceholderPotion"},{"floor":21.0,"key":"Elixir"},{"floor":31.0,"key":"Fire Potion"},{"floor":47.0,"key":"LifebloodPotion"},{"floor":49.0,"key":"FearPotion"},{"floor":51.0,"key":"AttackPotion"}],"is_trial":false,"path_per_floor":["R","M","?","M","M","M","T","T","E","?","R","M","?","R","?","M","B",null,"R","M","M","M","?","?","T","M","T","M","?","R","M","M","M","B",null,"R","M","$","?","?","?","T","M","M","$","T","M","R","?","E","M","B","M","B",null],"character_chosen":"THE_CURSED","items_purchased":["SteamSale","Frozen Eye","EdensBlessing","MerchantsRug","PlaceholderMod:FlatBlood","TheCursedMod:ReleasedStrength","TheCursedMod:BlessingInDisguise","ReplayTheSpireMod:Private Reserves","ChaosCard","expansioncontent:AwakenDeath","TheCursedMod:EmpowerCircles+1","Omamori","aspiration:HummingbirdHeart","Replay:Wax Seal","Medical Kit"],"campfire_rested":0,"item_purchase_floors":[19,30,30,30,30,30,30,30,38,38,45,45,45,48,48],"current_hp_per_floor":[89,86,86,79,59,58,58,65,56,56,66,59,59,59,94,76,14,141,141,108,82,69,141,141,141,109,109,62,68,68,49,38,8,1,147,147,96,96,96,94,99,99,91,91,91,91,91,198,201,204,201,225,249,228],"gold":2,"neow_bonus":"TWENTY_PERCENT_HP_BONUS","is_daily":false,"chose_seed":false,"campfire_upgraded":3,"win_rate":0.0,"timestamp":1612197806,"path_taken":["R","M","?","M","M","M","T","T","E","?","R","M","?","R","?","M","BOSS","R","M","M","M","?","?","T","M","?","?","?","R","M","M","M","BOSS","R","M","$","?","?","?","T","M","?","$","?","M","R","?","E","M","BOSS","M","BOSS"],"items_purchased_type":["Relic","Relic","Relic","Relic","Relic","Card","Card","Card","Card","Card","Card","Relic","Relic","Relic","Relic"],"build_version":"2020-12-22","purchased_purges":0,"victory":true,"max_hp_per_floor":[89,89,89,89,89,89,89,96,96,96,106,106,106,106,141,141,141,141,141,141,141,141,141,141,141,141,141,141,147,147,147,147,147,147,147,147,147,147,147,165,182,182,189,190,195,195,198,198,213,218,221,225,270,274],"relic_stats":{"Darkstone Periapt":36,"Gremlin Horn":[10,5],"counters":[35,187],"CeramicFish":225,"Medical Kit":[12],"obtain_stats":[{"Darkstone Periapt":15,"Ice Cream":52,"TheCursedMod:FourLeafCloverCharm":18,"HonorFeather":41,"Gremlin Horn":52,"GuppysPaw":50,"CeramicFish":27,"downfall:HeartBlessingGreen":11,"DemoMod:GlassGuonStoneRelic":2,"ice":0,"Hallownest:DreamNailRelic":13,"HollowMod:StagPassRelic":25,"Hallownest:GodTamersBeastRelic":40,"Frozen Eye":30,"DemoMod:MonsterBlood":8,"downfall:HeartBlessingBlue":11,"TuHaoJin":42,"Replay:Wax Seal":48,"KeepersGift":0,"TheCursedMod:BlackMagic101":0,"MerchantsRug":30,"paleoftheancients:KeyRelic":52,"downfall:HeartBlessingRed":11,"conspire:RunicOctahedron":35,"Thread and Needle":49,"MoneyPower":0,"Omamori":45,"aspiration:HummingbirdHeart":45,"SteamSale":19,"Medical Kit":48,"WarpedTongs":29,"Gaze_r":41,"paleoftheancients:Timepiece":52,"Moonlight_r":41,"REME_HandOfSuture":46,"LetterFromLob":2,"conspire:BottledYoYo":9,"EdensBlessing":30,"HushsDoor":0,"REME_ComplimentaryCards":0,"PlaceholderMod:FlatBlood":30},{"Darkstone Periapt":6,"Ice Cream":33,"TheCursedMod:FourLeafCloverCharm":8,"HonorFeather":24,"Gremlin Horn":33,"GuppysPaw":31,"CeramicFish":12,"downfall:HeartBlessingGreen":5,"DemoMod:GlassGuonStoneRelic":1,"ice":0,"Hallownest:DreamNailRelic":6,"HollowMod:StagPassRelic":11,"Hallownest:GodTamersBeastRelic":23,"Frozen Eye":13,"DemoMod:MonsterBlood":4,"downfall:HeartBlessingBlue":5,"TuHaoJin":25,"Replay:Wax Seal":29,"KeepersGift":0,"TheCursedMod:BlackMagic101":0,"MerchantsRug":13,"paleoftheancients:KeyRelic":33,"downfall:HeartBlessingRed":5,"conspire:RunicOctahedron":17,"Thread and Needle":30,"MoneyPower":0,"Omamori":28,"aspiration:HummingbirdHeart":28,"SteamSale":8,"Medical Kit":29,"WarpedTongs":13,"Gaze_r":25,"paleoftheancients:Timepiece":33,"Moonlight_r":24,"REME_HandOfSuture":28,"LetterFromLob":1,"conspire:BottledYoYo":5,"EdensBlessing":13,"HushsDoor":0,"REME_ComplimentaryCards":0,"PlaceholderMod:FlatBlood":13},{"Darkstone Periapt":37,"Ice Cream":174,"TheCursedMod:FourLeafCloverCharm":52,"HonorFeather":143,"Gremlin Horn":174,"GuppysPaw":168,"CeramicFish":74,"downfall:HeartBlessingGreen":32,"DemoMod:GlassGuonStoneRelic":4,"ice":0,"Hallownest:DreamNailRelic":37,"HollowMod:StagPassRelic":69,"Hallownest:GodTamersBeastRelic":139,"Frozen Eye":83,"DemoMod:MonsterBlood":21,"downfall:HeartBlessingBlue":32,"TuHaoJin":145,"Replay:Wax Seal":160,"KeepersGift":0,"TheCursedMod:BlackMagic101":0,"MerchantsRug":83,"paleoftheancients:KeyRelic":174,"downfall:HeartBlessingRed":32,"conspire:RunicOctahedron":104,"Thread and Needle":164,"MoneyPower":0,"Omamori":156,"aspiration:HummingbirdHeart":156,"SteamSale":52,"Medical Kit":160,"WarpedTongs":83,"Gaze_r":145,"paleoftheancients:Timepiece":174,"Moonlight_r":143,"REME_HandOfSuture":156,"LetterFromLob":4,"conspire:BottledYoYo":32,"EdensBlessing":83,"HushsDoor":0,"REME_ComplimentaryCards":0,"PlaceholderMod:FlatBlood":83}],"WarpedTongs":[103]},"card_choices":[{"not_picked":[],"picked":"DoctorFetus","floor":0.0},{"not_picked":["TheCursedMod:Obscuration","TheCursedMod:SoulCrush"],"picked":"TheCursedMod:ReleasedKnowledge","floor":2.0},{"not_picked":["TheCursedMod:ReleasedKnowledge","TheCursedMod:DarkBarrier"],"picked":"TheCursedMod:FleshFromBone","floor":4.0},{"not_picked":["TheCursedMod:Torture","TheCursedMod:AshesToAshes"],"picked":"TheCursedMod:CircleOfFlame","floor":5.0},{"not_picked":["TheCursedMod:AbyssShockwave","TheCursedMod:CursedBlade"],"picked":"TheCursedMod:HellfireBreathing","floor":6.0},{"not_picked":["TheCursedMod:CircleOfFocus","TheCursedMod:Stigma"],"picked":"TheCursedMod:CircleOfFlame","floor":9.0},{"not_picked":["TheCursedMod:Hemoplague","TheCursedMod:Mangle"],"picked":"TheCursedMod:RapidMovement","floor":10.0},{"not_picked":["TheCursedMod:SurpriseAttack","TheCursedMod:WearCloak"],"picked":"TheCursedMod:BloodBarrier","floor":12.0},{"not_picked":["TheCursedMod:EmpowerCircles","TheCursedMod:FleshFromBone"],"picked":"TheCursedMod:ForbiddenAlchemy","floor":16.0},{"not_picked":["TheCursedMod:ForbiddenAlchemy","TheCursedMod:AntiAging"],"picked":"TheCursedMod:CollectTribute","floor":17.0},{"not_picked":["TheCursedMod:SmokeScreen","TheCursedMod:Hemoplague"],"picked":"TheCursedMod:SpitefulStrike","floor":20.0},{"not_picked":["TheCursedMod:Stretching","TheCursedMod:VitalStrike"],"picked":"TheCursedMod:CursedMace","floor":21.0},{"not_picked":["TheCursedMod:SaltUponWound","TheCursedMod:CursedMace"],"picked":"TheCursedMod:CircleOfAmplification","floor":22.0},{"not_picked":["TheCursedMod:WearCloak","TheCursedMod:SmokeScreen"],"picked":"TheCursedMod:PrepareRite+1","floor":24.0},{"not_picked":["TheCursedMod:Hemoplague","TheCursedMod:BlessingInDisguise"],"picked":"TheCursedMod:ReleasedKnowledge","floor":26.0},{"not_picked":["TheCursedMod:CursedMace+1","TheCursedMod:Mangle"],"picked":"TheCursedMod:BloodBarrier+1","floor":28.0},{"not_picked":["TheCursedMod:Obscuration","TheCursedMod:HellfireBreathing+1"],"picked":"TheCursedMod:CircleOfFocus","floor":31.0},{"not_picked":["TheCursedMod:DarkBarrier","TheCursedMod:FleshFromBone"],"picked":"TheCursedMod:Wield+1","floor":32.0},{"not_picked":["TheCursedMod:CursedShiv","TheCursedMod:LuckyCharm"],"picked":"TheCursedMod:CursedArmor+1","floor":33.0},{"not_picked":["TheCursedMod:StunningStrike","TheCursedMod:CollectTribute"],"picked":"TheCursedMod:CircleOfAbyss","floor":34.0},{"not_picked":["TheCursedMod:CursedMace+1","TheCursedMod:CursedBlade"],"picked":"TheCursedMod:RavingStaff+1","floor":37.0},{"not_picked":["TheCursedMod:Evocation+1","TheCursedMod:HellfireBreathing"],"picked":"TheCursedMod:AntiAging","floor":38.0},{"not_picked":["TheCursedMod:RapidMovement","TheCursedMod:VitalStrike+1"],"picked":"TheCursedMod:CircleOfFlame","floor":43.0},{"not_picked":["TheCursedMod:Stretching+1","TheCursedMod:ReleasedKnowledge+1"],"picked":"TheCursedMod:CursedRelics","floor":44.0},{"not_picked":["TheCursedMod:VitalStrike+1","TheCursedMod:DemonSword"],"picked":"TheCursedMod:CircleOfCorruption","floor":45.0},{"not_picked":["TheCursedMod:FleshFromBone","TheCursedMod:Wield"],"picked":"TheCursedMod:EmpowerCircles","floor":47.0},{"not_picked":["TheCursedMod:CursedArmor+1","TheCursedMod:SmokeScreen+1"],"picked":"TheCursedMod:SpitefulStrike","floor":49.0},{"not_picked":["TheCursedMod:Obscuration","TheCursedMod:Wield+1"],"picked":"TheCursedMod:LuckyCharm","floor":50.0},{"not_picked":["TheCursedMod:SpitefulStrike+1","TheCursedMod:TroublousMinions"],"picked":"TheCursedMod:SpitefulPlan","floor":51.0},{"not_picked":["TheCursedMod:BlessingInDisguise","TheCursedMod:Evocation+1"],"picked":"TheCursedMod:EmpowerCircles","floor":53.0}],"player_experience":182900,"relics_obtained":[{"floor":2.0,"key":"LetterFromLob"},{"floor":8.0,"key":"DemoMod:MonsterBlood"},{"floor":9.0,"key":"conspire:BottledYoYo"},{"floor":25.0,"key":"HollowMod:StagPassRelic"},{"floor":27.0,"key":"CeramicFish"},{"floor":42.0,"key":"TuHaoJin"},{"floor":46.0,"key":"REME_HandOfSuture"},{"floor":49.0,"key":"Thread and Needle"},{"floor":50.0,"key":"GuppysPaw"}],"event_choices":[],"is_beta":false,"boss_relics":[{"not_picked":["expansioncontent:StudyCardRelic","Black Star"],"picked":"TheCursedMod:FourLeafCloverCharm"},{"not_picked":[]},{"not_picked":["Astrolabe","ReplayTheSpireMod:DimensionalGlitch"],"picked":"conspire:RunicOctahedron"},{"not_picked":[]}],"items_purged_floors":[],"is_endless":false,"potions_floor_spawned":[2,5,12,16,21,28,31,40,41,41,43,44,47,49,51],"ascension_level":0}}