{"host":"sian7qp8a9pc9xwd","time":1612145877,"event":{"mods":["BaseMod","Minty Spire (QoL Compilation)","StSLib","SuperFastMode"],"gold_per_floor":[119,119,119,119,137,137,172,193,219,248,261,305,162,178,178,299,299,319,26,46,46,46,46,46,46],"floor_reached":24,"language":"ENG","playtime":1058,"items_purged":["Strike_R"],"score":355,"play_id":"291411ab-51b1-44ae-b36f-6e376443e5ac","local_time":"20210131211757","is_ascension_mode":true,"campfire_choices":[{"data":"Spot Weakness","floor":6.0,"key":"SMITH"},{"data":"Pummel","floor":15.0,"key":"SMITH"},{"data":"J.A.X.","floor":23.0,"key":"SMITH"}],"circlet_count":0,"master_deck":["AscendersBane","Strike_R","Strike_R+1","Strike_R+1","Strike_R","Defend_R","Defend_R","Defend_R","Defend_R","Ghostly Armor","Pommel Strike","Spot Weakness+1","Pummel+1","Inflame","Berserk","Spot Weakness","J.A.X.+1","Ghostly Armor"],"relics":["Burning Blood","NeowsBlessing","Golden Idol","Paper Frog","Nunchaku","Lantern","Odd Mushroom","Blood Vial","Velvet Choker","Whetstone","Ancient Tea Set"],"acts_visited":["Exordium","TheCity"],"potions_floor_usage":[24],"damage_taken":[{"damage":0.0,"enemies":"2 Louse","floor":1.0,"turns":1.0},{"damage":0.0,"enemies":"Jaw Worm","floor":5.0,"turns":1.0},{"damage":0.0,"enemies":"Lagavulin","floor":7.0,"turns":1.0},{"damage":0.0,"enemies":"Cultist","floor":8.0,"turns":3.0},{"damage":6.0,"enemies":"The Mushroom Lair","floor":10.0,"turns":5.0},{"damage":20.0,"enemies":"Gremlin Gang","floor":11.0,"turns":6.0},{"damage":26.0,"enemies":"Gremlin Nob","floor":12.0,"turns":4.0},{"damage":1.0,"enemies":"Looter","floor":14.0,"turns":2.0},{"damage":51.0,"enemies":"Hexaghost","floor":16.0,"turns":11.0},{"damage":13.0,"enemies":"Shell Parasite","floor":18.0,"turns":4.0},{"damage":6.0,"enemies":"3 Byrds","floor":20.0,"turns":5.0},{"damage":65,"enemies":"Gremlin Leader","floor":24,"turns":8}],"seed_played":"-5961673011400066253","potions_obtained":[{"floor":1.0,"key":"Block Potion"},{"floor":5.0,"key":"Fruit Juice"},{"floor":7.0,"key":"SpeedPotion"},{"floor":12.0,"key":"Weak Potion"}],"is_trial":false,"path_per_floor":["M","?","?","T","M","R","E","M","T","?","M","E","$","M","R","B",null,"M","$","M","?","?","R","E"],"character_chosen":"IRONCLAD","items_purchased":["Inflame","Whetstone","Ancient Tea Set"],"campfire_rested":0,"item_purchase_floors":[13,19,19],"current_hp_per_floor":[78,58,58,58,64,64,75,81,81,81,67,47,47,54,54,11,67,62,62,64,64,64,64,1,1],"gold":46,"neow_bonus":"THREE_ENEMY_KILL","is_daily":false,"chose_seed":false,"campfire_upgraded":3,"win_rate":0.0,"timestamp":1612145877,"path_taken":["M","?","?","?","?","R","E","?","T","?","M","E","$","M","R","BOSS","M","$","M","?","?","R","E"],"items_purchased_type":["Card","Relic","Relic"],"build_version":"2020-12-22","purchased_purges":1,"victory":false,"max_hp_per_floor":[80,80,80,80,80,80,85,85,85,85,85,85,85,85,85,85,85,85,85,85,85,85,85,85,85],"card_choices":[{"not_picked":["Heavy Blade","Anger"],"picked":"Ghostly Armor","floor":1.0},{"not_picked":["Spot Weakness","Ghostly Armor","Clash"],"picked":"SKIP","floor":5.0},{"not_picked":["Ghostly Armor","Clash"],"picked":"Spot Weakness","floor":5.0},{"not_picked":["Entrench","Blood for Blood","Clash"],"picked":"SKIP","floor":7.0},{"not_picked":["Flex","Armaments","Reckless Charge"],"picked":"SKIP","floor":8.0},{"not_picked":["Headbutt","Cleave"],"picked":"Pummel","floor":11.0},{"not_picked":["Cleave","Headbutt","Clothesline"],"picked":"SKIP","floor":12.0},{"not_picked":["Brutality","Shockwave","Hemokinesis"],"picked":"SKIP","floor":14.0},{"not_picked":["Demon Form","Juggernaut"],"picked":"Berserk","floor":16.0},{"not_picked":["Body Slam","Armaments","Rampage"],"picked":"SKIP","floor":18.0},{"not_picked":["Twin Strike+1","Sever Soul"],"picked":"Spot Weakness","floor":20.0}],"player_experience":858564,"relics_obtained":[{"floor":4.0,"key":"Paper Frog"},{"floor":7.0,"key":"Nunchaku"},{"floor":9.0,"key":"Lantern"},{"floor":10.0,"key":"Odd Mushroom"},{"floor":12.0,"key":"Blood Vial"}],"event_choices":[{"damage_healed":0.0,"max_hp_gain":0.0,"max_hp_loss":0.0,"gold_gain":0.0,"event_name":"Golden Idol","player_choice":"Take Damage","floor":2.0,"gold_loss":0.0,"damage_taken":20.0,"relics_obtained":["Golden Idol"]},{"damage_healed":0.0,"max_hp_gain":0.0,"max_hp_loss":0.0,"gold_gain":0.0,"cards_transformed":["Bash"],"event_name":"Living Wall","player_choice":"Change","floor":3.0,"gold_loss":0.0,"damage_taken":0.0,"cards_obtained":["Pommel Strike"]},{"damage_healed":0.0,"max_hp_gain":0.0,"max_hp_loss":0.0,"gold_gain":0.0,"event_name":"Mushrooms","player_choice":"Fought Mushrooms","floor":10.0,"gold_loss":0.0,"damage_taken":0.0},{"damage_healed":0.0,"max_hp_gain":0.0,"max_hp_loss":0.0,"gold_gain":0.0,"event_name":"Drug Dealer","player_choice":"Obtain J.A.X.","floor":21.0,"gold_loss":0.0,"damage_taken":0.0,"cards_obtained":["J.A.X."]},{"damage_healed":0.0,"max_hp_gain":0.0,"max_hp_loss":0.0,"gold_gain":0.0,"event_name":"The Library","player_choice":"Read","floor":22.0,"gold_loss":0.0,"damage_taken":0.0,"cards_obtained":["Ghostly Armor"]}],"is_beta":false,"boss_relics":[{"not_picked":["Snecko Eye","Fusion Hammer"],"picked":"Velvet Choker"}],"items_purged_floors":[13],"is_endless":false,"potions_floor_spawned":[1,5,7,12],"killed_by":"Gremlin Leader","ascension_level":11}}