{"host":"sian7qp8a9pc9xwd","time":1612148493,"event":{"mods":["BaseMod","Minty Spire (QoL Compilation)","StSLib","SuperFastMode"],"gold_per_floor":[109,126,136,153,0,28,48,48,48,48,48],"floor_reached":10,"language":"ENG","playtime":402,"items_purged":["Strike_B"],"score":123,"play_id":"60f141a2-0f7e-43a3-a70e-50cc88ad4ad7","local_time":"20210131220133","is_ascension_mode":true,"campfire_choices":[{"data":"Tempest","floor":8,"key":"SMITH"}],"circlet_count":0,"master_deck":["AscendersBane","Strike_B","Strike_B","Strike_B","Defend_B","Defend_B","Defend_B","Defend_B","Zap","Dualcast","Tempest+1","Ball Lightning","Amplify","Capacitor","Cold Snap"],"relics":["Cracked Core","NeowsBlessing","Blood Vial","Ornamental Fan"],"acts_visited":["Exordium"],"potions_floor_usage":[4,10],"damage_taken":[{"damage":0,"enemies":"Small Slimes","floor":1,"turns":1},{"damage":0,"enemies":"Cultist","floor":2,"turns":1},{"damage":0,"enemies":"2 Louse","floor":3,"turns":1},{"damage":0,"enemies":"Large Slime","floor":4,"turns":3},{"damage":35,"enemies":"Gremlin Nob","floor":6,"turns":4},{"damage":6,"enemies":"2 Fungi Beasts","floor":7,"turns":3},{"damage":31,"enemies":"3 Sentries","floor":10,"turns":5}],"seed_played":"1535719562990630881","potions_obtained":[{"floor":2,"key":"BlessingOfTheForge"},{"floor":4,"key":"SteroidPotion"},{"floor":6,"key":"Block Potion"}],"is_trial":false,"path_per_floor":["M","M","M","M","$","E","M","R","T","E"],"character_chosen":"DEFECT","items_purchased":["Capacitor"],"campfire_rested":0,"item_purchase_floors":[5],"current_hp_per_floor":[64,64,64,64,64,29,25,25,25,0,0],"gold":48,"neow_bonus":"THREE_ENEMY_KILL","is_daily":false,"chose_seed":false,"campfire_upgraded":1,"win_rate":0.0,"timestamp":1612148493,"path_taken":["M","M","M","M","$","E","M","R","T","E"],"items_purchased_type":["Card"],"build_version":"2020-12-22","purchased_purges":1,"victory":false,"max_hp_per_floor":[71,71,71,71,71,71,71,71,71,71,71],"card_choices":[{"not_picked":["Redo","Sweeping Beam"],"picked":"Tempest","floor":1},{"not_picked":["Beam Cell","Loop"],"picked":"Ball Lightning","floor":2},{"not_picked":["Reinforced Body","Leap"],"picked":"Amplify","floor":3},{"not_picked":["Tempest","Gash","Hologram"],"picked":"SKIP","floor":4},{"not_picked":["Beam Cell","Gash"],"picked":"Cold Snap","floor":6},{"not_picked":["Lockon","Hologram","Turbo"],"picked":"SKIP","floor":7}],"player_experience":860879,"relics_obtained":[{"floor":6,"key":"Blood Vial"},{"floor":9,"key":"Ornamental Fan"}],"event_choices":[],"is_beta":false,"boss_relics":[],"items_purged_floors":[5],"is_endless":false,"potions_floor_spawned":[2,4,6],"killed_by":"3 Sentries","ascension_level":15}}