{"host":"qgvpd00zvzorrg7j","time":1612153200,"event":{"mods":["BaseMod","Colored Map","Downfall","Minty Spire (QoL Compilation)","Quick Restart","StSLib"],"gold_per_floor":[99,99,99,99,99,99,99,161,211,261,323,123,123,8,21,21,21,21],"floor_reached":16,"language":"ENG","playtime":614,"items_purged":["Slimebound:SplitLeeching","Slimebound:Strike_Slimebound"],"score":111,"play_id":"a8a109a3-e437-443f-91ce-8e278af49c85","local_time":"20210131232000","is_ascension_mode":false,"campfire_choices":[{"data":"Slimebound:CorrosiveSpit","floor":1.0,"key":"SMITH"},{"data":"Slimebound:Grow","floor":13,"key":"SMITH"}],"circlet_count":0,"master_deck":["Slimebound:Strike_Slimebound","Slimebound:Strike_Slimebound","Slimebound:Tackle","Slimebound:Defend_Slimebound","Slimebound:Defend_Slimebound","Slimebound:Defend_Slimebound","Slimebound:Defend_Slimebound","Slimebound:CorrosiveSpit+1","Slimebound:Grow+1","Slimebound:Grow","Slimebound:HauntingLick","Slimebound:Grow","Slimebound:Grow","Slimebound:ComboTackle","Madness"],"relics":["Slimebound:AbsorbEndCombat","downfall:HeartsMalice","SsserpentHead","Pantograph","Regal Pillow"],"acts_visited":["Exordium"],"potions_floor_usage":[16],"damage_taken":[{"damage":0.0,"enemies":"Jaw Worm","floor":2.0,"turns":1.0},{"damage":0.0,"enemies":"Cultist","floor":4.0,"turns":1.0},{"damage":0.0,"enemies":"2 Louse","floor":5.0,"turns":1.0},{"damage":9.0,"enemies":"Red Slaver","floor":8.0,"turns":4.0},{"damage":24,"enemies":"Exordium Thugs","floor":11,"turns":7},{"damage":3,"enemies":"downfall:FleeingMerchant","floor":12,"turns":4},{"damage":6,"enemies":"downfall:FleeingMerchant","floor":14,"turns":4},{"damage":13,"enemies":"Blue Slaver","floor":15,"turns":4},{"damage":83,"enemies":"DF_ARCHETYPE_STREAMLINE","floor":16,"turns":14}],"seed_played":"-2667932693923017910","potions_obtained":[{"floor":8.0,"key":"Weak Potion"},{"floor":11,"key":"champ:CounterPotion"}],"is_trial":false,"path_per_floor":["R","M","?","M","M","?","T","M","?","?","M","$","R","$","M","B"],"character_chosen":"SLIMEBOUND","items_purchased":["Slimebound:ComboTackle","Madness"],"campfire_rested":0,"item_purchase_floors":[12,12],"current_hp_per_floor":[65,65,65,65,65,65,65,60,53,53,33,34,34,32,23,0,0,0],"gold":21,"neow_bonus":"THREE_ENEMY_KILL","is_daily":false,"chose_seed":false,"campfire_upgraded":2,"win_rate":0.0,"timestamp":1612153200,"path_taken":["R","M","?","?","M","?","T","?","?","?","?","$","R","$","M","BOSS"],"items_purchased_type":["Card","Card"],"build_version":"2020-12-22","purchased_purges":2,"victory":false,"max_hp_per_floor":[65,65,65,65,65,65,65,65,65,65,65,65,65,65,65,65,65,65],"card_choices":[{"not_picked":["Slimebound:Schlurp","Slimebound:SamplingLick"],"picked":"Slimebound:Grow","floor":2.0},{"not_picked":["Slimebound:SplitBruiser","Slimebound:ItLooksTasty"],"picked":"Slimebound:Grow","floor":4.0},{"not_picked":["Slimebound:FinishingTackle","Slimebound:SplitBruiser"],"picked":"Slimebound:HauntingLick","floor":5.0},{"not_picked":["Slimebound:SlimeBarrage","Slimebound:Equalize"],"picked":"Slimebound:Grow","floor":8.0},{"not_picked":["Slimebound:OneTwoCombo","Slimebound:LivingWall","Slimebound:SplitLeeching"],"picked":"SKIP","floor":11},{"not_picked":["Slimebound:PressTheAttack","Slimebound:MassRepurpose","Slimebound:Equalize"],"picked":"SKIP","floor":12},{"not_picked":["Slimebound:Prepare","Slimebound:FormOfPuddle","Slimebound:LevelUp"],"picked":"SKIP","floor":14},{"not_picked":["Slimebound:SplitLeeching","Slimebound:SlimeSpikes","Slimebound:FlameTackle"],"picked":"SKIP","floor":15}],"player_experience":593347,"relics_obtained":[{"floor":7.0,"key":"Pantograph"}],"event_choices":[{"damage_healed":0.0,"max_hp_gain":0.0,"max_hp_loss":0.0,"gold_gain":0.0,"event_name":"FaceTrader","player_choice":"Trade","floor":6.0,"gold_loss":0.0,"damage_taken":0.0,"relics_obtained":["SsserpentHead"]},{"damage_healed":0.0,"max_hp_gain":0.0,"max_hp_loss":0.0,"gold_gain":0.0,"event_name":"Scrap Ooze","player_choice":"Success","floor":9.0,"gold_loss":0.0,"damage_taken":7.0,"relics_obtained":["Regal Pillow"]}],"is_beta":false,"boss_relics":[],"items_purged_floors":[12,14],"is_endless":false,"potions_floor_spawned":[8,11],"killed_by":"DF_ARCHETYPE_STREAMLINE","ascension_level":0}}