{"host":"jpcy2bclvs7juczu","time":1612139451,"event":{"mods":["Alarm Clock","BaseMod","Bestiary","Block Reminder","Colored Map","Colored Powertips","Curses Come First","Dark Map","Filter the Spire","Minty Spire (QoL Compilation)","Quick Restart","RNG Fix","Random Character Button","Relic Stats","Slay the Relics Exporter","Smile Girya","StSLib","everything is the same but u backflip on backflip","ojb\u0027s Better Paths Mod","ojb\u0027s Info Mod","slay the spire mod where everything is the same but ironclad has a cowboy hat"],"gold_per_floor":[10,29,29,40,40,40,63,76,76,107,127,127,167,185,185,185,185],"floor_reached":16,"language":"ENG","playtime":668,"items_purged":[],"score":228,"play_id":"b472bc2d-d793-4dfb-b3c9-b5fd75f93520","local_time":"20210131193051","is_ascension_mode":true,"campfire_choices":[{"data":"Fiend Fire","floor":6,"key":"SMITH"},{"data":"Offering","floor":12,"key":"SMITH"},{"data":"Second Wind","floor":15,"key":"SMITH"}],"circlet_count":0,"master_deck":["AscendersBane","Strike_R","Strike_R","Strike_R","Strike_R","Strike_R","Defend_R","Defend_R","Defend_R","Defend_R","Bash","Fiend Fire+1","Shockwave","Cleave","Evolve","Offering+1","Second Wind+1","Dropkick","Power Through"],"relics":["Burning Blood","Golden Idol","Meat on the Bone","Strawberry"],"acts_visited":["Exordium"],"potions_floor_usage":[10,13],"damage_taken":[{"damage":0,"enemies":"Cultist","floor":1,"turns":2},{"damage":9,"enemies":"Small Slimes","floor":2,"turns":3},{"damage":9,"enemies":"Jaw Worm","floor":4,"turns":4},{"damage":13,"enemies":"Blue Slaver","floor":7,"turns":5},{"damage":15,"enemies":"Looter","floor":8,"turns":3},{"damage":26,"enemies":"Lagavulin","floor":10,"turns":6},{"damage":14,"enemies":"Large Slime","floor":11,"turns":2},{"damage":12,"enemies":"3 Sentries","floor":13,"turns":8},{"damage":1,"enemies":"Exordium Wildlife","floor":14,"turns":3},{"damage":56,"enemies":"Hexaghost","floor":16,"turns":10}],"seed_played":"-7761968121350782793","potions_obtained":[{"floor":1,"key":"Ancient Potion"},{"floor":4,"key":"Strength Potion"},{"floor":11,"key":"EssenceOfSteel"}],"is_trial":false,"path_per_floor":["M","M","$","M","?","R","M","M","T","E","M","R","E","M","R","B"],"character_chosen":"IRONCLAD","items_purchased":[],"campfire_rested":0,"item_purchase_floors":[],"current_hp_per_floor":[74,71,71,68,68,68,61,52,52,32,36,36,49,54,54,0,0],"gold":185,"neow_bonus":"THREE_RARE_CARDS","is_daily":false,"chose_seed":false,"campfire_upgraded":3,"win_rate":0.0,"timestamp":1612139451,"path_taken":["M","M","?","M","?","R","M","M","T","E","M","R","E","M","R","BOSS"],"items_purchased_type":[],"build_version":"2020-12-22","purchased_purges":0,"victory":false,"max_hp_per_floor":[75,75,75,75,68,68,68,68,68,68,68,68,75,75,75,75,75],"relic_stats":{"counters":[10,46],"Golden Idol":30,"obtain_stats":[{"Golden Idol":5,"Strawberry":13,"Burning Blood":0,"Meat on the Bone":10},{"Golden Idol":3,"Strawberry":8,"Burning Blood":0,"Meat on the Bone":6},{"Golden Idol":9,"Strawberry":33,"Burning Blood":0,"Meat on the Bone":23}],"Burning Blood":54,"Meat on the Bone":24},"card_choices":[{"not_picked":["Exhume","Limit Break"],"picked":"Fiend Fire","floor":0},{"not_picked":["Iron Wave","Sword Boomerang"],"picked":"Shockwave","floor":1},{"not_picked":["Perfected Strike","Clash"],"picked":"Cleave","floor":2},{"not_picked":["Reckless Charge","Dark Embrace"],"picked":"Evolve","floor":4},{"not_picked":["Seeing Red","Twin Strike"],"picked":"Offering","floor":7},{"not_picked":["Anger","Cleave"],"picked":"Second Wind","floor":8},{"not_picked":["Cleave","Shockwave","Twin Strike"],"picked":"SKIP","floor":10},{"not_picked":["Hemokinesis","Anger"],"picked":"Dropkick","floor":11},{"not_picked":["Demon Form","Clash"],"picked":"Power Through","floor":13},{"not_picked":["Anger","Cleave","Headbutt"],"picked":"SKIP","floor":14}],"player_experience":1530380,"relics_obtained":[{"floor":10,"key":"Meat on the Bone"},{"floor":13,"key":"Strawberry"}],"event_choices":[{"damage_healed":0,"gold_gain":0,"player_choice":"Lose Max HP","damage_taken":0,"relics_obtained":["Golden Idol"],"max_hp_gain":0,"max_hp_loss":7,"event_name":"Golden Idol","floor":5,"gold_loss":0}],"is_beta":false,"boss_relics":[],"items_purged_floors":[],"is_endless":false,"potions_floor_spawned":[1,4,11],"killed_by":"Hexaghost","ascension_level":20}}