{"host":"h0a8ax0qh8ne70gi","time":1612162150,"event":{"mods":["AchievementEnabler","BaseMod","BetterRewards","Card Filter","Gold Saver","Grow up Mod","Minty Spire (QoL Compilation)","Permanent Neow","Remove Card Discount Mod","StSLib"],"gold_per_floor":[763,578,590,356,356,356,367,398,398,418,418,451,468,502,502,607,607,620,437,448,478,491,516,516,541,566,594,606,626,641,652,652,748,748,761,983,518,537,537,569,580,580,592,630,660,672,485,501,501,501,501,501,17,44,44],"floor_reached":56,"language":"ENG","playtime":4784,"items_purged":["Strike_G","Strike_G","Strike_G","Strike_G","Strike_G","Defend_G","Defend_G","Defend_G","Defend_G"],"score":1626,"play_id":"5197f1be-eb2c-44a1-9332-628ac0e29981","local_time":"20210131224910","is_ascension_mode":true,"campfire_choices":[{"floor":6.0,"key":"RECALL"},{"data":"Distraction","floor":11,"key":"SMITH"},{"data":"Endless Agony","floor":15,"key":"SMITH"},{"data":"A Thousand Cuts","floor":24,"key":"SMITH"},{"data":"Noxious Fumes","floor":32,"key":"SMITH"},{"data":"Sadistic Nature","floor":49,"key":"SMITH"},{"data":"Noxious Fumes","floor":52,"key":"SMITH"}],"circlet_count":0,"master_deck":["Defend_G+1","Survivor","Neutralize","Bullet Time+1","Dash","Noxious Fumes+1","Endless Agony+1","Deflect","Deadly Poison","Deadly Poison","Poisoned Stab","Distraction+1","Crippling Poison+1","Noxious Fumes+1","Bouncing Flask+1","Deadly Poison+1","A Thousand Cuts+1","CurseOfTheBell","Crippling Poison+1","Poisoned Stab+1","Endless Agony+1","Deflect+1","Endless Agony+1","Crippling Poison+1","Catalyst+1","Poisoned Stab+1","Poisoned Stab+1","Distraction+1","Endless Agony+1","After Image","Deadly Poison+1","Dramatic Entrance+1","Endless Agony+1","Deadly Poison+1","Catalyst+1","Deadly Poison+1","Backflip+1","Backflip+1","Backstab+1","Deadly Poison+1","Sadistic Nature+1","Parasite","Deadly Poison+1","Bouncing Flask+1","Dramatic Entrance+1","Noxious Fumes","Envenom"],"relics":["Ring of the Snake","ClockworkSouvenir","Dream Catcher","Toxic Egg 2","Juzu Bracelet","Nunchaku","Calling Bell","Happy Flower","Molten Egg 2","Incense Burner","OrangePellets","Red Mask","Question Card","Bottled Tornado","Anchor","War Paint","Coffee Dripper","Paper Crane","Ancient Tea Set","MawBank","Torii","Bag of Marbles","Bottled Lightning","Pen Nib"],"acts_visited":["Exordium","TheCity","TheBeyond","TheEnding"],"potions_floor_usage":[],"damage_taken":[{"damage":0.0,"enemies":"Cultist","floor":1.0,"turns":5.0},{"damage":0.0,"enemies":"2 Louse","floor":3.0,"turns":4.0},{"damage":3.0,"enemies":"Small Slimes","floor":7.0,"turns":3.0},{"damage":33.0,"enemies":"Lagavulin","floor":8.0,"turns":7.0},{"damage":4,"enemies":"Exordium Thugs","floor":10,"turns":5},{"damage":8,"enemies":"3 Sentries","floor":12,"turns":6},{"damage":13,"enemies":"2 Fungi Beasts","floor":13,"turns":3},{"damage":13,"enemies":"Lagavulin","floor":14,"turns":5},{"damage":40,"enemies":"Slime Boss","floor":16,"turns":7},{"damage":29,"enemies":"2 Thieves","floor":18,"turns":3},{"damage":18,"enemies":"Chosen","floor":20,"turns":5},{"damage":4,"enemies":"Masked Bandits","floor":21,"turns":3},{"damage":10,"enemies":"Centurion and Healer","floor":22,"turns":5},{"damage":33,"enemies":"Book of Stabbing","floor":23,"turns":6},{"damage":5,"enemies":"Gremlin Leader","floor":25,"turns":5},{"damage":19,"enemies":"Slavers","floor":27,"turns":4},{"damage":0,"enemies":"Snake Plant","floor":28,"turns":2},{"damage":0,"enemies":"Snecko","floor":29,"turns":4},{"damage":9,"enemies":"Shelled Parasite and Fungi","floor":30,"turns":3},{"damage":1,"enemies":"Cultist and Chosen","floor":31,"turns":4},{"damage":10,"enemies":"Automaton","floor":33,"turns":6},{"damage":14,"enemies":"3 Shapes","floor":35,"turns":3},{"damage":3,"enemies":"Orb Walker","floor":38,"turns":3},{"damage":58,"enemies":"Reptomancer","floor":40,"turns":4},{"damage":0,"enemies":"Transient","floor":41,"turns":5},{"damage":24,"enemies":"Nemesis","floor":42,"turns":5},{"damage":0,"enemies":"Giant Head","floor":44,"turns":4},{"damage":24,"enemies":"Sphere and 2 Shapes","floor":45,"turns":3},{"damage":1,"enemies":"Writhing Mass","floor":48,"turns":3},{"damage":54,"enemies":"Awakened One","floor":50,"turns":9},{"damage":13,"enemies":"Shield and Spear","floor":54,"turns":3},{"damage":75,"enemies":"The Heart","floor":55,"turns":6}],"seed_played":"-3178552090923265627","potions_obtained":[{"floor":1.0,"key":"Poison Potion"},{"floor":8.0,"key":"Block Potion"},{"floor":14,"key":"FairyPotion"}],"is_trial":false,"path_per_floor":["M","$","M","$","T","R","M","E","T","M","R","E","M","E","R","B",null,"M","$","M","?","M","E","R","E","T","E","M","M","M","M","R","B",null,"M","?","$","M","?","E","M","E","T","E","M","?","$","M","R","B",null,"R","$","E","B",null],"character_chosen":"THE_SILENT","items_purchased":["Noxious Fumes","Endless Agony","Deflect","ClockworkSouvenir","Deadly Poison","Poisoned Stab","Poisoned Stab+1","OrangePellets","Paper Crane","Dramatic Entrance+1","Endless Agony+1","Deadly Poison+1","Sadistic Nature","Bouncing Flask+1","Dramatic Entrance+1","Bottled Lightning","Noxious Fumes"],"campfire_rested":0,"item_purchase_floors":[2,2,2,4,4,4,19,19,37,37,37,37,47,53,53,53,53],"current_hp_per_floor":[90,100,110,120,130,140,147,124,134,140,150,152,149,146,156,126,250,231,241,233,239,239,216,226,231,241,232,242,252,253,262,272,272,420,416,426,436,443,453,405,415,401,411,421,407,417,427,436,446,402,590,600,610,607,542],"gold":44,"neow_bonus":"ONE_RANDOM_RARE_CARD","is_daily":false,"chose_seed":false,"campfire_upgraded":6,"win_rate":0.0,"timestamp":1612162150,"path_taken":["M","?","?","$","?","R","M","E","T","M","R","E","M","E","R","BOSS","M","$","M","?","M","E","R","E","T","E","M","M","M","M","R","BOSS","M","?","$","M","?","E","M","E","T","E","M","?","$","M","R","BOSS","R","$","E","BOSS"],"items_purchased_type":["Card","Card","Card","Relic","Card","Card","Card","Relic","Relic","Card","Card","Card","Card","Card","Card","Relic","Card"],"build_version":"2020-12-22","purchased_purges":9,"victory":true,"max_hp_per_floor":[90,100,110,120,130,140,150,160,170,180,190,200,210,220,230,240,250,260,270,280,290,300,310,320,330,340,350,360,370,380,390,400,410,420,430,440,450,460,470,480,490,500,510,520,530,540,550,560,570,580,590,600,610,620,630],"card_choices":[{"not_picked":["Well Laid Plans","Bane"],"picked":"Dash","floor":1.0},{"not_picked":["Endless Agony","Blur"],"picked":"Deadly Poison","floor":3.0},{"not_picked":["Footwork","Blur","Well Laid Plans"],"picked":"SKIP","floor":7.0},{"not_picked":["Dodge and Roll","Reflex"],"picked":"Distraction","floor":8.0},{"not_picked":["Footwork","Endless Agony"],"picked":"Crippling Poison+1","floor":10},{"not_picked":["Deflect+1","Bane"],"picked":"Noxious Fumes","floor":12},{"not_picked":["Poisoned Stab","Reflex+1"],"picked":"Bouncing Flask+1","floor":13},{"not_picked":["Bane","Reflex+1"],"picked":"Deadly Poison+1","floor":14},{"not_picked":["Night Terror+1","After Image"],"picked":"A Thousand Cuts","floor":16},{"not_picked":["Poisoned Stab+1","Deflect+1"],"picked":"Crippling Poison+1","floor":18},{"not_picked":["Bane+1","Deadly Poison+1"],"picked":"Endless Agony+1","floor":20},{"not_picked":["Deadly Poison+1","Reflex+1"],"picked":"Deflect+1","floor":21},{"not_picked":["Footwork","Venomology+1"],"picked":"Dodge and Roll+1","floor":22},{"not_picked":["Deadly Poison+1","Well Laid Plans"],"picked":"Endless Agony+1","floor":23},{"not_picked":["Well Laid Plans","Backflip+1","Bane+1"],"picked":"Crippling Poison+1","floor":25},{"not_picked":["Crippling Poison+1","Backflip+1","Deadly Poison+1"],"picked":"Catalyst+1","floor":27},{"not_picked":["Dodge and Roll+1","Backflip+1","Deflect+1"],"picked":"Poisoned Stab+1","floor":28},{"not_picked":["Dash+1","Deflect+1","Backflip+1"],"picked":"Poisoned Stab+1","floor":29},{"not_picked":["Reflex+1","Tactician+1","Caltrops"],"picked":"Distraction+1","floor":30},{"not_picked":["Backflip+1","Bane+1","Deadly Poison+1"],"picked":"Endless Agony+1","floor":31},{"not_picked":["Tools of the Trade","Adrenaline+1","Wraith Form v2"],"picked":"After Image","floor":33},{"not_picked":["Bane+1","Backflip+1","Dodge and Roll+1"],"picked":"Deadly Poison+1","floor":35},{"not_picked":["Endless Agony+1","Deadly Poison+1","Bane+1"],"picked":"Catalyst+1","floor":38},{"not_picked":["Deflect+1","Dodge and Roll+1","Reflex+1"],"picked":"Deadly Poison+1","floor":40},{"not_picked":["Poisoned Stab+1","Footwork+1","Reflex+1"],"picked":"Backflip+1","floor":41},{"not_picked":["Tactician+1","Venomology+1","Caltrops"],"picked":"Backflip+1","floor":42},{"not_picked":["Poisoned Stab+1","Backflip+1","Footwork+1"],"picked":"Backstab+1","floor":44},{"not_picked":["Deflect+1","Dodge and Roll+1","Blur+1"],"picked":"Deadly Poison+1","floor":45},{"not_picked":["Bane+1","Backflip+1","Dash+1"],"picked":"Deadly Poison+1","floor":48},{"not_picked":["Deflect+1","Endless Agony+1","Footwork"],"picked":"Envenom","floor":54}],"player_experience":143948,"relics_obtained":[{"floor":8.0,"key":"Dream Catcher"},{"floor":9.0,"key":"Toxic Egg 2"},{"floor":12,"key":"Juzu Bracelet"},{"floor":14,"key":"Nunchaku"},{"floor":17,"key":"Happy Flower"},{"floor":17,"key":"Molten Egg 2"},{"floor":17,"key":"Incense Burner"},{"floor":21,"key":"Red Mask"},{"floor":23,"key":"Question Card"},{"floor":25,"key":"Bottled Tornado"},{"floor":26,"key":"Anchor"},{"floor":27,"key":"War Paint"},{"floor":40,"key":"Ancient Tea Set"},{"floor":42,"key":"MawBank"},{"floor":43,"key":"Torii"},{"floor":44,"key":"Bag of Marbles"},{"floor":54,"key":"Pen Nib"}],"event_choices":[{"damage_healed":0,"gold_gain":0,"player_choice":"Fought Bandits","damage_taken":0,"max_hp_gain":0,"max_hp_loss":0,"event_name":"Masked Bandits","floor":21,"gold_loss":0},{"damage_healed":0,"gold_gain":222,"player_choice":"Wore Mask","damage_taken":0,"max_hp_gain":0,"max_hp_loss":0,"event_name":"Tomb of Lord Red Mask","floor":36,"gold_loss":0},{"damage_healed":0,"gold_gain":0,"player_choice":"Got Potions","damage_taken":0,"max_hp_gain":0,"max_hp_loss":0,"event_name":"Lab","floor":39,"gold_loss":0},{"cards_removed":["Dodge and Roll"],"damage_healed":0,"gold_gain":0,"player_choice":"Removed Skill","damage_taken":0,"max_hp_gain":0,"max_hp_loss":0,"event_name":"Falling","floor":46,"gold_loss":0}],"is_beta":false,"boss_relics":[{"not_picked":["Ring of the Serpent","Snecko Eye"],"picked":"Calling Bell"},{"not_picked":["Fusion Hammer","Busted Crown"],"picked":"Coffee Dripper"}],"items_purged_floors":[2,2,2,2,2,4,19,19,47],"is_endless":false,"potions_floor_spawned":[1,8,14,20,23,25,28,29,30,33,41,44],"ascension_level":3}}