{"host":"o6rpelx2jpc8yies","time":1612141497,"event":{"mods":["BaseMod","Downfall","Minty Spire (QoL Compilation)","StSLib"],"gold_per_floor":[99,113,123,123,123,108,134,154,54,70,55,55,55,84,97,169,169,169,189,206,224,126,157,238,238,248,148,148,148,148,148],"floor_reached":29,"language":"ENG","playtime":1175,"items_purged":[],"score":561,"play_id":"97a893ca-163b-43f2-bdfe-7b1e1dc0e050","local_time":"20210131180457","is_ascension_mode":true,"campfire_choices":[{"floor":1.0,"key":"RECALL"},{"floor":9,"key":"REST"},{"floor":12,"key":"REST"},{"floor":18,"key":"REST"},{"floor":27,"key":"REST"}],"circlet_count":0,"master_deck":["AscendersBane","bronze:Strike","bronze:Strike","bronze:Strike","bronze:Defend","bronze:Defend","bronze:Defend","bronze:Defend","bronze:Replicate","bronze:Goto","bronze:ChosenStrike","bronze:Separator","bronze:Spike","bronze:Branch","bronze:ChosenStrike","bronze:OilSpill","bronze:Turbo","bronze:Frontload","bronze:Repulsor","bronze:HardenedForm","bronze:FineTuning","bronze:Terminator","bronze:Branch","bronze:Safeguard+1","bronze:MaxOutput","bronze:BronzeOrb","bronze:DelayedGuard"],"relics":["bronze:BronzeCore","Lantern","downfall:HeartBlessingRed","hexamod:CandleOfCauterizing","Fusion Hammer","Calipers","downfall:HeartBlessingBlue"],"acts_visited":["Exordium","TheCity"],"potions_floor_usage":[5,10,16,21,23,23],"damage_taken":[{"damage":4.0,"enemies":"Jaw Worm","floor":2.0,"turns":6.0},{"damage":12.0,"enemies":"2 Louse","floor":3.0,"turns":3.0},{"damage":28,"enemies":"2 Louse","floor":5,"turns":4},{"damage":0,"enemies":"downfall:FleeingMerchant","floor":6,"turns":4},{"damage":7,"enemies":"Small Slimes","floor":8,"turns":3},{"damage":3,"enemies":"Blue Slaver","floor":10,"turns":3},{"damage":10,"enemies":"downfall:FleeingMerchant","floor":11,"turns":4},{"damage":0,"enemies":"Gremlin Nob","floor":14,"turns":3},{"damage":3,"enemies":"Large Slime","floor":15,"turns":3},{"damage":52,"enemies":"WA_ARCHETYPE_RETAIN","floor":16,"turns":7},{"damage":29,"enemies":"Shell Parasite","floor":19,"turns":4},{"damage":9,"enemies":"Spheric Guardian","floor":20,"turns":4},{"damage":5,"enemies":"Snecko","floor":21,"turns":3},{"damage":0,"enemies":"downfall:FleeingMerchant","floor":22,"turns":4},{"damage":32,"enemies":"Slavers","floor":23,"turns":5},{"damage":0,"enemies":"3 Cultists","floor":26,"turns":4},{"damage":54,"enemies":"Gremlin Leader","floor":29,"turns":4}],"seed_played":"-9101947512902273722","potions_obtained":[{"floor":3.0,"key":"champ:CounterPotion"},{"floor":5,"key":"Fire Potion"},{"floor":10,"key":"Guardian:BlockOnCardUsePotion"},{"floor":14,"key":"Fire Potion"},{"floor":16,"key":"Explosive Potion"},{"floor":21,"key":"EssenceOfSteel"}],"is_trial":false,"path_per_floor":["R","M","M","?","?","$","T","M","R","M","$","R","?","E","M","B",null,"R","M","M","M","$","E","T","?","M","R","?","E"],"character_chosen":"THE_AUTOMATON","items_purchased":["bronze:MaxOutput"],"campfire_rested":4,"item_purchase_floors":[22],"current_hp_per_floor":[63,59,47,47,19,19,19,12,32,29,19,39,79,79,76,24,65,79,50,41,36,36,4,4,4,4,40,40,0,0,0],"gold":148,"neow_bonus":"TEN_PERCENT_HP_BONUS","is_daily":false,"chose_seed":false,"campfire_upgraded":0,"win_rate":0.0,"timestamp":1612141497,"path_taken":["R","M","M","?","?","$","T","M","R","M","?","R","?","E","M","BOSS","R","M","M","M","$","E","T","?","M","R","?","E"],"items_purchased_type":["Card"],"build_version":"2020-12-22","purchased_purges":0,"victory":false,"max_hp_per_floor":[69,69,69,69,69,69,69,69,69,69,69,69,79,79,79,79,79,79,79,79,79,79,79,79,79,79,89,89,89,89,89],"card_choices":[{"not_picked":["bronze:Invalidate","bronze:Boost"],"picked":"bronze:ChosenStrike","floor":2.0},{"not_picked":["bronze:Deprecate","bronze:OilSpill"],"picked":"bronze:Separator","floor":3.0},{"not_picked":[],"picked":"bronze:Spike","floor":5},{"not_picked":["bronze:Iterate","bronze:WildBeam"],"picked":"bronze:Branch","floor":5},{"not_picked":["bronze:MaxOutput","bronze:OilSpill"],"picked":"bronze:ShipIt","floor":6},{"not_picked":["bronze:BuggyMess","bronze:Overload"],"picked":"bronze:ChosenStrike","floor":8},{"not_picked":["bronze:Turbo","bronze:WhirlingStrike"],"picked":"bronze:OilSpill","floor":10},{"not_picked":["bronze:Deprecate","bronze:CloningBeam"],"picked":"bronze:Turbo","floor":11},{"not_picked":["bronze:DelayedSlice","bronze:Shell"],"picked":"bronze:Frontload","floor":14},{"not_picked":["bronze:FindAndReplace","bronze:InfiniteBeams"],"picked":"bronze:Repulsor","floor":15},{"not_picked":["bronze:TinkerersToolbox","bronze:Break"],"picked":"bronze:HardenedForm","floor":16},{"not_picked":["bronze:Turbo","bronze:Flail"],"picked":"bronze:FineTuning","floor":19},{"not_picked":["bronze:BuggyMess","bronze:ForLoop"],"picked":"bronze:Terminator","floor":20},{"not_picked":["bronze:Overload","bronze:Turbo"],"picked":"bronze:Branch","floor":21},{"not_picked":["bronze:InfiniteBeams","bronze:DigitalCarnage"],"picked":"bronze:Safeguard+1","floor":22},{"not_picked":["bronze:Overload","bronze:ItsAFeature"],"picked":"bronze:BronzeOrb","floor":23},{"not_picked":["bronze:Iterate","bronze:Branch"],"picked":"bronze:DelayedGuard","floor":26}],"player_experience":1905591,"relics_obtained":[{"floor":7,"key":"Lantern"},{"floor":14,"key":"hexamod:CandleOfCauterizing"},{"floor":23,"key":"Calipers"}],"event_choices":[],"is_beta":false,"boss_relics":[{"not_picked":["Calling Bell","Astrolabe"],"picked":"Fusion Hammer"}],"items_purged_floors":[],"is_endless":false,"potions_floor_spawned":[3,5,10,14,16,19,21],"killed_by":"Gremlin Leader","ascension_level":20}}