{"host":"npaoev7ccr7c867s","time":1612219295,"event":{"mods":["AchievementEnabler","Act Like it!","Aspiration","Bard","BaseMod","Beaked The Cultist","Better Altar","Better Match","Better Note","Better Sensory Stone","Better Skull","Better Third Choice","BetterRewards","CCEM2","Clawfect","Colored Map","Conspire","Downfall","GifTheSpireLib","Halation","Hallownest","Hermit","Highlight Path","Hubris","Hunter ??","Infinite Spire","Jedi Mod","Jorbs\u0027s Wanderer Trilogy","Mad Scientist","Marisa????????","Mimic Mod","Minty Spire (QoL Compilation)","Permanent Neow","Replay The Spire","SIMod","SOS???????","Shade Mod","Shop Mod","Spicy Shops","StSLib","Stuff the Spire","The Animator","The Blackbeard","The Bug Knight","The Construct","The Cursed","The Disciple","The Gatherer","The Hierophant","The IronCluck","The Jungle","The Mystic","The Necromancer","The Problem Sleuth","The Runesmith","The Servant 0.9.4","The Spell Scribe","The Wild Card","The Witch","TheSurvivalist","TheVacant","Unceasing Turn Reminder","Warlord Emblem","everything is the same but u backflip on backflip","slay the spire mod where everything is the same but ironclad has a cowboy hat"],"gold_per_floor":[114,114,129,142,142,173,173,11,11,25,50,60,60,71,71,173,173,171,171,171,189,189,189,205,205,235,254,283,283,283],"floor_reached":29,"language":"ENG","playtime":3481,"items_purged":["Injury"],"score":280,"play_id":"ba84cb0e-86c8-4d47-8e34-caeced881f20","local_time":"20210201144135","is_ascension_mode":false,"campfire_choices":[{"floor":7,"key":"REST"},{"floor":15,"key":"REST"},{"data":"BeatsPerMinute","floor":23,"key":"SMITH"},{"floor":25,"key":"REST"}],"circlet_count":0,"master_deck":["Vivace+1","Lento+1","Rallentando","Strike_Br","Strike_Br","Strike_Br","Strike_Br","Defend_Br","Defend_Br","Defend_Br","Defend_Br","SecondHand","PatternShift","FormalWear","ReapSow","Echoward","LockedWarPaint","Stagnate+1","Specialist","Engulf","BeatsPerMinute+1","LockedScales+1","WindUp+1","ResonantCall","CrunchTime","ReapSow","BlueShift","ReapSow+10","LockedLightning+1","LockedAnchor+1","infinitespire:NeuralNetwork+1","Replay:Fractal Strike+1","infinitespire:Oblivion+1","hubris:DuctTapeCard+2","Moderato+1","LockedMedicine+1","LockedBlood+1","LockedPlans+1","Goo+2"],"relics":["Chronometer","Frozen Egg 2","Whetstone?","Regal Pillow","hubris:DeckOfHolding","Molten Egg 2","Honey Jar","hubris:DuctTape","TungstenRod"],"acts_visited":["Exordium","TheCity"],"potions_floor_usage":[16],"damage_taken":[{"damage":11,"enemies":"Jaw Worm","floor":1,"turns":5},{"damage":4,"enemies":"2 Louse","floor":3,"turns":4},{"damage":6,"enemies":"Small Slimes","floor":4,"turns":5},{"damage":28,"enemies":"3 Sentries","floor":6,"turns":8},{"damage":6,"enemies":"3 Louse","floor":10,"turns":3},{"damage":3,"enemies":"Gremlin Nob","floor":11,"turns":3},{"damage":12,"enemies":"Large Slime","floor":12,"turns":5},{"damage":4,"enemies":"Blue Slaver","floor":14,"turns":3},{"damage":31,"enemies":"Hexaghost","floor":16,"turns":11},{"damage":25,"enemies":"2 Thieves","floor":18,"turns":3},{"damage":10,"enemies":"3 Byrds","floor":21,"turns":4},{"damage":11,"enemies":"Shelled Parasite and Fungi","floor":24,"turns":5},{"damage":6,"enemies":"Snecko","floor":26,"turns":6},{"damage":0,"enemies":"Snecko","floor":27,"turns":4},{"damage":47,"enemies":"Nightmare","floor":28,"turns":10},{"damage":8,"enemies":"Sentry and Sphere","floor":29,"turns":2}],"seed_played":"194352065990314798","potions_obtained":[{"floor":4,"key":"SpeedPotion"},{"floor":10,"key":"DuplicationPotion"},{"floor":12,"key":"WardPotion"},{"floor":16,"key":"Strength Potion"},{"floor":18,"key":"Adrenaline Potion"},{"floor":21,"key":"SmokeBomb"}],"is_trial":false,"path_per_floor":["M","?","M","M","?","E","R","$","T","M","E","M","?","M","R","B",null,"M","AVR","?","M","?","R","M","R","MIM","M","NM","M"],"character_chosen":"CHRONO_CLASS","items_purchased":["FormalWear","ReapSow","Echoward","LockedWarPaint","Stagnate","Specialist","WindUp+1","ResonantCall","CrunchTime"],"campfire_rested":3,"item_purchase_floors":[0,0,0,0,0,0,8,8,8],"current_hp_per_floor":[54,54,50,44,44,16,50,50,50,44,41,29,29,25,59,28,65,40,40,40,30,30,30,19,53,47,47,6,0,0],"gold":283,"neow_bonus":"","is_daily":false,"chose_seed":false,"campfire_upgraded":1,"win_rate":0.0,"timestamp":1612219295,"path_taken":["M","?","M","M","?","E","R","$","T","M","E","M","?","M","R","BOSS","M","AVR","?","M","?","R","M","R","MIM","M","NM","M"],"items_purchased_type":["Card","Card","Card","Card","Card","Card","Card","Card","Card"],"build_version":"2020-12-22","purchased_purges":1,"victory":false,"max_hp_per_floor":[65,65,65,65,65,65,65,65,65,65,65,65,65,65,65,65,65,65,65,65,65,65,65,65,65,65,65,65,65,65],"card_choices":[{"not_picked":["Parity","LockedMawBank"],"picked":"Engulf","floor":1},{"not_picked":["Analog","CrunchTime"],"picked":"BeatsPerMinute","floor":3},{"not_picked":["WatchCommand","HandsUpB"],"picked":"HandsUpC","floor":4},{"not_picked":["MasterKey","Analog"],"picked":"LockedScales+1","floor":6},{"not_picked":["BiteCommand","Engulf"],"picked":"ReapSow","floor":10},{"not_picked":["ResonantCall","Engulf+1"],"picked":"BlueShift","floor":11},{"not_picked":["Break","Engulf+1"],"picked":"ReapSow+1","floor":12},{"not_picked":["BlueShift","Echoward"],"picked":"PrimeTime+1","floor":14},{"not_picked":["Pendulum","OverTime+1"],"picked":"LockedLightning+1","floor":16},{"not_picked":["Break","LockedScales+1","WakeUpCall+1"],"picked":"LockedAnchor+1","floor":18},{"not_picked":["Recurrance+1","LockedMedicine+1","ReapSow+1"],"picked":"Tempo+1","floor":21},{"not_picked":["AlternateTimeline+1","ReapSow+1","LockedScales+1"],"picked":"LockedMedicine+1","floor":24},{"not_picked":["BlueShift","Analog","Tempo"],"picked":"LockedBlood+1","floor":26},{"not_picked":["Accruing+1","LockedBlood+1","WindUp+1"],"picked":"LockedPlans+1","floor":27},{"not_picked":["Tempo","WakeUpCall+1","DaylightSavings"],"picked":"Goo+1","floor":28}],"player_experience":202315,"relics_obtained":[{"floor":6,"key":"Regal Pillow"},{"floor":9,"key":"hubris:DeckOfHolding"},{"floor":11,"key":"Molten Egg 2"},{"floor":28,"key":"TungstenRod"}],"event_choices":[{"damage_healed":0,"gold_gain":0,"player_choice":"Upgraded","damage_taken":0,"max_hp_gain":0,"max_hp_loss":0,"event_name":"Upgrade Shrine","floor":22,"gold_loss":0,"cards_upgraded":["Stagnate"]}],"is_beta":false,"boss_relics":[{"not_picked":["halation:ForbiddenBikini","aspiration:RunicSpoon"],"picked":"Honey Jar"}],"items_purged_floors":[19],"is_endless":true,"potions_floor_spawned":[4,10,12,16,18,21],"killed_by":"Sentry and Sphere","ascension_level":0}}