{"host":"zx10cf1fsoa3eqiy","time":1612152513,"event":{"mods":["BaseMod","Colored Powertips","Downfall","Highlight Path","Minty Spire (QoL Compilation)","Quick Restart","Replay The Spire","Shop Mod","StSLib","Td1madao Mod","The Servant 0.9.4","Yuri Mod"],"gold_per_floor":[99,99,99,99,99,99,109,109,162,174,191,210,239,258,58,71,82,178,228,228,243,258,271,271,271,324,344,357,357,369,369,45,65,80,80,80,80],"floor_reached":35,"language":"ZHS","playtime":2271,"items_purged":[],"score":265,"play_id":"8f732db8-4570-4806-8461-ca919a107acb","local_time":"20210201120833","is_ascension_mode":false,"campfire_choices":[{"floor":1.0,"key":"RECALL"},{"data":"bronze:RecursiveStrike","floor":15.0,"key":"SMITH"},{"floor":20.0,"key":"DIG"},{"floor":31.0,"key":"REST"}],"circlet_count":0,"master_deck":["bronze:Strike+1","bronze:Strike","bronze:Strike+1","bronze:Strike","bronze:Defend","bronze:Defend","bronze:Defend","bronze:Defend","bronze:Replicate","bronze:ForLoop","bronze:FineTuning","bronze:RecursiveStrike+1","bronze:Flail","bronze:Repair","bronze:OilSpill","bronze:Overheat","bronze:FollowUp","bronze:GetLatest+1","bronze:FineTuning","bronze:Fortify","bronze:HardenedForm+1","bronze:Branch","bronze:Branch+1","bronze:ForceShield","bronze:DarkDash+1","bronze:Overheat+1","expansioncontent:QuickStudy","bronze:Shell","bronze:Shield+1"],"relics":["bronze:BronzeCore","downfall:HeartsMalice","Bottled Flame","downfall:HeartBlessingRed","downfall:HeartBlessingGreen","TungstenRod","Tiny Chest","Enchiridion","Membership Card","MerchantsRug"],"acts_visited":["Exordium","TheCity"],"potions_floor_usage":[35,35],"damage_taken":[{"damage":0.0,"enemies":"2 Louse","floor":2.0,"turns":1.0},{"damage":0.0,"enemies":"Cultist","floor":3.0,"turns":1.0},{"damage":0.0,"enemies":"Jaw Worm","floor":4.0,"turns":1.0},{"damage":6.0,"enemies":"3 Louse","floor":7.0,"turns":4.0},{"damage":9.0,"enemies":"Red Slaver","floor":10.0,"turns":2.0},{"damage":7.0,"enemies":"Blue Slaver","floor":11.0,"turns":3.0},{"damage":6.0,"enemies":"3 Louse","floor":12.0,"turns":2.0},{"damage":9.0,"enemies":"3 Sentries","floor":13.0,"turns":3.0},{"damage":0.0,"enemies":"Blue Slaver","floor":14.0,"turns":2.0},{"damage":5.0,"enemies":"Lots of Slimes","floor":16.0,"turns":2.0},{"damage":0.0,"enemies":"Large Slime","floor":17.0,"turns":2.0},{"damage":46.0,"enemies":"DF_ARCHETYPE_STREAMLINE","floor":18.0,"turns":10.0},{"damage":0.0,"enemies":"Chosen","floor":21.0,"turns":2.0},{"damage":2.0,"enemies":"Shell Parasite","floor":22.0,"turns":4.0},{"damage":8.0,"enemies":"Chosen and Byrds","floor":23.0,"turns":6.0},{"damage":11.0,"enemies":"Snake Plant","floor":27.0,"turns":4.0},{"damage":0.0,"enemies":"Snecko","floor":28.0,"turns":4.0},{"damage":17.0,"enemies":"Centurion and Healer","floor":30.0,"turns":7.0},{"damage":0.0,"enemies":"downfall:FleeingMerchant","floor":32.0,"turns":4.0},{"damage":10.0,"enemies":"Cultist and Chosen","floor":33.0,"turns":8.0},{"damage":20,"enemies":"Sentry and Sphere","floor":34,"turns":5},{"damage":46,"enemies":"WA_ARCHETYPE_CALM","floor":35,"turns":5}],"seed_played":"7005971750912684076","potions_obtained":[{"floor":11.0,"key":"SneckoOil"},{"floor":12.0,"key":"AttackPotion"},{"floor":13.0,"key":"Cursed Concoction"},{"floor":14.0,"key":"Adrenaline Potion"},{"floor":18.0,"key":"Milkshake"},{"floor":19.0,"key":"bronze:BurnAndBuffPotion"},{"floor":23.0,"key":"Dexterity Potion"},{"floor":27.0,"key":"DuplicationPotion"}],"is_trial":false,"path_per_floor":["R","M","M","M","PTL","PTL","M","?","T","M","M","M","E","M","R","M","M","B",null,"R","M","M","M","?","?","T","M","M","?","M","R","$","M","M","B"],"character_chosen":"THE_AUTOMATON","items_purchased":["Membership Card","expansioncontent:QuickStudy","MerchantsRug","bronze:Shell"],"campfire_rested":1,"item_purchase_floors":[32,32,32,32],"current_hp_per_floor":[70,70,70,70,70,70,64,64,64,63,63,57,55,62,62,57,57,19,75,75,75,73,72,59,59,59,55,55,40,30,54,61,58,45,0,0,0],"gold":80,"neow_bonus":"THREE_ENEMY_KILL","is_daily":false,"chose_seed":false,"campfire_upgraded":1,"win_rate":0.0,"timestamp":1612152513,"path_taken":["R","M","M","M","PTL","PTL","M","?","T","M","M","M","E","?","R","M","M","BOSS","R","M","M","M","?","?","T","?","M","?","M","R","$","M","M","BOSS"],"items_purchased_type":["Relic","Card","Relic","Card"],"build_version":"2020-12-22","purchased_purges":0,"victory":false,"max_hp_per_floor":[70,70,70,70,70,70,70,70,70,70,70,70,70,70,70,70,70,70,75,75,75,75,75,80,80,80,80,80,80,80,80,80,80,80,80,80,80],"card_choices":[{"not_picked":["bronze:Iterate","bronze:BugBarrage"],"picked":"bronze:ForLoop","floor":2.0},{"not_picked":["bronze:Shield","bronze:Iterate"],"picked":"bronze:FineTuning","floor":3.0},{"not_picked":["bronze:DigitalCarnage","bronze:Deprecate"],"picked":"bronze:RecursiveStrike","floor":4.0},{"not_picked":["bronze:Iterate","bronze:BugBarrage"],"picked":"bronze:Flail","floor":7.0},{"not_picked":["bronze:DelayedGuard","bronze:Constructor"],"picked":"bronze:OilSpill","floor":10.0},{"not_picked":["bronze:ForLoop","bronze:DelayedSlice"],"picked":"bronze:Overheat","floor":11.0},{"not_picked":["bronze:Branch","bronze:DigitalCarnage"],"picked":"bronze:FollowUp","floor":12.0},{"not_picked":["bronze:ForLoop","bronze:Separator"],"picked":"bronze:GetLatest","floor":13.0},{"not_picked":["bronze:Shield","bronze:DelayedGuard"],"picked":"bronze:FineTuning","floor":14.0},{"not_picked":["bronze:DelayedGuard","bronze:OilSpill","bronze:CutThrough"],"picked":"SKIP","floor":16.0},{"not_picked":["bronze:Iterate","bronze:Overload"],"picked":"bronze:Fortify","floor":17.0},{"not_picked":["bronze:HyperBeam","bronze:AlphaBuild"],"picked":"bronze:HardenedForm","floor":18.0},{"not_picked":["bronze:WhirlingStrike","bronze:Invalidate"],"picked":"bronze:Branch","floor":21.0},{"not_picked":["bronze:Return+1","bronze:Overheat"],"picked":"bronze:Branch+1","floor":22.0},{"not_picked":["bronze:Iterate","bronze:WildBeam","bronze:BitShift"],"picked":"SKIP","floor":23.0},{"not_picked":["bronze:NullPointer","bronze:BuggyMess+1"],"picked":"bronze:ForceShield","floor":27.0},{"not_picked":["bronze:OilSpill","bronze:WhirlingStrike+1"],"picked":"bronze:DarkDash+1","floor":28.0},{"not_picked":["bronze:WildBeam","bronze:BugBarrage"],"picked":"bronze:Overheat+1","floor":30.0},{"not_picked":["bronze:Overload","bronze:Separator","bronze:Invalidate"],"picked":"SKIP","floor":32.0},{"not_picked":["bronze:Branch","bronze:Overheat","bronze:Separator"],"picked":"SKIP","floor":33.0},{"not_picked":["bronze:Shell","bronze:WildBeam"],"picked":"bronze:Shield+1","floor":34}],"player_experience":304594,"relics_obtained":[{"floor":9.0,"key":"Whetstone"},{"floor":13.0,"key":"Bottled Flame"},{"floor":20.0,"key":"TungstenRod"},{"floor":26.0,"key":"Tiny Chest"},{"floor":29.0,"key":"Enchiridion"}],"event_choices":[],"is_beta":false,"boss_relics":[{"not_picked":["Runic Pyramid","Replay:Bronze Core"],"picked":"Tiny House"}],"items_purged_floors":[],"is_endless":false,"potions_floor_spawned":[11,12,13,14,18,23,27,28,30],"killed_by":"WA_ARCHETYPE_CALM","ascension_level":0}}