{"host":"5f8ute538gzudddu","time":1612143140,"event":{"mods":["BaseMod","Highlight Path","Minty Spire (QoL Compilation)","Relic Stats","StSLib"],"gold_per_floor":[112,164,164,178,11,11,42,42,124,159,176,176,12,26,26,98,98,118,118,118,133,133,133,9,44,44,70,70,81,91,107,107,184,184,200,220,10,23,23,51,62,62,62,96,76,109,31,41,41,41,41,41,41,13,47,47,47],"floor_reached":56,"language":"ENG","playtime":2132,"items_purged":["Shame","Strike_G","Strike_G"],"score":2366,"play_id":"2cf579de-6a1d-4e50-b037-1a40bc990ad5","local_time":"20210131173220","is_ascension_mode":true,"campfire_choices":[{"data":"Masterful Stab","floor":6.0,"key":"SMITH"},{"data":"Neutralize","floor":8.0,"key":"SMITH"},{"data":"Terror","floor":12.0,"key":"SMITH"},{"data":"Finisher","floor":15.0,"key":"SMITH"},{"floor":23.0,"key":"REST"},{"floor":28.0,"key":"REST"},{"floor":32.0,"key":"REST"},{"floor":42.0,"key":"RECALL"},{"data":"Infinite Blades","floor":49.0,"key":"SMITH"},{"data":"Survivor","floor":53.0,"key":"SMITH"}],"circlet_count":0,"master_deck":["AscendersBane","Strike_G","Defend_G","Defend_G","Defend_G","Defend_G","Defend_G","Survivor+1","Neutralize+1","Masterful Stab+1","Terror+1","Finisher+1","Cloak And Dagger+1","Dodge and Roll+1","Phantasmal Killer+1","Adrenaline+1","Leg Sweep+1","Riddle With Holes","Cloak And Dagger+1","Endless Agony","Escape Plan+1","Adrenaline+1","Dagger Spray+1","Infinite Blades+1","Blur+1","Acrobatics+1","Prepared+1","Dodge and Roll+1"],"relics":["Ring of the Snake","NeowsBlessing","Membership Card","Shuriken","Toxic Egg 2","Matryoshka","Oddly Smooth Stone","Sling","WristBlade","StoneCalendar","ClockworkSouvenir","Kunai","Juzu Bracelet","Gremlin Horn","Tingsha","Sozu","Ornamental Fan","Regal Pillow","Happy Flower","Turnip","MawBank","Anchor"],"acts_visited":["Exordium","TheCity","TheBeyond","TheEnding"],"potions_floor_usage":[56,56],"damage_taken":[{"damage":0.0,"enemies":"Small Slimes","floor":1.0,"turns":1.0},{"damage":0.0,"enemies":"2 Louse","floor":4.0,"turns":1.0},{"damage":0.0,"enemies":"Lagavulin","floor":7.0,"turns":2.0},{"damage":24.0,"enemies":"Gremlin Nob","floor":10.0,"turns":4.0},{"damage":0.0,"enemies":"Cultist","floor":11.0,"turns":3.0},{"damage":0.0,"enemies":"Blue Slaver","floor":14.0,"turns":2.0},{"damage":15.0,"enemies":"Hexaghost","floor":16.0,"turns":5.0},{"damage":4.0,"enemies":"2 Thieves","floor":18.0,"turns":4.0},{"damage":0.0,"enemies":"Chosen","floor":21.0,"turns":2.0},{"damage":48.0,"enemies":"Book of Stabbing","floor":25.0,"turns":7.0},{"damage":0.0,"enemies":"Gremlin Leader","floor":27.0,"turns":4.0},{"damage":4.0,"enemies":"Sentry and Sphere","floor":29.0,"turns":4.0},{"damage":0.0,"enemies":"Chosen and Byrds","floor":30.0,"turns":4.0},{"damage":0.0,"enemies":"Snecko","floor":31.0,"turns":4.0},{"damage":14.0,"enemies":"Champ","floor":33.0,"turns":9.0},{"damage":0.0,"enemies":"Orb Walker","floor":35.0,"turns":2.0},{"damage":0.0,"enemies":"3 Darklings","floor":36.0,"turns":5.0},{"damage":0.0,"enemies":"Maw","floor":38.0,"turns":4.0},{"damage":0.0,"enemies":"Giant Head","floor":40.0,"turns":3.0},{"damage":0.0,"enemies":"Sphere and 2 Shapes","floor":41.0,"turns":3.0},{"damage":5.0,"enemies":"Nemesis","floor":44.0,"turns":3.0},{"damage":0.0,"enemies":"Giant Head","floor":46.0,"turns":4.0},{"damage":0.0,"enemies":"Jaw Worm Horde","floor":48.0,"turns":2.0},{"damage":0.0,"enemies":"Awakened One","floor":50.0,"turns":9.0},{"damage":0.0,"enemies":"Donu and Deca","floor":51.0,"turns":9.0},{"damage":31.0,"enemies":"Shield and Spear","floor":55.0,"turns":4.0},{"damage":49,"enemies":"The Heart","floor":56,"turns":6}],"seed_played":"-4224053413776631420","potions_obtained":[{"floor":3.0,"key":"ColorlessPotion"},{"floor":3.0,"key":"Explosive Potion"},{"floor":10.0,"key":"CunningPotion"},{"floor":16.0,"key":"Fire Potion"},{"floor":21.0,"key":"FearPotion"},{"floor":29.0,"key":"Dexterity Potion"},{"floor":31.0,"key":"PowerPotion"}],"is_trial":false,"path_per_floor":["M","?","?","M","$","R","E","R","T","E","M","R","$","M","R","B",null,"M","?","?","M","?","R","$","E","T","E","R","M","M","M","R","B",null,"M","M","$","M","?","E","M","R","T","E","?","E","$","M","R","B","B",null,"R","$","E","B"],"character_chosen":"THE_SILENT","items_purchased":["Membership Card","Oddly Smooth Stone","Sling","ClockworkSouvenir","Ornamental Fan","Infinite Blades","Prepared+1","Dodge and Roll+1"],"campfire_rested":3,"item_purchase_floors":[5,13,13,24,37,37,47,54],"current_hp_per_floor":[59,59,59,59,59,59,59,59,59,35,35,35,35,35,35,20,55,51,33,33,33,33,54,54,6,6,6,27,23,23,23,44,30,61,61,61,61,61,81,81,81,81,81,76,76,76,76,76,76,76,76,80,80,80,49,0,0],"gold":47,"neow_bonus":"THREE_ENEMY_KILL","is_daily":false,"chose_seed":false,"campfire_upgraded":6,"win_rate":0.0,"timestamp":1612143140,"path_taken":["M","?","?","M","$","R","E","R","T","E","M","R","$","M","R","BOSS","M","?","?","M","?","R","$","E","T","E","R","M","M","M","R","BOSS","M","M","$","M","?","E","M","R","T","E","?","E","$","M","R","BOSS","BOSS","R","$","E","BOSS"],"items_purchased_type":["Relic","Relic","Relic","Relic","Relic","Card","Card","Card"],"build_version":"2020-12-22","purchased_purges":3,"victory":false,"max_hp_per_floor":[66,66,66,66,66,66,66,66,66,66,66,66,66,66,66,66,66,66,71,71,71,71,71,71,71,71,71,71,71,71,71,71,71,71,71,71,71,71,81,81,81,81,81,81,81,81,81,81,81,81,81,81,81,81,81,81,81],"relic_stats":{"Regal Pillow":0,"Gremlin Horn":[17,16],"Happy Flower":[12],"counters":[27,110],"StoneCalendar":[156],"Tingsha":[87],"Juzu Bracelet":1,"MawBank":12,"Sozu":4,"Shuriken":[72],"Ornamental Fan":[176],"Turnip":[2],"Kunai":[62],"obtain_stats":[{"Regal Pillow":40,"NeowsBlessing":0,"Gremlin Horn":26,"Happy Flower":43,"Oddly Smooth Stone":13,"StoneCalendar":20,"Tingsha":27,"Juzu Bracelet":26,"Sling":13,"MawBank":46,"ClockworkSouvenir":24,"Sozu":34,"Anchor":55,"Matryoshka":10,"WristBlade":17,"Shuriken":7,"Ornamental Fan":37,"Turnip":44,"Membership Card":5,"Kunai":25,"Toxic Egg 2":9,"Ring of the Snake":0},{"Regal Pillow":19,"NeowsBlessing":0,"Gremlin Horn":10,"Happy Flower":20,"Oddly Smooth Stone":5,"StoneCalendar":8,"Tingsha":11,"Juzu Bracelet":10,"Sling":5,"MawBank":22,"ClockworkSouvenir":9,"Sozu":15,"Anchor":26,"Matryoshka":4,"WristBlade":7,"Shuriken":3,"Ornamental Fan":17,"Turnip":21,"Membership Card":2,"Kunai":10,"Toxic Egg 2":3,"Ring of the Snake":0},{"Regal Pillow":70,"NeowsBlessing":0,"Gremlin Horn":31,"Happy Flower":73,"Oddly Smooth Stone":11,"StoneCalendar":22,"Tingsha":35,"Juzu Bracelet":31,"Sling":11,"MawBank":80,"ClockworkSouvenir":24,"Sozu":56,"Anchor":104,"Matryoshka":8,"WristBlade":18,"Shuriken":4,"Ornamental Fan":63,"Turnip":76,"Membership Card":2,"Kunai":31,"Toxic Egg 2":4,"Ring of the Snake":0}],"Ring of the Snake":[54]},"card_choices":[{"not_picked":["Bane","Backflip"],"picked":"Masterful Stab","floor":1.0},{"not_picked":["Flechettes","Quick Slash"],"picked":"Terror","floor":4.0},{"not_picked":["Dash","Acrobatics"],"picked":"Finisher","floor":7.0},{"not_picked":["Infinite Blades","Underhanded Strike"],"picked":"Cloak And Dagger+1","floor":10.0},{"not_picked":["Prepared+1","Concentrate+1"],"picked":"Dodge and Roll+1","floor":11.0},{"not_picked":["Reflex+1","PiercingWail+1"],"picked":"Phantasmal Killer+1","floor":14.0},{"not_picked":["Tools of the Trade","Burst+1"],"picked":"Adrenaline+1","floor":16.0},{"not_picked":["Concentrate+1","Quick Slash+1"],"picked":"Leg Sweep+1","floor":18.0},{"not_picked":["Leg Sweep+1","Bane","Calculated Gamble+1"],"picked":"SKIP","floor":21.0},{"not_picked":["Predator","Blade Dance+1"],"picked":"Cloak And Dagger+1","floor":25.0},{"not_picked":["Deadly Poison+1","Dagger Throw+1"],"picked":"Endless Agony","floor":27.0},{"not_picked":["Flying Knee","Deadly Poison+1"],"picked":"Escape Plan+1","floor":29.0},{"not_picked":["Poisoned Stab","Dash","Distraction+1"],"picked":"SKIP","floor":30.0},{"not_picked":["Poisoned Stab","Outmaneuver+1","Deadly Poison+1"],"picked":"SKIP","floor":31.0},{"not_picked":["Unload","Wraith Form v2"],"picked":"Adrenaline+1","floor":33.0},{"not_picked":["Catalyst+1","Slice","Masterful Stab"],"picked":"SKIP","floor":35.0},{"not_picked":["Outmaneuver+1","Reflex+1"],"picked":"Dagger Spray+1","floor":36.0},{"not_picked":["Dagger Throw","Well Laid Plans"],"picked":"Blur+1","floor":38.0},{"not_picked":["Deflect+1","Expertise+1"],"picked":"Acrobatics+1","floor":40.0},{"not_picked":["Dash","Catalyst+1","Dagger Spray"],"picked":"SKIP","floor":41.0},{"not_picked":["Predator","Outmaneuver+1","Expertise+1"],"picked":"SKIP","floor":44.0},{"not_picked":["Tactician+1","Poisoned Stab+1","Crippling Poison+1"],"picked":"SKIP","floor":46.0},{"not_picked":["Poisoned Stab","Flying Knee","Sucker Punch"],"picked":"SKIP","floor":48.0},{"not_picked":["Predator+1","Grand Finale","Quick Slash"],"picked":"SKIP","floor":55.0}],"player_experience":941158,"relics_obtained":[{"floor":7.0,"key":"Shuriken"},{"floor":9.0,"key":"Toxic Egg 2"},{"floor":10.0,"key":"Matryoshka"},{"floor":25.0,"key":"Kunai"},{"floor":26.0,"key":"Juzu Bracelet"},{"floor":26.0,"key":"Gremlin Horn"},{"floor":27.0,"key":"Tingsha"},{"floor":40.0,"key":"Regal Pillow"},{"floor":43.0,"key":"Happy Flower"},{"floor":44.0,"key":"Turnip"},{"floor":46.0,"key":"MawBank"},{"floor":55.0,"key":"Anchor"}],"event_choices":[{"damage_healed":0.0,"max_hp_gain":0.0,"max_hp_loss":0.0,"gold_gain":52.0,"event_name":"Golden Wing","player_choice":"Gained Gold","floor":2.0,"gold_loss":0.0,"damage_taken":0.0},{"damage_healed":0.0,"max_hp_gain":0.0,"max_hp_loss":0.0,"gold_gain":0.0,"event_name":"Lab","player_choice":"Got Potions","floor":3.0,"gold_loss":0.0,"damage_taken":0.0},{"damage_healed":0.0,"max_hp_gain":5.0,"max_hp_loss":0.0,"gold_gain":0.0,"event_name":"Forgotten Altar","player_choice":"Shed Blood","floor":19.0,"gold_loss":0.0,"damage_taken":23.0},{"damage_healed":0.0,"max_hp_gain":0.0,"max_hp_loss":0.0,"gold_gain":0.0,"event_name":"Addict","player_choice":"Stole Relic","floor":20.0,"gold_loss":0.0,"damage_taken":0.0,"relics_obtained":["StoneCalendar"],"cards_obtained":["Shame"]},{"damage_healed":0.0,"max_hp_gain":0.0,"max_hp_loss":0.0,"gold_gain":0.0,"cards_transformed":["Strike_G","Strike_G"],"event_name":"Drug Dealer","player_choice":"Became Test Subject","floor":22.0,"gold_loss":0.0,"damage_taken":0.0,"cards_obtained":["Grand Finale","Riddle With Holes"]},{"cards_removed":["Grand Finale"],"damage_healed":10.0,"max_hp_gain":10.0,"max_hp_loss":0.0,"gold_gain":0.0,"event_name":"Bonfire Elementals","player_choice":"Offered Rare","floor":39.0,"gold_loss":0.0,"damage_taken":0.0},{"damage_healed":0.0,"max_hp_gain":0.0,"max_hp_loss":0.0,"gold_gain":0.0,"event_name":"The Woman in Blue","player_choice":"Bought 1 Potion","floor":45.0,"gold_loss":0.0,"damage_taken":0.0}],"is_beta":false,"boss_relics":[{"not_picked":["Empty Cage","Tiny House"],"picked":"WristBlade"},{"not_picked":["Ring of the Serpent","Snecko Eye"],"picked":"Sozu"}],"items_purged_floors":[24,37,47],"is_endless":false,"potions_floor_spawned":[7,10,16,21,29,31,33,35,40,46],"killed_by":"The Heart","ascension_level":20}}