{"host":"c95txy58ipbu969e","time":1612163882,"event":{"mods":["Act Like it!","BaseMod","Downfall","Minty Spire (QoL Compilation)","Quick Restart","StSLib"],"gold_per_floor":[99,99,99,99,99,99,124,157,157,189,364,125,125,138,156,257,257,257,271,271,271,290,316,316,316,316,251,251,262,0,26,44,148,148,148,167,184,236,251,270,270,287,334,350,450,480,180,192,206,206,206,206,206,206],"floor_reached":52,"language":"ZHS","playtime":5026,"items_purged":["Doubt","bronze:Strike"],"score":899,"play_id":"fa5017fa-55a5-4f9a-a65e-d807e2922908","local_time":"20210201151802","is_ascension_mode":true,"campfire_choices":[{"data":"bronze:Goto","floor":1.0,"key":"SMITH"},{"data":"bronze:InfiniteBeams","floor":6.0,"key":"SMITH"},{"data":"bronze:Format","floor":13.0,"key":"SMITH"},{"data":"bronze:Invalidate","floor":18.0,"key":"SMITH"},{"data":"bronze:Hardcode","floor":25.0,"key":"SMITH"},{"data":"bronze:HardenedForm","floor":28.0,"key":"SMITH"},{"floor":35.0,"key":"RECALL"},{"data":"bronze:FindAndReplace","floor":47.0,"key":"SMITH"}],"circlet_count":0,"master_deck":["bronze:Strike","bronze:Defend","bronze:Defend+1","bronze:Defend","bronze:Defend+1","bronze:Replicate","bronze:Goto+1","bronze:FollowUp","bronze:Repair+1","bronze:DazingPulse+1","bronze:InfiniteBeams+1","bronze:FollowUp","bronze:Format+1","bronze:Overheat","bronze:FindAndReplace+1","bronze:HardenedForm+1","bronze:ClassDefault+1","bronze:FunctionCard","bronze:FunctionCard","bronze:InfiniteLoop+1","bronze:BronzeOrb+1","bronze:Iterate+1","bronze:FineTuning+1","bronze:Turbo+1"],"relics":["bronze:PlatinumCore","downfall:HeartsMalice","Blood Vial","Pen Nib","Juzu Bracelet","SacredBark","bronze:BronzeIdol","DollysMirror","Molten Egg 2","champ:DeflectingBracers","hexamod:BolsterEngine","Lantern","downfall:HeartBlessingGreen","downfall:HeartBlessingRed","downfall:HeartBlessingBlue"],"acts_visited":["Exordium","TheCity","TheBeyond","TheEnding"],"potions_floor_usage":[50],"damage_taken":[{"damage":0.0,"enemies":"2 Louse","floor":2.0,"turns":1.0},{"damage":0.0,"enemies":"Small Slimes","floor":3.0,"turns":1.0},{"damage":0.0,"enemies":"Jaw Worm","floor":4.0,"turns":1.0},{"damage":0.0,"enemies":"Jaw Worm","floor":5.0,"turns":2.0},{"damage":15.0,"enemies":"3 Sentries","floor":8.0,"turns":7.0},{"damage":17.0,"enemies":"Gremlin Nob","floor":10.0,"turns":4.0},{"damage":0.0,"enemies":"downfall:FleeingMerchant","floor":12.0,"turns":4.0},{"damage":0.0,"enemies":"Blue Slaver","floor":14.0,"turns":2.0},{"damage":0.0,"enemies":"3 Louse","floor":15.0,"turns":3.0},{"damage":59.0,"enemies":"SI_SHIV_ARCHETYPE","floor":16.0,"turns":8.0},{"damage":2.0,"enemies":"Spheric Guardian","floor":19.0,"turns":4.0},{"damage":18.0,"enemies":"Snecko","floor":22.0,"turns":5.0},{"damage":45.0,"enemies":"Book of Stabbing","floor":23.0,"turns":7.0},{"damage":0.0,"enemies":"downfall:FleeingMerchant","floor":27.0,"turns":4.0},{"damage":3.0,"enemies":"Centurion and Healer","floor":29.0,"turns":4.0},{"damage":0.0,"enemies":"downfall:FleeingMerchant","floor":30.0,"turns":4.0},{"damage":17.0,"enemies":"Slavers","floor":31.0,"turns":3.0},{"damage":11.0,"enemies":"Shelled Parasite and Fungi","floor":32.0,"turns":4.0},{"damage":0.0,"enemies":"WA_ARCHETYPE_CALM","floor":33.0,"turns":7.0},{"damage":12.0,"enemies":"Orb Walker","floor":36.0,"turns":3.0},{"damage":13.0,"enemies":"3 Darklings","floor":37.0,"turns":6.0},{"damage":7.0,"enemies":"downfall:FleeingMerchant","floor":38.0,"turns":4.0},{"damage":3.0,"enemies":"Maw","floor":39.0,"turns":6.0},{"damage":32.0,"enemies":"Writhing Mass","floor":40.0,"turns":6.0},{"damage":3.0,"enemies":"Jaw Worm Horde","floor":42.0,"turns":3.0},{"damage":22.0,"enemies":"Maw","floor":44.0,"turns":6.0},{"damage":38.0,"enemies":"Nemesis","floor":46.0,"turns":5.0},{"damage":19.0,"enemies":"4 Shapes","floor":48.0,"turns":5.0},{"damage":5,"enemies":"Spire Growth","floor":49,"turns":3},{"damage":53,"enemies":"IC_BLOCK_ARCHETYPE","floor":50,"turns":9},{"damage":95,"enemies":"downfall:CharBossMerchant","floor":52,"turns":6}],"seed_played":"5258175587660260563","potions_obtained":[{"floor":5.0,"key":"Swift Potion"},{"floor":8.0,"key":"Fire Potion"},{"floor":10.0,"key":"Fire Potion"},{"floor":15.0,"key":"SpeedPotion"},{"floor":16.0,"key":"Weak Potion"},{"floor":19.0,"key":"Dexterity Potion"},{"floor":20.0,"key":"CultistPotion"},{"floor":26.0,"key":"EssenceOfSteel"},{"floor":26.0,"key":"AttackPotion"},{"floor":29.0,"key":"Explosive Potion"},{"floor":32.0,"key":"Swift Potion"},{"floor":36.0,"key":"FairyPotion"},{"floor":37.0,"key":"Weak Potion"},{"floor":40.0,"key":"Fire Potion"},{"floor":44.0,"key":"SkillPotion"},{"floor":48.0,"key":"LiquidMemories"}],"is_trial":false,"path_per_floor":["R","M","M","M","?","R","T","E","?","E","?","$","R","M","M","B",null,"R","M","?","?","M","E","T","R","?","$","R","M","$","E","M","B",null,"R","M","M","$","M","M","T","M","?","M","?","E","R","M","M","B",null,"E"],"character_chosen":"THE_AUTOMATON","items_purchased":["bronze:Format","DollysMirror","champ:DeflectingBracers"],"campfire_rested":0,"item_purchase_floors":[12,30,38],"current_hp_per_floor":[70,70,70,70,70,70,70,62,62,54,54,63,63,65,70,11,70,70,70,70,70,62,29,29,29,29,31,31,40,52,57,48,60,70,70,68,67,63,67,47,47,56,56,46,46,20,30,23,30,38,80,0,0,0],"gold":206,"neow_bonus":"THREE_ENEMY_KILL","is_daily":false,"chose_seed":false,"campfire_upgraded":7,"win_rate":0.0,"timestamp":1612163882,"path_taken":["R","M","M","M","?","R","T","E","?","E","?","?","R","M","M","BOSS","R","M","?","?","M","E","T","R","?","?","R","M","$","E","M","BOSS","R","M","M","$","M","M","T","M","?","M","?","E","R","M","M","BOSS","E"],"items_purchased_type":["Card","Relic","Relic"],"build_version":"2020-12-22","purchased_purges":2,"victory":false,"max_hp_per_floor":[70,70,70,70,70,70,70,70,70,70,70,70,70,70,70,70,70,70,70,70,70,70,70,70,70,70,70,70,70,70,70,70,70,70,70,70,70,70,70,70,70,70,70,70,70,70,80,80,80,80,80,80,80,80],"card_choices":[{"not_picked":["bronze:BuggyMess","bronze:CutThrough"],"picked":"bronze:FollowUp","floor":2.0},{"not_picked":["bronze:CloningBeam","bronze:Overheat"],"picked":"bronze:Repair","floor":3.0},{"not_picked":["bronze:MaxOutput","bronze:CutThrough"],"picked":"bronze:Invalidate","floor":4.0},{"not_picked":[],"picked":"bronze:DazingPulse","floor":5.0},{"not_picked":["bronze:ForLoop","bronze:BuggyMess"],"picked":"bronze:InfiniteBeams","floor":5.0},{"not_picked":["bronze:BugBarrage","bronze:Separator"],"picked":"bronze:FollowUp","floor":8.0},{"not_picked":["bronze:Branch","bronze:Allocate"],"picked":"bronze:Philosophize","floor":10.0},{"not_picked":["bronze:Constructor","bronze:Boost","bronze:Turbo"],"picked":"SKIP","floor":12.0},{"not_picked":["bronze:Flail","bronze:Separator"],"picked":"bronze:Overheat","floor":14.0},{"not_picked":["bronze:ForLoop","bronze:Invalidate"],"picked":"bronze:FindAndReplace","floor":15.0},{"not_picked":["bronze:CleanCode","bronze:Virus"],"picked":"bronze:HardenedForm","floor":16.0},{"not_picked":["bronze:BitShift","bronze:Branch"],"picked":"bronze:ClassDefault+1","floor":19.0},{"not_picked":["bronze:CloningBeam","bronze:DelayedGuard","bronze:WildBeam"],"picked":"SKIP","floor":22.0},{"not_picked":["bronze:WildBeam","bronze:Deprecate"],"picked":"bronze:Hardcode","floor":23.0},{"not_picked":["bronze:Shield","bronze:Overheat+1","bronze:Repair"],"picked":"SKIP","floor":29.0},{"not_picked":["bronze:Invalidate+1","bronze:Mutator","bronze:Separator"],"picked":"SKIP","floor":30.0},{"not_picked":["bronze:Constructor+1","bronze:Shield","bronze:BurnOut+1"],"picked":"SKIP","floor":31.0},{"not_picked":["bronze:Optimize+1","bronze:BugBarrage+1","bronze:Repair"],"picked":"SKIP","floor":32.0},{"not_picked":["bronze:AlphaBuild+1","bronze:CleanCode"],"picked":"bronze:InfiniteLoop+1","floor":33.0},{"not_picked":["bronze:WhirlingStrike+1","bronze:Safeguard+1","bronze:Shield+1"],"picked":"SKIP","floor":36.0},{"not_picked":["bronze:DarkDash+1","bronze:Frontload+1","bronze:Terminator"],"picked":"SKIP","floor":37.0},{"not_picked":["bronze:Branch+1","bronze:Overheat+1","bronze:BuggyMess+1"],"picked":"SKIP","floor":38.0},{"not_picked":["bronze:Separator+1","bronze:Constructor","bronze:WhirlingStrike+1"],"picked":"SKIP","floor":39.0},{"not_picked":["bronze:Branch+1","bronze:WildBeam+1","bronze:BugBarrage+1"],"picked":"SKIP","floor":40.0},{"not_picked":["bronze:NullPointer+1","bronze:ThunderWave+1"],"picked":"bronze:BronzeOrb+1","floor":42.0},{"not_picked":["bronze:BronzeArmor+1","bronze:OilSpill+1"],"picked":"bronze:Iterate+1","floor":44.0},{"not_picked":["bronze:WhirlingStrike+1","bronze:Repair+1"],"picked":"bronze:FineTuning+1","floor":46.0},{"not_picked":["bronze:Boost+1","bronze:Branch+1","bronze:WhirlingStrike+1"],"picked":"SKIP","floor":48.0},{"not_picked":["bronze:Turbo+1","bronze:BitShift","bronze:Overheat+1"],"picked":"SKIP","floor":49},{"not_picked":["bronze:BitShift","bronze:Overheat+1"],"picked":"bronze:Turbo+1","floor":49}],"player_experience":533975,"relics_obtained":[{"floor":7.0,"key":"Blood Vial"},{"floor":8.0,"key":"Pen Nib"},{"floor":10.0,"key":"Juzu Bracelet"},{"floor":23.0,"key":"War Paint"},{"floor":24.0,"key":"bronze:BronzeIdol"},{"floor":31.0,"key":"Molten Egg 2"},{"floor":43.0,"key":"hexamod:BolsterEngine"},{"floor":46.0,"key":"Lantern"}],"event_choices":[{"cards_removed":["bronze:Strike"],"damage_healed":0.0,"max_hp_gain":0.0,"max_hp_loss":0.0,"gold_gain":0.0,"event_name":"The Cleric","player_choice":"Card Removal","floor":9.0,"gold_loss":0.0,"damage_taken":0.0},{"cards_removed":["bronze:Strike"],"damage_healed":0.0,"max_hp_gain":0.0,"max_hp_loss":0.0,"gold_gain":0.0,"event_name":"The Cleric","player_choice":"Card Removal","floor":27.0,"gold_loss":50.0,"damage_taken":0.0}],"is_beta":false,"boss_relics":[{"not_picked":["Snecko Eye","bronze:MakeshiftBattery"],"picked":"SacredBark"},{"not_picked":["Philosopher\u0027s Stone","Sozu"],"picked":"bronze:PlatinumCore"}],"items_purged_floors":[12,30],"is_endless":false,"potions_floor_spawned":[5,8,10,15,16,19,29,32,36,37,40,44,48],"killed_by":"downfall:CharBossMerchant","ascension_level":4}}