{"host":"yans4pr1zf0lm9bx","time":1612148685,"event":{"mods":["AchievementEnabler","BaseMod","Downfall","Minty Spire (QoL Compilation)","StSLib","SuperFastMode","slay the spire mod where everything is the same but ironclad has a cowboy hat"],"gold_per_floor":[99,117,131,131,151,171,171,189,189,217,217,237,252,265,281,281,281,281],"floor_reached":16,"language":"ENG","playtime":965,"items_purged":[],"score":108,"play_id":"50eee5cc-2315-4ccc-83c2-8f3328327933","local_time":"20210131220445","is_ascension_mode":false,"campfire_choices":[{"data":"Guardian:TwinSlam","floor":1,"key":"SMITH"},{"floor":11,"key":"RECALL"}],"circlet_count":0,"master_deck":["Guardian:Strike_Guardian","Guardian:Strike_Guardian","Guardian:Strike_Guardian","Guardian:Defend_Guardian","Guardian:Defend_Guardian","Guardian:Defend_Guardian","Guardian:Defend_Guardian","Guardian:CurlUp","Guardian:TwinSlam+1","Guardian:CrystalBeam","Guardian:StasisStrike","Guardian:DecasProtection","Guardian:EvasiveProtocol","Guardian:TemporalShield","Guardian:WalkerClaw","Guardian:Gem_Red","Guardian:Gem_Crimson"],"relics":["Guardian:ModeShifter","Ice Cream","Pantograph"],"acts_visited":["Exordium"],"potions_floor_usage":[10,16,16],"damage_taken":[{"damage":0,"enemies":"Small Slimes","floor":2,"turns":4},{"damage":1,"enemies":"Cultist","floor":3,"turns":3},{"damage":0,"enemies":"Jaw Worm","floor":5,"turns":3},{"damage":15,"enemies":"Lots of Slimes","floor":6,"turns":4},{"damage":10,"enemies":"2 Fungi Beasts","floor":8,"turns":3},{"damage":18,"enemies":"3 Sentries","floor":10,"turns":10},{"damage":8,"enemies":"Exordium Thugs","floor":12,"turns":6},{"damage":8,"enemies":"3 Louse","floor":13,"turns":3},{"damage":3,"enemies":"Lots of Slimes","floor":14,"turns":5},{"damage":8,"enemies":"2 Fungi Beasts","floor":15,"turns":5},{"damage":47,"enemies":"WA_ARCHETYPE_RETAIN","floor":16,"turns":12}],"seed_played":"4573162452239978414","potions_obtained":[{"floor":6,"key":"Guardian:StasisDiscoveryPotion"},{"floor":8,"key":"SpeedPotion"},{"floor":12,"key":"Weak Potion"},{"floor":14,"key":"SpeedPotion"},{"floor":15,"key":"BlessingOfTheForge"}],"is_trial":false,"path_per_floor":["R","M","M","?","M","M","T","M","?","E","R","M","M","M","M","B"],"character_chosen":"GUARDIAN","items_purchased":[],"campfire_rested":0,"item_purchase_floors":[],"current_hp_per_floor":[88,88,87,87,87,72,72,62,62,44,44,36,28,25,17,0,0,0],"gold":281,"neow_bonus":"TEN_PERCENT_HP_BONUS","is_daily":false,"chose_seed":false,"campfire_upgraded":1,"win_rate":0.0,"timestamp":1612148685,"path_taken":["R","M","M","?","?","M","T","M","?","E","R","M","?","M","M","BOSS"],"items_purchased_type":[],"build_version":"2020-12-22","purchased_purges":0,"victory":false,"max_hp_per_floor":[88,88,88,88,88,88,88,88,88,88,88,88,88,88,88,88,88,88],"card_choices":[{"not_picked":["Guardian:TemporalStrike","Guardian:PiercingHide"],"picked":"Guardian:CrystalBeam","floor":2},{"not_picked":["Guardian:Gem_Red","Guardian:DecasProtection"],"picked":"Guardian:Gem_Purple","floor":3},{"not_picked":["Guardian:Gem_Green","Guardian:MultiBeam"],"picked":"Guardian:StasisStrike","floor":5},{"not_picked":["Guardian:WalkerClaw","Guardian:ArmoredProtocol"],"picked":"Guardian:DecasProtection","floor":6},{"not_picked":["Guardian:Suspension","Guardian:MultiBeam"],"picked":"Guardian:EvasiveProtocol","floor":8},{"not_picked":["Guardian:Gem_Purple","Guardian:PiercingHide"],"picked":"Guardian:Gem_Blue","floor":10},{"not_picked":["Guardian:PrismaticBarrier","Guardian:PrimingBeam"],"picked":"Guardian:TemporalShield","floor":12},{"not_picked":["Guardian:RollAttack","Guardian:BodySlam"],"picked":"Guardian:WalkerClaw","floor":13},{"not_picked":["Guardian:SpikerProtocol","Guardian:Recover"],"picked":"Guardian:Gem_Red","floor":14},{"not_picked":["Guardian:Gem_Blue","Guardian:SentryBeam"],"picked":"Guardian:Gem_Crimson","floor":15}],"player_experience":270605,"relics_obtained":[{"floor":7,"key":"Ice Cream"},{"floor":10,"key":"Pantograph"}],"event_choices":[{"damage_healed":0,"gold_gain":0,"player_choice":"Ignored","damage_taken":0,"max_hp_gain":0,"max_hp_loss":0,"event_name":"NoteForYourself","floor":9,"gold_loss":0}],"is_beta":false,"boss_relics":[],"items_purged_floors":[],"is_endless":false,"potions_floor_spawned":[6,8,12,14,15],"killed_by":"WA_ARCHETYPE_RETAIN","ascension_level":0}}