{"host":"msmkw03x1o7nq45i","time":1612184123,"event":{"mods":["AchievementEnabler","BaseMod","Bestiary","Colored Powertips","GifTheSpireLib","Highlight Path","Minty Spire (QoL Compilation)","Random Character Button","StSLib","everything is the same but u backflip on backflip"],"gold_per_floor":[137,194,232,10,40,68,68,127,150,150,188,32,67,80,80,177,177,195,235,35,35,35,90,90,90,90,158,158,223,223,287,287,385,385,427,122,166,183,183,241,116,116,116,116,116,130,130,143,143,168],"floor_reached":51,"language":"ENG","playtime":4250,"items_purged":["Defend_P","Defend_P","Strike_P"],"score":1400,"play_id":"474961f2-a22c-4146-b85c-bd361bf19e37","local_time":"20210201145523","is_ascension_mode":true,"campfire_choices":[{"data":"HandOfGreed","floor":7,"key":"SMITH"},{"data":"CrushJoints","floor":15,"key":"SMITH"},{"data":"Blasphemy","floor":25,"key":"SMITH"},{"data":"MentalFortress","floor":30,"key":"SMITH"},{"data":"Wallop","floor":32,"key":"SMITH"},{"data":"Tantrum","floor":42,"key":"SMITH"},{"data":"Wallop","floor":44,"key":"SMITH"},{"data":"Adaptation","floor":49,"key":"SMITH"}],"circlet_count":0,"master_deck":["AscendersBane","Strike_P","Strike_P+1","Strike_P","Defend_P","Eruption","Vigilance","EmptyFist+1","Conclude","CrushJoints+1","Wallop+1","InnerPeace","CutThroughFate","CutThroughFate","MentalFortress+1","Blasphemy+1","Halt+1","Tantrum+1","HandOfGreed+1","Wallop+1","Adaptation+1","FearNoEvil","FlyingSleeves+1","Secret Technique","PanicButton"],"relics":["PureWater","Blood Vial","Bronze Scales","Potion Belt","ClockworkSouvenir","Velvet Choker","Toolbox","MutagenicStrength","Lantern","Cursed Key","Whetstone","Singing Bowl"],"acts_visited":["Exordium","TheCity","TheBeyond"],"potions_floor_usage":[16,23,29,33,46,50,50,50],"damage_taken":[{"damage":0,"enemies":"Cultist","floor":1,"turns":2},{"damage":0,"enemies":"2 Louse","floor":2,"turns":4},{"damage":0,"enemies":"Jaw Worm","floor":3,"turns":3},{"damage":9,"enemies":"Red Slaver","floor":5,"turns":5},{"damage":0,"enemies":"Lagavulin","floor":6,"turns":3},{"damage":19,"enemies":"3 Sentries","floor":8,"turns":6},{"damage":14,"enemies":"3 Louse","floor":11,"turns":2},{"damage":0,"enemies":"Exordium Wildlife","floor":13,"turns":3},{"damage":9,"enemies":"Red Slaver","floor":14,"turns":2},{"damage":0,"enemies":"Slime Boss","floor":16,"turns":3},{"damage":1,"enemies":"Spheric Guardian","floor":18,"turns":3},{"damage":0,"enemies":"Shell Parasite","floor":19,"turns":1},{"damage":0,"enemies":"Book of Stabbing","floor":23,"turns":2},{"damage":17,"enemies":"Shelled Parasite and Fungi","floor":27,"turns":5},{"damage":3,"enemies":"Chosen and Byrds","floor":29,"turns":3},{"damage":0,"enemies":"Sentry and Sphere","floor":31,"turns":1},{"damage":29,"enemies":"Automaton","floor":33,"turns":6},{"damage":0,"enemies":"3 Shapes","floor":35,"turns":5},{"damage":0,"enemies":"Orb Walker","floor":37,"turns":1},{"damage":0,"enemies":"3 Darklings","floor":38,"turns":2},{"damage":0,"enemies":"Reptomancer","floor":40,"turns":2},{"damage":27,"enemies":"Writhing Mass","floor":46,"turns":3},{"damage":0,"enemies":"Transient","floor":48,"turns":5},{"damage":24,"enemies":"Donu and Deca","floor":50,"turns":5}],"seed_played":"-9122789485231931360","potions_obtained":[{"floor":2,"key":"FearPotion"},{"floor":5,"key":"CultistPotion"},{"floor":16,"key":"BottledMiracle"},{"floor":19,"key":"FearPotion"},{"floor":23,"key":"SpeedPotion"},{"floor":33,"key":"DistilledChaos"},{"floor":35,"key":"Energy Potion"},{"floor":37,"key":"SteroidPotion"},{"floor":40,"key":"Block Potion"},{"floor":46,"key":"FairyPotion"},{"floor":48,"key":"CultistPotion"}],"is_trial":false,"path_per_floor":["M","M","M","$","M","E","R","E","T","?","M","$","M","M","R","B",null,"M","M","$","?","?","E","$","R","T","M","?","M","R","M","R","B",null,"M","$","M","M","?","E","$","R","T","R","?","M","?","M","R","B",null],"character_chosen":"WATCHER","items_purchased":["Wallop","InnerPeace","ClockworkSouvenir","Toolbox","Fire Potion","Whetstone","SteroidPotion"],"campfire_rested":0,"item_purchase_floors":[4,4,12,20,20,36,36],"current_hp_per_floor":[43,43,43,43,34,34,34,17,17,39,27,27,29,22,22,24,57,58,60,60,60,60,62,62,62,62,47,47,46,46,48,48,21,56,58,58,60,62,62,64,64,64,64,64,56,33,82,84,84,60],"gold":168,"neow_bonus":"RANDOM_COLORLESS_2","is_daily":false,"chose_seed":false,"campfire_upgraded":8,"win_rate":0.0,"timestamp":1612184123,"path_taken":["M","?","M","$","M","E","R","E","T","?","M","?","M","M","R","BOSS","M","M","$","?","?","E","?","R","T","M","?","M","R","?","R","BOSS","M","$","M","?","?","E","$","R","T","R","?","M","?","?","R","BOSS"],"items_purchased_type":["Card","Card","Relic","Relic","Potion","Relic","Potion"],"build_version":"2020-12-22","purchased_purges":3,"victory":true,"max_hp_per_floor":[68,68,68,68,68,68,68,68,68,68,68,68,68,68,68,68,68,68,68,68,68,68,68,68,68,68,68,68,68,68,68,68,68,68,68,68,68,68,68,68,68,68,68,68,70,72,82,84,84,84],"card_choices":[{"not_picked":["Metamorphosis","Magnetism"],"picked":"HandOfGreed","floor":0},{"not_picked":["SignatureMove","BowlingBash"],"picked":"EmptyFist","floor":1},{"not_picked":["SashWhip","CarveReality"],"picked":"Conclude","floor":2},{"not_picked":["EmptyBody","BowlingBash"],"picked":"CrushJoints","floor":3},{"not_picked":["JustLucky","Worship","Protect"],"picked":"SKIP","floor":5},{"not_picked":["Devotion","JustLucky"],"picked":"CutThroughFate","floor":6},{"not_picked":["SandsOfTime","Prostrate"],"picked":"CutThroughFate","floor":8},{"not_picked":["FollowUp","CrushJoints","LikeWater"],"picked":"SKIP","floor":11},{"not_picked":["CarveReality","SpiritShield","EmptyFist"],"picked":"SKIP","floor":13},{"not_picked":["PathToVictory","Protect"],"picked":"MentalFortress","floor":14},{"not_picked":["Omniscience","MasterReality"],"picked":"Blasphemy","floor":16},{"not_picked":["BattleHymn","Conclude"],"picked":"Halt+1","floor":18},{"not_picked":["Nirvana","Halt","Collect+1"],"picked":"SKIP","floor":19},{"not_picked":["ThirdEye","Vengeance","Nirvana"],"picked":"SKIP","floor":23},{"not_picked":["Worship","SashWhip"],"picked":"Tantrum","floor":27},{"not_picked":["ForeignInfluence","WaveOfTheHand"],"picked":"Wallop","floor":29},{"not_picked":["FlyingSleeves","Crescendo"],"picked":"Adaptation","floor":31},{"not_picked":["BattleHymn","CutThroughFate"],"picked":"FearNoEvil","floor":35},{"not_picked":["BowlingBash","Indignation","Protect"],"picked":"SKIP","floor":37},{"not_picked":["EmptyBody","ThirdEye","Wireheading+1"],"picked":"SKIP","floor":38},{"not_picked":["Wireheading","CrushJoints+1"],"picked":"FlyingSleeves+1","floor":40},{"not_picked":["Violence","Swift Strike"],"picked":"Secret Technique","floor":45},{"not_picked":["Finesse","Madness","Bandage Up"],"picked":"Singing Bowl","floor":45},{"not_picked":["Impatience","Dramatic Entrance"],"picked":"PanicButton","floor":45},{"not_picked":["Evaluate","WindmillStrike","SashWhip"],"picked":"Singing Bowl","floor":46},{"not_picked":["FlyingSleeves+1","SignatureMove","EmptyFist+1"],"picked":"Singing Bowl","floor":48}],"player_experience":443521,"relics_obtained":[{"floor":6,"key":"Blood Vial"},{"floor":8,"key":"Bronze Scales"},{"floor":9,"key":"Potion Belt"},{"floor":23,"key":"Lantern"},{"floor":40,"key":"Singing Bowl"}],"event_choices":[{"damage_healed":22,"gold_gain":0,"player_choice":"Banana","damage_taken":0,"max_hp_gain":0,"max_hp_loss":0,"event_name":"Big Fish","floor":10,"gold_loss":0},{"damage_healed":0,"gold_gain":0,"player_choice":"Ignored","damage_taken":0,"max_hp_gain":0,"max_hp_loss":0,"event_name":"The Mausoleum","floor":21,"gold_loss":0},{"damage_healed":0,"gold_gain":0,"player_choice":"Inject Mutagens","damage_taken":0,"relics_obtained":["MutagenicStrength"],"max_hp_gain":0,"max_hp_loss":0,"event_name":"Drug Dealer","floor":22,"gold_loss":0},{"damage_healed":0,"gold_gain":0,"player_choice":"Copied","damage_taken":0,"max_hp_gain":0,"max_hp_loss":0,"event_name":"Duplicator","floor":28,"gold_loss":0,"cards_obtained":["HandOfGreed"]},{"cards_removed":["Defend_P"],"damage_healed":0,"gold_gain":0,"player_choice":"Removed Skill","damage_taken":0,"max_hp_gain":0,"max_hp_loss":0,"event_name":"Falling","floor":39,"gold_loss":0},{"damage_healed":0,"gold_gain":0,"player_choice":"Memory 3","damage_taken":10,"max_hp_gain":0,"max_hp_loss":0,"event_name":"SensoryStone","floor":45,"gold_loss":0},{"cards_removed":["HandOfGreed"],"damage_healed":39,"gold_gain":0,"player_choice":"Offered Rare","damage_taken":0,"max_hp_gain":10,"max_hp_loss":0,"event_name":"Bonfire Elementals","floor":47,"gold_loss":0}],"is_beta":false,"boss_relics":[{"not_picked":["Fusion Hammer","Astrolabe"],"picked":"Velvet Choker"},{"not_picked":["Busted Crown","Black Star"],"picked":"Cursed Key"}],"items_purged_floors":[4,36,41],"is_endless":false,"potions_floor_spawned":[2,5,6,16,19,23,33,35,37,40,46,48],"ascension_level":14}}