{"host":"amvb77pwe2wp6zyc","time":1612179123,"event":{"mods":["2.2 Compatiblity","AchievementEnabler","AlwaysNeverKeys","BaseMod","BetterRewards","Downfall","Duelist Mod","GifTheSpireLib","Minty Spire (QoL Compilation)","Permanent Neow","Quick Restart","Relic Filter","Shop Mod","StSLib","SuperFastMode","Trackpad"],"gold_per_floor":[141,141,168,183,183,183,183,183,183,209,222,222,66,66,66,140,140,150,75,88,103,103,103,103,103,153,53,53,53],"floor_reached":28,"language":"DEU","playtime":774,"items_purged":["theDuelist:CastleWalls","theDuelist:CastleWalls"],"score":333,"play_id":"dc5a11fb-fa47-4cbf-b1f2-730f4bad4e42","local_time":"20210201123203","is_ascension_mode":true,"campfire_choices":[{"floor":6.0,"key":"DIG"},{"data":"theDuelist:Sparks","floor":8.0,"key":"PURGE"},{"data":"theDuelist:Sparks","floor":12.0,"key":"PURGE"},{"data":"theDuelist:CastleWalls","floor":15,"key":"PURGE"},{"floor":23,"key":"DIG"},{"floor":25,"key":"DIG"}],"circlet_count":0,"master_deck":["AscendersBane","theDuelist:NaturiaTulip","theDuelist:LonefireBlossom"],"relics":["theDuelist:MillenniumPuzzle","theDuelist:CardPoolRelic","theDuelist:CardPoolBasicRelic","theDuelist:BoosterPackPoolRelic","theDuelist:CardPoolAddRelic","theDuelist:CardPoolMinusRelic","theDuelist:CardPoolSaveRelic","theDuelist:CardPoolOptionsRelic","Shovel","Peace Pipe","trackpad:FieryHotPepper","Unceasing Top","Empty Cage","Sozu","MealTicket","theDuelist:BoosterBetterBoostersRelic","theDuelist:MillenniumRing"],"acts_visited":["Exordium","TheCity"],"potions_floor_usage":[],"damage_taken":[{"damage":0.0,"enemies":"2 Louse","floor":1.0,"turns":4.0},{"damage":0.0,"enemies":"Jaw Worm","floor":4.0,"turns":4.0},{"damage":0.0,"enemies":"Cultist","floor":11.0,"turns":3.0},{"damage":25,"enemies":"Hexaghost","floor":16,"turns":7},{"damage":1,"enemies":"3 Byrds","floor":18,"turns":2},{"damage":0,"enemies":"Chosen","floor":20,"turns":3},{"damage":2,"enemies":"Shelled Parasite and Fungi","floor":21,"turns":3},{"damage":80,"enemies":"Book of Stabbing","floor":28,"turns":5}],"seed_played":"8184392533179460676","potions_obtained":[{"floor":1.0,"key":"Energy Potion"},{"floor":16,"key":"theDuelist:BurningPotionB"}],"is_trial":false,"path_per_floor":["M","?","T","M","?","R","?","R","T","?","M","R","$","$","R","B",null,"M","$","M","M","?","R","?","R","T","$","E"],"character_chosen":"THE_DUELIST","items_purchased":["Empty Cage"],"campfire_rested":0,"item_purchase_floors":[13],"current_hp_per_floor":[72,72,72,72,72,72,72,72,72,72,72,72,72,72,72,47,72,71,71,71,69,69,69,69,69,69,80,0,0],"gold":53,"neow_bonus":"RANDOM_COMMON_RELIC","is_daily":false,"chose_seed":false,"campfire_upgraded":0,"win_rate":0.0,"timestamp":1612179123,"path_taken":["M","?","?","?","?","R","?","R","T","?","?","R","?","$","R","BOSS","M","$","M","M","?","R","?","R","T","?","E"],"items_purchased_type":["Relic"],"build_version":"2020-12-22","purchased_purges":2,"victory":false,"max_hp_per_floor":[80,80,80,80,80,80,80,80,80,80,80,80,80,80,80,80,80,80,80,80,80,80,80,80,80,80,80,80,80],"card_choices":[{"not_picked":["theDuelist:NaturiaLeodrake","theDuelist:NatureReflection","theDuelist:NaturalDisaster","theDuelist:LairWire"],"picked":"SKIP","floor":1.0},{"not_picked":["theDuelist:NaturiaEggplant","theDuelist:NaturiaMantis","theDuelist:NaturiaSunflower","theDuelist:NaturiaRock","theDuelist:NaturiaGuardian"],"picked":"SKIP","floor":4.0},{"not_picked":["theDuelist:NaturiaEggplant","theDuelist:NaturiaSunflower","theDuelist:NaturiaTulip","theDuelist:NaturiaDragonfly","theDuelist:NaturiaStagBeetle"],"picked":"SKIP","floor":11.0},{"not_picked":["theDuelist:VenomShot+1","theDuelist:FossilExcavation","theDuelist:NaturiaStrawberry","theDuelist:BottomlessTrapHole","theDuelist:NaturiaPumpkin"],"picked":"SKIP","floor":18},{"not_picked":["theDuelist:NaturiaDragonfly+1","theDuelist:NaturiaRock","theDuelist:NaturiaCliff","theDuelist:NaturiaCosmobeet+1"],"picked":"theDuelist:LonefireBlossom","floor":20},{"not_picked":["theDuelist:NaturiaLeodrake","theDuelist:NaturalDisaster","theDuelist:LeodrakeMane","theDuelist:NaturiaSacredTree+1","theDuelist:NaturiaVein"],"picked":"SKIP","floor":21}],"player_experience":392107,"relics_obtained":[{"floor":3.0,"key":"Peace Pipe"},{"floor":6.0,"key":"trackpad:FieryHotPepper"},{"floor":9.0,"key":"Unceasing Top"},{"floor":23,"key":"MealTicket"},{"floor":25,"key":"theDuelist:BoosterBetterBoostersRelic"},{"floor":26,"key":"theDuelist:MillenniumRing"}],"event_choices":[{"cards_removed":["theDuelist:NaturiaBeast"],"damage_healed":0.0,"max_hp_gain":0.0,"max_hp_loss":0.0,"gold_gain":0.0,"event_name":"Living Wall","player_choice":"Forget","floor":2.0,"gold_loss":0.0,"damage_taken":0.0},{"max_hp_gain":0.0,"max_hp_loss":0.0,"total_magic_score":13.0,"gold_gain":0.0,"event_name":"Nameless Tomb","duelist":true,"floor":5.0,"gold_loss":0.0,"damage_taken":0.0,"cards_obtained":[],"relics_obtained":[],"points":4.0},{"damage_healed":0.0,"max_hp_gain":0.0,"max_hp_loss":0.0,"gold_gain":0.0,"event_name":"Shining Light","player_choice":"Ignored","floor":7.0,"gold_loss":0.0,"damage_taken":0.0},{"damage_healed":0.0,"max_hp_gain":0.0,"max_hp_loss":0.0,"gold_gain":0.0,"event_name":"Card Trader","player_choice":"Sold Naturia Rock for 26 Gold.","duelist":true,"floor":10.0,"gold_loss":0.0,"damage_taken":0.0},{"damage_healed":0,"gold_gain":0,"player_choice":"Leave","duelist":true,"damage_taken":0,"max_hp_gain":0,"max_hp_loss":0,"event_name":"Aknamkanon\u0027s Tomb","floor":22,"gold_loss":0}],"is_beta":false,"boss_relics":[{"not_picked":["Tiny House","theDuelist:GamblerChip"],"picked":"Sozu"}],"items_purged_floors":[19,27],"is_endless":false,"potions_floor_spawned":[1,16],"killed_by":"Book of Stabbing","ascension_level":13}}