{"host":"rolltorest","time":1612140096,"event":{"mods":["BaseMod","Minty Spire (QoL Compilation)","Relic Stats","Slay the Relics Exporter","StSLib"],"gold_per_floor":[111,111,130,143,143,168,168,182,182,201,201,229,54,54,54],"floor_reached":14,"language":"ENG","playtime":274,"items_purged":["Strike_G"],"score":200,"play_id":"fab264ac-5c1d-4ab0-9798-629aec849700","local_time":"20210131164136","is_ascension_mode":true,"campfire_choices":[{"data":"Neutralize","floor":7,"key":"SMITH"},{"data":"Crippling Poison","floor":11,"key":"SMITH"}],"circlet_count":0,"master_deck":["AscendersBane","Strike_G","Strike_G","Strike_G","Strike_G","Defend_G","Defend_G","Defend_G","Defend_G","Defend_G","Survivor","Neutralize+1","Dagger Spray+1","Phantasmal Killer","Slice","Crippling Poison+1","Dash","Well Laid Plans","Deadly Poison"],"relics":["Ring of the Snake","NeowsBlessing","Pen Nib","Akabeko","Matryoshka"],"acts_visited":["Exordium"],"potions_floor_usage":[14],"damage_taken":[{"damage":0,"enemies":"Small Slimes","floor":1,"turns":1},{"damage":0,"enemies":"Cultist","floor":3,"turns":1},{"damage":0,"enemies":"Jaw Worm","floor":4,"turns":1},{"damage":36,"enemies":"3 Sentries","floor":6,"turns":11},{"damage":0,"enemies":"Lots of Slimes","floor":8,"turns":2},{"damage":0,"enemies":"Exordium Thugs","floor":10,"turns":2},{"damage":15,"enemies":"Lagavulin","floor":12,"turns":5},{"damage":8,"enemies":"Gremlin Nob","floor":14,"turns":3}],"seed_played":"8458530367004411125","potions_obtained":[{"floor":3,"key":"FearPotion"},{"floor":6,"key":"Swift Potion"},{"floor":10,"key":"CultistPotion"}],"is_trial":false,"path_per_floor":["M","?","M","M","?","E","R","M","T","M","R","E","$","E"],"character_chosen":"THE_SILENT","items_purchased":["Well Laid Plans","Deadly Poison"],"campfire_rested":0,"item_purchase_floors":[13,13],"current_hp_per_floor":[59,59,59,59,66,30,30,30,30,30,30,15,15,7,7],"gold":54,"neow_bonus":"THREE_ENEMY_KILL","is_daily":false,"chose_seed":false,"campfire_upgraded":2,"win_rate":0.0,"timestamp":1612140096,"path_taken":["M","?","?","M","?","E","R","M","T","?","R","E","?","E"],"items_purchased_type":["Card","Card"],"build_version":"2020-12-18","purchased_purges":1,"victory":false,"max_hp_per_floor":[66,66,66,66,66,66,66,66,66,66,66,66,66,66,66],"relic_stats":{"counters":[8,26],"Pen Nib":[2],"obtain_stats":[{"Matryoshka":12,"NeowsBlessing":0,"Pen Nib":6,"Akabeko":9,"Ring of the Snake":0},{"Matryoshka":7,"NeowsBlessing":0,"Pen Nib":4,"Akabeko":5,"Ring of the Snake":0},{"Matryoshka":23,"NeowsBlessing":0,"Pen Nib":14,"Akabeko":16,"Ring of the Snake":0}],"Ring of the Snake":[16]},"card_choices":[{"not_picked":["Dodge and Roll","Backstab"],"picked":"Dagger Spray","floor":1},{"not_picked":["Deflect","Prepared","Caltrops"],"picked":"SKIP","floor":3},{"not_picked":["Eviscerate","Deflect","Flechettes"],"picked":"SKIP","floor":4},{"not_picked":["Dagger Throw","Sucker Punch"],"picked":"Phantasmal Killer","floor":6},{"not_picked":["Riddle With Holes","Underhanded Strike"],"picked":"Slice","floor":8},{"not_picked":["Quick Slash","Dagger Spray"],"picked":"Crippling Poison","floor":10},{"not_picked":["Bane","Blade Dance"],"picked":"Dash","floor":12}],"player_experience":1781161,"relics_obtained":[{"floor":6,"key":"Pen Nib"},{"floor":9,"key":"Akabeko"},{"floor":12,"key":"Matryoshka"}],"event_choices":[{"damage_healed":0,"gold_gain":0,"player_choice":"Upgraded","damage_taken":0,"max_hp_gain":0,"max_hp_loss":0,"event_name":"Upgrade Shrine","floor":2,"gold_loss":0,"cards_upgraded":["Dagger Spray"]},{"damage_healed":7,"gold_gain":0,"player_choice":"Full Heal","damage_taken":0,"max_hp_gain":0,"max_hp_loss":0,"event_name":"Wheel of Change","floor":5,"gold_loss":0}],"is_beta":true,"boss_relics":[],"items_purged_floors":[13],"is_endless":false,"potions_floor_spawned":[3,6,8,10],"killed_by":"Gremlin Nob","ascension_level":20}}