{"host":"qgrlfjrqk9z96gfi","time":1612143809,"event":{"mods":["BaseMod","Block Reminder","Colored Map","Custom Start","DeckTracker","Minty Spire (QoL Compilation)"],"gold_per_floor":[109,121,139,55,55,55,55,55,129,156,231,14,14,46,46,120,120,131,143,160,55,55,55,83,83,108,122,122,140,150,182,182,256,256,266,312,362,372,372,372,402,417,443,25,35,35,35,48,48,48,48],"floor_reached":50,"language":"ENG","playtime":1995,"items_purged":["Strike_G","Strike_G"],"score":1036,"play_id":"5ad543ca-ab8e-4089-be30-3259f5b31fd2","local_time":"20210131154329","is_ascension_mode":true,"campfire_choices":[{"data":"Neutralize","floor":6.0,"key":"SMITH"},{"data":"Noxious Fumes","floor":8.0,"key":"SMITH"},{"data":"Terror","floor":15.0,"key":"SMITH"},{"floor":23.0,"key":"REST"},{"floor":25.0,"key":"REST"},{"floor":28.0,"key":"REST"},{"floor":32.0,"key":"RECALL"},{"floor":40.0,"key":"REST"},{"floor":46,"key":"REST"},{"floor":49,"key":"REST"}],"circlet_count":0,"master_deck":["AscendersBane","Strike_G","Strike_G","Strike_G","Defend_G","Defend_G","Defend_G","Defend_G","Defend_G","Survivor","Neutralize+1","Skewer+1","Poisoned Stab","Terror+1","Noxious Fumes+1","Dodge and Roll","Die Die Die","Endless Agony","After Image","Backflip","Cloak And Dagger","Adrenaline","Deflect+1","PiercingWail","Wraith Form v2","Footwork+1","Infinite Blades","Malaise","Blur","PiercingWail+1","Finisher"],"relics":["WristBlade","Blood Vial","The Courier","Ninja Scroll","Kunai","Orichalcum","Fusion Hammer","Nilry\u0027s Codex","Letter Opener","Omamori","Blue Candle","Runic Pyramid","Du-Vu Doll","StrikeDummy","Bag of Marbles","TwistedFunnel"],"acts_visited":["Exordium","TheCity","TheBeyond"],"potions_floor_usage":[50],"damage_taken":[{"damage":4.0,"enemies":"Small Slimes","floor":1.0,"turns":4.0},{"damage":0.0,"enemies":"2 Louse","floor":2.0,"turns":3.0},{"damage":4.0,"enemies":"Jaw Worm","floor":3.0,"turns":4.0},{"damage":1.0,"enemies":"Gremlin Nob","floor":10.0,"turns":3.0},{"damage":8.0,"enemies":"Lagavulin","floor":14.0,"turns":6.0},{"damage":9.0,"enemies":"The Guardian","floor":16.0,"turns":9.0},{"damage":0.0,"enemies":"Chosen","floor":18.0,"turns":4.0},{"damage":7.0,"enemies":"3 Byrds","floor":19.0,"turns":4.0},{"damage":20.0,"enemies":"Snecko","floor":20.0,"turns":4.0},{"damage":18.0,"enemies":"Slavers","floor":24.0,"turns":5.0},{"damage":0.0,"enemies":"3 Cultists","floor":27.0,"turns":4.0},{"damage":0.0,"enemies":"Sentry and Sphere","floor":29.0,"turns":2.0},{"damage":2.0,"enemies":"Snake Plant","floor":30.0,"turns":3.0},{"damage":2.0,"enemies":"Book of Stabbing","floor":31.0,"turns":5.0},{"damage":64.0,"enemies":"Champ","floor":33.0,"turns":15.0},{"damage":2.0,"enemies":"Orb Walker","floor":35.0,"turns":3.0},{"damage":40.0,"enemies":"2 Orb Walkers","floor":36.0,"turns":5.0},{"damage":2.0,"enemies":"3 Shapes","floor":38.0,"turns":5.0},{"damage":43.0,"enemies":"Reptomancer","floor":41.0,"turns":6.0},{"damage":0.0,"enemies":"Maw","floor":42.0,"turns":9.0},{"damage":7,"enemies":"Writhing Mass","floor":45,"turns":8},{"damage":0,"enemies":"Spire Growth","floor":48,"turns":5},{"damage":61,"enemies":"Awakened One","floor":50,"turns":13}],"seed_played":"-4210681530817284824","potions_obtained":[{"floor":1.0,"key":"Fruit Juice"},{"floor":2.0,"key":"AttackPotion"},{"floor":14.0,"key":"Strength Potion"},{"floor":19.0,"key":"Strength Potion"},{"floor":24.0,"key":"Poison Potion"},{"floor":30.0,"key":"PowerPotion"},{"floor":35.0,"key":"Regen Potion"},{"floor":38.0,"key":"Explosive Potion"},{"floor":39.0,"key":"CunningPotion"},{"floor":45,"key":"Dexterity Potion"}],"is_trial":false,"path_per_floor":["M","M","M","$","?","R","?","R","T","E","?","$","$","E","R","B",null,"M","M","M","$","?","R","E","R","T","M","R","M","M","E","R","B",null,"M","?","?","M","?","R","E","M","T","$","M","R","$","M","R","B"],"character_chosen":"THE_SILENT","items_purchased":["Noxious Fumes","Kunai","Cloak And Dagger","Bag of Marbles","TwistedFunnel","Blur"],"campfire_rested":6,"item_purchase_floors":[4,12,21,44,44,44],"current_hp_per_floor":[55,55,51,51,46,46,46,46,46,52,41,41,41,35,35,28,60,62,57,39,39,18,39,23,44,44,46,67,69,69,69,69,7,55,55,31,31,31,31,52,11,13,13,13,8,29,29,31,52,0,0],"gold":48,"neow_bonus":"BOSS_RELIC","is_daily":false,"chose_seed":false,"campfire_upgraded":3,"win_rate":0.0,"timestamp":1612143809,"path_taken":["M","M","M","$","?","R","?","R","T","E","?","?","$","E","R","BOSS","M","M","M","$","?","R","E","R","T","M","R","M","M","E","R","BOSS","M","?","?","?","?","R","E","M","T","$","M","R","$","M","R","BOSS"],"items_purchased_type":["Card","Relic","Card","Relic","Relic","Card"],"build_version":"2020-12-22","purchased_purges":2,"victory":false,"max_hp_per_floor":[66,66,66,66,66,66,66,66,66,71,71,71,71,71,71,71,71,71,71,71,71,71,71,71,71,71,71,71,71,71,71,71,71,71,71,71,71,71,71,71,71,71,71,71,71,71,71,71,71,71,71],"card_choices":[{"not_picked":["Escape Plan","Dodge and Roll"],"picked":"Skewer","floor":1.0},{"not_picked":["Backflip","Calculated Gamble"],"picked":"Poisoned Stab","floor":2.0},{"not_picked":["Prepared","Dodge and Roll"],"picked":"Terror","floor":3.0},{"not_picked":["Terror","Poisoned Stab"],"picked":"Dodge and Roll","floor":10.0},{"not_picked":["Masterful Stab","Bouncing Flask","Underhanded Strike"],"picked":"SKIP","floor":14.0},{"not_picked":["Venomology","Malaise"],"picked":"Die Die Die","floor":16.0},{"not_picked":["Dagger Throw","Flying Knee"],"picked":"Endless Agony","floor":18.0},{"not_picked":["Caltrops","Deadly Poison"],"picked":"After Image","floor":19.0},{"not_picked":["Poisoned Stab","Eviscerate"],"picked":"Backflip","floor":20.0},{"not_picked":["Deadly Poison","Dagger Throw","Sucker Punch+1"],"picked":"SKIP","floor":24.0},{"not_picked":["Slice","Heel Hook","Prepared"],"picked":"SKIP","floor":27.0},{"not_picked":["Tactician","Underhanded Strike+1"],"picked":"Adrenaline","floor":29.0},{"not_picked":["Endless Agony+1","Slice"],"picked":"Deflect+1","floor":30.0},{"not_picked":["Terror","Outmaneuver+1"],"picked":"PiercingWail","floor":31.0},{"not_picked":["Glass Knife","Malaise"],"picked":"Wraith Form v2","floor":33.0},{"not_picked":["Quick Slash","Slice"],"picked":"Footwork+1","floor":35.0},{"not_picked":["Acrobatics","Noxious Fumes"],"picked":"Infinite Blades","floor":38.0},{"not_picked":["Dagger Throw","Bane+1"],"picked":"Malaise","floor":41.0},{"not_picked":["Dagger Spray+1","Tactician","Deadly Poison"],"picked":"SKIP","floor":42.0},{"not_picked":["Deadly Poison+1","Backstab"],"picked":"PiercingWail+1","floor":45},{"not_picked":["Poisoned Stab","Flechettes"],"picked":"Finisher","floor":48}],"player_experience":1096700,"relics_obtained":[{"floor":9.0,"key":"The Courier"},{"floor":10.0,"key":"Ninja Scroll"},{"floor":14.0,"key":"Orichalcum"},{"floor":22.0,"key":"Nilry\u0027s Codex"},{"floor":24.0,"key":"Letter Opener"},{"floor":26.0,"key":"Omamori"},{"floor":31.0,"key":"Blue Candle"},{"floor":36.0,"key":"Du-Vu Doll"},{"floor":41.0,"key":"StrikeDummy"}],"event_choices":[{"damage_healed":0.0,"max_hp_gain":0.0,"max_hp_loss":0.0,"gold_gain":0.0,"event_name":"Scrap Ooze","player_choice":"Success","floor":5.0,"gold_loss":0.0,"damage_taken":5.0,"relics_obtained":["Blood Vial"]},{"damage_healed":0.0,"max_hp_gain":0.0,"max_hp_loss":0.0,"gold_gain":0.0,"event_name":"Living Wall","player_choice":"Grow","floor":7.0,"gold_loss":0.0,"damage_taken":0.0,"cards_upgraded":["Skewer"]},{"damage_healed":0.0,"max_hp_gain":0.0,"max_hp_loss":0.0,"gold_gain":75.0,"event_name":"World of Goop","player_choice":"Gather Gold","floor":11.0,"gold_loss":0.0,"damage_taken":11.0},{"damage_healed":0.0,"max_hp_gain":0.0,"max_hp_loss":0.0,"gold_gain":0.0,"event_name":"Cursed Tome","player_choice":"Obtained Book","floor":22.0,"gold_loss":0.0,"damage_taken":21.0},{"damage_healed":0.0,"max_hp_gain":0.0,"max_hp_loss":0.0,"gold_gain":0.0,"event_name":"Mysterious Sphere","player_choice":"Fight","floor":36.0,"gold_loss":0.0,"damage_taken":0.0},{"damage_healed":0.0,"max_hp_gain":0.0,"max_hp_loss":0.0,"gold_gain":50.0,"event_name":"Golden Shrine","player_choice":"Pray","floor":37.0,"gold_loss":0.0,"damage_taken":0.0},{"damage_healed":0.0,"max_hp_gain":0.0,"max_hp_loss":0.0,"gold_gain":0.0,"event_name":"Lab","player_choice":"Got Potions","floor":39.0,"gold_loss":0.0,"damage_taken":0.0}],"is_beta":false,"boss_relics":[{"not_picked":["Busted Crown","Runic Dome"],"picked":"Fusion Hammer"},{"not_picked":["Snecko Eye","SlaversCollar"],"picked":"Runic Pyramid"}],"items_purged_floors":[21,44],"is_endless":false,"potions_floor_spawned":[1,2,14,19,24,27,30,35,38,45],"killed_by":"Awakened One","ascension_level":20}}