{"host":"xwgrz7y3g1a3iikb","time":1612218290,"event":{"mods":["BaseMod","Bestiary","Minty Spire (QoL Compilation)","Permanent Neow","Quick Restart","Relic Stats","StSLib","ojb\u0027s Info Mod"],"gold_per_floor":[112,124,142,158,178,208,208,240,285,285,301,59,59,69,69,146,146,157,157,157,170,85,85,114,134,134,59,78,113,132,169,169,249,249,261,261,279,299,313,347,347,347,411,411,411],"floor_reached":44,"language":"ENG","playtime":1988,"items_purged":[],"score":1049,"play_id":"a0b82b99-88ee-46dd-bd88-7586200d05b7","local_time":"20210201142450","is_ascension_mode":true,"campfire_choices":[{"data":"Noxious Fumes","floor":7,"key":"SMITH"},{"floor":10,"key":"REST"},{"data":"Deadly Poison","floor":13,"key":"SMITH"},{"data":"Footwork","floor":15,"key":"SMITH"},{"data":"Neutralize","floor":23,"key":"SMITH"},{"data":"Footwork","floor":32,"key":"SMITH"},{"data":"Burst","floor":41,"key":"SMITH"}],"circlet_count":0,"master_deck":["AscendersBane","Defend_G+1","Defend_G+1","Defend_G+1","Defend_G+1","Defend_G+1","Survivor","Neutralize+1","Dagger Spray","Calculated Gamble","Blade Dance","Dash","PiercingWail","Noxious Fumes+1","Venomology","Deadly Poison+1","Footwork+1","Infinite Blades","Venomology","Blade Dance","Bite","Bite","Bite","Bite","Bite","Footwork+1","Deadly Poison","Blade Dance","Burst+1","PiercingWail","Injury"],"relics":["Black Star","Boot","Gremlin Horn","Letter Opener","Anchor","Strawberry","Busted Crown","Ancient Tea Set","Eternal Feather","CeramicFish","Ginger","Orichalcum","Toy Ornithopter","Ice Cream","Dream Catcher","Cursed Key","Matryoshka","TungstenRod","Art of War"],"acts_visited":["Exordium","TheCity","TheBeyond"],"potions_floor_usage":[6,6,8,14,16,16,18,21,21,24,24,25,25,28,29,29,29,30,30,30,31,31,31,33,33,35,37,38,38,39,39,39,39,40,40,44,44],"damage_taken":[{"damage":4.0,"enemies":"Cultist","floor":1.0,"turns":5.0},{"damage":0.0,"enemies":"2 Louse","floor":2.0,"turns":2.0},{"damage":7.0,"enemies":"Small Slimes","floor":3.0,"turns":3.0},{"damage":7.0,"enemies":"Blue Slaver","floor":4.0,"turns":4.0},{"damage":18,"enemies":"Large Slime","floor":5,"turns":6},{"damage":14,"enemies":"Gremlin Nob","floor":6,"turns":4},{"damage":16,"enemies":"Lagavulin","floor":8,"turns":8},{"damage":1,"enemies":"Exordium Wildlife","floor":11,"turns":3},{"damage":0,"enemies":"3 Louse","floor":14,"turns":3},{"damage":4,"enemies":"The Guardian","floor":16,"turns":9},{"damage":17,"enemies":"Chosen","floor":18,"turns":5},{"damage":13,"enemies":"Spheric Guardian","floor":21,"turns":4},{"damage":5,"enemies":"Slavers","floor":24,"turns":9},{"damage":6,"enemies":"Snake Plant","floor":25,"turns":4},{"damage":22,"enemies":"Sentry and Sphere","floor":28,"turns":9},{"damage":57,"enemies":"Gremlin Leader","floor":29,"turns":6},{"damage":12,"enemies":"Snecko","floor":30,"turns":6},{"damage":31,"enemies":"Book of Stabbing","floor":31,"turns":6},{"damage":16,"enemies":"Collector","floor":33,"turns":9},{"damage":0,"enemies":"3 Shapes","floor":35,"turns":6},{"damage":12,"enemies":"3 Darklings","floor":37,"turns":7},{"damage":55,"enemies":"Sphere and 2 Shapes","floor":38,"turns":13},{"damage":19,"enemies":"Transient","floor":39,"turns":6},{"damage":29,"enemies":"Nemesis","floor":40,"turns":7},{"damage":97,"enemies":"Giant Head","floor":44,"turns":8}],"seed_played":"4678800731536431707","potions_obtained":[{"floor":1.0,"key":"Regen Potion"},{"floor":2.0,"key":"SteroidPotion"},{"floor":6,"key":"Dexterity Potion"},{"floor":11,"key":"Strength Potion"},{"floor":18,"key":"Strength Potion"},{"floor":21,"key":"LiquidMemories"},{"floor":28,"key":"Dexterity Potion"},{"floor":29,"key":"Block Potion"},{"floor":33,"key":"Energy Potion"},{"floor":35,"key":"SteroidPotion"},{"floor":38,"key":"Swift Potion"}],"is_trial":false,"path_per_floor":["M","M","M","M","M","E","R","E","T","R","M","$","R","M","R","B",null,"M","?","?","M","?","R","E","M","T","$","M","E","M","E","R","B",null,"M","?","M","M","M","E","R","T","T","E"],"character_chosen":"THE_SILENT","items_purchased":["Footwork","Blood Vial","Footwork"],"campfire_rested":1,"item_purchase_floors":[12,12,27],"current_hp_per_floor":[55,55,48,41,23,21,21,5,12,33,32,32,32,34,34,32,63,48,48,48,41,41,41,69,69,69,69,63,16,31,25,40,67,72,73,69,69,43,56,47,65,65,65,0,0],"gold":411,"neow_bonus":"BOSS_RELIC","is_daily":false,"chose_seed":false,"campfire_upgraded":6,"win_rate":0.0,"timestamp":1612218290,"path_taken":["M","M","M","?","M","E","R","E","T","R","M","$","R","M","R","BOSS","M","?","?","M","?","R","E","M","T","$","M","E","M","E","R","BOSS","M","?","M","M","M","E","R","?","T","E"],"items_purchased_type":["Card","Relic","Card"],"build_version":"2020-12-22","purchased_purges":0,"victory":false,"max_hp_per_floor":[66,66,66,66,66,66,66,66,73,73,73,73,73,73,73,73,73,73,73,73,73,73,73,73,73,73,73,73,73,73,73,73,73,73,73,69,69,69,69,69,69,69,69,69,69],"relic_stats":{"Gremlin Horn":[24,24],"counters":[25,152],"CeramicFish":54,"Eternal Feather":33,"Letter Opener":[266],"Ginger":[8],"Orichalcum":[78],"Boot":[232],"Cursed Key":1,"Dream Catcher":0,"Busted Crown":28,"Black Star":6,"Art of War":[0],"obtain_stats":[{"Ice Cream":31,"Gremlin Horn":6,"CeramicFish":24,"Eternal Feather":24,"Letter Opener":8,"Ginger":26,"Orichalcum":29,"Boot":6,"Ancient Tea Set":22,"Cursed Key":34,"Blood Vial":12,"Anchor":8,"Dream Catcher":31,"Busted Crown":17,"Matryoshka":40,"Strawberry":9,"Black Star":0,"Art of War":43,"Toy Ornithopter":29,"TungstenRod":40,"Ring of the Snake":0},{"Ice Cream":18,"Gremlin Horn":6,"CeramicFish":13,"Eternal Feather":13,"Letter Opener":7,"Ginger":14,"Orichalcum":16,"Boot":6,"Ancient Tea Set":12,"Cursed Key":19,"Blood Vial":8,"Anchor":7,"Dream Catcher":18,"Busted Crown":10,"Matryoshka":24,"Strawberry":7,"Black Star":0,"Art of War":24,"Toy Ornithopter":16,"TungstenRod":24,"Ring of the Snake":0},{"Ice Cream":96,"Gremlin Horn":24,"CeramicFish":65,"Eternal Feather":65,"Letter Opener":32,"Ginger":69,"Orichalcum":84,"Boot":24,"Ancient Tea Set":56,"Cursed Key":105,"Blood Vial":35,"Anchor":32,"Dream Catcher":96,"Busted Crown":47,"Matryoshka":144,"Strawberry":32,"Black Star":0,"Art of War":144,"Toy Ornithopter":84,"TungstenRod":144,"Ring of the Snake":0}],"Toy Ornithopter":90,"TungstenRod":4},"card_choices":[{"not_picked":["Catalyst","Quick Slash"],"picked":"Dagger Spray","floor":1.0},{"not_picked":["Accuracy","Acrobatics"],"picked":"Calculated Gamble","floor":2.0},{"not_picked":["Eviscerate","Concentrate"],"picked":"Blade Dance","floor":3.0},{"not_picked":["Deadly Poison","Quick Slash"],"picked":"Dash","floor":4.0},{"not_picked":["Deflect","Flying Knee"],"picked":"PiercingWail","floor":5},{"not_picked":["Deadly Poison","Expertise"],"picked":"Noxious Fumes","floor":6},{"not_picked":["Cloak And Dagger","Choke"],"picked":"Venomology","floor":8},{"not_picked":["Infinite Blades","Dodge and Roll"],"picked":"Deadly Poison","floor":11},{"not_picked":["Backflip","Sucker Punch"],"picked":"Infinite Blades","floor":14},{"not_picked":["Night Terror","Die Die Die"],"picked":"Venomology","floor":16},{"not_picked":[],"picked":"Blade Dance","floor":18},{"not_picked":["Tactician"],"picked":"SKIP","floor":21},{"not_picked":["Eviscerate"],"picked":"SKIP","floor":24},{"not_picked":["Blur"],"picked":"SKIP","floor":25},{"not_picked":["Eviscerate"],"picked":"SKIP","floor":28},{"not_picked":["Grand Finale"],"picked":"SKIP","floor":29},{"not_picked":[],"picked":"Deadly Poison","floor":30},{"not_picked":[],"picked":"Blade Dance","floor":31},{"not_picked":[],"picked":"Burst","floor":33},{"not_picked":["Infinite Blades"],"picked":"SKIP","floor":35},{"not_picked":["Dagger Spray+1"],"picked":"SKIP","floor":37},{"not_picked":[],"picked":"PiercingWail","floor":38},{"not_picked":["Prepared"],"picked":"SKIP","floor":39},{"not_picked":["Quick Slash+1"],"picked":"SKIP","floor":40}],"player_experience":310345,"relics_obtained":[{"floor":6,"key":"Boot"},{"floor":6,"key":"Gremlin Horn"},{"floor":8,"key":"Letter Opener"},{"floor":8,"key":"Anchor"},{"floor":9,"key":"Strawberry"},{"floor":24,"key":"Eternal Feather"},{"floor":24,"key":"CeramicFish"},{"floor":26,"key":"Ginger"},{"floor":29,"key":"Orichalcum"},{"floor":29,"key":"Toy Ornithopter"},{"floor":31,"key":"Ice Cream"},{"floor":31,"key":"Dream Catcher"},{"floor":40,"key":"Matryoshka"},{"floor":40,"key":"TungstenRod"},{"floor":43,"key":"Art of War"}],"event_choices":[{"damage_healed":0,"gold_gain":0,"player_choice":"Simplicity","damage_taken":0,"max_hp_gain":0,"max_hp_loss":0,"event_name":"Back to Basics","floor":19,"gold_loss":0,"cards_upgraded":["Strike_G","Strike_G","Strike_G","Strike_G","Strike_G","Defend_G","Defend_G","Defend_G","Defend_G","Defend_G"]},{"damage_healed":0,"gold_gain":0,"player_choice":"Became a vampire (Vial)","damage_taken":0,"max_hp_gain":0,"max_hp_loss":0,"event_name":"Vampires","floor":20,"relics_lost":["Blood Vial"],"gold_loss":0,"cards_obtained":["Bite","Bite","Bite","Bite","Bite"]},{"damage_healed":0,"gold_gain":0,"player_choice":"Obtained Relic","damage_taken":0,"relics_obtained":["Ancient Tea Set"],"max_hp_gain":0,"max_hp_loss":0,"event_name":"Addict","floor":22,"gold_loss":85},{"damage_healed":0,"gold_gain":0,"player_choice":"Max HP","damage_taken":0,"max_hp_gain":0,"max_hp_loss":4,"event_name":"Winding Halls","floor":36,"gold_loss":0}],"is_beta":false,"boss_relics":[{"not_picked":["Sozu","Ectoplasm"],"picked":"Busted Crown"},{"not_picked":["Astrolabe","Velvet Choker"],"picked":"Cursed Key"}],"items_purged_floors":[],"is_endless":false,"potions_floor_spawned":[1,2,5,6,11,18,21,28,29,33,35,38],"killed_by":"Giant Head","ascension_level":20}}