{"host":"ss2ocoam53r2lno0","time":1612180823,"event":{"mods":["Act Like it!","BaseMod","ChefMod","Clockwork Mod","Colored Powertips","Curses Come First","Displayed Cursed Tome","Downfall","Evolution","Googly Eyes","Hallownest","Highlight Path","Minty Spire (QoL Compilation)","Poor People Problems","Rare Cards Sparkle","Reliquary","Robot Space Explorer","Shade Mod","Shop Mod","Spicy Shops","StSLib","TheSurvivalist"],"gold_per_floor":[118,118,43,58,78,78,110,134,134,134,151,151,162,174,174,275,275,260,276,276,276,289,289,289,38,38,54,54,54,65,76,76,174,174,185,285,302,302,318,318,347,347,347,377,377,391,416,436,436,436],"floor_reached":51,"language":"ENG","playtime":5761,"items_purged":["survmod:Strike","survmod:SwiftKick+1"],"score":828,"play_id":"7c5817b9-c2dd-4489-94f4-0abe2ee887e5","local_time":"20210201130023","is_ascension_mode":true,"campfire_choices":[{"data":"survmod:VersatileOffense","floor":6.0,"key":"SMITH"},{"data":"survmod:SwiftKick","floor":12.0,"key":"SMITH"},{"floor":15.0,"key":"REST"},{"data":"survmod:PenetratingShot","floor":23,"key":"SMITH"},{"data":"survmod:VersatileDefense","floor":28,"key":"SMITH"},{"data":"survmod:Camouflage","floor":32,"key":"SMITH"},{"data":"survmod:VersatilePower","floor":40,"key":"SMITH"},{"data":"survmod:RejectWeakness","floor":42,"key":"SMITH"},{"data":"survmod:Detonation","floor":45,"key":"SMITH"},{"floor":49,"key":"REST"}],"circlet_count":0,"master_deck":["survmod:Defend+1","survmod:Defend+1","survmod:Defend+1","survmod:Defend+1","survmod:VersatileOffense+1","survmod:Sprint","survmod:RejectWeakness+1","survmod:Camouflage+1","survmod:VersatileDefense+1","survmod:GoForFace","survmod:GoForFace","survmod:PenetratingShot","survmod:FlashbangShot+1","survmod:VersatilePower+1","survmod:PoisonTrap+1","survmod:GoForFace","survmod:Detonation+1","survmod:FlashbangTrap","survmod:TacticalManeuver+1"],"relics":["survmod:InnateMutation","EVO:Axolotl","NeowsBlessing","Odd Mushroom","reliquary:RedPaperclip","MerchantsRug","sneckomod:BlankCard","Empty Cage","Lizard Tail","reliquary:OuijaBoard","Incense Burner","Girya"],"acts_visited":["Exordium","TheCity","TheBeyond"],"potions_floor_usage":[22,22,39,50],"damage_taken":[{"damage":0.0,"enemies":"Jaw Worm","floor":1.0,"turns":1.0},{"damage":0.0,"enemies":"2 Louse","floor":4.0,"turns":1.0},{"damage":0.0,"enemies":"Cultist","floor":5.0,"turns":1.0},{"damage":0.0,"enemies":"3 Sentries","floor":7.0,"turns":18.0},{"damage":3.0,"enemies":"The Mushroom Lair","floor":8.0,"turns":8.0},{"damage":1.0,"enemies":"Blue Slaver","floor":11.0,"turns":4.0},{"damage":2.0,"enemies":"Lots of Slimes","floor":13.0,"turns":8.0},{"damage":4.0,"enemies":"Large Slime","floor":14.0,"turns":7.0},{"damage":44.0,"enemies":"Slime Boss","floor":16.0,"turns":23.0},{"damage":5,"enemies":"2 Thieves","floor":18,"turns":4},{"damage":3,"enemies":"Chosen","floor":19,"turns":13},{"damage":0,"enemies":"3 Cultists","floor":22,"turns":8},{"damage":2,"enemies":"Centurion and Healer","floor":27,"turns":8},{"damage":1,"enemies":"Snecko","floor":30,"turns":6},{"damage":12,"enemies":"Shelled Parasite and Fungi","floor":31,"turns":7},{"damage":13,"enemies":"Collector","floor":33,"turns":12},{"damage":0,"enemies":"3 Darklings","floor":35,"turns":8},{"damage":18,"enemies":"3 Shapes","floor":37,"turns":5},{"damage":25,"enemies":"Spire Growth","floor":39,"turns":7},{"damage":0,"enemies":"Reptomancer","floor":41,"turns":7},{"damage":0,"enemies":"Nemesis","floor":44,"turns":7},{"damage":3,"enemies":"4 Shapes","floor":46,"turns":8},{"damage":3,"enemies":"Giant Head","floor":47,"turns":9},{"damage":6,"enemies":"Transient","floor":48,"turns":5},{"damage":13,"enemies":"Awakened One","floor":50,"turns":15}],"seed_played":"3561021616137478075","potions_obtained":[{"floor":1.0,"key":"Block Potion"},{"floor":11.0,"key":"BlessingOfTheForge"},{"floor":13.0,"key":"EntropicBrew"},{"floor":18,"key":"FearPotion"},{"floor":19,"key":"Energy Potion"},{"floor":31,"key":"SpeedPotion"},{"floor":37,"key":"Regen Potion"},{"floor":46,"key":"BlessingOfTheForge"}],"is_trial":false,"path_per_floor":["M","?","$","M","M","R","E","?","T","T","M","R","M","M","R","B",null,"M","M","?","?","M","R","?","$","T","M","R","$","M","M","R","B",null,"M","?","M","?","M","R","E","R","T","E","R","M","E","M","R","B",null],"character_chosen":"THE_SURVIVOR","items_purchased":["MerchantsRug","survmod:GoForFace"],"campfire_rested":2,"item_purchase_floors":[25,25],"current_hp_per_floor":[50,40,40,40,40,40,40,37,37,37,36,36,34,30,45,1,50,45,42,42,42,42,42,42,42,42,40,40,40,39,27,27,14,50,50,50,32,32,21,21,21,21,21,21,21,18,15,9,24,11],"gold":436,"neow_bonus":"THREE_ENEMY_KILL","is_daily":false,"chose_seed":false,"campfire_upgraded":8,"win_rate":0.0,"timestamp":1612180823,"path_taken":["M","?","$","M","M","R","E","?","T","?","M","R","M","M","R","BOSS","M","M","?","?","?","R","?","$","T","M","R","$","M","M","R","BOSS","M","?","?","?","M","R","E","R","T","E","R","M","E","M","R","BOSS"],"items_purchased_type":["Relic","Card"],"build_version":"2020-12-22","purchased_purges":2,"victory":true,"max_hp_per_floor":[50,50,50,50,50,50,50,50,50,50,50,50,50,50,50,50,50,50,50,50,50,50,50,50,50,50,50,50,50,50,50,50,50,50,50,50,50,50,50,50,50,50,50,50,50,50,50,50,50,50],"card_choices":[{"not_picked":["survmod:PinningSnipe","survmod:SwiftKick"],"picked":"survmod:RejectWeakness","floor":1.0},{"not_picked":["survmod:DuckAndFlare","survmod:TakeAim","survmod:PenetratingShot"],"picked":"SKIP","floor":4.0},{"not_picked":["survmod:FindCover","survmod:SwiftKick","survmod:SimpleMutation"],"picked":"SKIP","floor":5.0},{"not_picked":["survmod:FenceTrap","survmod:DesperateAmbush","survmod:MarkedShot"],"picked":"SKIP","floor":7.0},{"not_picked":["survmod:PinningSnipe","survmod:QuickDash"],"picked":"survmod:SwiftKick","floor":11.0},{"not_picked":["survmod:BearTrap","survmod:PiercingShot","survmod:PenetratingShot"],"picked":"SKIP","floor":13.0},{"not_picked":["survmod:UnfortunateEscape","survmod:BearTrap","survmod:MarkedFromAfar"],"picked":"SKIP","floor":14.0},{"not_picked":["survmod:Exploit","survmod:UnleashTheTraps"],"picked":"survmod:Camouflage","floor":16.0},{"not_picked":["survmod:MarkTrap+1","survmod:BearTrap"],"picked":"survmod:VersatileDefense","floor":18},{"not_picked":["survmod:NockAnArrow","survmod:AcidTrap"],"picked":"survmod:GoForFace","floor":19},{"not_picked":["survmod:PiercingShot","survmod:SwiftKick"],"picked":"survmod:PenetratingShot","floor":22},{"not_picked":["survmod:BearTrap","survmod:QuickDash"],"picked":"survmod:PenetratingShot","floor":27},{"not_picked":["survmod:FlashbangTrap","survmod:VersatileDefense+1"],"picked":"survmod:FlashbangShot+1","floor":30},{"not_picked":["survmod:CloseCall","survmod:FindCover","survmod:KnowThyEnemy+1"],"picked":"SKIP","floor":31},{"not_picked":["survmod:Detonation","survmod:MercifulShot"],"picked":"survmod:VersatilePower","floor":33},{"not_picked":["survmod:FlareBarrage","survmod:BearTrap+1"],"picked":"survmod:PoisonTrap+1","floor":35},{"not_picked":["survmod:FenceTrap","survmod:FindCover","survmod:MarkTrap+1"],"picked":"SKIP","floor":37},{"not_picked":["survmod:FlareBarrage","survmod:TwinShot+1"],"picked":"survmod:GoForFace","floor":39},{"not_picked":["survmod:QuickDash+1","survmod:BearTrap","survmod:FocusedFire+1"],"picked":"SKIP","floor":41},{"not_picked":["survmod:FocusedFire+1","survmod:LongShot"],"picked":"survmod:Detonation","floor":44},{"not_picked":["survmod:PoisonTrap+1","survmod:SimpleMutation"],"picked":"survmod:FlashbangTrap","floor":46},{"not_picked":["survmod:FocusedFire","survmod:BearTrap","survmod:LongShot"],"picked":"SKIP","floor":47},{"not_picked":["survmod:SimpleMutation","survmod:UnfortunateEscape"],"picked":"survmod:TacticalManeuver+1","floor":48}],"player_experience":855076,"relics_obtained":[{"floor":7.0,"key":"reliquary:Aerogel"},{"floor":8.0,"key":"Odd Mushroom"},{"floor":9.0,"key":"Mummified Hand"},{"floor":10.0,"key":"survmod:IronskinOutfit"},{"floor":26,"key":"sneckomod:BlankCard"},{"floor":41,"key":"Lizard Tail"},{"floor":43,"key":"reliquary:OuijaBoard"},{"floor":44,"key":"Incense Burner"},{"floor":47,"key":"Girya"}],"event_choices":[{"damage_healed":0.0,"max_hp_gain":0.0,"max_hp_loss":0.0,"gold_gain":0.0,"event_name":"Shining Light","player_choice":"Entered Light","floor":2.0,"gold_loss":0.0,"damage_taken":10.0,"cards_upgraded":["survmod:Defend","survmod:Strike"]},{"damage_healed":0.0,"max_hp_gain":0.0,"max_hp_loss":0.0,"gold_gain":0.0,"event_name":"Mushrooms","player_choice":"Fought Mushrooms","floor":8.0,"gold_loss":0.0,"damage_taken":0.0},{"damage_healed":0,"gold_gain":0,"player_choice":"Simplicity","damage_taken":0,"max_hp_gain":0,"max_hp_loss":0,"event_name":"Back to Basics","floor":20,"gold_loss":0,"cards_upgraded":["survmod:Strike","survmod:Strike","survmod:Defend","survmod:Defend","survmod:Defend"]},{"cards_removed":["survmod:Strike"],"damage_healed":0,"gold_gain":0,"player_choice":"Offered Basic","damage_taken":0,"max_hp_gain":0,"max_hp_loss":0,"event_name":"Bonfire Elementals","floor":21,"gold_loss":0},{"damage_healed":0,"gold_gain":0,"player_choice":"Ignored","damage_taken":0,"max_hp_gain":0,"max_hp_loss":0,"event_name":"Vampires","floor":24,"gold_loss":0},{"damage_healed":0,"gold_gain":100,"player_choice":"Pray","damage_taken":0,"max_hp_gain":0,"max_hp_loss":0,"event_name":"Golden Shrine","floor":36,"gold_loss":0},{"cards_removed":["survmod:PenetratingShot"],"damage_healed":0,"gold_gain":0,"player_choice":"Removed Attack","damage_taken":0,"max_hp_gain":0,"max_hp_loss":0,"event_name":"Falling","floor":38,"gold_loss":0}],"is_beta":false,"boss_relics":[{"not_picked":["Coffee Dripper","reliquary:WritOfMandamus"],"picked":"reliquary:RedPaperclip"},{"not_picked":["Tiny House","reliquary:Ember"],"picked":"Empty Cage"}],"items_purged_floors":[3,25],"is_endless":false,"potions_floor_spawned":[1,11,13,14,18,19,31,37,46,47,48],"ascension_level":1}}