{"host":"gnfs9pc52tj5b2xa","time":1612150218,"event":{"mods":["BaseMod","Minty Spire (QoL Compilation)","Relic Sorter","Relic Stats","Slay the Relics Exporter","ojb\u0027s Better Paths Mod","ojb\u0027s Info Mod"],"gold_per_floor":[115,40,40,40,140,140,154,185,232,251,285,285,23,49,49,127,127,145,60,73,73,84,113,113,131,131,131,164,164,184,184,184,257,257,276,28,77,97,111,143,143,163,163,182,208,222,222,247,247,247,247,247,247,122,153,153],"floor_reached":57,"language":"ENG","playtime":5120,"items_purged":["Fasting2","Perseverance","SashWhip"],"score":3196,"play_id":"8c70a1ff-7bfa-431b-9694-a4aaa022ad60","local_time":"20210131193018","is_ascension_mode":true,"campfire_choices":[{"data":"Eruption","floor":6.0,"key":"SMITH"},{"floor":12.0,"key":"REST"},{"data":"WaveOfTheHand","floor":15.0,"key":"SMITH"},{"data":"Sanctity","floor":24.0,"key":"SMITH"},{"data":"FlurryOfBlows","floor":32,"key":"SMITH"},{"data":"Fasting2","floor":41,"key":"SMITH"},{"floor":49,"key":"RECALL"},{"data":"SpiritShield","floor":53,"key":"SMITH"}],"circlet_count":0,"master_deck":["AscendersBane","Eruption+1","Vigilance","SashWhip","Halt+1","InnerPeace+1","JustLucky","WaveOfTheHand+1","EmptyFist+1","FollowUp","Tantrum+1","FearNoEvil+1","Scrawl+1","JustLucky+1","Tantrum+1","Sanctity+1","FlurryOfBlows+1","SpiritShield+1","Fasting2+1","InnerPeace","CutThroughFate+1","Halt","Fasting2+1","EmptyBody+1","Fasting2"],"relics":["Pandora\u0027s Box","Blood Vial","Juzu Bracelet","Anchor","OrangePellets","Torii","Runic Pyramid","Bag of Preparation","Turnip","InkBottle","Potion Belt","MutagenicStrength","SlaversCollar","Frozen Eye","Gambling Chip","Sundial","Darkstone Periapt","Vajra","Blue Candle"],"acts_visited":["Exordium","TheCity","TheBeyond","TheEnding"],"potions_floor_usage":[42,56,56,56,56],"damage_taken":[{"damage":0.0,"enemies":"Small Slimes","floor":1.0,"turns":3.0},{"damage":6.0,"enemies":"Jaw Worm","floor":7.0,"turns":4.0},{"damage":2.0,"enemies":"Gremlin Nob","floor":8.0,"turns":3.0},{"damage":0.0,"enemies":"Cultist","floor":10.0,"turns":2.0},{"damage":38.0,"enemies":"3 Sentries","floor":11.0,"turns":7.0},{"damage":20.0,"enemies":"Lagavulin","floor":14.0,"turns":6.0},{"damage":9.0,"enemies":"Hexaghost","floor":16.0,"turns":6.0},{"damage":0.0,"enemies":"3 Byrds","floor":18.0,"turns":4.0},{"damage":0.0,"enemies":"Shell Parasite","floor":20.0,"turns":2.0},{"damage":0.0,"enemies":"Chosen and Byrds","floor":22.0,"turns":4.0},{"damage":0.0,"enemies":"Book of Stabbing","floor":23.0,"turns":3.0},{"damage":0.0,"enemies":"Centurion and Healer","floor":25.0,"turns":3.0},{"damage":0.0,"enemies":"Slavers","floor":28.0,"turns":3.0},{"damage":0,"enemies":"Sentry and Sphere","floor":30,"turns":2},{"damage":10,"enemies":"Collector","floor":33,"turns":5},{"damage":0,"enemies":"Orb Walker","floor":35,"turns":1},{"damage":3,"enemies":"2 Orb Walkers","floor":37,"turns":4},{"damage":0,"enemies":"3 Darklings","floor":38,"turns":3},{"damage":0,"enemies":"Maw","floor":39,"turns":3},{"damage":0,"enemies":"Nemesis","floor":40,"turns":3},{"damage":0,"enemies":"Transient","floor":42,"turns":6},{"damage":0,"enemies":"3 Darklings","floor":44,"turns":2},{"damage":0,"enemies":"Reptomancer","floor":45,"turns":3},{"damage":0,"enemies":"Jaw Worm Horde","floor":46,"turns":1},{"damage":0,"enemies":"Nemesis","floor":48,"turns":4},{"damage":0,"enemies":"Awakened One","floor":50,"turns":5},{"damage":0,"enemies":"Time Eater","floor":51,"turns":3},{"damage":0,"enemies":"Shield and Spear","floor":55,"turns":3},{"damage":8,"enemies":"The Heart","floor":56,"turns":6}],"seed_played":"4569823876718923565","potions_obtained":[{"floor":8.0,"key":"BottledMiracle"},{"floor":10.0,"key":"StancePotion"},{"floor":16.0,"key":"SpeedPotion"},{"floor":28.0,"key":"SpeedPotion"},{"floor":30,"key":"StancePotion"},{"floor":33,"key":"Energy Potion"},{"floor":42,"key":"SpeedPotion"},{"floor":48,"key":"PowerPotion"},{"floor":55,"key":"SpeedPotion"}],"is_trial":false,"path_per_floor":["M","$","?","$","?","R","M","E","T","M","E","R","$","E","R","B",null,"M","?","M","$","M","E","R","M","T","?","E","?","M","?","R","B",null,"M","$","?","M","M","E","R","M","T","M","E","M","?","E","R","B","B",null,"R","$","E","B",null],"character_chosen":"WATCHER","items_purchased":["OrangePellets","Frozen Eye","Fasting2"],"campfire_rested":1,"item_purchase_floors":[13,36,36],"current_hp_per_floor":[61,61,61,61,61,61,55,53,53,55,19,39,39,21,21,14,55,57,57,59,59,61,63,63,65,65,78,78,78,78,78,78,68,76,78,78,75,77,78,78,78,78,78,78,78,78,74,74,74,74,74,74,74,74,74,66],"gold":153,"neow_bonus":"BOSS_RELIC","is_daily":false,"chose_seed":false,"campfire_upgraded":6,"win_rate":0.0,"timestamp":1612150218,"path_taken":["M","$","?","?","?","R","?","E","T","M","E","R","?","E","R","BOSS","M","?","M","$","M","E","R","M","T","?","E","?","M","?","R","BOSS","M","$","?","M","M","E","R","M","T","M","E","M","?","E","R","BOSS","BOSS","R","$","E","BOSS"],"items_purchased_type":["Relic","Relic","Card"],"build_version":"2020-12-22","purchased_purges":3,"victory":true,"max_hp_per_floor":[68,68,68,68,68,68,68,68,68,68,68,68,68,68,68,68,68,68,68,68,68,68,68,68,68,68,78,78,78,78,78,78,78,78,78,78,78,78,78,78,78,78,78,78,78,78,74,74,74,74,74,74,74,74,74,74],"relic_stats":{"Darkstone Periapt":0,"Torii":13,"counters":[29,104],"Blue Candle":[0],"Juzu Bracelet":1,"Bag of Preparation":[42],"Blood Vial":23,"OrangePellets":[30],"Sundial":[6],"Gambling Chip":[60],"Pandora\u0027s Box":["SashWhip","Halt","InnerPeace","JustLucky","Perseverance","WaveOfTheHand","Fasting2","Fasting2"],"Turnip":[14],"obtain_stats":[{"Potion Belt":28,"Darkstone Periapt":45,"Torii":14,"Blue Candle":55,"Vajra":48,"Juzu Bracelet":9,"Bag of Preparation":19,"Blood Vial":8,"OrangePellets":13,"SlaversCollar":34,"Frozen Eye":36,"Anchor":11,"Sundial":40,"MutagenicStrength":31,"Gambling Chip":37,"Pandora\u0027s Box":0,"Turnip":23,"PureWater":0,"InkBottle":26,"Runic Pyramid":17},{"Potion Belt":13,"Darkstone Periapt":23,"Torii":6,"Blue Candle":28,"Vajra":25,"Juzu Bracelet":3,"Bag of Preparation":8,"Blood Vial":3,"OrangePellets":5,"SlaversCollar":15,"Frozen Eye":16,"Anchor":5,"Sundial":20,"MutagenicStrength":14,"Gambling Chip":17,"Pandora\u0027s Box":0,"Turnip":11,"PureWater":0,"InkBottle":12,"Runic Pyramid":7},{"Potion Belt":50,"Darkstone Periapt":82,"Torii":25,"Blue Candle":98,"Vajra":87,"Juzu Bracelet":10,"Bag of Preparation":35,"Blood Vial":10,"OrangePellets":19,"SlaversCollar":57,"Frozen Eye":58,"Anchor":19,"Sundial":71,"MutagenicStrength":52,"Gambling Chip":62,"Pandora\u0027s Box":0,"Turnip":44,"PureWater":0,"InkBottle":47,"Runic Pyramid":31}],"InkBottle":[33]},"card_choices":[{"not_picked":["Evaluate","Pray"],"picked":"EmptyFist","floor":1.0},{"not_picked":["WindmillStrike","Pray"],"picked":"FollowUp","floor":7.0},{"not_picked":["Consecrate","Halt","ThirdEye"],"picked":"SKIP","floor":8.0},{"not_picked":["BowlingBash","Weave"],"picked":"LessonLearned","floor":10.0},{"not_picked":["ClearTheMind","Meditate"],"picked":"Tantrum","floor":11.0},{"not_picked":["ClearTheMind","JustLucky"],"picked":"FearNoEvil","floor":14.0},{"not_picked":["Establishment","DeusExMachina"],"picked":"Scrawl","floor":16.0},{"not_picked":["Protect","FlyingSleeves"],"picked":"JustLucky+1","floor":18.0},{"not_picked":["CarveReality","Indignation","LikeWater"],"picked":"SKIP","floor":20.0},{"not_picked":["CutThroughFate","Crescendo"],"picked":"Tantrum","floor":22.0},{"not_picked":["Blasphemy","SashWhip"],"picked":"Sanctity","floor":23.0},{"not_picked":["Perseverance","BowlingBash","CutThroughFate"],"picked":"SKIP","floor":25.0},{"not_picked":["Prostrate","FearNoEvil"],"picked":"FlurryOfBlows","floor":28.0},{"not_picked":["FlyingSleeves","Tantrum","Wireheading"],"picked":"SKIP","floor":30},{"not_picked":["Ragnarok","Scrawl"],"picked":"SpiritShield","floor":33},{"not_picked":["ThirdEye","SashWhip","Prostrate"],"picked":"SKIP","floor":35},{"not_picked":["Protect","CrushJoints"],"picked":"InnerPeace","floor":37},{"not_picked":["FlyingSleeves+1","Prostrate"],"picked":"CutThroughFate+1","floor":38},{"not_picked":["BowlingBash","SandsOfTime"],"picked":"Halt","floor":39},{"not_picked":["ConjureBlade","SashWhip","Halt"],"picked":"SKIP","floor":40},{"not_picked":["Crescendo","DeceiveReality","Weave"],"picked":"SKIP","floor":42},{"not_picked":["Collect","Protect+1","EmptyBody"],"picked":"SKIP","floor":44},{"not_picked":["EmptyBody","LikeWater"],"picked":"Fasting2+1","floor":45},{"not_picked":["Collect","Consecrate"],"picked":"EmptyBody+1","floor":46},{"not_picked":["EmptyBody","CutThroughFate","CarveReality"],"picked":"SKIP","floor":48},{"not_picked":["WaveOfTheHand","Alpha"],"picked":"Fasting2","floor":55}],"player_experience":1252097,"relics_obtained":[{"floor":8.0,"key":"Blood Vial"},{"floor":9.0,"key":"Juzu Bracelet"},{"floor":11.0,"key":"Anchor"},{"floor":14.0,"key":"Torii"},{"floor":23.0,"key":"Turnip"},{"floor":26.0,"key":"InkBottle"},{"floor":28.0,"key":"Potion Belt"},{"floor":37,"key":"Gambling Chip"},{"floor":40,"key":"Sundial"},{"floor":45,"key":"Darkstone Periapt"},{"floor":48,"key":"Vajra"},{"floor":55,"key":"Blue Candle"}],"event_choices":[{"damage_healed":0.0,"max_hp_gain":0.0,"max_hp_loss":0.0,"gold_gain":0.0,"cards_transformed":["Fasting2"],"event_name":"Living Wall","player_choice":"Change","floor":3.0,"gold_loss":0.0,"damage_taken":0.0,"cards_obtained":["SashWhip"]},{"damage_healed":0.0,"max_hp_gain":0.0,"max_hp_loss":0.0,"gold_gain":100.0,"event_name":"Wheel of Change","player_choice":"Gold","floor":5.0,"gold_loss":0.0,"damage_taken":0.0},{"damage_healed":0.0,"max_hp_gain":0.0,"max_hp_loss":0.0,"gold_gain":0.0,"event_name":"Addict","player_choice":"Obtained Relic","floor":19.0,"gold_loss":85.0,"damage_taken":0.0,"relics_obtained":["Bag of Preparation"]},{"cards_removed":["LessonLearned"],"damage_healed":3.0,"max_hp_gain":10.0,"max_hp_loss":0.0,"gold_gain":0.0,"event_name":"Bonfire Elementals","player_choice":"Offered Rare","floor":27.0,"gold_loss":0.0,"damage_taken":0.0},{"damage_healed":0,"gold_gain":0,"player_choice":"Ignored","damage_taken":0,"max_hp_gain":0,"max_hp_loss":0,"event_name":"Beggar","floor":29,"gold_loss":0},{"damage_healed":0,"gold_gain":0,"player_choice":"Inject Mutagens","damage_taken":0,"relics_obtained":["MutagenicStrength"],"max_hp_gain":0,"max_hp_loss":0,"event_name":"Drug Dealer","floor":31,"gold_loss":0},{"damage_healed":0,"gold_gain":0,"player_choice":"Fight","damage_taken":0,"max_hp_gain":0,"max_hp_loss":0,"event_name":"Mysterious Sphere","floor":37,"gold_loss":0},{"damage_healed":0,"gold_gain":0,"player_choice":"Max HP","damage_taken":0,"max_hp_gain":0,"max_hp_loss":4,"event_name":"Winding Halls","floor":47,"gold_loss":0}],"is_beta":false,"boss_relics":[{"not_picked":["Calling Bell","Runic Dome"],"picked":"Runic Pyramid"},{"not_picked":["Snecko Eye","Astrolabe"],"picked":"SlaversCollar"}],"items_purged_floors":[2,13,54],"is_endless":false,"potions_floor_spawned":[8,10,16,28,30,33,37,40,42,45,46,48,55],"ascension_level":20}}