{"host":"5sge6gv1nm0vflk2","time":1612172512,"event":{"mods":["AchievementEnabler","Aspiration","Bard","BaseMod","Beaked The Cultist","Better Third Choice","BetterRewards","Challenge The Spire","Colored Powertips","Conspire","Curses Come First","Downfall","Halation","Hubris","Infinite Spire","Minty Spire (QoL Compilation)","Relic Stats","Shade Mod","Shop Mod","Spicy Shops","StSLib","The Construct","The Cursed","The Disciple","The Hierophant","The Runesmith","The Servant 0.9.4"],"gold_per_floor":[111,111,134,134,149,190,190,33,33,69,69,69,69,83,83,212,212,232,248,271,395,395,395,420,420,491,491,559,469,444,8,8,136,136,200,200,200,216,216,216,235,215,239,254,254,11,130,130,130],"floor_reached":48,"language":"ENG","playtime":4138,"items_purged":["Writhe"],"score":492,"play_id":"dddcb3b9-671b-4a02-8028-0ef35813bb1d","local_time":"20210201034152","daily_mods":["Shiny","Heirloom"],"is_ascension_mode":false,"campfire_choices":[{"floor":11.0,"key":"REST"},{"floor":13.0,"key":"REST"},{"data":"TheWorld","floor":15.0,"key":"SMITH"},{"floor":23.0,"key":"REST"},{"floor":25.0,"key":"REST"},{"floor":32.0,"key":"REST"},{"floor":40.0,"key":"REST"},{"floor":45,"key":"REST"}],"circlet_count":0,"master_deck":["Duplication","LightFlow+1","Dilation+1","Solidify+1","TrueSight","Embodiment","Initiator","TheWorld+1","Sunlight+1","MurderousAura+1","FlawlessForm","FloweringNight","SoulSculpture+1","Deny+1","KillingDoll","Potential","Alleviate","Luminosity+1","Barrier+1","ReturningBlade","Revamp","TimeTheft+1","ShatteredReality+1","Defy","Ricochet","TimeWarp+1","Rearm","Replace+1","Dilation","Desolation+1","Finesse","Rewind+1","Orbit","Revamp+1","Injury","InstantArmor"],"relics":["SplendidAttire","hexamod:Sixitude","Golden Idol","Pen Nib","hubris:MobiusCoin","The Courier","conspire:SpecialSausage","champ:Barbells","beaked:ShinyBauble","hubris:Icosahedron","MerchantsRug","halation:Sosunser","PreservedInsect","Ancient Tea Set","halation:EternalFortune","Art of War","MealTicket"],"acts_visited":["Exordium","TheCity","TheBeyond"],"potions_floor_usage":[44,44,44],"damage_taken":[{"damage":2.0,"enemies":"Small Slimes","floor":1.0,"turns":2.0},{"damage":0.0,"enemies":"Jaw Worm","floor":3.0,"turns":2.0},{"damage":3.0,"enemies":"2 Louse","floor":5.0,"turns":2.0},{"damage":6.0,"enemies":"Gremlin Nob","floor":6.0,"turns":3.0},{"damage":9.0,"enemies":"3 Sentries","floor":10.0,"turns":4.0},{"damage":5.0,"enemies":"Looter","floor":14.0,"turns":2.0},{"damage":1.0,"enemies":"Slime Boss","floor":16.0,"turns":4.0},{"damage":0.0,"enemies":"Spheric Guardian","floor":18.0,"turns":3.0},{"damage":0.0,"enemies":"Chosen","floor":19.0,"turns":5.0},{"damage":12.0,"enemies":"Snake Plant","floor":20.0,"turns":3.0},{"damage":10.0,"enemies":"Snecko","floor":21.0,"turns":5.0},{"damage":24.0,"enemies":"Centurion and Healer","floor":24.0,"turns":4.0},{"damage":0.0,"enemies":"Snake Plant","floor":28.0,"turns":3.0},{"damage":16.0,"enemies":"Snecko","floor":30.0,"turns":5.0},{"damage":14.0,"enemies":"conspire:MysteriousRune","floor":33.0,"turns":4.0},{"damage":22.0,"enemies":"3 Shapes","floor":35.0,"turns":3.0},{"damage":41.0,"enemies":"Orb Walker","floor":38.0,"turns":3.0},{"damage":17.0,"enemies":"3 Darklings","floor":41.0,"turns":3.0},{"damage":7,"enemies":"Maw","floor":44,"turns":6},{"damage":0,"enemies":"Sphere and 2 Shapes","floor":47,"turns":2},{"damage":38,"enemies":"Spire Growth","floor":48,"turns":3}],"seed_played":"828403224185390532","potions_obtained":[{"floor":1.0,"key":"Dexterity Potion"},{"floor":3.0,"key":"Block Potion"},{"floor":5.0,"key":"GamblersBrew"},{"floor":14.0,"key":"PowerPotion"},{"floor":19.0,"key":"Strength Potion"},{"floor":24.0,"key":"Strength Potion"},{"floor":28.0,"key":"hexamod:SoulburnPotion"},{"floor":42.0,"key":"FearPotion"},{"floor":47,"key":"DuplicationPotion"}],"is_trial":true,"path_per_floor":["M","?","M","?","M","E","?","$","T","E","R","?","R","M","R","B",null,"M","M","M","M","AVR","R","M","R","T","?","M","?","M","$","R","B",null,"M","?","?","M","?","R","M","?","T","M","R","$","M","M"],"character_chosen":"THE_SERVANT","items_purchased":["Pen Nib","MerchantsRug","halation:Sosunser","PreservedInsect","Ancient Tea Set","MealTicket","LiquidBronze","EntropicBrew"],"campfire_rested":7,"item_purchase_floors":[8,31,31,31,31,46,46,46],"current_hp_per_floor":[63,63,63,63,60,54,41,41,41,32,51,51,65,60,60,59,65,65,65,53,43,43,62,38,57,57,57,57,57,41,41,60,46,65,43,43,59,18,21,41,24,24,24,17,37,37,37,0,0],"gold":130,"neow_bonus":"","is_daily":false,"chose_seed":false,"campfire_upgraded":1,"win_rate":0.0,"timestamp":1612172512,"path_taken":["M","?","M","?","?","E","?","$","T","E","R","?","R","M","R","BOSS","M","M","?","M","AVR","R","M","R","T","?","M","?","?","$","R","BOSS","M","?","?","M","?","R","M","?","T","?","R","$","M","M"],"items_purchased_type":["Relic","Relic","Relic","Relic","Relic","Relic","Potion","Potion"],"build_version":"2020-12-22","purchased_purges":1,"victory":false,"max_hp_per_floor":[65,65,65,65,65,65,65,65,65,65,65,65,65,65,65,65,65,65,65,65,65,65,65,65,65,65,65,65,65,65,65,65,65,65,65,65,65,65,68,68,68,68,68,68,68,68,68,68,68],"relic_stats":{"counters":[21,71],"Golden Idol":126,"MealTicket":0,"Pen Nib":[8],"PreservedInsect":0,"Art of War":[4],"obtain_stats":[{"hubris:MobiusCoin":9,"champ:Barbells":22,"MerchantsRug":31,"beaked:ShinyBauble":26,"SplendidAttire":34,"Golden Idol":2,"halation:Sosunser":31,"hexamod:Sixitude":0,"conspire:SpecialSausage":22,"Pen Nib":8,"The Courier":10,"PreservedInsect":31,"Uniform":0,"Whetstone":6,"Empty Cage":17,"Ancient Tea Set":31,"hubris:Icosahedron":27,"halation:EternalFortune":39,"MealTicket":46,"Art of War":43},{"hubris:MobiusCoin":4,"champ:Barbells":11,"MerchantsRug":14,"beaked:ShinyBauble":12,"SplendidAttire":15,"Golden Idol":1,"halation:Sosunser":14,"hexamod:Sixitude":0,"conspire:SpecialSausage":11,"Pen Nib":4,"The Courier":5,"PreservedInsect":14,"Uniform":0,"Whetstone":4,"Empty Cage":7,"Ancient Tea Set":14,"hubris:Icosahedron":12,"halation:EternalFortune":17,"MealTicket":19,"Art of War":18},{"hubris:MobiusCoin":9,"champ:Barbells":35,"MerchantsRug":47,"beaked:ShinyBauble":39,"SplendidAttire":51,"Golden Idol":2,"halation:Sosunser":47,"hexamod:Sixitude":0,"conspire:SpecialSausage":35,"Pen Nib":9,"The Courier":13,"PreservedInsect":47,"Uniform":0,"Whetstone":9,"Empty Cage":19,"Ancient Tea Set":47,"hubris:Icosahedron":39,"halation:EternalFortune":57,"MealTicket":66,"Art of War":60}]},"card_choices":[{"not_picked":["SpecialFormula","Barrier"],"picked":"Potential","floor":1.0},{"not_picked":["Ricochet","Rewind"],"picked":"Alleviate","floor":3.0},{"not_picked":["BottledTime","Ricochet"],"picked":"Luminosity","floor":5.0},{"not_picked":["Embodiment","Unruled"],"picked":"Barrier","floor":6.0},{"not_picked":["Comet","Defy"],"picked":"ReturningBlade","floor":10.0},{"not_picked":["FastForward","Moondial"],"picked":"Revamp","floor":14.0},{"not_picked":["Starlight+1","ShiftingGears"],"picked":"TimeTheft+1","floor":18.0},{"not_picked":["Rewind","Alleviate"],"picked":"ShatteredReality+1","floor":19.0},{"not_picked":["Alleviate","MoonPhase+1"],"picked":"Defy","floor":20.0},{"not_picked":["Alleviate","WasteNot+1"],"picked":"Ricochet","floor":21.0},{"not_picked":["GearUp","FastForward"],"picked":"TimeWarp+1","floor":24.0},{"not_picked":["Potential+1","Rewind"],"picked":"Rearm","floor":28.0},{"not_picked":["Defy","Read+1"],"picked":"Replace","floor":30.0},{"not_picked":["Duplication","Sunlight"],"picked":"Dilation","floor":33.0},{"not_picked":["TimeWarp+1","Spin+1"],"picked":"Desolation+1","floor":35.0},{"not_picked":["hubris:EnhanceAbility","Panacea"],"picked":"Finesse","floor":36.0},{"not_picked":["Moonlight","Ricochet"],"picked":"Rewind+1","floor":38.0},{"not_picked":["Rewind","Gouge+1"],"picked":"Orbit","floor":41.0},{"not_picked":["InstantArmor","Rearm"],"picked":"Revamp+1","floor":44},{"not_picked":["Starlight+1","Collapse+1"],"picked":"InstantArmor","floor":47}],"player_experience":459364,"relics_obtained":[{"floor":6.0,"key":"Whetstone"},{"floor":9.0,"key":"hubris:MobiusCoin"},{"floor":10.0,"key":"The Courier"},{"floor":26.0,"key":"beaked:ShinyBauble"},{"floor":43.0,"key":"Art of War"}],"event_choices":[{"damage_healed":0.0,"max_hp_gain":0.0,"max_hp_loss":0.0,"gold_gain":0.0,"event_name":"Golden Idol","player_choice":"Take Wound","floor":2.0,"gold_loss":0.0,"damage_taken":0.0,"relics_obtained":["Golden Idol"],"cards_obtained":["Injury"]},{"damage_healed":0.0,"max_hp_gain":0.0,"max_hp_loss":0.0,"gold_gain":0.0,"event_name":"Living Wall","player_choice":"Grow","floor":4.0,"gold_loss":0.0,"damage_taken":0.0,"cards_upgraded":["MurderousAura"]},{"damage_healed":54.0,"max_hp_gain":0.0,"max_hp_loss":65.0,"gold_gain":0.0,"event_name":"betterThird:BetterShining","player_choice":"Upgrade","floor":7.0,"gold_loss":0.0,"damage_taken":13.0,"cards_upgraded":["ForgedInTime","Deny"]},{"cards_removed":["Injury"],"damage_healed":0.0,"max_hp_gain":0.0,"max_hp_loss":0.0,"gold_gain":0.0,"event_name":"Purifier","player_choice":"Purged","floor":12.0,"gold_loss":0.0,"damage_taken":0.0},{"cards_removed":["SilverMatrix"],"damage_healed":0.0,"max_hp_gain":0.0,"max_hp_loss":0.0,"gold_gain":0.0,"event_name":"Designer","player_choice":"Upgrade and Remove","floor":29.0,"gold_loss":90.0,"damage_taken":0.0,"cards_upgraded":["Barrier"]},{"damage_healed":0.0,"max_hp_gain":0.0,"max_hp_loss":0.0,"gold_gain":0.0,"event_name":"SensoryStone","player_choice":"Memory 1","floor":36.0,"gold_loss":0.0,"damage_taken":0.0},{"damage_healed":16.0,"max_hp_gain":0.0,"max_hp_loss":0.0,"gold_gain":0.0,"event_name":"Winding Halls","player_choice":"Writhe","floor":37.0,"gold_loss":0.0,"damage_taken":0.0,"cards_obtained":["Writhe"]},{"damage_healed":0.0,"max_hp_gain":0.0,"max_hp_loss":0.0,"gold_gain":0.0,"event_name":"The Woman in Blue","player_choice":"Bought 1 Potion","floor":42.0,"gold_loss":0.0,"damage_taken":0.0}],"is_beta":false,"boss_relics":[{"not_picked":["aspiration:RunicSpoon","aspiration:FutureDiary"],"picked":"Empty Cage"},{"not_picked":["aspiration:MobileForge","Runesmith:UraniumAnvil"],"picked":"SplendidAttire"}],"items_purged_floors":[46],"is_endless":false,"potions_floor_spawned":[1,3,5,14,19,24,28,47],"killed_by":"Spire Growth","ascension_level":0}}