{"host":"bbvmu6yleqps41w7","time":1612138285,"event":{"mods":["BaseMod","Colored Map","Colored Powertips","Downfall","Hermit","Marisa????????","Minty Spire (QoL Compilation)","StSLib","The Bug Knight","The Cursed","The Servant 0.9.4"],"gold_per_floor":[115,115,115,115,115,159,174,197,197,197,213,138,138,159,159,287,287,312,340,84,84,110,161,193,193,193,193,224,265,265,265,265,393,393,418,438,232,262,337,337,337],"floor_reached":40,"language":"ENG","playtime":2687,"items_purged":["Regret","hermit:Strike_Hermit","downfall:Bewildered"],"score":476,"play_id":"a2c26c94-faf1-4943-befc-09c4374c846a","local_time":"20210131171125","is_ascension_mode":false,"campfire_choices":[{"data":"hermit:Adapt","floor":10.0,"key":"SMITH"},{"data":"hermit:Scavenge","floor":13.0,"key":"SMITH"},{"data":"hermit:Combo","floor":15.0,"key":"SMITH"},{"data":"hermit:FromBeyond","floor":25.0,"key":"SMITH"},{"data":"hermit:Vantage","floor":27.0,"key":"SMITH"},{"data":"hermit:OverwhelmingPower","floor":30.0,"key":"SMITH"},{"data":"hermit:Quickdraw","floor":32.0,"key":"SMITH"}],"circlet_count":0,"master_deck":["hermit:Strike_Hermit","hermit:Strike_Hermit","hermit:Defend_Hermit+1","hermit:Defend_Hermit+1","hermit:Defend_Hermit","hermit:Defend_Hermit","hermit:Snapshot","hermit:Covet","hermit:Vantage+1","hermit:Adapt+1","hermit:Glare","hermit:Enervate","hermit:Scavenge+1","hermit:Combo+1","hermit:FromBeyond+1","hermit:TrackingShot","hermit:ItchyTrigger+1","hermit:Quickdraw+1","hermit:OverwhelmingPower+1","hermit:Adapt","hermit:Brawl+1"],"relics":["hermit:Momento","NeowsBlessing","Meat on the Bone","Golden Idol","Oddly Smooth Stone","Eternal Feather","Black Star","Toolbox","sneckomod:BabySnecko","Matryoshka","hermit:RyeStalk","Boot","Question Card","Orichalcum","Bronze Scales","Pen Nib","Runic Dome","Membership Card","Mango"],"acts_visited":["Exordium","TheCity","TheBeyond"],"potions_floor_usage":[39,39],"damage_taken":[{"damage":0.0,"enemies":"2 Louse","floor":1.0,"turns":1.0},{"damage":0.0,"enemies":"3 Sentries","floor":6.0,"turns":2.0},{"damage":0.0,"enemies":"Small Slimes","floor":7.0,"turns":1.0},{"damage":4.0,"enemies":"Jaw Worm","floor":8.0,"turns":5.0},{"damage":0.0,"enemies":"Looter","floor":11.0,"turns":4.0},{"damage":5.0,"enemies":"Exordium Wildlife","floor":14.0,"turns":5.0},{"damage":6.0,"enemies":"The Guardian","floor":16.0,"turns":8.0},{"damage":4.0,"enemies":"Chosen","floor":18.0,"turns":3.0},{"damage":0.0,"enemies":"Snake Plant","floor":19.0,"turns":4.0},{"damage":0.0,"enemies":"Chosen and Byrds","floor":22.0,"turns":8.0},{"damage":3.0,"enemies":"Book of Stabbing","floor":23.0,"turns":4.0},{"damage":36.0,"enemies":"Shelled Parasite and Fungi","floor":24.0,"turns":6.0},{"damage":7.0,"enemies":"Centurion and Healer","floor":28.0,"turns":7.0},{"damage":20.0,"enemies":"Gremlin Leader","floor":29.0,"turns":7.0},{"damage":58,"enemies":"Automaton","floor":33,"turns":9},{"damage":1,"enemies":"3 Shapes","floor":35,"turns":5},{"damage":22,"enemies":"3 Darklings","floor":36,"turns":5},{"damage":36,"enemies":"Sphere and 2 Shapes","floor":38,"turns":5},{"damage":26,"enemies":"2 Orb Walkers","floor":39,"turns":6},{"damage":48,"enemies":"Reptomancer","floor":40,"turns":2}],"seed_played":"-212316826178882471","potions_obtained":[{"floor":6.0,"key":"EntropicBrew"},{"floor":7.0,"key":"AttackPotion"},{"floor":8.0,"key":"Fruit Juice"},{"floor":16.0,"key":"champ:CounterPotion"},{"floor":19.0,"key":"Block Potion"},{"floor":24.0,"key":"BlessingOfTheForge"},{"floor":28.0,"key":"LiquidMemories"},{"floor":33,"key":"SneckoOil"},{"floor":35,"key":"ColorlessPotion"}],"is_trial":false,"path_per_floor":["M","?","?","?","?","E","M","M","T","R","M","$","R","M","R","B",null,"M","M","$","?","M","E","M","R","T","R","M","E","R","?","R","B",null,"M","M","$","M","?","E"],"character_chosen":"HERMIT","items_purchased":["Toolbox","Membership Card"],"campfire_rested":0,"item_purchase_floors":[20,37],"current_hp_per_floor":[75,68,68,50,35,47,47,48,48,54,54,54,60,55,64,58,80,76,76,76,76,76,73,49,58,58,67,60,52,64,64,76,30,80,79,57,57,33,33,0,0],"gold":337,"neow_bonus":"THREE_ENEMY_KILL","is_daily":false,"chose_seed":false,"campfire_upgraded":7,"win_rate":0.0,"timestamp":1612138285,"path_taken":["M","?","?","?","?","E","M","M","T","R","M","?","R","M","R","BOSS","M","M","$","?","M","E","M","R","T","R","M","E","R","?","R","BOSS","M","M","$","M","?","E"],"items_purchased_type":["Relic","Relic"],"build_version":"2020-12-22","purchased_purges":3,"victory":false,"max_hp_per_floor":[75,75,75,75,75,75,75,80,80,80,80,80,80,80,80,80,80,80,80,80,80,80,80,80,80,80,80,80,80,80,80,80,80,80,80,80,80,80,94,94,94],"card_choices":[{"not_picked":["hermit:Desperado","hermit:CalledShot"],"picked":"hermit:Vantage","floor":1.0},{"not_picked":["hermit:Gestalt","hermit:Dive"],"picked":"hermit:Adapt","floor":6.0},{"not_picked":["hermit:Shortfuse","hermit:Vantage"],"picked":"hermit:Glare","floor":7.0},{"not_picked":["hermit:Dive","hermit:Ricochet"],"picked":"hermit:Enervate","floor":8.0},{"not_picked":["hermit:Misfire","hermit:Headshot"],"picked":"hermit:Scavenge","floor":11.0},{"not_picked":["hermit:HighCaliber","hermit:Deadeye"],"picked":"hermit:Combo","floor":14.0},{"not_picked":["hermit:Magnum","hermit:DeadOrAlive"],"picked":"hermit:FromBeyond","floor":16.0},{"not_picked":["hermit:Dive","hermit:Vantage"],"picked":"hermit:TrackingShot","floor":18.0},{"not_picked":["hermit:Cheat","hermit:Desperado+1","hermit:BodyArmor"],"picked":"SKIP","floor":19.0},{"not_picked":["hermit:EternalForm","hermit:ShadowCloak"],"picked":"hermit:ItchyTrigger+1","floor":22.0},{"not_picked":["hermit:Virtue","hermit:Misfire"],"picked":"hermit:Quickdraw","floor":23.0},{"not_picked":["hermit:HoleUp","hermit:LowProfile+1","hermit:HighCaliber"],"picked":"SKIP","floor":24.0},{"not_picked":["hermit:Gestalt+1","hermit:HoleUp","hermit:ItchyTrigger","hermit:Feint"],"picked":"SKIP","floor":28.0},{"not_picked":["hermit:Scavenge","hermit:CursedWeapon","hermit:EyeOfTheStorm"],"picked":"hermit:OverwhelmingPower","floor":29.0},{"not_picked":["hermit:HeroicBravado","hermit:Dissolve","hermit:Reprieve"],"picked":"hermit:Adapt","floor":33},{"not_picked":["hermit:SprayPray","hermit:Roulette+1","hermit:Coalescence+1","hermit:Dive"],"picked":"SKIP","floor":35},{"not_picked":["hermit:CalledShot","hermit:TakeCover+1","hermit:BigShot","hermit:CursedWeapon"],"picked":"SKIP","floor":36},{"not_picked":["hermit:CalledShot","hermit:TakeAim","hermit:WideOpen"],"picked":"hermit:Brawl+1","floor":38}],"player_experience":618657,"relics_obtained":[{"floor":6.0,"key":"Oddly Smooth Stone"},{"floor":9.0,"key":"Eternal Feather"},{"floor":23.0,"key":"Matryoshka"},{"floor":23.0,"key":"hermit:RyeStalk"},{"floor":26.0,"key":"Boot"},{"floor":26.0,"key":"Question Card"},{"floor":29.0,"key":"Orichalcum"},{"floor":29.0,"key":"Bronze Scales"},{"floor":39,"key":"Mango"}],"event_choices":[{"cards_removed":["hermit:Strike_Hermit"],"damage_healed":0.0,"max_hp_gain":0.0,"max_hp_loss":0.0,"gold_gain":0.0,"event_name":"Golden Wing","player_choice":"Card Removal","floor":2.0,"gold_loss":0.0,"damage_taken":7.0},{"damage_healed":0.0,"max_hp_gain":0.0,"max_hp_loss":0.0,"gold_gain":0.0,"event_name":"Big Fish","player_choice":"Box","floor":3.0,"gold_loss":0.0,"damage_taken":0.0,"relics_obtained":["Meat on the Bone"],"cards_obtained":["Regret"]},{"damage_healed":0.0,"max_hp_gain":0.0,"max_hp_loss":0.0,"gold_gain":0.0,"event_name":"Golden Idol","player_choice":"Take Damage","floor":4.0,"gold_loss":0.0,"damage_taken":18.0,"relics_obtained":["Golden Idol"]},{"damage_healed":0.0,"max_hp_gain":0.0,"max_hp_loss":0.0,"gold_gain":0.0,"event_name":"Shining Light","player_choice":"Entered Light","floor":5.0,"gold_loss":0.0,"damage_taken":15.0,"cards_upgraded":["hermit:Defend_Hermit","hermit:Defend_Hermit"]},{"damage_healed":0.0,"max_hp_gain":0.0,"max_hp_loss":0.0,"gold_gain":0.0,"event_name":"The Mausoleum","player_choice":"Opened","floor":31.0,"gold_loss":0.0,"damage_taken":0.0,"relics_obtained":["Pen Nib"]},{"damage_healed":0,"gold_gain":0,"player_choice":"Fight","damage_taken":0,"max_hp_gain":0,"max_hp_loss":0,"event_name":"Mysterious Sphere","floor":39,"gold_loss":0}],"is_beta":false,"boss_relics":[{"not_picked":["hermit:DentedPlate","Snecko Eye"],"picked":"Black Star"},{"not_picked":["hermit:ClaspedLocket","Pandora\u0027s Box"],"picked":"Runic Dome"}],"items_purged_floors":[12,20,37],"is_endless":false,"potions_floor_spawned":[6,7,8,16,19,24,28,33,35],"killed_by":"Reptomancer","ascension_level":0}}