{"host":"imy0w7zcgpxryx7c","time":1612158819,"event":{"mods":["AchievementEnabler","BaseMod","Colored Map","Colored Powertips","DeckTracker","Minty Spire (QoL Compilation)","Relic Sorter","StSLib"],"gold_per_floor":[118,136,136,136,147,177,177,195,195,210,23,23,83,99,99,201,201,218,218,218,4,15,45,45,73,127,127,155,30,30,45,45,145,145,160,91,91,109,122,122,156,156,156,156,13,43,59,89,89,89,89],"floor_reached":50,"language":"ENG","playtime":5566,"items_purged":["Strike_G","Defend_G","Defend_G"],"score":1162,"play_id":"90e1f206-394e-42a7-a2cd-06af10186932","local_time":"20210201005339","is_ascension_mode":true,"campfire_choices":[{"data":"Terror","floor":7,"key":"SMITH"},{"floor":12,"key":"REST"},{"data":"Cloak And Dagger","floor":15,"key":"SMITH"},{"data":"After Image","floor":24,"key":"SMITH"},{"data":"Infinite Blades","floor":27,"key":"SMITH"},{"data":"Calculated Gamble","floor":32,"key":"SMITH"},{"data":"Accuracy","floor":40,"key":"SMITH"},{"data":"Dramatic Entrance","floor":42,"key":"SMITH"},{"data":"Dramatic Entrance","floor":44,"key":"SMITH"},{"data":"Venomology","floor":49,"key":"SMITH"}],"circlet_count":0,"master_deck":["AscendersBane","Strike_G","Strike_G","Strike_G","Strike_G","Survivor","Neutralize","Backflip","Finisher","Sucker Punch","Terror+1","Cloak And Dagger+1","Cloak And Dagger","Blade Dance","Dramatic Entrance+1","Unload","Reflex","Necronomicurse","Ghostly","Ghostly","Ghostly","Ghostly","Ghostly","Infinite Blades+1","Calculated Gamble+1","Slice+1","After Image+1","Leg Sweep+1","Die Die Die","Flying Knee+1","Accuracy+1","Dramatic Entrance+1","Deflect","Calculated Gamble+1","Cloak And Dagger+1","Backstab+1","Venomology+1"],"relics":["Ring of the Serpent","Oddly Smooth Stone","Shuriken","Dead Branch","Necronomicon","Toy Ornithopter","Bag of Marbles","Bag of Preparation","Red Mask","Matryoshka","WristBlade","Paper Crane","Potion Belt","HornCleat","Vajra","PreservedInsect","Unceasing Top"],"acts_visited":["Exordium","TheCity","TheBeyond"],"potions_floor_usage":[6,13,16,33,41,50,50,50,50,50,50],"damage_taken":[{"damage":3,"enemies":"Jaw Worm","floor":1,"turns":5},{"damage":2,"enemies":"2 Louse","floor":2,"turns":3},{"damage":0,"enemies":"Cultist","floor":5,"turns":4},{"damage":16,"enemies":"Lagavulin","floor":6,"turns":6},{"damage":20,"enemies":"Exordium Wildlife","floor":8,"turns":4},{"damage":1,"enemies":"2 Fungi Beasts","floor":10,"turns":3},{"damage":0,"enemies":"Gremlin Nob","floor":13,"turns":2},{"damage":0,"enemies":"Blue Slaver","floor":14,"turns":2},{"damage":0,"enemies":"Slime Boss","floor":16,"turns":8},{"damage":0,"enemies":"Spheric Guardian","floor":18,"turns":1},{"damage":2,"enemies":"Shell Parasite","floor":22,"turns":3},{"damage":2,"enemies":"Book of Stabbing","floor":23,"turns":6},{"damage":1,"enemies":"Slavers","floor":25,"turns":5},{"damage":0,"enemies":"Masked Bandits","floor":28,"turns":2},{"damage":0,"enemies":"Cultist and Chosen","floor":31,"turns":2},{"damage":0,"enemies":"Champ","floor":33,"turns":6},{"damage":0,"enemies":"3 Darklings","floor":35,"turns":2},{"damage":1,"enemies":"3 Shapes","floor":38,"turns":2},{"damage":0,"enemies":"Transient","floor":39,"turns":5},{"damage":0,"enemies":"Nemesis","floor":41,"turns":4},{"damage":0,"enemies":"Giant Head","floor":46,"turns":6},{"damage":0,"enemies":"Spire Growth","floor":47,"turns":3},{"damage":0,"enemies":"Nemesis","floor":48,"turns":1},{"damage":42,"enemies":"Time Eater","floor":50,"turns":8}],"seed_played":"-4081711457623909104","potions_obtained":[{"floor":1,"key":"AttackPotion"},{"floor":6,"key":"CultistPotion"},{"floor":8,"key":"AttackPotion"},{"floor":10,"key":"GhostInAJar"},{"floor":25,"key":"DuplicationPotion"},{"floor":31,"key":"SpeedPotion"},{"floor":39,"key":"Energy Potion"},{"floor":46,"key":"EssenceOfSteel"},{"floor":47,"key":"PowerPotion"},{"floor":48,"key":"SkillPotion"}],"is_trial":false,"path_per_floor":["M","M","?","?","M","E","R","M","T","M","$","R","?","M","R","B",null,"M","?","?","$","M","E","R","E","T","R","?","$","T","M","R","B",null,"M","$","?","M","M","R","E","R","T","R","$","E","M","E","R","B"],"character_chosen":"THE_SILENT","items_purchased":["Blade Dance","Dramatic Entrance","Infinite Blades","Calculated Gamble","Accuracy","Vajra"],"campfire_rested":1,"item_purchase_floors":[11,11,21,21,36,45],"current_hp_per_floor":[60,58,51,51,51,35,35,15,15,14,14,35,35,35,35,35,61,61,45,35,35,33,31,31,30,30,30,30,30,30,30,30,35,35,35,35,35,34,34,34,35,35,35,35,35,35,35,35,35,0,0],"gold":89,"neow_bonus":"REMOVE_CARD","is_daily":false,"chose_seed":false,"campfire_upgraded":9,"win_rate":0.0,"timestamp":1612158819,"path_taken":["M","M","?","?","?","E","R","M","T","M","$","R","?","M","R","BOSS","M","?","?","$","M","E","R","E","T","R","?","?","?","M","R","BOSS","M","$","?","?","M","R","E","R","T","R","$","E","M","E","R","BOSS"],"items_purchased_type":["Card","Card","Card","Card","Card","Relic"],"build_version":"2020-12-22","purchased_purges":3,"victory":false,"max_hp_per_floor":[70,70,70,70,70,70,70,70,70,70,70,70,70,70,70,70,70,70,70,35,35,35,35,35,35,35,35,35,35,35,35,35,35,35,35,35,35,35,35,35,35,35,35,35,35,35,35,35,35,35,35],"card_choices":[{"not_picked":["Distraction","Masterful Stab"],"picked":"Backflip","floor":1},{"not_picked":["Acrobatics","Cloak And Dagger"],"picked":"Finisher","floor":2},{"not_picked":["Choke","Finisher"],"picked":"Sucker Punch","floor":5},{"not_picked":["All Out Attack","Heel Hook"],"picked":"Terror","floor":6},{"not_picked":["Outmaneuver","Finisher"],"picked":"Cloak And Dagger","floor":8},{"not_picked":["Quick Slash","Leg Sweep"],"picked":"Cloak And Dagger","floor":10},{"not_picked":["Concentrate","Underhanded Strike","Escape Plan"],"picked":"SKIP","floor":14},{"not_picked":["Grand Finale","Phantasmal Killer"],"picked":"Unload","floor":16},{"not_picked":["Deadly Poison","Poisoned Stab+1"],"picked":"Reflex","floor":18},{"not_picked":["PiercingWail","Dagger Throw+1"],"picked":"Slice+1","floor":22},{"not_picked":["Skewer","Eviscerate+1"],"picked":"After Image","floor":23},{"not_picked":["Blur","Bane+1","Terror"],"picked":"SKIP","floor":25},{"not_picked":["Bane+1","Predator"],"picked":"Leg Sweep+1","floor":28},{"not_picked":["Blur","Dagger Spray","Masterful Stab+1"],"picked":"SKIP","floor":31},{"not_picked":["Phantasmal Killer","Night Terror"],"picked":"Die Die Die","floor":33},{"not_picked":["Expertise+1","Dodge and Roll"],"picked":"Flying Knee+1","floor":35},{"not_picked":["Dash","Backflip"],"picked":"Deflect","floor":38},{"not_picked":["Blade Dance","Predator"],"picked":"Calculated Gamble+1","floor":39},{"not_picked":["Quick Slash+1","Predator"],"picked":"Cloak And Dagger+1","floor":41},{"not_picked":["Acrobatics","Noxious Fumes+1"],"picked":"Backstab+1","floor":46},{"not_picked":["Dagger Throw","Masterful Stab+1","Calculated Gamble"],"picked":"SKIP","floor":47},{"not_picked":["Underhanded Strike","Catalyst"],"picked":"Venomology","floor":48}],"player_experience":347261,"relics_obtained":[{"floor":6,"key":"Oddly Smooth Stone"},{"floor":9,"key":"Shuriken"},{"floor":13,"key":"Dead Branch"},{"floor":19,"key":"Necronomicon"},{"floor":23,"key":"Toy Ornithopter"},{"floor":25,"key":"Bag of Marbles"},{"floor":26,"key":"Bag of Preparation"},{"floor":28,"key":"Red Mask"},{"floor":30,"key":"Matryoshka"},{"floor":41,"key":"Paper Crane"},{"floor":43,"key":"Potion Belt"},{"floor":43,"key":"HornCleat"},{"floor":46,"key":"PreservedInsect"},{"floor":48,"key":"Unceasing Top"}],"event_choices":[{"cards_removed":["Defend_G"],"damage_healed":0,"gold_gain":0,"player_choice":"Card Removal","damage_taken":7,"max_hp_gain":0,"max_hp_loss":0,"event_name":"Golden Wing","floor":3,"gold_loss":0},{"cards_removed":["Defend_G"],"damage_healed":0,"gold_gain":0,"player_choice":"Purged","damage_taken":0,"max_hp_gain":0,"max_hp_loss":0,"event_name":"Purifier","floor":4,"gold_loss":0},{"damage_healed":0,"gold_gain":0,"player_choice":"Searched \u00271\u0027 times","damage_taken":0,"max_hp_gain":0,"max_hp_loss":0,"event_name":"Dead Adventurer","floor":13,"gold_loss":0},{"damage_healed":0,"gold_gain":0,"player_choice":"Obtained Book","damage_taken":16,"max_hp_gain":0,"max_hp_loss":0,"event_name":"Cursed Tome","floor":19,"gold_loss":0},{"damage_healed":0,"gold_gain":0,"player_choice":"Became a Ghost","damage_taken":0,"max_hp_gain":0,"max_hp_loss":35,"event_name":"Ghosts","floor":20,"gold_loss":0,"cards_obtained":["Ghostly","Ghostly","Ghostly","Ghostly","Ghostly"]},{"damage_healed":0,"gold_gain":0,"player_choice":"Fought Bandits","damage_taken":0,"max_hp_gain":0,"max_hp_loss":0,"event_name":"Masked Bandits","floor":28,"gold_loss":0},{"damage_healed":0,"gold_gain":0,"player_choice":"Copied","damage_taken":0,"max_hp_gain":0,"max_hp_loss":0,"event_name":"Duplicator","floor":37,"gold_loss":0,"cards_obtained":["Dramatic Entrance"]}],"is_beta":false,"boss_relics":[{"not_picked":["Astrolabe","Sozu"],"picked":"Ring of the Serpent"},{"not_picked":["Busted Crown","Pandora\u0027s Box"],"picked":"WristBlade"}],"items_purged_floors":[11,21,29],"is_endless":false,"potions_floor_spawned":[1,6,8,10,25,31,39,46,47,48],"killed_by":"Time Eater","ascension_level":10}}