{"host":"64agj841g523yxf2","time":1612217209,"event":{"mods":["Aspiration","BaseMod","ChefMod","Downfall","Hermit","Koishi","Minty Spire (QoL Compilation)","Remilia??????","Replay The Spire","StSLib","SuperFastMode","The Administrix","The Animator","The Bug Knight","The Construct","The Cursed","The Disciple","The Hierophant","The Marked","The Mystic","The Necromancer","The Poker Player","The Senshi","The Servant 0.9.4","Yuyuko"],"gold_per_floor":[0,12,24,9,29,29,29,45,45,55,55,67,90,102,112,112,112,112],"floor_reached":16,"language":"ENG","playtime":884,"items_purged":[],"score":96,"play_id":"0303eb7a-ba3b-4518-9869-8a694d29238e","local_time":"20210201230649","is_ascension_mode":false,"campfire_choices":[{"floor":1,"key":"DIG"},{"floor":9,"key":"REST"},{"data":"Guardian:WalkerClaw","floor":11,"key":"SMITH"}],"circlet_count":0,"master_deck":["Guardian:Strike_Guardian","Guardian:Strike_Guardian","Guardian:Strike_Guardian","Guardian:Strike_Guardian","Guardian:Defend_Guardian","Guardian:Defend_Guardian","Guardian:Defend_Guardian","Guardian:Defend_Guardian","Guardian:CurlUp","Guardian:TwinSlam","Guardian:WalkerClaw+1","Guardian:Incinerate","Guardian:ExploitGems+1","Guardian:PrimingBeam","Injury","Guardian:PiercingHide+1","Guardian:PiercingHide+1","Guardian:ChargeCore","Guardian:MultiBeam"],"relics":["Guardian:ModeShifter","Replay:Multitool","Gremlin Food","Toxic Egg 2","Replay:Bottled Snecko","Odd Mushroom"],"acts_visited":["Exordium"],"potions_floor_usage":[16,16,16],"damage_taken":[{"damage":7,"enemies":"Small Slimes","floor":2,"turns":4},{"damage":3,"enemies":"2 Louse","floor":3,"turns":2},{"damage":0,"enemies":"downfall:FleeingMerchant","floor":4,"turns":4},{"damage":5,"enemies":"Cultist","floor":5,"turns":4},{"damage":16,"enemies":"Lots of Slimes","floor":8,"turns":4},{"damage":5,"enemies":"Exordium Wildlife","floor":10,"turns":3},{"damage":12,"enemies":"3 Louse","floor":12,"turns":4},{"damage":5,"enemies":"The Mushroom Lair","floor":13,"turns":6},{"damage":8,"enemies":"Lots of Slimes","floor":14,"turns":4},{"damage":0,"enemies":"2 Fungi Beasts","floor":15,"turns":2},{"damage":59,"enemies":"IC_STATUS_ARCHETYPE","floor":16,"turns":13}],"seed_played":"-7484907425906953594","potions_obtained":[{"floor":8,"key":"LiquidBronze"},{"floor":10,"key":"FearPotion"},{"floor":13,"key":"Adrenaline Potion"}],"is_trial":false,"path_per_floor":["R","M","M","$","M","?","T","M","R","M","R","M","?","M","M","B"],"character_chosen":"GUARDIAN","items_purchased":[],"campfire_rested":1,"item_purchase_floors":[],"current_hp_per_floor":[80,73,70,70,65,65,65,49,73,68,68,56,51,43,43,0,0,0],"gold":112,"neow_bonus":"ONE_RARE_RELIC","is_daily":false,"chose_seed":false,"campfire_upgraded":1,"win_rate":0.0,"timestamp":1612217209,"path_taken":["R","M","M","$","M","?","T","M","R","M","R","M","?","M","M","BOSS"],"items_purchased_type":[],"build_version":"2020-12-22","purchased_purges":0,"victory":false,"max_hp_per_floor":[80,80,80,80,80,80,80,80,80,80,80,80,80,80,80,80,80,80],"card_choices":[{"not_picked":["Guardian:FloatingOrbs","Guardian:Reroute"],"picked":"Guardian:WalkerClaw","floor":2},{"not_picked":["Guardian:ChargeCore","Guardian:VentSteam"],"picked":"Guardian:Incinerate","floor":3},{"not_picked":["Guardian:TemporalStrike","Guardian:Reroute"],"picked":"Guardian:ExploitGems","floor":4},{"not_picked":["Guardian:TemporalStrike","Guardian:Incinerate"],"picked":"Guardian:PrimingBeam","floor":5},{"not_picked":["Guardian:TimeBomb+1","Guardian:Incinerate"],"picked":"Guardian:Gem_Blue","floor":8},{"not_picked":["Guardian:Gem_Fragmented","Guardian:SentryBeam"],"picked":"Guardian:Gem_Cyan","floor":10},{"not_picked":["Guardian:BodySlam","Guardian:TemporalShield+1"],"picked":"Guardian:PiercingHide+1","floor":12},{"not_picked":["Guardian:CrystalBeam","Guardian:Suspension+1"],"picked":"Guardian:PiercingHide+1","floor":13},{"not_picked":["Guardian:TemporalStrike","Guardian:PrimingBeam"],"picked":"Guardian:ChargeCore","floor":14},{"not_picked":["Guardian:PrimingBeam","Guardian:WalkerClaw"],"picked":"Guardian:MultiBeam","floor":15}],"player_experience":318311,"relics_obtained":[{"floor":1,"key":"Gremlin Food"},{"floor":7,"key":"Replay:Bottled Snecko"},{"floor":13,"key":"Odd Mushroom"}],"event_choices":[{"damage_healed":0,"gold_gain":0,"player_choice":"Fought Mushrooms","damage_taken":0,"max_hp_gain":0,"max_hp_loss":0,"event_name":"Mushrooms","floor":13,"gold_loss":0}],"is_beta":false,"boss_relics":[],"items_purged_floors":[],"is_endless":false,"potions_floor_spawned":[8,10,13],"killed_by":"IC_STATUS_ARCHETYPE","ascension_level":0}}