{"host":"oehe2dxjvdgux73m","time":1612194113,"event":{"mods":["AchievementEnabler","BaseMod","Colored Map","Colored Powertips","DeckTracker","Keyboard Shortcuts","Minty Spire (QoL Compilation)","Permanent Neow","Quick Restart","StSLib","SuperFastMode"],"gold_per_floor":[368,368,368,37,51,51,72,29,29,29,45,70,109,109,109,205,205,221,121,121,121,146,146,189,21,21,21,21,36,49,49,49,138,138,162,181,181,181,201,201,221,221,272,272,305,20,35,104,104,104,104,104],"floor_reached":51,"language":"KOR","playtime":2047,"items_purged":["Strike_G","Parasite","Expertise"],"score":1286,"play_id":"68391a97-7b4f-43a1-8f0c-aab0584982a8","local_time":"20210202004153","is_ascension_mode":true,"campfire_choices":[{"data":"Envenom","floor":6.0,"key":"SMITH"},{"data":"Blade Dance","floor":10.0,"key":"SMITH"},{"floor":15.0,"key":"REST"},{"data":"Wraith Form v2","floor":23.0,"key":"SMITH"},{"data":"Neutralize","floor":27.0,"key":"SMITH"},{"data":"Ghostly","floor":32.0,"key":"SMITH"},{"data":"Ghostly","floor":40.0,"key":"SMITH"},{"data":"Ghostly","floor":42.0,"key":"SMITH"},{"data":"A Thousand Cuts","floor":44.0,"key":"SMITH"},{"floor":49.0,"key":"RECALL"}],"circlet_count":0,"master_deck":["AscendersBane","Survivor","Neutralize+1","Blade Dance+1","Envenom+1","Accuracy","PiercingWail","Well Laid Plans","Blade Dance","Leg Sweep","Wraith Form v2+1","Endless Agony","Ghostly+1","Ghostly+1","Ghostly+1","Slice","Prepared+1","Calculated Gamble","Blade Dance","Wraith Form v2","Cloak And Dagger","Adrenaline","Calculated Gamble","A Thousand Cuts+1","Prepared","PiercingWail","Backflip","Dark Shackles","Calculated Gamble"],"relics":["Ring of the Snake","Golden Idol","InkBottle","Snake Skull","Mango","Toy Ornithopter","Turnip","Empty Cage","PreservedInsect","Centennial Puzzle","Pear","Pandora\u0027s Box","Nunchaku","TheAbacus","Bird Faced Urn"],"acts_visited":["Exordium","TheCity","TheBeyond"],"potions_floor_usage":[],"damage_taken":[{"damage":7.0,"enemies":"Small Slimes","floor":1.0,"turns":4.0},{"damage":2.0,"enemies":"Cultist","floor":5.0,"turns":4.0},{"damage":2.0,"enemies":"2 Louse","floor":7.0,"turns":4.0},{"damage":7.0,"enemies":"2 Fungi Beasts","floor":11.0,"turns":4.0},{"damage":0.0,"enemies":"Exordium Wildlife","floor":12.0,"turns":3.0},{"damage":20.0,"enemies":"3 Sentries","floor":13.0,"turns":5.0},{"damage":10.0,"enemies":"Hexaghost","floor":16.0,"turns":8.0},{"damage":1.0,"enemies":"Chosen","floor":18.0,"turns":5.0},{"damage":13.0,"enemies":"Spheric Guardian","floor":22.0,"turns":6.0},{"damage":10.0,"enemies":"Book of Stabbing","floor":24.0,"turns":6.0},{"damage":0.0,"enemies":"Centurion and Healer","floor":29.0,"turns":6.0},{"damage":5.0,"enemies":"Snake Plant","floor":30.0,"turns":7.0},{"damage":26.0,"enemies":"Automaton","floor":33.0,"turns":10.0},{"damage":3.0,"enemies":"3 Shapes","floor":35.0,"turns":4.0},{"damage":6.0,"enemies":"3 Darklings","floor":36.0,"turns":6.0},{"damage":2.0,"enemies":"Maw","floor":39.0,"turns":8.0},{"damage":2.0,"enemies":"4 Shapes","floor":41.0,"turns":4.0},{"damage":4.0,"enemies":"Reptomancer","floor":45.0,"turns":5.0},{"damage":1.0,"enemies":"Jaw Worm Horde","floor":47.0,"turns":3.0},{"damage":2.0,"enemies":"2 Orb Walkers","floor":48.0,"turns":3.0},{"damage":25.0,"enemies":"Time Eater","floor":50.0,"turns":11.0},{"damage":20,"enemies":"Awakened One","floor":51,"turns":11}],"seed_played":"3988392210242717939","potions_obtained":[{"floor":1.0,"key":"SneckoOil"},{"floor":5.0,"key":"Energy Potion"},{"floor":12.0,"key":"Swift Potion"},{"floor":16.0,"key":"Fruit Juice"},{"floor":22.0,"key":"LiquidBronze"},{"floor":29.0,"key":"Block Potion"},{"floor":33.0,"key":"SmokeBomb"},{"floor":35.0,"key":"GhostInAJar"},{"floor":41.0,"key":"GhostInAJar"},{"floor":47.0,"key":"Ancient Potion"}],"is_trial":false,"path_per_floor":["M","?","?","$","M","R","M","$","T","R","M","M","E","?","R","B",null,"M","$","?","?","M","R","E","$","T","R","?","M","M","$","R","B",null,"M","M","?","?","M","R","M","R","T","R","E","$","M","?","R","B","B"],"character_chosen":"THE_SILENT","items_purchased":["Envenom","Snake Skull","Well Laid Plans","Centennial Puzzle","TheAbacus"],"campfire_rested":1,"item_purchase_floors":[4,4,8,25,46],"current_hp_per_floor":[52,52,52,52,50,50,48,48,62,62,55,55,35,9,31,21,71,70,70,70,38,25,25,25,25,35,35,35,35,30,30,30,9,38,35,29,29,29,27,27,25,25,25,25,26,26,25,28,28,18,10,10],"gold":104,"neow_bonus":"TWO_FIFTY_GOLD","is_daily":false,"chose_seed":false,"campfire_upgraded":8,"win_rate":0.0,"timestamp":1612194113,"path_taken":["M","?","?","$","M","R","M","$","T","R","M","?","E","?","R","BOSS","M","$","?","?","M","R","E","?","T","R","?","M","M","?","R","BOSS","M","?","?","?","M","R","M","R","T","R","E","$","M","?","R","BOSS","BOSS"],"items_purchased_type":["Card","Relic","Card","Relic","Relic"],"build_version":"2020-12-22","purchased_purges":3,"victory":false,"max_hp_per_floor":[66,60,60,60,60,60,60,60,74,74,74,74,74,74,74,74,79,79,76,76,38,38,38,38,38,48,48,48,48,48,48,48,48,48,48,48,48,46,46,46,46,46,46,46,46,46,46,46,46,46,46,46],"card_choices":[{"not_picked":["Dagger Throw","Flying Knee"],"picked":"Blade Dance","floor":1.0},{"not_picked":["Sucker Punch","Dagger Spray"],"picked":"Accuracy","floor":5.0},{"not_picked":["A Thousand Cuts","Sucker Punch"],"picked":"PiercingWail","floor":7.0},{"not_picked":["Outmaneuver","Caltrops","Acrobatics"],"picked":"SKIP","floor":11.0},{"not_picked":["Masterful Stab","Prepared"],"picked":"Blade Dance","floor":12.0},{"not_picked":["Dagger Spray","Blur"],"picked":"Leg Sweep","floor":13.0},{"not_picked":["Bullet Time","Adrenaline"],"picked":"Wraith Form v2","floor":16.0},{"not_picked":["Setup","Dodge and Roll"],"picked":"Endless Agony","floor":18.0},{"not_picked":["Eviscerate","Deflect"],"picked":"Slice","floor":22.0},{"not_picked":["Finisher","Burst"],"picked":"Prepared+1","floor":24.0},{"not_picked":["Underhanded Strike","Dodge and Roll"],"picked":"Blade Dance","floor":29.0},{"not_picked":["Poisoned Stab","Expertise","Deadly Poison"],"picked":"SKIP","floor":30.0},{"not_picked":["Bullet Time","A Thousand Cuts"],"picked":"Wraith Form v2","floor":33.0},{"not_picked":["Cloak And Dagger","Setup","Bane+1"],"picked":"SKIP","floor":35.0},{"not_picked":["Flying Knee","Prepared"],"picked":"Backflip","floor":36.0},{"not_picked":["Magnetism","Forethought"],"picked":"Dark Shackles","floor":37.0},{"not_picked":["Infinite Blades","Setup","Dagger Throw"],"picked":"SKIP","floor":39.0},{"not_picked":["Infinite Blades","Setup","Dagger Throw"],"picked":"SKIP","floor":39.0},{"not_picked":["Flechettes","Infinite Blades+1"],"picked":"Calculated Gamble","floor":41.0},{"not_picked":["Expertise","Choke","Blade Dance"],"picked":"SKIP","floor":45.0},{"not_picked":["Blade Dance","Terror","Cloak And Dagger"],"picked":"SKIP","floor":47.0}],"player_experience":338698,"relics_obtained":[{"floor":9.0,"key":"Mango"},{"floor":13.0,"key":"Toy Ornithopter"},{"floor":24.0,"key":"PreservedInsect"},{"floor":26.0,"key":"Pear"},{"floor":45.0,"key":"Nunchaku"},{"floor":48.0,"key":"Bird Faced Urn"}],"event_choices":[{"damage_healed":0.0,"max_hp_gain":0.0,"max_hp_loss":6.0,"gold_gain":0.0,"event_name":"Golden Idol","player_choice":"Lose Max HP","floor":2.0,"gold_loss":0.0,"damage_taken":0.0,"relics_obtained":["Golden Idol"]},{"damage_healed":0.0,"max_hp_gain":0.0,"max_hp_loss":0.0,"gold_gain":0.0,"event_name":"WeMeetAgain","player_choice":"Gave Potion","floor":3.0,"gold_loss":0.0,"damage_taken":0.0,"relics_obtained":["InkBottle"]},{"damage_healed":0.0,"max_hp_gain":0.0,"max_hp_loss":0.0,"gold_gain":0.0,"event_name":"Scrap Ooze","player_choice":"Success","floor":14.0,"gold_loss":0.0,"damage_taken":26.0,"relics_obtained":["Turnip"]},{"damage_healed":0.0,"max_hp_gain":0.0,"max_hp_loss":0.0,"gold_gain":0.0,"event_name":"The Mausoleum","player_choice":"Ignored","floor":20.0,"gold_loss":0.0,"damage_taken":0.0},{"damage_healed":0.0,"max_hp_gain":0.0,"max_hp_loss":38.0,"gold_gain":0.0,"event_name":"Ghosts","player_choice":"Became a Ghost","floor":21.0,"gold_loss":0.0,"damage_taken":0.0,"cards_obtained":["Ghostly","Ghostly","Ghostly"]},{"damage_healed":0.0,"max_hp_gain":0.0,"max_hp_loss":0.0,"gold_gain":0.0,"event_name":"The Library","player_choice":"Read","floor":28.0,"gold_loss":0.0,"damage_taken":0.0,"cards_obtained":["Calculated Gamble"]},{"damage_healed":0.0,"max_hp_gain":0.0,"max_hp_loss":0.0,"gold_gain":0.0,"event_name":"SensoryStone","player_choice":"Memory 1","floor":37.0,"gold_loss":0.0,"damage_taken":0.0},{"damage_healed":0.0,"max_hp_gain":0.0,"max_hp_loss":2.0,"gold_gain":0.0,"event_name":"Winding Halls","player_choice":"Max HP","floor":38.0,"gold_loss":0.0,"damage_taken":0.0},{"damage_healed":0.0,"max_hp_gain":0.0,"max_hp_loss":0.0,"gold_gain":0.0,"event_name":"Mysterious Sphere","player_choice":"Fight","floor":48.0,"gold_loss":0.0,"damage_taken":0.0}],"is_beta":false,"boss_relics":[{"not_picked":["SlaversCollar","Velvet Choker"],"picked":"Empty Cage"},{"not_picked":["Fusion Hammer","Cursed Key"],"picked":"Pandora\u0027s Box"}],"items_purged_floors":[4,19,46],"is_endless":false,"potions_floor_spawned":[1,5,12,16,22,29,33,35,41,47],"killed_by":"Awakened One","ascension_level":20}}