{"host":"jegehu1t82aiec5j","time":1612183211,"event":{"mods":["BaseMod","Colored Map","Minty Spire (QoL Compilation)","Relic Stats","StSLib"],"gold_per_floor":[15,15,93,93,118,118,156,177,204,204,204,244,257,271,271,364,364,384,398,398,398,448,448,479,502,528,141,155,180,180,201,201,290,290,306,306,327,3,3,3,34,34,108,127,58,58,94,115,115,115],"floor_reached":51,"language":"ENG","playtime":1921,"items_purged":["Strike_G","Strike_G"],"score":1318,"play_id":"8723459e-883a-4bd0-ab0d-b1c245aa80d2","local_time":"20210201074011","is_ascension_mode":true,"campfire_choices":[{"data":"Neutralize","floor":6,"key":"SMITH"},{"data":"Riddle With Holes","floor":11,"key":"SMITH"},{"data":"Crippling Poison","floor":15,"key":"SMITH"},{"data":"Malaise","floor":23,"key":"SMITH"},{"floor":32,"key":"REST"},{"floor":40,"key":"REST"},{"floor":42,"key":"REST"},{"floor":49,"key":"REST"}],"circlet_count":0,"master_deck":["AscendersBane","Defend_G","Defend_G","Defend_G","Defend_G","Survivor","Neutralize+1","Adrenaline","Adrenaline","Flying Knee","Blade Dance","Riddle With Holes+1","Cloak And Dagger","Crippling Poison+1","Cloak And Dagger","Malaise+1","Footwork","Blade Dance","Predator","Leg Sweep","Noxious Fumes","Catalyst","Concentrate","Blur","Caltrops","Wraith Form v2","Deflect+1","Acrobatics","Envenom","Dagger Spray","Backflip","Prepared","Bouncing Flask+1","Corpse Explosion","Backflip","Prepared","Acrobatics","PiercingWail","Calculated Gamble+1","Well Laid Plans"],"relics":["Ring of the Snake","WarpedTongs","Golden Idol","Sundial","Smiling Mask","Lantern","The Courier","Snake Skull","HoveringKite","Centennial Puzzle","Oddly Smooth Stone","Fusion Hammer","Orrery","Happy Flower","Thread and Needle","Kunai","Question Card","Strawberry"],"acts_visited":["Exordium","TheCity","TheBeyond"],"potions_floor_usage":[16,28,33,50,50],"damage_taken":[{"damage":0,"enemies":"2 Louse","floor":1,"turns":3},{"damage":0,"enemies":"Jaw Worm","floor":5,"turns":4},{"damage":12,"enemies":"Gremlin Nob","floor":7,"turns":3},{"damage":0,"enemies":"Small Slimes","floor":8,"turns":2},{"damage":10,"enemies":"Lagavulin","floor":12,"turns":6},{"damage":0,"enemies":"3 Louse","floor":13,"turns":2},{"damage":0,"enemies":"Exordium Thugs","floor":14,"turns":3},{"damage":6,"enemies":"Hexaghost","floor":16,"turns":8},{"damage":2,"enemies":"Chosen","floor":18,"turns":5},{"damage":2,"enemies":"2 Thieves","floor":19,"turns":4},{"damage":30,"enemies":"Slavers","floor":24,"turns":6},{"damage":7,"enemies":"3 Cultists","floor":25,"turns":4},{"damage":0,"enemies":"Snecko","floor":28,"turns":4},{"damage":0,"enemies":"Shelled Parasite and Fungi","floor":29,"turns":5},{"damage":0,"enemies":"Snake Plant","floor":31,"turns":6},{"damage":25,"enemies":"Automaton","floor":33,"turns":10},{"damage":3,"enemies":"Orb Walker","floor":35,"turns":4},{"damage":12,"enemies":"3 Darklings","floor":37,"turns":5},{"damage":9,"enemies":"Nemesis","floor":41,"turns":7},{"damage":16,"enemies":"Writhing Mass","floor":44,"turns":5},{"damage":7,"enemies":"Giant Head","floor":47,"turns":8},{"damage":0,"enemies":"Jaw Worm Horde","floor":48,"turns":3},{"damage":17,"enemies":"Time Eater","floor":50,"turns":14}],"seed_played":"4121150236894938144","potions_obtained":[{"floor":7,"key":"GamblersBrew"},{"floor":12,"key":"GamblersBrew"},{"floor":14,"key":"AttackPotion"},{"floor":16,"key":"BlessingOfTheForge"},{"floor":28,"key":"FearPotion"},{"floor":33,"key":"Dexterity Potion"},{"floor":47,"key":"Dexterity Potion"}],"is_trial":false,"path_per_floor":["M","?","T","?","M","R","E","M","T","?","R","E","M","M","R","B",null,"M","M","?","?","?","R","E","M","T","$","M","M","?","M","R","B",null,"M","?","M","$","?","R","E","R","T","M","$","T","E","M","R","B",null],"character_chosen":"THE_SILENT","items_purchased":["Regen Potion","Noxious Fumes","Catalyst","Concentrate","Blur","Caltrops","Orrery","Prepared","Acrobatics","Happy Flower","PiercingWail"],"campfire_rested":4,"item_purchase_floors":[27,27,27,27,27,27,38,38,38,38,45],"current_hp_per_floor":[59,59,59,59,59,59,47,47,47,42,42,32,32,32,32,26,52,50,48,48,48,48,48,18,11,11,11,23,23,23,23,41,16,49,46,46,34,34,34,52,43,60,60,44,44,44,44,44,64,47],"gold":115,"neow_bonus":"TRANSFORM_TWO_CARDS","is_daily":false,"chose_seed":false,"campfire_upgraded":4,"win_rate":0.0,"timestamp":1612183211,"path_taken":["M","?","?","?","M","R","E","M","T","?","R","E","M","M","R","BOSS","M","M","?","?","?","R","E","?","T","$","M","M","?","M","R","BOSS","M","?","M","$","?","R","E","R","T","M","$","?","E","M","R","BOSS"],"items_purchased_type":["Potion","Card","Card","Card","Card","Card","Relic","Card","Card","Relic","Card"],"build_version":"2020-12-22","purchased_purges":2,"victory":true,"max_hp_per_floor":[66,60,60,60,60,60,60,60,60,60,60,60,60,60,60,60,60,60,60,60,60,60,60,60,60,60,60,60,60,60,60,60,60,60,60,60,60,60,60,60,60,60,60,60,60,60,67,67,67,67],"relic_stats":{"Happy Flower":[12],"counters":[23,121],"Golden Idol":146,"HoveringKite":[31],"Snake Skull":[146],"Smiling Mask":40,"Question Card":2,"WarpedTongs":[121],"Centennial Puzzle":[24],"Sundial":[16],"Kunai":[9],"obtain_stats":[{"Lantern":9,"Happy Flower":38,"Golden Idol":2,"HoveringKite":17,"Oddly Smooth Stone":26,"Thread and Needle":41,"The Courier":10,"Snake Skull":12,"Smiling Mask":7,"Question Card":46,"WarpedTongs":0,"Centennial Puzzle":24,"Sundial":3,"Strawberry":47,"Orrery":38,"Fusion Hammer":34,"Kunai":43,"Ring of the Snake":0},{"Lantern":4,"Happy Flower":18,"Golden Idol":1,"HoveringKite":8,"Oddly Smooth Stone":12,"Thread and Needle":19,"The Courier":4,"Snake Skull":5,"Smiling Mask":3,"Question Card":20,"WarpedTongs":0,"Centennial Puzzle":11,"Sundial":1,"Strawberry":21,"Orrery":18,"Fusion Hammer":16,"Kunai":19,"Ring of the Snake":0},{"Lantern":12,"Happy Flower":84,"Golden Idol":3,"HoveringKite":31,"Oddly Smooth Stone":50,"Thread and Needle":91,"The Courier":12,"Snake Skull":18,"Smiling Mask":10,"Question Card":96,"WarpedTongs":0,"Centennial Puzzle":46,"Sundial":3,"Strawberry":104,"Orrery":84,"Fusion Hammer":75,"Kunai":91,"Ring of the Snake":0}],"Ring of the Snake":[46]},"card_choices":[{"not_picked":["Quick Slash","Blur"],"picked":"Flying Knee","floor":1},{"not_picked":["Underhanded Strike","Backstab"],"picked":"Blade Dance","floor":5},{"not_picked":["Calculated Gamble","Unload"],"picked":"Riddle With Holes","floor":7},{"not_picked":["Acrobatics","Reflex"],"picked":"Cloak And Dagger","floor":8},{"not_picked":["Quick Slash","Blade Dance"],"picked":"Crippling Poison","floor":12},{"not_picked":["Flying Knee","Skewer"],"picked":"Cloak And Dagger","floor":13},{"not_picked":["Eviscerate","Dagger Spray","Unload"],"picked":"SKIP","floor":14},{"not_picked":["Wraith Form v2","Grand Finale"],"picked":"Malaise","floor":16},{"not_picked":["Dagger Spray","Bouncing Flask"],"picked":"Footwork","floor":18},{"not_picked":["Cloak And Dagger","Dodge and Roll"],"picked":"Blade Dance","floor":19},{"not_picked":["Quick Slash","Blade Dance+1","Setup"],"picked":"SKIP","floor":24},{"not_picked":["Cloak And Dagger+1","Underhanded Strike"],"picked":"Leg Sweep","floor":25},{"not_picked":["Distraction","Underhanded Strike"],"picked":"Wraith Form v2","floor":28},{"not_picked":["Concentrate","Outmaneuver"],"picked":"Deflect+1","floor":29},{"not_picked":["Dagger Spray","Skewer"],"picked":"Acrobatics","floor":31},{"not_picked":["Malaise","Venomology"],"picked":"Envenom","floor":33},{"not_picked":["Dodge and Roll","Poisoned Stab"],"picked":"Dagger Spray","floor":35},{"not_picked":["Deadly Poison","Slice+1"],"picked":"Backflip","floor":37},{"not_picked":["Crippling Poison","Blade Dance+1"],"picked":"Prepared","floor":38},{"not_picked":["Flying Knee","Underhanded Strike"],"picked":"Bouncing Flask+1","floor":38},{"not_picked":["Setup","Quick Slash"],"picked":"Corpse Explosion","floor":38},{"not_picked":["All Out Attack","Cloak And Dagger"],"picked":"Backflip","floor":38},{"not_picked":["Deadly Poison","Endless Agony","Sucker Punch"],"picked":"SKIP","floor":41},{"not_picked":["Dagger Throw","Distraction","Prepared"],"picked":"SKIP","floor":44},{"not_picked":["Acrobatics","Outmaneuver","Expertise"],"picked":"Calculated Gamble+1","floor":47},{"not_picked":["Blade Dance+1","Bouncing Flask","Dagger Spray+1"],"picked":"Well Laid Plans","floor":48}],"player_experience":2567303,"relics_obtained":[{"floor":3,"key":"Sundial"},{"floor":7,"key":"Smiling Mask"},{"floor":9,"key":"Lantern"},{"floor":12,"key":"Snake Skull"},{"floor":24,"key":"Centennial Puzzle"},{"floor":26,"key":"Oddly Smooth Stone"},{"floor":41,"key":"Thread and Needle"},{"floor":43,"key":"Kunai"},{"floor":46,"key":"Question Card"},{"floor":47,"key":"Strawberry"}],"event_choices":[{"damage_healed":0,"gold_gain":0,"player_choice":"Lose Max HP","damage_taken":0,"relics_obtained":["Golden Idol"],"max_hp_gain":0,"max_hp_loss":6,"event_name":"Golden Idol","floor":2,"gold_loss":0},{"damage_healed":0,"gold_gain":0,"player_choice":"Ignored","damage_taken":0,"max_hp_gain":0,"max_hp_loss":0,"event_name":"Liars Game","floor":4,"gold_loss":0},{"damage_healed":0,"gold_gain":0,"player_choice":"Success","damage_taken":5,"relics_obtained":["The Courier"],"max_hp_gain":0,"max_hp_loss":0,"event_name":"Scrap Ooze","floor":10,"gold_loss":0},{"damage_healed":0,"gold_gain":0,"player_choice":"Ignored","damage_taken":0,"max_hp_gain":0,"max_hp_loss":0,"event_name":"The Mausoleum","floor":20,"gold_loss":0},{"damage_healed":0,"gold_gain":0,"cards_transformed":["Strike_G","Strike_G"],"player_choice":"Became Test Subject","damage_taken":0,"max_hp_gain":0,"max_hp_loss":0,"event_name":"Drug Dealer","floor":21,"gold_loss":0,"cards_obtained":["Skewer","Predator"]},{"damage_healed":0,"gold_gain":50,"player_choice":"Stole From Cult","damage_taken":0,"max_hp_gain":0,"max_hp_loss":0,"event_name":"Nest","floor":22,"gold_loss":0},{"damage_healed":0,"gold_gain":0,"player_choice":"Ignored","damage_taken":0,"max_hp_gain":0,"max_hp_loss":0,"event_name":"Cursed Tome","floor":30,"gold_loss":0},{"cards_removed":["Skewer"],"damage_healed":0,"gold_gain":0,"player_choice":"Removed Attack","damage_taken":0,"max_hp_gain":0,"max_hp_loss":0,"event_name":"Falling","floor":36,"gold_loss":0},{"damage_healed":0,"gold_gain":0,"player_choice":"Memory 1","damage_taken":0,"max_hp_gain":0,"max_hp_loss":0,"event_name":"SensoryStone","floor":39,"gold_loss":0}],"is_beta":false,"boss_relics":[{"not_picked":["Ectoplasm","Ring of the Serpent"],"picked":"HoveringKite"},{"not_picked":["Pandora\u0027s Box","Sozu"],"picked":"Fusion Hammer"}],"items_purged_floors":[27,45],"is_endless":false,"potions_floor_spawned":[7,12,14,16,19,28,33,35,41,47],"ascension_level":15}}