{"host":"gbsupkmj5cka9iw4","time":1612180857,"event":{"mods":["BaseMod","Better Note","BetterRewards","Minty Spire (QoL Compilation)","Say the Spire","Shop Mod","StSLib"],"gold_per_floor":[114,129,129,129,144,174,174,174,199,229,229,32,32,32,32,132,132,147,147,162,177,14,44,44,44,44,44,59,74,89,119,119,219,219,234,234,126,141,156,186,201,201,201,231,231,231,246,70,70,70],"floor_reached":51,"language":"ENG","playtime":2177,"items_purged":["Eruption","Strike_R+1"],"score":828,"play_id":"1fef1b04-fc97-4f9d-bded-a935a75af93f","local_time":"20210201210057","daily_mods":["Chimera","ControlledChaos","Night Terrors"],"is_ascension_mode":false,"campfire_choices":[{"data":"1","floor":8.0,"key":"LIFT"},{"floor":11.0,"key":"DIG"},{"floor":13.0,"key":"DIG"},{"floor":15.0,"key":"DIG"},{"floor":32.0,"key":"DIG"},{"floor":42.0,"key":"DIG"},{"floor":49,"key":"DIG"}],"circlet_count":0,"master_deck":["Bash","Survivor","Strike_G+1","Strike_B+1","Defend_R+1","Defend_G+1","Defend_P+1","Intimidate+1","Spot Weakness","Heavy Blade","Ghostly Armor+1","Flex","Iron Wave+1","Thunderclap+1","Fiend Fire+1","Immolate+1","Thunderclap+1","Uppercut+1","Apotheosis","Pommel Strike+1","Fiend Fire+1","Corruption","Shrug It Off+1","Sever Soul+1","Clothesline+1","Inflame+1","Fiend Fire+1","Barricade","Carnage+1"],"relics":["Burning Blood","Frozen Eye","Shovel","Girya","Orichalcum","Molten Egg 2","Happy Flower","Lee\u0027s Waffle","Thread and Needle","PreservedInsect","Snecko Eye","Oddly Smooth Stone","Nilry\u0027s Codex","Gambling Chip","Unceasing Top","Anchor","Fusion Hammer","Letter Opener","Omamori","Mercury Hourglass","War Paint","InkBottle"],"acts_visited":["Exordium","TheCity","TheBeyond"],"potions_floor_usage":[50,50,50],"damage_taken":[{"damage":2.0,"enemies":"Jaw Worm","floor":1.0,"turns":3.0},{"damage":16.0,"enemies":"Small Slimes","floor":2.0,"turns":3.0},{"damage":9.0,"enemies":"Cultist","floor":5.0,"turns":3.0},{"damage":18.0,"enemies":"3 Sentries","floor":6.0,"turns":5.0},{"damage":15.0,"enemies":"Lagavulin","floor":10.0,"turns":8.0},{"damage":3.0,"enemies":"Slime Boss","floor":16.0,"turns":7.0},{"damage":0.0,"enemies":"Chosen","floor":18.0,"turns":3.0},{"damage":0.0,"enemies":"3 Byrds","floor":20.0,"turns":4.0},{"damage":0.0,"enemies":"Snecko","floor":21.0,"turns":1.0},{"damage":2.0,"enemies":"Book of Stabbing","floor":23.0,"turns":3.0},{"damage":0.0,"enemies":"Snake Plant","floor":28.0,"turns":1.0},{"damage":0.0,"enemies":"3 Cultists","floor":29.0,"turns":2.0},{"damage":0.0,"enemies":"Centurion and Healer","floor":30.0,"turns":3.0},{"damage":0.0,"enemies":"Gremlin Leader","floor":31.0,"turns":2.0},{"damage":50.0,"enemies":"Collector","floor":33.0,"turns":7.0},{"damage":0.0,"enemies":"Orb Walker","floor":35.0,"turns":1.0},{"damage":0.0,"enemies":"3 Shapes","floor":38.0,"turns":2.0},{"damage":0.0,"enemies":"3 Darklings","floor":39.0,"turns":1.0},{"damage":0.0,"enemies":"Giant Head","floor":40.0,"turns":6.0},{"damage":0.0,"enemies":"Transient","floor":41.0,"turns":5.0},{"damage":0.0,"enemies":"Reptomancer","floor":44.0,"turns":3.0},{"damage":23,"enemies":"Writhing Mass","floor":47,"turns":4},{"damage":10,"enemies":"Donu and Deca","floor":50,"turns":6}],"seed_played":"-6699970657251824518","potions_obtained":[{"floor":1.0,"key":"Fire Potion"},{"floor":2.0,"key":"HeartOfIron"},{"floor":10.0,"key":"DistilledChaos"},{"floor":33.0,"key":"BloodPotion"},{"floor":40.0,"key":"EntropicBrew"}],"is_trial":false,"path_per_floor":["M","M","?","?","M","E","?","R","T","E","R","$","R","?","R","B",null,"M","?","M","M","$","E","?","?","T","?","M","M","M","E","R","B",null,"M","?","$","M","M","E","M","R","T","E","?","?","M","$","R","B",null],"character_chosen":"IRONCLAD","items_purchased":["Lee\u0027s Waffle","Iron Wave+1","Apotheosis","Sever Soul+1","Carnage+1"],"campfire_rested":0,"item_purchase_floors":[12,12,22,37,48],"current_hp_per_floor":[80,70,75,72,69,57,40,40,40,31,31,92,92,92,92,92,92,92,92,92,92,92,92,76,76,76,76,82,88,92,92,92,48,92,92,92,92,92,92,92,92,92,92,92,87,87,70,70,70,66],"gold":70,"neow_bonus":"","is_daily":true,"chose_seed":false,"campfire_upgraded":0,"win_rate":0.0,"timestamp":1612180857,"path_taken":["M","M","?","?","M","E","?","R","T","E","R","$","R","?","R","BOSS","M","?","M","M","$","E","?","?","T","?","?","M","M","E","R","BOSS","BOSS","M","?","$","M","?","E","M","R","T","E","?","?","?","$","R","BOSS"],"items_purchased_type":["Relic","Card","Card","Card","Card"],"build_version":"2020-12-22","purchased_purges":2,"victory":true,"max_hp_per_floor":[80,80,85,85,85,85,85,85,85,85,85,92,92,92,92,92,92,92,92,92,92,92,92,92,92,92,92,92,92,92,92,92,92,92,92,92,92,92,92,92,92,92,92,92,87,87,87,87,87,87],"card_choices":[{"not_picked":["Searing Blow","Havoc"],"picked":"Intimidate","floor":1.0},{"not_picked":["Flex","Clothesline"],"picked":"Spot Weakness","floor":2.0},{"not_picked":["Warcry","Havoc"],"picked":"Heavy Blade","floor":5.0},{"not_picked":["True Grit","Havoc"],"picked":"Ghostly Armor","floor":6.0},{"not_picked":["Berserk","Warcry"],"picked":"Flex","floor":10.0},{"not_picked":["Barricade","Corruption"],"picked":"Immolate+1","floor":16.0},{"not_picked":["Cleave+1","Blood for Blood+1"],"picked":"Thunderclap+1","floor":18.0},{"not_picked":["Burning Pact","Body Slam+1"],"picked":"Uppercut+1","floor":20.0},{"not_picked":["Perfected Strike+1","True Grit","Clash+1"],"picked":"SKIP","floor":21.0},{"not_picked":["Burning Pact","Brutality","Evolve"],"picked":"SKIP","floor":23.0},{"not_picked":["Bloodletting","Wild Strike+1","Sentinel"],"picked":"SKIP","floor":28.0},{"not_picked":["Twin Strike+1","Evolve","Burning Pact+1"],"picked":"SKIP","floor":29.0},{"not_picked":["True Grit+1","Anger+1","Berserk"],"picked":"SKIP","floor":30.0},{"not_picked":["Spot Weakness+1","Cleave+1","True Grit+1"],"picked":"SKIP","floor":31.0},{"not_picked":["Feed+1","Juggernaut"],"picked":"Corruption","floor":33.0},{"not_picked":["Twin Strike+1","Havoc"],"picked":"Shrug It Off+1","floor":35.0},{"not_picked":["Pommel Strike+1","Havoc+1"],"picked":"Clothesline+1","floor":38.0},{"not_picked":["Headbutt+1","Warcry"],"picked":"Inflame+1","floor":39.0},{"not_picked":["Juggernaut","Body Slam+1","Thunderclap+1"],"picked":"SKIP","floor":40.0},{"not_picked":["Clash+1","Twin Strike+1","Clothesline+1"],"picked":"SKIP","floor":41.0},{"not_picked":["Inflame","Heavy Blade+1"],"picked":"Fiend Fire+1","floor":44.0},{"not_picked":["Sword Boomerang+1","Anger+1","Armaments"],"picked":"SKIP","floor":47}],"player_experience":830102,"relics_obtained":[{"floor":6.0,"key":"Girya"},{"floor":9.0,"key":"Orichalcum"},{"floor":10.0,"key":"Molten Egg 2"},{"floor":11.0,"key":"Happy Flower"},{"floor":13.0,"key":"Thread and Needle"},{"floor":15.0,"key":"PreservedInsect"},{"floor":23.0,"key":"Oddly Smooth Stone"},{"floor":24.0,"key":"Nilry\u0027s Codex"},{"floor":26.0,"key":"Gambling Chip"},{"floor":31.0,"key":"Unceasing Top"},{"floor":32.0,"key":"Anchor"},{"floor":40.0,"key":"Letter Opener"},{"floor":42.0,"key":"Omamori"},{"floor":43.0,"key":"Mercury Hourglass"},{"floor":44.0,"key":"War Paint"},{"floor":49,"key":"InkBottle"}],"event_choices":[{"damage_healed":0.0,"max_hp_gain":5.0,"max_hp_loss":0.0,"gold_gain":0.0,"event_name":"Big Fish","player_choice":"Donut","floor":3.0,"gold_loss":0.0,"damage_taken":0.0},{"damage_healed":0.0,"max_hp_gain":0.0,"max_hp_loss":0.0,"gold_gain":0.0,"event_name":"Scrap Ooze","player_choice":"Success","floor":4.0,"gold_loss":0.0,"damage_taken":3.0,"relics_obtained":["Shovel"]},{"damage_healed":0.0,"max_hp_gain":0.0,"max_hp_loss":0.0,"gold_gain":0.0,"event_name":"Shining Light","player_choice":"Entered Light","floor":7.0,"gold_loss":0.0,"damage_taken":17.0,"cards_upgraded":["Strike_G","Defend_G"]},{"damage_healed":0.0,"max_hp_gain":0.0,"max_hp_loss":0.0,"gold_gain":0.0,"event_name":"Match and Keep!","player_choice":"2 cards matched","floor":14.0,"gold_loss":0.0,"damage_taken":0.0,"cards_obtained":["Thunderclap","Fiend Fire"]},{"damage_healed":0.0,"max_hp_gain":0.0,"max_hp_loss":0.0,"gold_gain":0.0,"event_name":"Back to Basics","player_choice":"Simplicity","floor":19.0,"gold_loss":0.0,"damage_taken":0.0,"cards_upgraded":["Strike_R","Strike_B","Defend_R","Defend_P"]},{"damage_healed":0.0,"max_hp_gain":0.0,"max_hp_loss":0.0,"gold_gain":0.0,"event_name":"Cursed Tome","player_choice":"Obtained Book","floor":24.0,"gold_loss":0.0,"damage_taken":16.0},{"damage_healed":0.0,"max_hp_gain":0.0,"max_hp_loss":0.0,"gold_gain":0.0,"event_name":"The Library","player_choice":"Read","floor":25.0,"gold_loss":0.0,"damage_taken":0.0,"cards_obtained":["Pommel Strike"]},{"damage_healed":0.0,"max_hp_gain":0.0,"max_hp_loss":0.0,"gold_gain":0.0,"event_name":"Duplicator","player_choice":"Copied","floor":27.0,"gold_loss":0.0,"damage_taken":0.0,"cards_obtained":["Fiend Fire"]},{"cards_removed":["Zap"],"damage_healed":0.0,"max_hp_gain":0.0,"max_hp_loss":0.0,"gold_gain":0.0,"event_name":"Bonfire Elementals","player_choice":"Offered Basic","floor":36.0,"gold_loss":0.0,"damage_taken":0.0},{"damage_healed":0.0,"max_hp_gain":0.0,"max_hp_loss":5.0,"gold_gain":0.0,"event_name":"Winding Halls","player_choice":"Max HP","floor":45.0,"gold_loss":0.0,"damage_taken":0.0},{"damage_healed":0,"gold_gain":0,"player_choice":"1 cards matched","damage_taken":0,"max_hp_gain":0,"max_hp_loss":0,"event_name":"Match and Keep!","floor":46,"gold_loss":0,"cards_obtained":["Barricade"]}],"is_beta":false,"boss_relics":[{"not_picked":["Runic Cube","Cursed Key"],"picked":"Snecko Eye"},{"not_picked":["Velvet Choker","Calling Bell"],"picked":"Fusion Hammer"}],"items_purged_floors":[37,48],"is_endless":false,"potions_floor_spawned":[1,2,10,20,21,23,30,31,33,35,39,40,44],"ascension_level":0}}