{"host":"4e3fxqp5hzyqu39k","time":1612147642,"event":{"mods":["BaseMod","Minty Spire (QoL Compilation)"],"gold_per_floor":[116,127,143,156,175,175,175,175,175,218,231,70,85,106,106,235,235,250,250,250,250,271,271,284,307,360,385,138,156,171,171,171,268,268,279,298,313,313,325,355,367,379,406,418,440,452,478,506,518,530,530],"floor_reached":50,"language":"ENG","playtime":3189,"items_purged":[],"score":538,"play_id":"91f59e2a-6764-4f75-ad97-698ab2b88edb","local_time":"20210131214722","is_ascension_mode":false,"campfire_choices":[{"data":"WindmillStrike","floor":6.0,"key":"SMITH"},{"data":"Eruption","floor":8.0,"key":"SMITH"},{"floor":15.0,"key":"REST"},{"floor":23.0,"key":"REST"},{"floor":32.0,"key":"REST"},{"floor":44,"key":"REST"},{"floor":46,"key":"REST"},{"floor":49,"key":"REST"}],"circlet_count":0,"master_deck":["Strike_P+1","Strike_P+1","Defend_P+1","Defend_P+1","Defend_P+1","Eruption+1","Vigilance+1","EmptyFist+1","WindmillStrike+1","FlurryOfBlows+1","InnerPeace+1","MentalFortress","LessonLearned+1","Fasting2+1","Crescendo+1","Vault+1","EmptyBody+1","Necronomicurse","Writhe","Meditate+1","Adaptation+1","Vault+1","Trip","CrushJoints+1","Protect+1","Alpha","PathToVictory+1","Normality","Evaluate+1","Parasite","WaveOfTheHand+1"],"relics":["PureWater","Bloody Idol","Vajra","Bronze Scales","Astrolabe","Necronomicon","Singing Bowl","Centennial Puzzle","DollysMirror","Cursed Key","Orichalcum","MawBank"],"acts_visited":["Exordium","TheCity","TheBeyond"],"potions_floor_usage":[37,40,47,50,50],"damage_taken":[{"damage":3.0,"enemies":"Cultist","floor":1.0,"turns":5.0},{"damage":0.0,"enemies":"Small Slimes","floor":2.0,"turns":3.0},{"damage":2.0,"enemies":"Jaw Worm","floor":3.0,"turns":4.0},{"damage":8.0,"enemies":"Large Slime","floor":4.0,"turns":5.0},{"damage":3.0,"enemies":"2 Fungi Beasts","floor":5.0,"turns":3.0},{"damage":13.0,"enemies":"3 Sentries","floor":10.0,"turns":7.0},{"damage":6.0,"enemies":"Exordium Wildlife","floor":11.0,"turns":3.0},{"damage":10.0,"enemies":"Looter","floor":13.0,"turns":5.0},{"damage":0.0,"enemies":"Blue Slaver","floor":14.0,"turns":5.0},{"damage":35.0,"enemies":"Hexaghost","floor":16.0,"turns":8.0},{"damage":5.0,"enemies":"Shell Parasite","floor":18.0,"turns":3.0},{"damage":14.0,"enemies":"2 Thieves","floor":22.0,"turns":4.0},{"damage":3.0,"enemies":"Sentry and Sphere","floor":24.0,"turns":5.0},{"damage":11.0,"enemies":"Snecko","floor":25.0,"turns":4.0},{"damage":10.0,"enemies":"Chosen and Byrds","floor":27.0,"turns":4.0},{"damage":0.0,"enemies":"Centurion and Healer","floor":29.0,"turns":5.0},{"damage":11.0,"enemies":"Snake Plant","floor":30.0,"turns":2.0},{"damage":1.0,"enemies":"Champ","floor":33.0,"turns":10.0},{"damage":0.0,"enemies":"Orb Walker","floor":35.0,"turns":4.0},{"damage":0,"enemies":"3 Darklings","floor":36,"turns":5},{"damage":26,"enemies":"Jaw Worm Horde","floor":37,"turns":5},{"damage":8,"enemies":"Writhing Mass","floor":39,"turns":5},{"damage":74,"enemies":"Nemesis","floor":40,"turns":7},{"damage":4,"enemies":"Transient","floor":41,"turns":7},{"damage":21,"enemies":"Jaw Worm Horde","floor":42,"turns":4},{"damage":13,"enemies":"4 Shapes","floor":45,"turns":9},{"damage":14,"enemies":"Spire Growth","floor":47,"turns":6},{"damage":11,"enemies":"Writhing Mass","floor":48,"turns":7},{"damage":142,"enemies":"Awakened One","floor":50,"turns":11}],"seed_played":"1277893877635277746","potions_obtained":[{"floor":2.0,"key":"PowerPotion"},{"floor":3.0,"key":"Swift Potion"},{"floor":4.0,"key":"Fire Potion"},{"floor":10.0,"key":"Weak Potion"},{"floor":24.0,"key":"Dexterity Potion"},{"floor":25.0,"key":"AttackPotion"},{"floor":30.0,"key":"Ancient Potion"},{"floor":35.0,"key":"PowerPotion"},{"floor":36,"key":"Regen Potion"},{"floor":40,"key":"Energy Potion"},{"floor":42,"key":"FairyPotion"},{"floor":47,"key":"Fruit Juice"},{"floor":48,"key":"AttackPotion"}],"is_trial":false,"path_per_floor":["M","M","M","M","M","R","?","R","T","E","M","$","M","M","R","B",null,"M","?","?","?","M","R","M","M","T","M","$","M","M","?","R","B",null,"M","M","M","?","M","E","M","M","T","R","M","R","M","M","R","B"],"character_chosen":"WATCHER","items_purchased":["LessonLearned","DollysMirror","Trip"],"campfire_rested":6,"item_purchase_floors":[12,28,28],"current_hp_per_floor":[76,76,74,66,63,63,63,63,63,50,44,44,34,34,55,20,73,68,52,52,52,40,62,59,48,48,40,40,42,31,31,54,60,81,81,83,76,95,94,25,26,12,17,51,48,82,85,84,106,0,0],"gold":530,"neow_bonus":"TEN_PERCENT_HP_BONUS","is_daily":false,"chose_seed":false,"campfire_upgraded":2,"win_rate":0.0,"timestamp":1612147642,"path_taken":["M","?","M","M","M","R","?","R","T","E","M","$","M","M","R","BOSS","M","?","?","?","M","R","M","?","T","M","$","M","M","?","R","BOSS","M","M","M","?","M","E","M","?","T","R","M","R","M","M","R","BOSS"],"items_purchased_type":["Card","Relic","Card"],"build_version":"2020-12-22","purchased_purges":0,"victory":false,"max_hp_per_floor":[79,79,79,79,79,79,73,73,73,73,73,73,73,73,73,73,73,73,73,73,73,75,75,75,75,75,77,77,79,79,79,79,81,81,81,83,85,95,97,97,97,99,99,99,99,99,106,106,106,106,106],"card_choices":[{"not_picked":["ThirdEye","ReachHeaven"],"picked":"EmptyFist","floor":1.0},{"not_picked":["Collect","WaveOfTheHand"],"picked":"WindmillStrike","floor":2.0},{"not_picked":["FlyingSleeves","Halt"],"picked":"FlurryOfBlows","floor":3.0},{"not_picked":["Meditate","PathToVictory"],"picked":"InnerPeace","floor":4.0},{"not_picked":["ThirdEye","LikeWater","EmptyFist"],"picked":"SKIP","floor":5.0},{"not_picked":["Worship","Meditate"],"picked":"MentalFortress","floor":10.0},{"not_picked":["PathToVictory","BattleHymn","SandsOfTime"],"picked":"SKIP","floor":11.0},{"not_picked":["CutThroughFate","TalkToTheHand","Halt"],"picked":"SKIP","floor":13.0},{"not_picked":["CutThroughFate","TalkToTheHand","Halt"],"picked":"SKIP","floor":13.0},{"not_picked":["ClearTheMind","CarveReality","Halt"],"picked":"SKIP","floor":14.0},{"not_picked":["Scrawl","DevaForm"],"picked":"LessonLearned","floor":16.0},{"not_picked":["ThirdEye","FollowUp+1"],"picked":"EmptyBody+1","floor":18.0},{"not_picked":["SignatureMove","EmptyBody","FlurryOfBlows"],"picked":"Singing Bowl","floor":22.0},{"not_picked":["TalkToTheHand","ThirdEye"],"picked":"Meditate","floor":24.0},{"not_picked":["ForeignInfluence","Halt"],"picked":"Adaptation","floor":25.0},{"not_picked":["BowlingBash","Consecrate","CutThroughFate"],"picked":"Singing Bowl","floor":27.0},{"not_picked":["Prostrate+1","FollowUp","CarveReality"],"picked":"Singing Bowl","floor":29.0},{"not_picked":["Consecrate","Meditate"],"picked":"CrushJoints+1","floor":30.0},{"not_picked":["Devotion","Blasphemy","DevaForm"],"picked":"Singing Bowl","floor":33.0},{"not_picked":["EmptyBody","PathToVictory"],"picked":"Protect+1","floor":35.0},{"not_picked":["Brilliance","Adaptation+1","Crescendo"],"picked":"Singing Bowl","floor":36},{"not_picked":["Fasting2+1","Crescendo","FearNoEvil"],"picked":"Singing Bowl","floor":37},{"not_picked":["SashWhip","JustLucky","FollowUp"],"picked":"Singing Bowl","floor":39},{"not_picked":["Scrawl","Evaluate"],"picked":"Alpha","floor":40},{"not_picked":["LikeWater","WaveOfTheHand+1"],"picked":"PathToVictory+1","floor":41},{"not_picked":["Crescendo","FlurryOfBlows","Nirvana+1"],"picked":"Singing Bowl","floor":42},{"not_picked":["EmptyFist","SashWhip"],"picked":"Evaluate","floor":45},{"not_picked":["MasterReality","Protect","SignatureMove"],"picked":"Singing Bowl","floor":47},{"not_picked":["CutThroughFate","Vengeance+1"],"picked":"WaveOfTheHand+1","floor":48}],"player_experience":253565,"relics_obtained":[{"floor":9.0,"key":"Vajra"},{"floor":10.0,"key":"Bronze Scales"},{"floor":19.0,"key":"Necronomicon"},{"floor":26.0,"key":"Centennial Puzzle"},{"floor":40,"key":"Orichalcum"},{"floor":43,"key":"MawBank"}],"event_choices":[{"damage_healed":0.0,"max_hp_gain":0.0,"max_hp_loss":6.0,"gold_gain":0.0,"event_name":"Golden Idol","player_choice":"Lose Max HP","floor":7.0,"gold_loss":0.0,"damage_taken":0.0,"relics_obtained":["Golden Idol"]},{"damage_healed":0.0,"max_hp_gain":0.0,"max_hp_loss":0.0,"gold_gain":0.0,"event_name":"Cursed Tome","player_choice":"Obtained Book","floor":19.0,"gold_loss":0.0,"damage_taken":16.0},{"damage_healed":0.0,"max_hp_gain":0.0,"max_hp_loss":0.0,"gold_gain":0.0,"event_name":"The Mausoleum","player_choice":"Opened","floor":20.0,"gold_loss":0.0,"damage_taken":0.0,"relics_obtained":["Singing Bowl"],"cards_obtained":["Writhe"]},{"damage_healed":0.0,"max_hp_gain":0.0,"max_hp_loss":0.0,"gold_gain":0.0,"event_name":"Back to Basics","player_choice":"Simplicity","floor":21.0,"gold_loss":0.0,"damage_taken":0.0,"cards_upgraded":["Strike_P","Strike_P","Defend_P"]},{"damage_healed":0.0,"max_hp_gain":0.0,"max_hp_loss":0.0,"gold_gain":0.0,"event_name":"Forgotten Altar","player_choice":"Gave Idol","floor":31.0,"relics_lost":["Golden Idol"],"gold_loss":0.0,"damage_taken":0.0,"relics_obtained":["Bloody Idol"]},{"cards_removed":["LessonLearned"],"damage_healed":9,"gold_gain":0,"player_choice":"Offered Rare","damage_taken":0,"max_hp_gain":10,"max_hp_loss":0,"event_name":"Bonfire Elementals","floor":38,"gold_loss":0}],"is_beta":false,"boss_relics":[{"not_picked":["Calling Bell","HolyWater"],"picked":"Astrolabe"},{"not_picked":["SacredBark","Black Star"],"picked":"Cursed Key"}],"items_purged_floors":[],"is_endless":false,"potions_floor_spawned":[2,3,4,5,10,24,25,30,35,36,40,42,47,48],"killed_by":"Awakened One","ascension_level":0}}