{"host":"g2yp6paluzgljz05","time":1612167520,"event":{"mods":["BaseMod","Bestiary","Colored Powertips","DeckTracker","Highlight Path","Minty Spire (QoL Compilation)","Quick Restart"],"gold_per_floor":[114,131,306,152,152,186,209,209,289,263,263,263,280,296,296,394,394,404,404,135,161,177,211,211,242,313,325,325,89,102,116,116,219,219,232,232,232,232],"floor_reached":37,"language":"ENG","playtime":3318,"items_purged":["Doubt","Strike_R","Strike_R"],"score":602,"play_id":"ca144731-68fb-4db4-87e9-454989efce41","local_time":"20210201191840","is_ascension_mode":true,"campfire_choices":[{"floor":11,"key":"REST"},{"data":"Immolate","floor":15,"key":"SMITH"},{"floor":24,"key":"REST"},{"floor":28,"key":"REST"},{"floor":32,"key":"REST"}],"circlet_count":0,"master_deck":["Defend_R","Defend_R","Defend_R","Bash","Sword Boomerang","Shockwave+1","Inflame","Immolate+1","Shrug It Off","Battle Trance","Double Tap","Mayhem","True Grit+1","Apotheosis+1","Reaper","Reckless Charge+1","Uppercut+1","Flex+1"],"relics":["Burning Blood","NeowsBlessing","Kunai","Odd Mushroom","Question Card","Pear","InkBottle","Busted Crown","Smiling Mask","Toxic Egg 2","Happy Flower","Eternal Feather","Astrolabe"],"acts_visited":["Exordium","TheCity","TheBeyond"],"potions_floor_usage":[23,25,27],"damage_taken":[{"damage":0,"enemies":"Cultist","floor":1,"turns":1},{"damage":0,"enemies":"2 Louse","floor":2,"turns":1},{"damage":0,"enemies":"Lagavulin","floor":6,"turns":1},{"damage":37,"enemies":"The Mushroom Lair","floor":7,"turns":4},{"damage":10,"enemies":"Small Slimes","floor":13,"turns":2},{"damage":8,"enemies":"3 Louse","floor":14,"turns":3},{"damage":18,"enemies":"Slime Boss","floor":16,"turns":6},{"damage":29,"enemies":"Shell Parasite","floor":18,"turns":3},{"damage":27,"enemies":"2 Thieves","floor":22,"turns":3},{"damage":18,"enemies":"Book of Stabbing","floor":23,"turns":4},{"damage":24,"enemies":"Slavers","floor":25,"turns":4},{"damage":24,"enemies":"Snake Plant","floor":27,"turns":5},{"damage":8,"enemies":"Chosen and Byrds","floor":30,"turns":4},{"damage":16,"enemies":"Shelled Parasite and Fungi","floor":31,"turns":3},{"damage":56,"enemies":"Automaton","floor":33,"turns":7},{"damage":20,"enemies":"3 Shapes","floor":35,"turns":3},{"damage":87,"enemies":"Donu and Deca","floor":37,"turns":5}],"seed_played":"-7172888449034261097","potions_obtained":[{"floor":2,"key":"SkillPotion"},{"floor":7,"key":"DistilledChaos"},{"floor":14,"key":"Block Potion"},{"floor":27,"key":"SpeedPotion"},{"floor":30,"key":"BlessingOfTheForge"}],"is_trial":false,"path_per_floor":["M","M","?","$","?","E","?","?","T","?","R","T","M","M","R","B",null,"M","?","$","T","M","E","R","E","T","M","R","$","M","M","R","B",null,"M","?","B"],"character_chosen":"IRONCLAD","items_purchased":["Inflame","Mayhem","Apotheosis+1"],"campfire_rested":4,"item_purchase_floors":[4,20,29],"current_hp_per_floor":[78,80,80,80,64,70,39,27,37,37,64,64,60,58,58,46,79,56,56,56,56,35,23,50,32,32,14,50,50,48,38,74,24,74,86,86,0,0],"gold":232,"neow_bonus":"THREE_ENEMY_KILL","is_daily":false,"chose_seed":false,"campfire_upgraded":1,"win_rate":0.0,"timestamp":1612167520,"path_taken":["M","M","?","$","?","E","?","?","T","?","R","?","M","M","R","BOSS","M","?","$","?","M","E","R","E","T","M","R","?","M","?","R","BOSS","M","?","BOSS"],"items_purchased_type":["Card","Card","Card"],"build_version":"2020-12-22","purchased_purges":3,"victory":false,"max_hp_per_floor":[80,80,80,80,80,80,80,80,90,90,90,90,90,90,90,90,90,90,90,90,90,90,90,90,90,90,90,90,90,90,90,90,90,90,90,90,90,90],"card_choices":[{"not_picked":["Clash","Wild Strike"],"picked":"Sword Boomerang","floor":1},{"not_picked":["True Grit","Second Wind"],"picked":"Shockwave","floor":2},{"not_picked":["Havoc","Clash","Wild Strike"],"picked":"SKIP","floor":6},{"not_picked":["Intimidate","Cleave"],"picked":"Immolate","floor":7},{"not_picked":["True Grit","Armaments","Pommel Strike"],"picked":"Shrug It Off","floor":13},{"not_picked":["Shrug It Off","Pommel Strike","Thunderclap"],"picked":"Battle Trance","floor":14},{"not_picked":["Bludgeon","Exhume","Corruption"],"picked":"Double Tap","floor":16},{"not_picked":["Heavy Blade","Headbutt"],"picked":"SKIP","floor":18},{"not_picked":["Pommel Strike","Anger"],"picked":"SKIP","floor":22},{"not_picked":["Entrench+1","Anger+1"],"picked":"SKIP","floor":23},{"not_picked":["Metallicize"],"picked":"True Grit+1","floor":25},{"not_picked":["Rupture","Iron Wave"],"picked":"SKIP","floor":27},{"not_picked":["Ghostly Armor+1","Sentinel+1"],"picked":"SKIP","floor":30},{"not_picked":["Combust","Power Through+1"],"picked":"SKIP","floor":31},{"not_picked":["Impervious+1"],"picked":"Reaper","floor":33},{"not_picked":["Metallicize+1","Iron Wave+1"],"picked":"SKIP","floor":35}],"player_experience":298199,"relics_obtained":[{"floor":6,"key":"Kunai"},{"floor":7,"key":"Odd Mushroom"},{"floor":9,"key":"Pear"},{"floor":12,"key":"InkBottle"},{"floor":21,"key":"Smiling Mask"},{"floor":23,"key":"Toxic Egg 2"},{"floor":25,"key":"Happy Flower"},{"floor":26,"key":"Eternal Feather"}],"event_choices":[{"damage_healed":0,"gold_gain":175,"player_choice":"AGREE","damage_taken":0,"max_hp_gain":0,"max_hp_loss":0,"event_name":"Liars Game","floor":3,"gold_loss":0,"cards_obtained":["Doubt"]},{"damage_healed":0,"gold_gain":0,"player_choice":"Entered Light","damage_taken":16,"max_hp_gain":0,"max_hp_loss":0,"event_name":"Shining Light","floor":5,"gold_loss":0,"cards_upgraded":["Strike_R","Shockwave"]},{"damage_healed":0,"gold_gain":0,"player_choice":"Fought Mushrooms","damage_taken":0,"max_hp_gain":0,"max_hp_loss":0,"event_name":"Mushrooms","floor":7,"gold_loss":0},{"damage_healed":0,"gold_gain":0,"player_choice":"Success","damage_taken":12,"relics_obtained":["Question Card"],"max_hp_gain":0,"max_hp_loss":0,"event_name":"Scrap Ooze","floor":8,"gold_loss":0},{"damage_healed":0,"gold_gain":0,"player_choice":"Left Gold","damage_taken":0,"max_hp_gain":0,"max_hp_loss":0,"event_name":"World of Goop","floor":10,"gold_loss":26},{"cards_removed":["Strike_R"],"damage_healed":0,"gold_gain":0,"player_choice":"Purged","damage_taken":0,"max_hp_gain":0,"max_hp_loss":0,"event_name":"Purifier","floor":19,"gold_loss":0},{"damage_healed":0,"gold_gain":0,"player_choice":"Took Portal","damage_taken":0,"max_hp_gain":0,"max_hp_loss":0,"event_name":"SecretPortal","floor":36,"gold_loss":0}],"is_beta":false,"boss_relics":[{"not_picked":["Tiny House","Black Star"],"picked":"Busted Crown"},{"not_picked":["Mark of Pain","Coffee Dripper"],"picked":"Astrolabe"}],"items_purged_floors":[4,20,29],"is_endless":false,"potions_floor_spawned":[2,7,14,18,22,27,30],"killed_by":"Donu and Deca","ascension_level":8}}