{"host":"6lk96jvvnndj23n5","time":1612205631,"event":{"mods":["BaseMod","Hermit","Minty Spire (QoL Compilation)","StSLib"],"gold_per_floor":[210,17,192,6,6,31,31,31,31],"floor_reached":8,"language":"ENG","playtime":305,"items_purged":[],"score":55,"play_id":"49d93f95-f8e0-4647-a977-1d0a8bffa51c","local_time":"20210201185351","is_ascension_mode":true,"campfire_choices":[{"data":"hermit:Grudge","floor":7,"key":"SMITH"}],"circlet_count":0,"master_deck":["hermit:Strike_Hermit","hermit:Strike_Hermit","hermit:Strike_Hermit","hermit:Strike_Hermit","hermit:Defend_Hermit","hermit:Defend_Hermit","hermit:Defend_Hermit","hermit:Defend_Hermit","hermit:Snapshot","hermit:Covet","hermit:GhostlyPresence","Doubt","hermit:Grudge+1","hermit:EternalForm"],"relics":["hermit:Momento","Vajra","Membership Card","Peace Pipe"],"acts_visited":["Exordium"],"potions_floor_usage":[8,8],"damage_taken":[{"damage":0,"enemies":"2 Louse","floor":1,"turns":2},{"damage":45,"enemies":"3 Sentries","floor":6,"turns":11},{"damage":45,"enemies":"Gremlin Nob","floor":8,"turns":5}],"seed_played":"-6283039583912541771","potions_obtained":[{"floor":1,"key":"Block Potion"},{"floor":6,"key":"BlessingOfTheForge"}],"is_trial":false,"path_per_floor":["M","$","?","$","?","E","R","E"],"character_chosen":"HERMIT","items_purchased":["Vajra","hermit:GhostlyPresence","Membership Card","hermit:Grudge"],"campfire_rested":0,"item_purchase_floors":[2,2,4,4],"current_hp_per_floor":[75,75,75,75,68,23,23,0,0],"gold":31,"neow_bonus":"HUNDRED_GOLD","is_daily":false,"chose_seed":false,"campfire_upgraded":1,"win_rate":0.0,"timestamp":1612205631,"path_taken":["M","$","?","$","?","E","R","E"],"items_purchased_type":["Relic","Card","Relic","Card"],"build_version":"2020-12-22","purchased_purges":0,"victory":false,"max_hp_per_floor":[75,75,75,75,75,75,75,75,75],"card_choices":[{"not_picked":["hermit:Feint","hermit:Glare"],"picked":"hermit:FullyLoaded","floor":1},{"not_picked":["hermit:Roulette","hermit:Snipe"],"picked":"hermit:EternalForm","floor":6}],"player_experience":164487,"relics_obtained":[{"floor":6,"key":"Peace Pipe"}],"event_choices":[{"damage_healed":0,"gold_gain":175,"player_choice":"AGREE","damage_taken":0,"max_hp_gain":0,"max_hp_loss":0,"event_name":"Liars Game","floor":3,"gold_loss":0,"cards_obtained":["Doubt"]},{"cards_removed":["hermit:FullyLoaded"],"damage_healed":0,"gold_gain":0,"player_choice":"Card Removal","damage_taken":7,"max_hp_gain":0,"max_hp_loss":0,"event_name":"Golden Wing","floor":5,"gold_loss":0}],"is_beta":false,"boss_relics":[],"items_purged_floors":[],"is_endless":false,"potions_floor_spawned":[1,6],"killed_by":"Gremlin Nob","ascension_level":1}}