{"host":"zx10cf1fsoa3eqiy","time":1612186975,"event":{"mods":["BaseMod","Colored Powertips","Downfall","Highlight Path","Minty Spire (QoL Compilation)","Quick Restart","Replay The Spire","Shop Mod","StSLib","Td1madao Mod","The Servant 0.9.4","Yuri Mod"],"gold_per_floor":[99,99,99,99,99,199,199,209,220,220,232,258,270,295,305,403,403,203,217,231,231,331,331,331,348,21,21,21,296,311,343,355,450,450,450,461,511,511,511,540,540,565,578,478,491,506,506,300,313,313,313,344,31,31,31,31,31,31],"floor_reached":56,"language":"ZHS","playtime":2789,"items_purged":["Regret"],"score":922,"play_id":"07a49233-74d5-4590-8460-3e5b1a50f1eb","local_time":"20210201214255","is_ascension_mode":true,"campfire_choices":[{"floor":1.0,"key":"DIG"},{"floor":10.0,"key":"RECALL"},{"floor":18.0,"key":"DIG"},{"data":"bronze:InfiniteLoop","floor":27.0,"key":"SMITH"},{"data":"bronze:GetLatest","floor":35.0,"key":"SMITH"},{"floor":44,"key":"REST"},{"floor":47,"key":"REST"},{"floor":54,"key":"REST"}],"circlet_count":0,"master_deck":["bronze:Strike+1","bronze:Strike","bronze:Strike","bronze:Strike+1","bronze:Defend","bronze:Defend","bronze:Defend","bronze:Defend","bronze:Replicate","bronze:FollowUp","bronze:GetLatest+1","bronze:ChosenStrike","bronze:Spike","bronze:Branch","bronze:OilSpill","bronze:Constructor","bronze:ForceShield","bronze:Separator","bronze:InfiniteLoop+1","AbeCurse","bronze:GetLatest+1","bronze:FollowUp","Writhe","bronze:Terminator+1","bronze:CloningBeam+1","expansioncontent:QuickStudy+1","bronze:Repulsor+1","bronze:InfiniteBeams+1","bronze:HardenedForm+1","bronze:ForceShield+1","bronze:Overheat+1","bronze:InfiniteLoop+1","Voices","bronze:Mutator+1","bronze:FineTuning","bronze:Repulsor+1","bronze:Optimize+1","bronze:FineTuning+1","bronze:BronzeOrb+1"],"relics":["bronze:BronzeCore","downfall:HeartsMalice","MealTicket","Pantograph","ReplayTheSpireMod:TigerMarble","Replay:Wax Seal","Abe\u0027s Treasure","downfall:HeartBlessingRed","downfall:HeartBlessingGreen","Onion Ring","Shuriken","Replay:Kaleidoscope","Frozen Egg 2","Golden Egg","Whetstone","Centennial Puzzle","Cursed Key","Du-Vu Doll","Question Card","Omamori","downfall:HeartBlessingBlue","Blue Doll","Lantern","Nunchaku","Ginger"],"acts_visited":["Exordium","TheCity","TheBeyond","TheEnding"],"potions_floor_usage":[40,45,45,48,49,50,50,55],"damage_taken":[{"damage":0.0,"enemies":"2 Louse","floor":3.0,"turns":1.0},{"damage":0.0,"enemies":"Cultist","floor":4.0,"turns":1.0},{"damage":0.0,"enemies":"Cultist","floor":5.0,"turns":1.0},{"damage":0.0,"enemies":"Small Slimes","floor":8.0,"turns":2.0},{"damage":10.0,"enemies":"3 Louse","floor":9.0,"turns":3.0},{"damage":3.0,"enemies":"Red Slaver","floor":11.0,"turns":2.0},{"damage":0.0,"enemies":"Gremlin Nob","floor":12.0,"turns":3.0},{"damage":0.0,"enemies":"2 Fungi Beasts","floor":13.0,"turns":2.0},{"damage":8.0,"enemies":"Lagavulin","floor":14.0,"turns":5.0},{"damage":8.0,"enemies":"Gremlin Gang","floor":15.0,"turns":3.0},{"damage":18.0,"enemies":"SI_SHIV_ARCHETYPE","floor":16.0,"turns":8.0},{"damage":0.0,"enemies":"Shell Parasite","floor":19.0,"turns":1.0},{"damage":0.0,"enemies":"Spheric Guardian","floor":20.0,"turns":3.0},{"damage":3.0,"enemies":"Colosseum Nobs","floor":22.0,"turns":4.0},{"damage":0.0,"enemies":"Snake Plant","floor":25.0,"turns":3.0},{"damage":0.0,"enemies":"downfall:FleeingMerchant","floor":26.0,"turns":4.0},{"damage":3.0,"enemies":"Snecko","floor":30.0,"turns":3.0},{"damage":12.0,"enemies":"Slavers","floor":31.0,"turns":4.0},{"damage":0.0,"enemies":"Cultist and Chosen","floor":32.0,"turns":3.0},{"damage":10.0,"enemies":"IC_MUSHROOM_ARCHETYPE","floor":33.0,"turns":4.0},{"damage":0.0,"enemies":"3 Darklings","floor":36.0,"turns":2.0},{"damage":0.0,"enemies":"3 Darklings","floor":37.0,"turns":5.0},{"damage":40,"enemies":"Nemesis","floor":40,"turns":3},{"damage":3,"enemies":"R_Hoarder","floor":42,"turns":7},{"damage":4,"enemies":"Orb Walker","floor":43,"turns":2},{"damage":14,"enemies":"Jaw Worm Horde","floor":45,"turns":4},{"damage":4,"enemies":"Sphere and 2 Shapes","floor":46,"turns":3},{"damage":0,"enemies":"downfall:FleeingMerchant","floor":48,"turns":3},{"damage":0,"enemies":"Transient","floor":49,"turns":5},{"damage":62,"enemies":"DF_ARCHETYPE_ORBS","floor":50,"turns":4},{"damage":40,"enemies":"downfall:CharBossMerchant","floor":52,"turns":5},{"damage":41,"enemies":"downfall:NeowBoss","floor":55,"turns":10},{"damage":77,"enemies":"downfall:NeowBossFinal","floor":56,"turns":3}],"seed_played":"9036351673054554836","potions_obtained":[{"floor":8.0,"key":"Block Potion"},{"floor":9.0,"key":"Fire Potion"},{"floor":12.0,"key":"Elixir"},{"floor":13.0,"key":"Fire Potion"},{"floor":20.0,"key":"Weak Potion"},{"floor":31.0,"key":"bronze:FreeFunctionsPotion"},{"floor":32.0,"key":"Block Potion"},{"floor":33.0,"key":"Fire Potion"},{"floor":37.0,"key":"Energy Potion"},{"floor":40,"key":"Energy Potion"},{"floor":45,"key":"AttackPotion"},{"floor":46,"key":"Adrenaline Potion"},{"floor":52,"key":"Dexterity Potion"}],"is_trial":false,"path_per_floor":["R","?","M","M","?","?","T","M","M","R","M","E","M","E","M","B",null,"R","M","M","?","?","?","T","M","$","R","?","?","M","E","M","B",null,"R","M","?","?","?","E","T","E","M","R","M","M","R","$","M","B",null,"E","$","R","B","B"],"character_chosen":"THE_AUTOMATON","items_purchased":["expansioncontent:QuickStudy","Whetstone","Blue Doll","bronze:Optimize+1","Lantern","DuplicationPotion","Ginger"],"campfire_rested":3,"item_purchase_floors":[26,26,48,48,48,48,53],"current_hp_per_floor":[70,70,70,70,70,70,70,70,60,60,57,57,57,49,41,48,70,70,70,70,70,67,67,67,67,70,70,57,57,54,42,42,57,75,75,75,75,75,75,35,35,32,28,60,46,42,67,82,82,23,85,45,60,85,44,0,0,0],"gold":31,"neow_bonus":"THREE_ENEMY_KILL","is_daily":false,"chose_seed":false,"campfire_upgraded":2,"win_rate":0.0,"timestamp":1612186975,"path_taken":["R","?","M","?","?","?","T","M","M","R","M","E","M","E","M","BOSS","R","M","M","?","?","?","T","?","$","R","?","?","?","E","M","BOSS","R","M","?","?","?","E","T","E","M","R","?","M","R","$","M","BOSS","E","$","R","BOSS","BOSS"],"items_purchased_type":["Card","Relic","Relic","Card","Relic","Potion","Relic"],"build_version":"2020-12-22","purchased_purges":1,"victory":false,"max_hp_per_floor":[70,70,70,70,70,70,70,70,70,70,70,70,70,70,70,70,70,70,70,70,70,70,70,70,70,70,70,75,75,75,75,75,75,75,75,75,75,75,75,75,75,75,75,85,85,85,85,85,85,85,85,85,85,85,85,85,85,85],"card_choices":[{"not_picked":["bronze:CutThrough","bronze:Invalidate"],"picked":"bronze:GetLatest","floor":3.0},{"not_picked":["bronze:WildBeam","bronze:OilSpill"],"picked":"bronze:ChosenStrike","floor":4.0},{"not_picked":[],"picked":"bronze:Spike","floor":5.0},{"not_picked":["bronze:Shell","bronze:Invalidate"],"picked":"bronze:Branch","floor":5.0},{"not_picked":["bronze:Safeguard","bronze:ItsAFeature","bronze:DigitalCarnage"],"picked":"SKIP","floor":8.0},{"not_picked":["bronze:BitShift","bronze:BugBarrage"],"picked":"bronze:OilSpill","floor":9.0},{"not_picked":["bronze:BitShift","bronze:Deprecate"],"picked":"bronze:Constructor","floor":11.0},{"not_picked":["bronze:HyperBeam","bronze:FollowUp"],"picked":"bronze:ForceShield","floor":12.0},{"not_picked":["bronze:NullPointer","bronze:OilSpill","bronze:BugBarrage"],"picked":"SKIP","floor":13.0},{"not_picked":["bronze:FindAndReplace","bronze:Constructor","bronze:Allocate"],"picked":"SKIP","floor":14.0},{"not_picked":["bronze:CutThrough","bronze:NullPointer"],"picked":"bronze:Separator","floor":15.0},{"not_picked":["bronze:BurnOut","bronze:AlphaBuild"],"picked":"bronze:InfiniteLoop","floor":16.0},{"not_picked":["bronze:Invalidate","bronze:Overload"],"picked":"bronze:GetLatest+1","floor":19.0},{"not_picked":["bronze:WildBeam","bronze:Turbo"],"picked":"bronze:FollowUp","floor":20.0},{"not_picked":["bronze:ForLoop","bronze:CloningBeam"],"picked":"bronze:Terminator+1","floor":22.0},{"not_picked":["bronze:WhirlingStrike","bronze:Constructor"],"picked":"bronze:CloningBeam+1","floor":25.0},{"not_picked":["bronze:CutThrough+1","bronze:Overload+1","bronze:BugBarrage"],"picked":"SKIP","floor":26.0},{"not_picked":["bronze:DarkDash+1","bronze:MaxOutput+1"],"picked":"bronze:Repulsor+1","floor":30.0},{"not_picked":["bronze:Constructor","bronze:DarkDash"],"picked":"bronze:InfiniteBeams+1","floor":31.0},{"not_picked":["bronze:Separator","bronze:Virus","bronze:Invalidate"],"picked":"SKIP","floor":32.0},{"not_picked":["bronze:FindAndReplace","bronze:ThunderWave"],"picked":"bronze:HardenedForm+1","floor":33.0},{"not_picked":["bronze:BugBarrage","bronze:WildBeam"],"picked":"bronze:ForceShield+1","floor":36.0},{"not_picked":["bronze:Frontload+1","bronze:Backtrace+1"],"picked":"bronze:Overheat+1","floor":37.0},{"not_picked":["bronze:OilSpill+1","bronze:DelayedSlice","bronze:Backtrace+1"],"picked":"SKIP","floor":40},{"not_picked":["bronze:ChildClass+1","bronze:Repair","bronze:Repulsor+1"],"picked":"bronze:Mutator+1","floor":42},{"not_picked":["bronze:WildBeam","bronze:Frontload+1","bronze:CutThrough+1","bronze:Refactor"],"picked":"SKIP","floor":43},{"not_picked":["bronze:Overload","bronze:ForceShield","bronze:Separator"],"picked":"bronze:FineTuning","floor":45},{"not_picked":["bronze:Invalidate+1","bronze:CutThrough+1","bronze:ForLoop+1"],"picked":"bronze:Repulsor+1","floor":46},{"not_picked":["bronze:Frontload+1","bronze:CutThrough","bronze:AlphaBuild","bronze:Constructor+1"],"picked":"SKIP","floor":48},{"not_picked":["bronze:GetLatest+1","bronze:Refactor+1","bronze:BronzeArmor"],"picked":"bronze:FineTuning+1","floor":49},{"not_picked":["bronze:HyperBeam","bronze:ChildClass+1","bronze:Overheat+1"],"picked":"bronze:BronzeOrb+1","floor":52}],"player_experience":321545,"relics_obtained":[{"floor":1.0,"key":"MealTicket"},{"floor":7.0,"key":"Pantograph"},{"floor":12.0,"key":"ReplayTheSpireMod:TigerMarble"},{"floor":14.0,"key":"Replay:Wax Seal"},{"floor":18.0,"key":"Onion Ring"},{"floor":22.0,"key":"Replay:Kaleidoscope"},{"floor":22.0,"key":"Frozen Egg 2"},{"floor":24.0,"key":"Golden Egg"},{"floor":31.0,"key":"Centennial Puzzle"},{"floor":37.0,"key":"Du-Vu Doll"},{"floor":40,"key":"Question Card"},{"floor":42,"key":"Omamori"},{"floor":52,"key":"Nunchaku"}],"event_choices":[],"is_beta":false,"boss_relics":[{"not_picked":["Painkiller Herb","Empty Cage"],"picked":"Abe\u0027s Treasure"},{"not_picked":["Tiny House","Coffee Dripper"],"picked":"Cursed Key"}],"items_purged_floors":[48],"is_endless":false,"potions_floor_spawned":[8,9,12,13,20,31,32,33,37,40,45,46,52],"killed_by":"downfall:NeowBossFinal","ascension_level":1}}