{"host":"exyz3r55z4kt6m9o","time":1612178736,"event":{"mods":["100% Spire Juice","2.2 Compatiblity","AchievementEnabler","Aspiration","BaseMod","Better Altar","Better Match","Better Note","Better Sensory Stone","Better Skull","Better Third Choice","BetterRewards","Colored Powertips","Energized Spire","Friendly Minions","GifTheSpireLib","Infinite Spire","Ironclad Rager","Jorbs\u0027s Wanderer Trilogy","Luminous","Marisa????????","Minty Spire (QoL Compilation)","Permanent Neow","Rare Cards Sparkle","Reimu??????","Relic Filter","Reliquary","Replay The Spire","Spicy Shops","StSLib","The Bladedancer","The Blue Laboratory","The Gatherer","The Hayseed","The Mystic","The Runesmith","TheSurvivalist","Treasure Hunter","Wandering Minibosses","yUi"],"gold_per_floor":[367,384,70,88,88,88,88],"floor_reached":6,"language":"ENG","playtime":256,"items_purged":["Replay:Sluggish"],"score":58,"play_id":"86bd9697-c858-491d-8e94-ff84dbeadf0c","local_time":"20210201062536","is_ascension_mode":true,"campfire_choices":[],"circlet_count":0,"master_deck":["AscendersBane","Strike_R","Strike_R","Strike_R","Strike_R","Defend_R","Defend_R","Defend_R","Defend_R","Bash","ReplayTheSpireMod:LeadingStrike","Shockwave"],"relics":["Burning Blood","Membership Card","reliquary:Knoch","infinitespire:Golems Mask"],"acts_visited":["Exordium"],"potions_floor_usage":[],"damage_taken":[{"damage":11,"enemies":"Small Slimes","floor":1,"turns":4},{"damage":15,"enemies":"Jaw Worm","floor":2,"turns":7},{"damage":7,"enemies":"Cultist","floor":4,"turns":4},{"damage":57,"enemies":"3 Sentries","floor":6,"turns":8}],"seed_played":"-8272404130417871486","potions_obtained":[{"floor":2,"key":"blueLaboratory:PhilterOfMotion"}],"is_trial":false,"path_per_floor":["M","M","$","M","?","E"],"character_chosen":"IRONCLAD","items_purchased":["Membership Card","reliquary:Knoch","infinitespire:Golems Mask"],"campfire_rested":0,"item_purchase_floors":[3,3,3],"current_hp_per_floor":[67,58,58,57,57,0,0],"gold":88,"neow_bonus":"TWO_FIFTY_GOLD","is_daily":false,"chose_seed":false,"campfire_upgraded":0,"win_rate":0.0,"timestamp":1612178736,"path_taken":["M","M","$","M","?","E"],"items_purchased_type":["Relic","Relic","Relic"],"build_version":"2020-12-22","purchased_purges":1,"victory":false,"max_hp_per_floor":[80,80,80,80,80,80,80],"card_choices":[{"not_picked":["Headbutt","Pommel Strike"],"picked":"ReplayTheSpireMod:LeadingStrike","floor":1},{"not_picked":["Warcry","Sentinel","Thunderclap"],"picked":"SKIP","floor":2},{"not_picked":["Run Through","Bloodletting"],"picked":"Shockwave","floor":4}],"player_experience":703205,"relics_obtained":[],"event_choices":[],"is_beta":false,"boss_relics":[],"items_purged_floors":[3],"is_endless":false,"potions_floor_spawned":[2],"killed_by":"3 Sentries","ascension_level":12}}