{"host":"klqcd4cqxrk2p1u3","time":1612148028,"event":{"mods":["BaseMod","Downfall","Minty Spire (QoL Compilation)","StSLib"],"gold_per_floor":[99,118,128,128,140,40,40,59,82,42,42,61,61,87,102,197,197,97,116,116,130,31,31,55,55,55,74,94,94,112,13,23,23,23,23],"floor_reached":33,"language":"ENG","playtime":5223,"items_purged":[],"score":274,"play_id":"a3326af0-8d08-4626-96d6-0f582743a38a","local_time":"20210131215348","is_ascension_mode":false,"campfire_choices":[{"floor":1,"key":"RECALL"},{"data":"bronze:GetLatest","floor":6,"key":"SMITH"},{"floor":11,"key":"REST"},{"data":"bronze:InfiniteBeams","floor":13,"key":"SMITH"},{"data":"bronze:ClassDefault","floor":18,"key":"SMITH"},{"data":"bronze:Assembly","floor":25,"key":"SMITH"},{"data":"bronze:BuggyMess","floor":26,"key":"SMITH"},{"data":"bronze:InfiniteBeams","floor":29,"key":"SMITH"}],"circlet_count":0,"master_deck":["bronze:Strike","bronze:Strike","bronze:Strike","bronze:Defend","bronze:Defend","bronze:Defend","bronze:Defend","bronze:Replicate+1","bronze:Goto+1","bronze:BuggyMess+1","bronze:InfiniteBeams+1","bronze:GetLatest+1","bronze:InfiniteBeams+1","bronze:ClassDefault+1","bronze:ChildClass","bronze:OilSpill","bronze:Repair","bronze:Format","bronze:Backtrace","bronze:Assembly+1","bronze:Branch+1","bronze:Shield","bronze:BuggyMess+1","bronze:Optimize","bronze:Shield","bronze:Optimize","bronze:WhirlingStrike","bronze:ClassDefault+1","bronze:Optimize","bronze:CloningBeam","bronze:BuggyMess","bronze:BronzeOrb"],"relics":["bronze:BronzeCore","downfall:HeartBlessingRed","Odd Mushroom","WingedGreaves","Runic Pyramid","downfall:HeartBlessingBlue","Bag of Marbles"],"acts_visited":["Exordium","TheCity"],"potions_floor_usage":[5,10,14,14,28,31,33],"damage_taken":[{"damage":0,"enemies":"Jaw Worm","floor":2,"turns":5},{"damage":0,"enemies":"Cultist","floor":3,"turns":4},{"damage":2,"enemies":"2 Louse","floor":5,"turns":2},{"damage":9,"enemies":"Exordium Thugs","floor":8,"turns":5},{"damage":17,"enemies":"The Mushroom Lair","floor":9,"turns":3},{"damage":0,"enemies":"downfall:FleeingMerchant","floor":10,"turns":4},{"damage":9,"enemies":"3 Louse","floor":12,"turns":3},{"damage":38,"enemies":"Lagavulin","floor":14,"turns":5},{"damage":3,"enemies":"Red Slaver","floor":15,"turns":4},{"damage":35,"enemies":"WA_ARCHETYPE_RETAIN","floor":16,"turns":5},{"damage":8,"enemies":"3 Byrds","floor":19,"turns":4},{"damage":1,"enemies":"Chosen","floor":21,"turns":6},{"damage":0,"enemies":"downfall:FleeingMerchant","floor":22,"turns":4},{"damage":4,"enemies":"Shelled Parasite and Fungi","floor":27,"turns":3},{"damage":15,"enemies":"Centurion and Healer","floor":28,"turns":5},{"damage":0,"enemies":"Sentry and Sphere","floor":30,"turns":4},{"damage":5,"enemies":"downfall:FleeingMerchant","floor":31,"turns":4},{"damage":5,"enemies":"Chosen and Byrds","floor":32,"turns":5},{"damage":98,"enemies":"DF_ARCHETYPE_CLAW","floor":33,"turns":8}],"seed_played":"828487351613050723","potions_obtained":[{"floor":3,"key":"LiquidBronze"},{"floor":5,"key":"SkillPotion"},{"floor":9,"key":"Regen Potion"},{"floor":12,"key":"Guardian:BlockOnCardUsePotion"},{"floor":16,"key":"Energy Potion"},{"floor":23,"key":"CultistPotion"},{"floor":27,"key":"FearPotion"},{"floor":28,"key":"bronze:FreeFunctionsPotion"},{"floor":32,"key":"sneckomod:MuddlingPotion"}],"is_trial":false,"path_per_floor":["R","M","M","?","M","R","T","M","?","$","R","M","R","E","M","B",null,"R","M","?","M","$","?","T","R","R","M","M","R","M","$","M","B"],"character_chosen":"THE_AUTOMATON","items_purchased":["bronze:OilSpill","bronze:Optimize","bronze:Shield","bronze:CloningBeam","bronze:BuggyMess"],"campfire_rested":1,"item_purchase_floors":[10,22,22,31,31],"current_hp_per_floor":[77,77,77,77,75,75,75,66,49,49,72,63,63,43,47,19,77,87,83,83,86,86,86,86,86,86,87,79,79,86,87,82,0,0,0],"gold":23,"neow_bonus":"TEN_PERCENT_HP_BONUS","is_daily":false,"chose_seed":false,"campfire_upgraded":6,"win_rate":0.0,"timestamp":1612148028,"path_taken":["R","M","M","?","?","R","T","M","?","?","R","?","R","E","M","BOSS","R","M","?","?","$","?","T","R","R","M","M","R","M","$","M","BOSS"],"items_purchased_type":["Card","Card","Card","Card","Card"],"build_version":"2020-12-22","purchased_purges":0,"victory":false,"max_hp_per_floor":[77,77,77,77,77,77,77,77,77,77,77,77,77,77,77,77,77,87,87,87,87,87,87,87,87,87,87,87,87,87,87,87,87,87,87],"card_choices":[{"not_picked":["bronze:Deprecate","bronze:BitShift"],"picked":"bronze:BuggyMess","floor":2},{"not_picked":["bronze:Branch","bronze:DelayedGuard"],"picked":"bronze:InfiniteBeams","floor":3},{"not_picked":["bronze:BitShift","bronze:Turbo"],"picked":"bronze:GetLatest","floor":5},{"not_picked":["bronze:Repulsor","bronze:Invalidate"],"picked":"bronze:InfiniteBeams","floor":8},{"not_picked":["bronze:Repulsor","bronze:GetLatest"],"picked":"bronze:ClassDefault","floor":9},{"not_picked":["bronze:Invalidate","bronze:BugBarrage"],"picked":"bronze:ChildClass","floor":10},{"not_picked":["bronze:Deprecate","bronze:Turbo"],"picked":"bronze:Repair","floor":12},{"not_picked":["bronze:NullPointer","bronze:Iterate"],"picked":"bronze:Format","floor":14},{"not_picked":["bronze:DelayedSlice","bronze:Iterate"],"picked":"bronze:Backtrace","floor":15},{"not_picked":["bronze:BurnOut","bronze:FindAndReplace"],"picked":"bronze:Assembly","floor":16},{"not_picked":["bronze:DelayedSlice","bronze:WildBeam"],"picked":"bronze:Branch+1","floor":19},{"not_picked":["bronze:Overheat","bronze:Iterate"],"picked":"bronze:Shield","floor":21},{"not_picked":["bronze:Deprecate+1","bronze:ForLoop"],"picked":"bronze:BuggyMess","floor":22},{"not_picked":["bronze:Overheat","bronze:Constructor"],"picked":"bronze:Optimize","floor":27},{"not_picked":["bronze:DelayedGuard","bronze:Turbo"],"picked":"bronze:WhirlingStrike","floor":28},{"not_picked":["bronze:FineTuning","bronze:Shield+1"],"picked":"bronze:ClassDefault+1","floor":30},{"not_picked":["bronze:CutThrough","bronze:ClassDefault"],"picked":"bronze:Optimize","floor":31},{"not_picked":["bronze:HyperBeam","bronze:CloningBeam"],"picked":"bronze:BronzeOrb","floor":32}],"player_experience":1371777,"relics_obtained":[{"floor":9,"key":"Odd Mushroom"},{"floor":14,"key":"WingedGreaves"},{"floor":24,"key":"Bag of Marbles"}],"event_choices":[{"damage_healed":0,"gold_gain":0,"player_choice":"Fought Mushrooms","damage_taken":0,"max_hp_gain":0,"max_hp_loss":0,"event_name":"Mushrooms","floor":9,"gold_loss":0}],"is_beta":false,"boss_relics":[{"not_picked":["Snecko Eye","Cursed Key"],"picked":"Runic Pyramid"}],"items_purged_floors":[],"is_endless":false,"potions_floor_spawned":[3,5,9,12,16,27,28,32],"killed_by":"DF_ARCHETYPE_CLAW","ascension_level":0}}