{"host":"6gwm7y0tp7acoxay","time":1612179120,"event":{"mods":["BaseMod","Colored Map","Keyboard Shortcuts","Minty Spire (QoL Compilation)","Quick Restart","StSLib","SuperFastMode","everything is the same but u backflip on backflip"],"gold_per_floor":[109,109,109,129,149,178,178,212,212,243,259,288,288,11,11,85,85,103,103,116,150,150,181,214,248,316,344,374,201,201,235,235,309,309,325,325,350,330,255,280,311,339,365,396,396,138,153,184,184,184,184,184,184,59,93,93],"floor_reached":57,"language":"KOR","playtime":2197,"items_purged":["Flex","True Grit","Feed"],"score":3722,"play_id":"edc29665-945f-43d8-8f27-4eca339a6995","local_time":"20210201203200","daily_mods":["SealedDeck","Heirloom","Flight"],"is_ascension_mode":true,"campfire_choices":[{"data":"Whirlwind","floor":7.0,"key":"SMITH"},{"data":"Evolve","floor":13.0,"key":"SMITH"},{"data":"Fire Breathing","floor":15.0,"key":"SMITH"},{"floor":30.0,"key":"REST"},{"data":"Berserk","floor":32.0,"key":"SMITH"},{"floor":45.0,"key":"RECALL"},{"data":"Demon Form","floor":49,"key":"SMITH"},{"data":"Rage","floor":53,"key":"SMITH"}],"circlet_count":0,"master_deck":["AscendersBane","Rage+1","Thunderclap+1","Evolve+1","Dropkick+1","Whirlwind+1","Second Wind","Power Through","Exhume+1","Offering+1","Demon Form+1","CurseOfTheBell","Dropkick","Double Tap+1","Armaments+1","Shockwave+1","Bloodletting+1","Rupture+1","Berserk+1","Feel No Pain"],"relics":["Burning Blood","Bird Faced Urn","Orichalcum","Turnip","Darkstone Periapt","Mercury Hourglass","Toxic Egg 2","StoneCalendar","Sundial","Calling Bell","Nunchaku","Question Card","Unceasing Top","Red Mask","InkBottle","White Beast Statue","Strawberry","Meat on the Bone","Calipers","Juzu Bracelet","Orrery","CaptainsWheel","Runic Cube","TungstenRod","Whetstone","Thread and Needle","Happy Flower","Prayer Wheel","HandDrill","Boot","Anchor"],"acts_visited":["Exordium","TheCity","TheBeyond","TheEnding"],"potions_floor_usage":[56],"damage_taken":[{"damage":1.0,"enemies":"2 Louse","floor":1.0,"turns":2.0},{"damage":1.0,"enemies":"Cultist","floor":4.0,"turns":5.0},{"damage":4.0,"enemies":"Jaw Worm","floor":5.0,"turns":6.0},{"damage":49.0,"enemies":"Lagavulin","floor":6.0,"turns":10.0},{"damage":8.0,"enemies":"3 Sentries","floor":8.0,"turns":4.0},{"damage":0.0,"enemies":"Gremlin Nob","floor":10.0,"turns":3.0},{"damage":0.0,"enemies":"3 Louse","floor":11.0,"turns":2.0},{"damage":14.0,"enemies":"Lagavulin","floor":12.0,"turns":8.0},{"damage":6.0,"enemies":"Slime Boss","floor":16.0,"turns":4.0},{"damage":6.0,"enemies":"Spheric Guardian","floor":18.0,"turns":5.0},{"damage":12.0,"enemies":"Chosen","floor":20.0,"turns":4.0},{"damage":12.0,"enemies":"Masked Bandits","floor":21.0,"turns":2.0},{"damage":18.0,"enemies":"Gremlin Leader","floor":23.0,"turns":4.0},{"damage":21.0,"enemies":"Book of Stabbing","floor":24.0,"turns":4.0},{"damage":6.0,"enemies":"Gremlin Leader","floor":25.0,"turns":4.0},{"damage":30.0,"enemies":"Slavers","floor":27.0,"turns":3.0},{"damage":12.0,"enemies":"Gremlin Leader","floor":28.0,"turns":5.0},{"damage":21.0,"enemies":"Book of Stabbing","floor":31.0,"turns":5.0},{"damage":15.0,"enemies":"Collector","floor":33.0,"turns":2.0},{"damage":17.0,"enemies":"3 Shapes","floor":35.0,"turns":3.0},{"damage":9.0,"enemies":"Mind Bloom Boss Battle","floor":37.0,"turns":4.0},{"damage":14.0,"enemies":"Reptomancer","floor":40.0,"turns":4.0},{"damage":11.0,"enemies":"Giant Head","floor":41.0,"turns":3.0},{"damage":12.0,"enemies":"Reptomancer","floor":42.0,"turns":2.0},{"damage":12.0,"enemies":"Giant Head","floor":44.0,"turns":7.0},{"damage":12.0,"enemies":"Orb Walker","floor":47.0,"turns":3.0},{"damage":9,"enemies":"Reptomancer","floor":48,"turns":2},{"damage":17,"enemies":"Time Eater","floor":50,"turns":6},{"damage":58,"enemies":"Donu and Deca","floor":51,"turns":3},{"damage":12,"enemies":"Shield and Spear","floor":55,"turns":2},{"damage":12,"enemies":"The Heart","floor":56,"turns":6}],"seed_played":"3240127363776652771","potions_obtained":[{"floor":6.0,"key":"Explosive Potion"},{"floor":8.0,"key":"DistilledChaos"},{"floor":10.0,"key":"CultistPotion"},{"floor":16.0,"key":"SteroidPotion"},{"floor":24.0,"key":"PowerPotion"},{"floor":27.0,"key":"BloodPotion"},{"floor":33.0,"key":"DistilledChaos"},{"floor":40.0,"key":"Ancient Potion"}],"is_trial":true,"path_per_floor":["M","?","?","M","M","E","R","E","T","E","M","E","R","$","R","B",null,"M","?","M","?","?","E","E","E","T","E","E","$","R","E","R","B",null,"M","?","?","?","$","E","E","E","T","E","R","$","M","E","R","B","B",null,"R","$","E","B",null],"character_chosen":"IRONCLAD","items_purchased":["Sundial","Orrery","HandDrill"],"campfire_rested":1,"item_purchase_floors":[14,29,46],"current_hp_per_floor":[75,75,75,75,75,32,32,32,32,40,48,44,44,44,44,48,74,80,80,77,75,75,69,60,73,73,55,56,56,83,74,74,91,91,92,92,103,103,103,105,107,107,107,107,107,107,105,108,108,105,73,102,102,102,102,104],"gold":93,"neow_bonus":"","is_daily":false,"chose_seed":false,"campfire_upgraded":6,"win_rate":0.0,"timestamp":1612179120,"path_taken":["M","?","?","M","?","E","R","E","T","E","?","E","R","$","R","BOSS","M","?","M","?","?","E","E","E","T","E","E","$","R","E","R","BOSS","M","?","?","?","$","E","E","E","T","E","R","$","M","E","R","BOSS","BOSS","R","$","E","BOSS"],"items_purchased_type":["Relic","Relic","Relic"],"build_version":"2020-12-22","purchased_purges":3,"victory":true,"max_hp_per_floor":[75,75,75,75,75,75,75,75,75,75,75,75,75,75,75,75,81,81,81,81,81,81,81,81,88,88,88,91,91,91,91,91,91,91,97,97,103,103,103,107,107,107,107,111,111,111,111,111,111,111,111,111,111,111,111,111],"card_choices":[{"not_picked":["Anger","Heavy Blade","Cleave"],"picked":"SKIP","floor":1.0},{"not_picked":["Clothesline","Havoc","True Grit"],"picked":"SKIP","floor":4.0},{"not_picked":["Second Wind","Battle Trance","Cleave"],"picked":"SKIP","floor":5.0},{"not_picked":["Flex","Cleave","Dark Embrace"],"picked":"SKIP","floor":6.0},{"not_picked":["Cleave","Dark Embrace"],"picked":"Flex","floor":6.0},{"not_picked":["Ghostly Armor","Bludgeon","Pommel Strike"],"picked":"SKIP","floor":8.0},{"not_picked":["Shrug It Off+1","Wild Strike"],"picked":"Exhume+1","floor":10.0},{"not_picked":["Evolve","Anger"],"picked":"Fire Breathing","floor":11.0},{"not_picked":["Sentinel+1","Bloodletting+1"],"picked":"Offering+1","floor":12.0},{"not_picked":["Fiend Fire","Bludgeon"],"picked":"Demon Form","floor":16.0},{"not_picked":["Warcry+1","Shrug It Off+1","Pommel Strike","Twin Strike"],"picked":"SKIP","floor":18.0},{"not_picked":["Rupture","Heavy Blade","Perfected Strike"],"picked":"Dropkick","floor":20.0},{"not_picked":["Rupture","Flex+1","Perfected Strike"],"picked":"Double Tap+1","floor":23.0},{"not_picked":["Wild Strike","Blood for Blood","Flex+1","Thunderclap"],"picked":"SKIP","floor":24.0},{"not_picked":["Pummel","Cleave","Pommel Strike"],"picked":"Feed","floor":25.0},{"not_picked":["Pummel","Burning Pact+1","Infernal Blade+1","Wild Strike"],"picked":"SKIP","floor":27.0},{"not_picked":["Pommel Strike","Impervious+1","Perfected Strike"],"picked":"Armaments+1","floor":28.0},{"not_picked":["Warcry+1","Pummel","Clothesline"],"picked":"Shockwave+1","floor":29.0},{"not_picked":["True Grit+1","Barricade","Sword Boomerang"],"picked":"Bloodletting+1","floor":29.0},{"not_picked":["Iron Wave+1","Shrug It Off+1","Body Slam"],"picked":"Rupture+1","floor":29.0},{"not_picked":["Ghostly Armor+1","Flex+1","Fire Breathing"],"picked":"Berserk","floor":31.0},{"not_picked":["Entrench+1","Headbutt","Iron Wave","Flex+1"],"picked":"SKIP","floor":35.0},{"not_picked":["Whirlwind","Body Slam","Cleave","Wild Strike"],"picked":"SKIP","floor":40.0},{"not_picked":["Wild Strike+1","True Grit+1","Power Through+1","Clothesline"],"picked":"SKIP","floor":41.0},{"not_picked":["Anger","Shrug It Off+1","Whirlwind","Berserk"],"picked":"SKIP","floor":42.0},{"not_picked":["Second Wind+1","Twin Strike+1","Thunderclap","Intimidate+1"],"picked":"SKIP","floor":44.0},{"not_picked":["Clothesline","Hemokinesis","Body Slam","Battle Trance+1"],"picked":"SKIP","floor":47.0},{"not_picked":["Wild Strike+1","Perfected Strike+1","Evolve","Armaments+1"],"picked":"SKIP","floor":47.0},{"not_picked":["Evolve","Thunderclap","Shrug It Off+1","True Grit+1"],"picked":"SKIP","floor":48},{"not_picked":["Body Slam+1","Second Wind+1","Limit Break+1"],"picked":"Feel No Pain","floor":55}],"player_experience":4461327,"relics_obtained":[{"floor":6.0,"key":"Turnip"},{"floor":8.0,"key":"Darkstone Periapt"},{"floor":9.0,"key":"Mercury Hourglass"},{"floor":10.0,"key":"Toxic Egg 2"},{"floor":12.0,"key":"StoneCalendar"},{"floor":17.0,"key":"Nunchaku"},{"floor":17.0,"key":"Question Card"},{"floor":17.0,"key":"Unceasing Top"},{"floor":21.0,"key":"Red Mask"},{"floor":23.0,"key":"InkBottle"},{"floor":24.0,"key":"White Beast Statue"},{"floor":25.0,"key":"Strawberry"},{"floor":26.0,"key":"Meat on the Bone"},{"floor":27.0,"key":"Calipers"},{"floor":28.0,"key":"Juzu Bracelet"},{"floor":31.0,"key":"CaptainsWheel"},{"floor":37.0,"key":"TungstenRod"},{"floor":40.0,"key":"Whetstone"},{"floor":41.0,"key":"Thread and Needle"},{"floor":42.0,"key":"Happy Flower"},{"floor":44.0,"key":"Prayer Wheel"},{"floor":48,"key":"Boot"},{"floor":55,"key":"Anchor"}],"event_choices":[{"damage_healed":0.0,"max_hp_gain":0.0,"max_hp_loss":0.0,"gold_gain":0.0,"event_name":"Liars Game","player_choice":"Ignored","floor":2.0,"gold_loss":0.0,"damage_taken":0.0},{"cards_removed":["Sword Boomerang"],"damage_healed":0.0,"max_hp_gain":0.0,"max_hp_loss":0.0,"gold_gain":0.0,"event_name":"WeMeetAgain","player_choice":"Gave Card","floor":3.0,"gold_loss":0.0,"damage_taken":0.0,"relics_obtained":["Orichalcum"]},{"cards_removed":["Flame Barrier"],"damage_healed":0.0,"max_hp_gain":0.0,"max_hp_loss":0.0,"gold_gain":0.0,"event_name":"Back to Basics","player_choice":"Elegance","floor":19.0,"gold_loss":0.0,"damage_taken":0.0},{"damage_healed":0.0,"max_hp_gain":0.0,"max_hp_loss":0.0,"gold_gain":0.0,"event_name":"Masked Bandits","player_choice":"Fought Bandits","floor":21.0,"gold_loss":0.0,"damage_taken":0.0},{"damage_healed":0.0,"max_hp_gain":0.0,"max_hp_loss":0.0,"gold_gain":0.0,"event_name":"Ghosts","player_choice":"Ignored","floor":22.0,"gold_loss":0.0,"damage_taken":0.0},{"cards_removed":["Fire Breathing"],"damage_healed":0.0,"max_hp_gain":0.0,"max_hp_loss":0.0,"gold_gain":0.0,"event_name":"Falling","player_choice":"Removed Power","floor":36.0,"gold_loss":0.0,"damage_taken":0.0},{"damage_healed":0.0,"max_hp_gain":0.0,"max_hp_loss":0.0,"gold_gain":0.0,"event_name":"MindBloom","player_choice":"Fight","floor":37.0,"gold_loss":0.0,"damage_taken":0.0},{"damage_healed":0.0,"max_hp_gain":0.0,"max_hp_loss":0.0,"gold_gain":0.0,"event_name":"The Woman in Blue","player_choice":"Bought 1 Potion","floor":38.0,"gold_loss":0.0,"damage_taken":0.0}],"is_beta":false,"boss_relics":[{"not_picked":["Philosopher\u0027s Stone","Fusion Hammer"],"picked":"Calling Bell"},{"not_picked":["Astrolabe","Mark of Pain"],"picked":"Runic Cube"}],"items_purged_floors":[39,46,54],"is_endless":false,"potions_floor_spawned":[6,8,10,16,20,21,24,25,27,28,31,33,35,37,40,41,42,44,47,48,55],"ascension_level":20}}