{"host":"h1qktzcccqnez8tx","time":1612193118,"event":{"mods":["AchievementEnabler","BaseMod","Bestiary","Better Note","Block Reminder","Colored Map","Colored Powertips","Curses Come First","Downfall","Highlight Path","Infinite Spire","Minty Spire (QoL Compilation)","Permanent Neow","Quick Restart","Relic Stats","Replay The Spire","Say the Spire","StSLib","The Cursed","UnlockEverythingMod"],"gold_per_floor":[113,113,127,127,139,139,172,185,185,214,214,227,243,262,262,363,363,376,376,376,393,393,420,420,440,491,510,139,139,169,184,184,284,284,301,312,312,329,345,377,377,397,422,422,438,537,551,565,565,565,565,565],"floor_reached":50,"language":"ENG","playtime":2976,"items_purged":["Slimebound:Strike_Slimebound","Slimebound:Strike_Slimebound","Slimebound:PressTheAttack"],"score":536,"play_id":"c8b31890-c24e-4a07-92c2-47748998c4ec","local_time":"20210201162518","is_ascension_mode":true,"campfire_choices":[{"data":"infinitespire:TheBestDefense","floor":6,"key":"SMITH"},{"data":"Slimebound:CorrosiveSpit","floor":11,"key":"SMITH"},{"data":"Slimebound:BestDefense","floor":15,"key":"SMITH"},{"data":"Slimebound:FlameTackle","floor":24,"key":"SMITH"},{"data":"Slimebound:Replication","floor":29,"key":"SMITH"},{"floor":32,"key":"REST"},{"floor":49,"key":"REST"}],"circlet_count":0,"master_deck":["Slimebound:Tackle","Slimebound:Defend_Slimebound","Slimebound:Defend_Slimebound","Slimebound:Split","Slimebound:CorrosiveSpit+1","Slimebound:OozeBath","Slimebound:SplitAcid","infinitespire:TheBestDefense+1","Slimebound:SplitBruiser","Slimebound:SplitBruiser","Slimebound:GoopTackle","Slimebound:GoopTackle","Slimebound:RejuvenatingLick","Slimebound:BestDefense+1","Slimebound:Prepare","Slimebound:FlameTackle+1","Slimebound:Replication+1","Slimebound:SplitSpecialist","Slimebound:LeechingTouch+1","Slimebound:GoopTackle+1","Slimebound:LeadByExample+1","Slimebound:RollThrough+1","Slimebound:RollThrough","Apotheosis","Slimebound:Prepare","Slimebound:LeechEnergy+1","Slimebound:LeechEnergy+1","Slimebound:RainOfGoop+1"],"relics":["Slimebound:AbsorbEndCombat","Simple Rune","Regal Pillow","Garlic","SlaversCollar","sneckomod:SuperSneckoEye","infinitespire:Eraser","Slimebound:AggressiveSlimeRelic","infinitespire:Joker Card","Red Mask","Replay:Bronze Core","Centennial Puzzle","Toolbox","Art of War"],"acts_visited":["Exordium","TheCity","TheBeyond"],"potions_floor_usage":[16,50,50,50],"damage_taken":[{"damage":0,"enemies":"2 Louse","floor":1,"turns":2},{"damage":0,"enemies":"Small Slimes","floor":3,"turns":3},{"damage":1,"enemies":"Cultist","floor":5,"turns":3},{"damage":12,"enemies":"Lagavulin","floor":7,"turns":6},{"damage":5,"enemies":"Looter","floor":8,"turns":3},{"damage":7,"enemies":"Gremlin Nob","floor":10,"turns":3},{"damage":5,"enemies":"3 Louse","floor":12,"turns":2},{"damage":9,"enemies":"Exordium Thugs","floor":13,"turns":3},{"damage":0,"enemies":"Lots of Slimes","floor":14,"turns":3},{"damage":31,"enemies":"The Guardian","floor":16,"turns":7},{"damage":3,"enemies":"3 Byrds","floor":18,"turns":4},{"damage":2,"enemies":"Spheric Guardian","floor":21,"turns":2},{"damage":20,"enemies":"Slavers","floor":23,"turns":4},{"damage":11,"enemies":"Centurion and Healer","floor":25,"turns":4},{"damage":5,"enemies":"Snake Plant","floor":27,"turns":3},{"damage":5,"enemies":"Masked Bandits","floor":30,"turns":2},{"damage":4,"enemies":"Chosen and Byrds","floor":31,"turns":3},{"damage":45,"enemies":"Automaton","floor":33,"turns":6},{"damage":6,"enemies":"3 Shapes","floor":35,"turns":3},{"damage":5,"enemies":"3 Darklings","floor":36,"turns":3},{"damage":13,"enemies":"Writhing Mass","floor":38,"turns":4},{"damage":1,"enemies":"Spire Growth","floor":39,"turns":4},{"damage":3,"enemies":"R_Hoarder","floor":40,"turns":6},{"damage":13,"enemies":"4 Shapes","floor":42,"turns":2},{"damage":12,"enemies":"Maw","floor":45,"turns":6},{"damage":9,"enemies":"3 Darklings","floor":47,"turns":3},{"damage":14,"enemies":"Transient","floor":48,"turns":5},{"damage":66,"enemies":"infinitespire:MassOfShapes","floor":50,"turns":7}],"seed_played":"-2149680264900099174","potions_obtained":[{"floor":7,"key":"sneckomod:MuddlingPotion"},{"floor":10,"key":"Toxic Potion"},{"floor":12,"key":"Explosive Potion"},{"floor":13,"key":"AttackPotion"},{"floor":16,"key":"GamblersBrew"},{"floor":48,"key":"LiquidMemories"}],"is_trial":false,"path_per_floor":["M","?","M","?","M","R","E","M","T","E","R","M","M","M","R","B",null,"M","AVR","?","M","?","E","R","M","T","M","$","R","?","M","R","B",null,"M","M","?","M","M","E","AVR","M","T","?","M","?","M","M","R","B"],"character_chosen":"SLIMEBOUND","items_purchased":["infinitespire:Joker Card"],"campfire_rested":2,"item_purchase_floors":[28],"current_hp_per_floor":[59,45,51,51,54,54,48,45,45,40,40,35,30,30,30,7,59,59,59,59,58,58,42,42,33,33,32,32,32,31,29,59,20,59,57,54,54,45,48,53,53,42,42,42,38,38,31,25,57,0,0,0],"gold":565,"neow_bonus":"THREE_RARE_CARDS","is_daily":false,"chose_seed":false,"campfire_upgraded":5,"win_rate":0.0,"timestamp":1612193118,"path_taken":["M","?","M","?","M","R","E","M","T","E","R","M","M","?","R","BOSS","M","AVR","?","M","?","E","R","?","T","?","$","R","?","M","R","BOSS","M","M","?","M","M","E","AVR","M","T","?","M","?","?","M","R","BOSS"],"items_purchased_type":["Relic"],"build_version":"2020-12-22","purchased_purges":3,"victory":false,"max_hp_per_floor":[59,59,59,59,59,59,59,59,59,59,59,59,59,59,59,59,59,59,59,59,59,59,59,59,59,59,59,59,59,59,59,59,59,59,59,59,59,59,59,59,59,59,59,59,59,59,59,59,59,59,59,59],"relic_stats":{"Regal Pillow":28,"Centennial Puzzle":[13],"counters":[28,102],"Art of War":[3],"obtain_stats":[{"Slimebound:AggressiveSlimeRelic":26,"Regal Pillow":9,"sneckomod:SuperSneckoEye":19,"infinitespire:Joker Card":28,"SlaversCollar":17,"Centennial Puzzle":40,"Replay:Bronze Core":34,"Toolbox":41,"Simple Rune":7,"Slimebound:AbsorbEndCombat":0,"Garlic":10,"Red Mask":30,"Art of War":43,"infinitespire:Eraser":23},{"Slimebound:AggressiveSlimeRelic":14,"Regal Pillow":5,"sneckomod:SuperSneckoEye":11,"infinitespire:Joker Card":15,"SlaversCollar":10,"Centennial Puzzle":23,"Replay:Bronze Core":18,"Toolbox":23,"Simple Rune":4,"Slimebound:AbsorbEndCombat":0,"Garlic":6,"Red Mask":16,"Art of War":24,"infinitespire:Eraser":13},{"Slimebound:AggressiveSlimeRelic":45,"Regal Pillow":16,"sneckomod:SuperSneckoEye":35,"infinitespire:Joker Card":48,"SlaversCollar":31,"Centennial Puzzle":79,"Replay:Bronze Core":59,"Toolbox":79,"Simple Rune":14,"Slimebound:AbsorbEndCombat":0,"Garlic":19,"Red Mask":50,"Art of War":81,"infinitespire:Eraser":41}]},"card_choices":[{"not_picked":["Slimebound:SelfFormingGoo","Slimebound:DouseInSlime"],"picked":"Slimebound:OozeBath","floor":0},{"not_picked":["Slimebound:SplitLeeching","Slimebound:HungryTackle"],"picked":"Slimebound:SplitAcid","floor":1},{"not_picked":["Replay:Fractal Strike","ReplayTheSpireMod:Book of Names"],"picked":"infinitespire:TheBestDefense","floor":2},{"not_picked":["Slimebound:ComboTackle","Slimebound:SplitAcid"],"picked":"Slimebound:SplitBruiser","floor":3},{"not_picked":["Slimebound:GoopSpray","Slimebound:ProtectTheBoss"],"picked":"Slimebound:SplitBruiser","floor":5},{"not_picked":["Slimebound:Nibble","Slimebound:ItLooksTasty"],"picked":"Slimebound:PressTheAttack","floor":7},{"not_picked":["Slimebound:SpikyOuterGoop","Slimebound:SlimeSpikes"],"picked":"Slimebound:GoopTackle","floor":8},{"not_picked":["Slimebound:Recollect","Slimebound:ComboTackle"],"picked":"Slimebound:GoopTackle","floor":10},{"not_picked":["Slimebound:LeechEnergy","Slimebound:GrowthPunch"],"picked":"Slimebound:RejuvenatingLick","floor":12},{"not_picked":["Slimebound:ItLooksTasty","Slimebound:WasteNot"],"picked":"Slimebound:BestDefense","floor":13},{"not_picked":["Slimebound:PressTheAttack","Slimebound:HauntingLick","Slimebound:DivideAndConquer"],"picked":"SKIP","floor":14},{"not_picked":["Slimebound:SamplingLick+1","Slimebound:LivingWall"],"picked":"Slimebound:Prepare","floor":18},{"not_picked":["Slimebound:RollThrough","Slimebound:Prepare"],"picked":"Slimebound:SplitSpecialist","floor":21},{"not_picked":["Slimebound:SpikyOuterGoop","Slimebound:ProtectTheBoss+1"],"picked":"Slimebound:LeechingTouch+1","floor":23},{"not_picked":["Slimebound:LeechingTouch+1","Slimebound:AcidTongue"],"picked":"Slimebound:GoopTackle+1","floor":25},{"not_picked":["Slimebound:RallyTheTroops","Slimebound:GoopSpray"],"picked":"Slimebound:LeadByExample+1","floor":27},{"not_picked":["Slimebound:ComboTackle","Slimebound:SplitLeeching+1"],"picked":"Slimebound:RollThrough+1","floor":30},{"not_picked":["Slimebound:Schlurp","Slimebound:SlimeSpikes","Slimebound:GoopSpray"],"picked":"SKIP","floor":31},{"not_picked":["Slimebound:ViciousTackle","Slimebound:ItLooksTasty+1"],"picked":"Slimebound:RollThrough","floor":35},{"not_picked":["Slimebound:Gluttony+1","Slimebound:HungryTackle+1","Slimebound:ItLooksTasty"],"picked":"SKIP","floor":36},{"not_picked":["Poisoned Strike","Dramatic Entrance"],"picked":"Apotheosis","floor":37},{"not_picked":["Slimebound:PressTheAttack","Slimebound:SlimeBarrage","Slimebound:TongueLash+1"],"picked":"SKIP","floor":38},{"not_picked":["Slimebound:GrowthPunch+1","Slimebound:LivingWall+1","Slimebound:LeadByExample"],"picked":"SKIP","floor":39},{"not_picked":["Slimebound:Grow","Slimebound:SplitLeeching","Slimebound:SamplingLick"],"picked":"SKIP","floor":40},{"not_picked":["Slimebound:Grow","Slimebound:TongueLash","Slimebound:SlimeSpikes"],"picked":"SKIP","floor":42},{"not_picked":["Slimebound:ServeAndProtect","Slimebound:HauntingLick"],"picked":"Slimebound:Prepare","floor":45},{"not_picked":["Slimebound:SplitAcid","Slimebound:SplitBruiser"],"picked":"Slimebound:LeechEnergy+1","floor":46},{"not_picked":["Slimebound:PressTheAttack","Slimebound:SplitAcid+1"],"picked":"Slimebound:LeechEnergy+1","floor":46},{"not_picked":["Slimebound:GoopSpray+1","Slimebound:PressTheAttack","Slimebound:LeechingTouch"],"picked":"SKIP","floor":47},{"not_picked":["Slimebound:SlimeSpikes+1","Slimebound:SamplingLick"],"picked":"Slimebound:RainOfGoop+1","floor":48}],"player_experience":369446,"relics_obtained":[{"floor":7,"key":"Simple Rune"},{"floor":9,"key":"Regal Pillow"},{"floor":10,"key":"Garlic"},{"floor":23,"key":"infinitespire:Eraser"},{"floor":26,"key":"Slimebound:AggressiveSlimeRelic"},{"floor":30,"key":"Red Mask"},{"floor":40,"key":"Centennial Puzzle"},{"floor":43,"key":"Art of War"}],"event_choices":[{"cards_removed":["Slimebound:Strike_Slimebound"],"damage_healed":0,"gold_gain":0,"player_choice":"Purged","damage_taken":0,"max_hp_gain":0,"max_hp_loss":0,"event_name":"Purifier","floor":4,"gold_loss":0},{"damage_healed":0,"gold_gain":0,"cards_transformed":["Slimebound:Defend_Slimebound","Slimebound:Defend_Slimebound"],"player_choice":"Became Test Subject","damage_taken":0,"max_hp_gain":0,"max_hp_loss":0,"event_name":"Drug Dealer","floor":20,"gold_loss":0,"cards_obtained":["Slimebound:FlameTackle","Slimebound:Replication"]},{"damage_healed":0,"gold_gain":0,"player_choice":"Ignored","damage_taken":0,"max_hp_gain":0,"max_hp_loss":0,"event_name":"N\u0027loth","floor":22,"gold_loss":0},{"damage_healed":0,"gold_gain":0,"player_choice":"Fought Bandits","damage_taken":0,"max_hp_gain":0,"max_hp_loss":0,"event_name":"Masked Bandits","floor":30,"gold_loss":0},{"damage_healed":0,"gold_gain":0,"player_choice":"Memory 1","damage_taken":0,"max_hp_gain":0,"max_hp_loss":0,"event_name":"SensoryStone","floor":37,"gold_loss":0}],"is_beta":false,"boss_relics":[{"not_picked":["ReplayTheSpireMod:DimensionalGlitch","SacredBark"],"picked":"SlaversCollar"},{"not_picked":["Coffee Dripper","Astrolabe"],"picked":"Replay:Bronze Core"}],"items_purged_floors":[19,28,41],"is_endless":false,"potions_floor_spawned":[7,10,12,13,16,18,21,25,33,35,36,39,42,47,48],"killed_by":"infinitespire:MassOfShapes","ascension_level":1}}