{"host":"jpcy2bclvs7juczu","time":1612191148,"event":{"mods":["Alarm Clock","BaseMod","Bestiary","Block Reminder","Colored Map","Colored Powertips","Curses Come First","Dark Map","Filter the Spire","Minty Spire (QoL Compilation)","Quick Restart","RNG Fix","Random Character Button","Relic Stats","Slay the Relics Exporter","Smile Girya","StSLib","everything is the same but u backflip on backflip","ojb\u0027s Better Paths Mod","ojb\u0027s Info Mod","slay the spire mod where everything is the same but ironclad has a cowboy hat"],"gold_per_floor":[114,134,134,153,153,196,196,63,63,63,63,97,97,17,17,105,114,138,160,210,210,229,229,229],"floor_reached":23,"language":"ENG","playtime":642,"items_purged":[],"score":494,"play_id":"cc79a167-ab8d-4b37-af10-c1f2832dd7b0","local_time":"20210201095228","is_ascension_mode":true,"campfire_choices":[{"floor":7,"key":"REST"},{"data":"Perfected Strike","floor":11,"key":"SMITH"},{"data":"Whirlwind","floor":13,"key":"SMITH"},{"data":"Bash","floor":15,"key":"SMITH"}],"circlet_count":0,"master_deck":["AscendersBane","Strike_R","Strike_R","Strike_R","Strike_R","Defend_R","Defend_R","Bash+1","Whirlwind+1","Iron Wave","Perfected Strike+1","Reaper","Twin Strike","Pommel Strike","Ghostly Armor","Double Tap","Fire Breathing+1","Wild Strike","Fiend Fire","CurseOfTheBell","Shockwave","Pommel Strike+1"],"relics":["Burning Blood","CeramicFish","Frozen Egg 2","Ice Cream","Calling Bell","Vajra","Gremlin Horn","Mango","Eternal Feather"],"acts_visited":["Exordium","TheCity"],"potions_floor_usage":[16,18,22],"damage_taken":[{"damage":19,"enemies":"Small Slimes","floor":1,"turns":3},{"damage":1,"enemies":"2 Louse","floor":2,"turns":2},{"damage":7,"enemies":"Jaw Worm","floor":4,"turns":3},{"damage":45,"enemies":"3 Sentries","floor":6,"turns":7},{"damage":3,"enemies":"Gremlin Nob","floor":12,"turns":3},{"damage":0,"enemies":"Slime Boss","floor":16,"turns":6},{"damage":14,"enemies":"3 Byrds","floor":18,"turns":7},{"damage":35,"enemies":"Shell Parasite","floor":19,"turns":4},{"damage":34,"enemies":"Shelled Parasite and Fungi","floor":22,"turns":3},{"damage":27,"enemies":"Book of Stabbing","floor":23,"turns":3}],"seed_played":"5160497654764651476","potions_obtained":[{"floor":12,"key":"SkillPotion"},{"floor":16,"key":"FearPotion"},{"floor":19,"key":"SpeedPotion"}],"is_trial":false,"path_per_floor":["M","M","?","M","?","E","R","$","T","?","R","E","R","$","R","B",null,"M","M","?","T","M","E"],"character_chosen":"IRONCLAD","items_purchased":["PowerPotion","Ghostly Armor","Fire Breathing+1","Wild Strike"],"campfire_rested":1,"item_purchase_floors":[8,8,14,14],"current_hp_per_floor":[37,42,42,45,45,18,40,40,40,40,40,43,43,43,43,49,83,75,46,46,46,18,0,0],"gold":229,"neow_bonus":"TRANSFORM_TWO_CARDS","is_daily":false,"chose_seed":false,"campfire_upgraded":3,"win_rate":0.0,"timestamp":1612191148,"path_taken":["M","M","?","M","?","E","R","$","T","?","R","E","R","$","R","BOSS","M","?","?","?","M","E"],"items_purchased_type":["Potion","Card","Card","Card"],"build_version":"2020-12-22","purchased_purges":0,"victory":false,"max_hp_per_floor":[75,75,75,75,75,75,75,75,75,75,75,75,75,75,75,75,89,89,89,89,89,89,89,89],"relic_stats":{"Gremlin Horn":[2,2],"counters":[10,41],"CeramicFish":81,"Eternal Feather":0,"obtain_stats":[{"Ice Cream":12,"Calling Bell":17,"Gremlin Horn":17,"CeramicFish":6,"Vajra":17,"Mango":17,"Eternal Feather":21,"Frozen Egg 2":9,"Burning Blood":0},{"Ice Cream":5,"Calling Bell":6,"Gremlin Horn":6,"CeramicFish":4,"Vajra":6,"Mango":6,"Eternal Feather":8,"Frozen Egg 2":4,"Burning Blood":0},{"Ice Cream":18,"Calling Bell":24,"Gremlin Horn":24,"CeramicFish":15,"Vajra":24,"Mango":24,"Eternal Feather":35,"Frozen Egg 2":15,"Burning Blood":0}],"Burning Blood":54},"card_choices":[{"not_picked":["Wild Strike","Anger"],"picked":"Iron Wave","floor":1},{"not_picked":["Iron Wave","Thunderclap"],"picked":"Perfected Strike","floor":2},{"not_picked":["Shrug It Off","Limit Break"],"picked":"Twin Strike","floor":4},{"not_picked":["Clash","Iron Wave"],"picked":"Pommel Strike","floor":6},{"not_picked":["Spot Weakness","Shrug It Off"],"picked":"Double Tap","floor":12},{"not_picked":["Reaper","Double Tap"],"picked":"Fiend Fire","floor":16},{"not_picked":["Sword Boomerang","Rupture+1"],"picked":"Shockwave","floor":18},{"not_picked":["Flex","Body Slam"],"picked":"Pommel Strike+1","floor":19},{"not_picked":["Flex","Clothesline","Cleave+1"],"picked":"SKIP","floor":22}],"player_experience":1540239,"relics_obtained":[{"floor":6,"key":"CeramicFish"},{"floor":9,"key":"Frozen Egg 2"},{"floor":12,"key":"Ice Cream"},{"floor":17,"key":"Vajra"},{"floor":17,"key":"Gremlin Horn"},{"floor":17,"key":"Mango"},{"floor":21,"key":"Eternal Feather"}],"event_choices":[{"damage_healed":0,"gold_gain":0,"cards_transformed":["Clash"],"player_choice":"Transformed","damage_taken":0,"max_hp_gain":0,"max_hp_loss":0,"event_name":"Transmorgrifier","floor":3,"gold_loss":0,"cards_obtained":["Reaper"]},{"cards_removed":["Defend_R"],"damage_healed":0,"gold_gain":0,"player_choice":"Purged","damage_taken":0,"max_hp_gain":0,"max_hp_loss":0,"event_name":"Purifier","floor":5,"gold_loss":0},{"damage_healed":0,"gold_gain":0,"player_choice":"Ignored","damage_taken":0,"max_hp_gain":0,"max_hp_loss":0,"event_name":"Liars Game","floor":10,"gold_loss":0},{"damage_healed":0,"gold_gain":50,"player_choice":"Stole From Cult","damage_taken":0,"max_hp_gain":0,"max_hp_loss":0,"event_name":"Nest","floor":20,"gold_loss":0}],"is_beta":false,"boss_relics":[{"not_picked":["Fusion Hammer","Runic Cube"],"picked":"Calling Bell"}],"items_purged_floors":[],"is_endless":false,"potions_floor_spawned":[12,16,19],"killed_by":"Book of Stabbing","ascension_level":20}}