{"host":"8a3jzv7qxg3y7b6t","time":1612165102,"event":{"mods":["BaseMod","Better Third Choice","Downfall","Hermit","Minty Spire (QoL Compilation)","Relic Stats","StSLib","The Bug Knight","The Cursed"],"gold_per_floor":[114,139,154,169,182,182,210,225,225,22,34,46,58,158,158,158,158],"floor_reached":16,"language":"ENG","playtime":1356,"items_purged":["Normality"],"score":106,"play_id":"4a96c78e-383c-4a08-a783-872804a2da0b","local_time":"20210131233822","is_ascension_mode":false,"campfire_choices":[{"floor":6.0,"key":"RECALL"},{"data":"Chrysalis","floor":15.0,"key":"SMITH"}],"circlet_count":0,"master_deck":["HollowMod:NailStrikeStart","HollowMod:NailStrikeStart","HollowMod:NailStrikeStart","HollowMod:NailStrikeStart","HollowMod:QuickDashStart","HollowMod:QuickDashStart","HollowMod:QuickDashStart","HollowMod:QuickDashStart","HollowMod:FocusHealStart","HollowMod:PogoStrike","Chrysalis+1","HollowMod:SoulStrike","HollowMod:BaldurShell","HollowMod:MantisMark","HollowMod:ShapeofUnn","HollowMod:MidwifesHunger","HollowMod:NewLittleFool","Jack Of All Trades","HollowMod:DesolateDive","HollowMod:SoulStrike","HollowMod:SoulVessel"],"relics":["HollowMod:VesselMask","Pen Nib","HollowMod:LifeEnderRelic"],"acts_visited":["Exordium"],"potions_floor_usage":[16],"damage_taken":[{"damage":8.0,"enemies":"Cultist","floor":1.0,"turns":5.0},{"damage":6.0,"enemies":"Jaw Worm","floor":3.0,"turns":3.0},{"damage":3.0,"enemies":"2 Louse","floor":4.0,"turns":4.0},{"damage":14.0,"enemies":"Blue Slaver","floor":5.0,"turns":5.0},{"damage":32.0,"enemies":"Lagavulin","floor":7.0,"turns":9.0},{"damage":8.0,"enemies":"Large Slime","floor":8.0,"turns":6.0},{"damage":4.0,"enemies":"Red Slaver","floor":11.0,"turns":5.0},{"damage":2.0,"enemies":"3 Louse","floor":12.0,"turns":2.0},{"damage":2.0,"enemies":"Blue Slaver","floor":13.0,"turns":2.0},{"damage":55,"enemies":"The Guardian","floor":16,"turns":11}],"seed_played":"-2918755325950437926","potions_obtained":[{"floor":3.0,"key":"Swift Potion"},{"floor":5.0,"key":"GamblersBrew"},{"floor":12.0,"key":"Fire Potion"}],"is_trial":false,"path_per_floor":["M","T","M","M","M","R","E","M","T","$","M","M","M","?","R","B"],"character_chosen":"THE_BUGKNIGHT","items_purchased":["HollowMod:NewLittleFool","Jack Of All Trades"],"campfire_rested":0,"item_purchase_floors":[10,10],"current_hp_per_floor":[67,67,61,58,50,50,39,37,37,37,33,31,29,29,29,0,0],"gold":158,"neow_bonus":"RANDOM_COLORLESS_2","is_daily":false,"chose_seed":false,"campfire_upgraded":1,"win_rate":0.0,"timestamp":1612165102,"path_taken":["M","?","M","M","M","R","E","M","T","?","M","?","M","?","R","BOSS"],"items_purchased_type":["Card","Card"],"build_version":"2020-12-22","purchased_purges":1,"victory":false,"max_hp_per_floor":[75,75,75,75,75,75,75,75,75,75,75,75,75,75,75,75,75],"relic_stats":{"counters":[10,52],"Pen Nib":[4],"obtain_stats":[{"HollowMod:LifeEnderRelic":9,"HollowMod:VesselMask":0,"Pen Nib":7},{"HollowMod:LifeEnderRelic":6,"HollowMod:VesselMask":0,"Pen Nib":5},{"HollowMod:LifeEnderRelic":32,"HollowMod:VesselMask":0,"Pen Nib":26}]},"card_choices":[{"not_picked":["The Bomb","Secret Weapon"],"picked":"Chrysalis","floor":0.0},{"not_picked":["HollowMod:DoubleDash","HollowMod:PerfectDash"],"picked":"HollowMod:SoulStrike","floor":1.0},{"not_picked":["HollowMod:SoulShaman","HollowMod:SoulStrike"],"picked":"HollowMod:BaldurShell","floor":3.0},{"not_picked":["HollowMod:CoiledNail","HollowMod:NewJinnsSoul"],"picked":"HollowMod:MantisMark","floor":4.0},{"not_picked":["HollowMod:MawleksShell","HollowMod:MothsMistake"],"picked":"HollowMod:ShapeofUnn","floor":5.0},{"not_picked":["HollowMod:FastStrike","HollowMod:InfectionAssault"],"picked":"HollowMod:MidwifesHunger","floor":7.0},{"not_picked":["HollowMod:SiblingsSouls","HollowMod:CoiledNail","HollowMod:RecoilStrike"],"picked":"SKIP","floor":8.0},{"not_picked":["HollowMod:RecoilStrike","HollowMod:VengefulVoid"],"picked":"HollowMod:DesolateDive","floor":11.0},{"not_picked":["HollowMod:SiblingsSouls","HollowMod:FastStrike"],"picked":"HollowMod:SoulStrike","floor":12.0},{"not_picked":["HollowMod:ShadowDash","HollowMod:NewJinnsSoul"],"picked":"HollowMod:SoulVessel","floor":13.0}],"player_experience":649878,"relics_obtained":[{"floor":7.0,"key":"Pen Nib"},{"floor":9.0,"key":"HollowMod:LifeEnderRelic"}],"event_choices":[{"damage_healed":0.0,"max_hp_gain":0.0,"max_hp_loss":0.0,"gold_gain":100.0,"event_name":"Golden Shrine","player_choice":"Pray","floor":14.0,"gold_loss":0.0,"damage_taken":0.0}],"is_beta":false,"boss_relics":[],"items_purged_floors":[10],"is_endless":false,"potions_floor_spawned":[3,5,12],"killed_by":"The Guardian","ascension_level":0}}