{"host":"miejrq8yypas90n2","time":1612175379,"event":{"mods":["100% Spire Juice","Act Like it!","BaseMod","Colored Powertips","Gensokyo","Marisa£®ÏF”Í°°ƒß¿Ì…≥£©","Minty Spire (QoL Compilation)","Reimu£®≤©¿ˆ¡È√Œ£©","StSLib"],"gold_per_floor":[116,116,116,129,129,162,42,80,80,80,5,20,35,73,73,78,78,99,24,24,45,24,59,59,79,79,79,112,130,148,44,44,44,174,174,199,199,263,263,278,278,201,201,201,222,242,242,242,265,265,265],"floor_reached":52,"language":"ZHS","playtime":1692,"items_purged":["Moonworks:Strike"],"score":984,"play_id":"cd3f6496-2c24-4f75-b973-0edb385bae71","local_time":"20210201182939","is_ascension_mode":true,"campfire_choices":[{"data":"Moonworks:Ambush","floor":7.0,"key":"SMITH"},{"data":"Moonworks:SealedMemories","floor":10.0,"key":"SMITH"},{"data":"Moonworks:NicePresent","floor":15.0,"key":"SMITH"},{"data":"Moonworks:MetallicMonocoque","floor":24.0,"key":"SMITH"},{"data":"Moonworks:Blazing","floor":32.0,"key":"SMITH"},{"floor":33.0,"key":"REST"},{"data":"Moonworks:ImOnFire","floor":41.0,"key":"SMITH"},{"data":"Discovery","floor":43.0,"key":"SMITH"},{"floor":47,"key":"REST"},{"data":"Moonworks:NicePresent","floor":50,"key":"SMITH"}],"circlet_count":0,"master_deck":["Moonworks:Defend","Moonworks:Defend","Moonworks:Defend","Moonworks:Ambush+1","Moonworks:LongDistanceShot","Moonworks:IndiscriminateFireSupport+1","Moonworks:SealedMemories+1","Moonworks:NicePresent+1","Moonworks:MetallicMonocoque+1","Moonworks:Wanted","Moonworks:Blazing+1","Moonworks:NicePresent","Moonworks:ImOnFire+1","Moonworks:NicePresent+1","Moonworks:NicePresent+1","Moonworks:Encore+1","Moonworks:Wanted+1","Moonworks:MetallicMonocoque+1","Moonworks:IndiscriminateFireSupport+1","Discovery+1","Moonworks:NicePresent+1","Moonworks:CookingTime+1"],"relics":["Moonworks:BrokenBomb","Moonworks:Homemark","NeowsBlessing","Golden Idol","Unceasing Top","Toy Ornithopter","Gremlin Horn","Omamori","Runic Pyramid","Nunchaku","HornCleat","Question Card","Astrolabe","TungstenRod","Frozen Egg 2","Ornamental Fan","Singing Bowl"],"acts_visited":["Exordium","TheCity","TheBeyond"],"potions_floor_usage":[49,51,51,51],"damage_taken":[{"damage":0.0,"enemies":"Jaw Worm","floor":1.0,"turns":1.0},{"damage":0.0,"enemies":"2 Louse","floor":4.0,"turns":1.0},{"damage":0.0,"enemies":"Lagavulin","floor":6.0,"turns":1.0},{"damage":0.0,"enemies":"Gremlin Nob","floor":8.0,"turns":2.0},{"damage":0.0,"enemies":"Cultist","floor":12.0,"turns":2.0},{"damage":0.0,"enemies":"Exordium Wildlife","floor":13.0,"turns":1.0},{"damage":4.0,"enemies":"3 Sentries","floor":14.0,"turns":2.0},{"damage":19.0,"enemies":"Slime Boss","floor":16.0,"turns":6.0},{"damage":0.0,"enemies":"3 Byrds","floor":18.0,"turns":2.0},{"damage":0.0,"enemies":"Chosen","floor":21.0,"turns":4.0},{"damage":0.0,"enemies":"Slavers","floor":23.0,"turns":2.0},{"damage":10.0,"enemies":"Snake Plant","floor":25.0,"turns":2.0},{"damage":30.0,"enemies":"Book of Stabbing","floor":28.0,"turns":5.0},{"damage":7.0,"enemies":"Centurion and Healer","floor":29.0,"turns":3.0},{"damage":0.0,"enemies":"Sentry and Sphere","floor":30.0,"turns":2.0},{"damage":0.0,"enemies":"Snake Plant","floor":31.0,"turns":1.0},{"damage":26.0,"enemies":"Champ","floor":34.0,"turns":7.0},{"damage":26.0,"enemies":"Orb Walker","floor":36.0,"turns":5.0},{"damage":1.0,"enemies":"2 Orb Walkers","floor":38.0,"turns":3.0},{"damage":0.0,"enemies":"3 Darklings","floor":40.0,"turns":2.0},{"damage":55.0,"enemies":"Giant Head","floor":42.0,"turns":6.0},{"damage":0.0,"enemies":"Jaw Worm Horde","floor":45.0,"turns":2.0},{"damage":5,"enemies":"Sphere and 2 Shapes","floor":46,"turns":3},{"damage":13,"enemies":"Writhing Mass","floor":49,"turns":4},{"damage":69,"enemies":"Time Eater","floor":51,"turns":8}],"seed_played":"-35867331570856329","potions_obtained":[{"floor":1.0,"key":"Swift Potion"},{"floor":12.0,"key":"EssenceOfSteel"},{"floor":13.0,"key":"Ancient Potion"},{"floor":16.0,"key":"Energy Potion"},{"floor":23.0,"key":"FairyPotion"},{"floor":34.0,"key":"EntropicBrew"},{"floor":38.0,"key":"FearPotion"},{"floor":45.0,"key":"AttackPotion"},{"floor":46,"key":"Explosive Potion"},{"floor":49,"key":"Regen Potion"}],"is_trial":false,"path_per_floor":["M","?","$","M","?","E","R","E","T","R","$","M","M","E","R","B",null,"M","?","$","M","?","E","R","M","T","?","E","M","M","M","R","R","B",null,"M","?","?","?","M","R","E","R","T","M","M","R","T","M","R","B",null],"character_chosen":"THE_STARBREAKER","items_purchased":[],"campfire_rested":2,"item_purchase_floors":[],"current_hp_per_floor":[60,45,45,45,45,45,45,45,45,45,45,45,45,41,41,22,60,60,60,60,60,60,60,60,50,50,50,20,13,13,18,18,36,10,60,34,34,38,38,38,38,28,28,28,33,28,46,46,48,48,14],"gold":265,"neow_bonus":"THREE_ENEMY_KILL","is_daily":false,"chose_seed":false,"campfire_upgraded":8,"win_rate":0.0,"timestamp":1612175379,"path_taken":["M","?","$","M","?","E","R","E","T","R","$","M","M","E","R","BOSS","M","?","$","M","?","E","R","M","T","?","E","?","M","M","R","R","BOSS","M","?","?","?","?","R","E","R","T","M","M","R","?","M","R","BOSS"],"items_purchased_type":[],"build_version":"2020-12-22","purchased_purges":1,"victory":true,"max_hp_per_floor":[60,60,60,60,60,60,60,60,60,60,60,60,60,60,60,60,60,60,60,60,60,60,60,60,60,60,60,60,60,60,60,60,60,60,60,60,60,60,60,60,60,60,60,60,60,60,60,60,62,62,62],"card_choices":[{"not_picked":["Moonworks:ExtendedPhotonRifle","Moonworks:MixPhenomenon","Moonworks:NicePresent"],"picked":"SKIP","floor":1.0},{"not_picked":["Moonworks:Assault","Moonworks:NicePresent"],"picked":"Moonworks:IndiscriminateFireSupport","floor":4.0},{"not_picked":["Moonworks:JonathanRush","Moonworks:BigBangBell","Moonworks:UnluckyCharm"],"picked":"SKIP","floor":6.0},{"not_picked":["Moonworks:NicePresent","Moonworks:ReproductionOfRecords"],"picked":"Moonworks:SealedMemories","floor":8.0},{"not_picked":["Moonworks:BigMagnum","Moonworks:EvilSpyWorkPreparation"],"picked":"Moonworks:NicePresent","floor":12.0},{"not_picked":["Moonworks:EvilSpyWorkPreparation","Moonworks:DeployBits"],"picked":"Moonworks:MetallicMonocoque","floor":13.0},{"not_picked":["Moonworks:EvilSpyWorkPreparation","Moonworks:IndiscriminateFireSupport"],"picked":"Moonworks:Wanted","floor":14.0},{"not_picked":["Moonworks:StarBlastingFuse","Moonworks:EvilMastermind"],"picked":"Moonworks:Blazing","floor":16.0},{"not_picked":["Moonworks:EvilSpyWorkPreparation","Moonworks:DeployBits"],"picked":"Moonworks:NicePresent","floor":18.0},{"not_picked":["Moonworks:JonathanRush","Moonworks:CloudOfSeagulls+1"],"picked":"Moonworks:ImOnFire","floor":21.0},{"not_picked":["Moonworks:IndiscriminateFireSupport","Moonworks:PlushieMaster","Moonworks:CloudOfSeagulls+1"],"picked":"SKIP","floor":23.0},{"not_picked":["Moonworks:JonathanRush","Moonworks:LuckyCharm","Moonworks:EvilSpyWorkPreparation"],"picked":"SKIP","floor":25.0},{"not_picked":["Moonworks:Dinner","Moonworks:RedAndBlue","Moonworks:DeployBits+1"],"picked":"SKIP","floor":28.0},{"not_picked":["Moonworks:ReproductionOfRecords","Moonworks:MixPhenomenon","Moonworks:DeployBits"],"picked":"Moonworks:NicePresent","floor":29.0},{"not_picked":["Moonworks:JonathanRush+1","Moonworks:Assault","Moonworks:DeployBits+1","Moonworks:IntelligenceOfficer+1"],"picked":"SKIP","floor":30.0},{"not_picked":["Moonworks:LulusLuckyEgg","Moonworks:Assault+1","Moonworks:JonathanRush"],"picked":"Moonworks:NicePresent+1","floor":31.0},{"not_picked":["Moonworks:SubspaceTunnel","Moonworks:GoAway","Moonworks:OutOfAmmo"],"picked":"Moonworks:Encore","floor":34.0},{"not_picked":["Moonworks:EvilSpyWorkPreparation","Moonworks:BeyondHell+1","Moonworks:WindyEnchantment","Moonworks:IndiscriminateFireSupport+1"],"picked":"SKIP","floor":36.0},{"not_picked":["Forethought","Impatience","Panacea"],"picked":"Discovery","floor":37.0},{"not_picked":["Moonworks:SakisCookie","Moonworks:TacticalRetreat","Moonworks:CastOff"],"picked":"Moonworks:NicePresent+1","floor":40.0},{"not_picked":["Moonworks:x16BigRocket+1","Moonworks:IndiscriminateFireSupport","Moonworks:LulusLuckyEgg"],"picked":"Moonworks:CookingTime+1","floor":42.0},{"not_picked":["Moonworks:LulusLuckyEgg+1","Moonworks:BindingChains","Moonworks:EvilSpyWorkPreparation","Moonworks:RedAndBlue"],"picked":"SKIP","floor":45.0},{"not_picked":["Moonworks:EvilSpyWorkPreparation+1","Moonworks:ImOnFire","Moonworks:AngelHand","Moonworks:BigMagnum+1"],"picked":"SKIP","floor":46},{"not_picked":["Moonworks:NicePresent","Moonworks:BeyondHell","Moonworks:StiffCrystal+1","Moonworks:BigMagnum+1"],"picked":"Singing Bowl","floor":49}],"player_experience":331040,"relics_obtained":[{"floor":6.0,"key":"Unceasing Top"},{"floor":8.0,"key":"Toy Ornithopter"},{"floor":9.0,"key":"Gremlin Horn"},{"floor":14.0,"key":"Omamori"},{"floor":23.0,"key":"Nunchaku"},{"floor":26.0,"key":"HornCleat"},{"floor":28.0,"key":"Question Card"},{"floor":38.0,"key":"TungstenRod"},{"floor":42.0,"key":"Frozen Egg 2"},{"floor":44.0,"key":"Ornamental Fan"},{"floor":48,"key":"Singing Bowl"}],"event_choices":[{"damage_healed":0.0,"max_hp_gain":0.0,"max_hp_loss":0.0,"gold_gain":0.0,"event_name":"Golden Idol","player_choice":"Take Damage","floor":2.0,"gold_loss":0.0,"damage_taken":15.0,"relics_obtained":["Golden Idol"]},{"damage_healed":0.0,"max_hp_gain":0.0,"max_hp_loss":0.0,"gold_gain":0.0,"event_name":"Living Wall","player_choice":"Grow","floor":5.0,"gold_loss":0.0,"damage_taken":0.0,"cards_upgraded":["Moonworks:IndiscriminateFireSupport"]},{"cards_removed":["Moonworks:Strike"],"damage_healed":0.0,"max_hp_gain":0.0,"max_hp_loss":0.0,"gold_gain":0.0,"event_name":"Beggar","player_choice":"Gave Gold","floor":19.0,"gold_loss":75.0,"damage_taken":0.0},{"damage_healed":0.0,"max_hp_gain":0.0,"max_hp_loss":0.0,"gold_gain":99.0,"event_name":"Nest","player_choice":"Stole From Cult","floor":22.0,"gold_loss":0.0,"damage_taken":0.0},{"damage_healed":0.0,"max_hp_gain":0.0,"max_hp_loss":0.0,"gold_gain":0.0,"event_name":"Ghosts","player_choice":"Ignored","floor":27.0,"gold_loss":0.0,"damage_taken":0.0},{"damage_healed":0.0,"max_hp_gain":0.0,"max_hp_loss":0.0,"gold_gain":0.0,"event_name":"SensoryStone","player_choice":"Memory 1","floor":37.0,"gold_loss":0.0,"damage_taken":0.0},{"damage_healed":0.0,"max_hp_gain":0.0,"max_hp_loss":0.0,"gold_gain":0.0,"event_name":"Mysterious Sphere","player_choice":"Fight","floor":38.0,"gold_loss":0.0,"damage_taken":0.0},{"damage_healed":0.0,"max_hp_gain":0.0,"max_hp_loss":0.0,"gold_gain":0.0,"event_name":"Upgrade Shrine","player_choice":"Upgraded","floor":39.0,"gold_loss":0.0,"damage_taken":0.0,"cards_upgraded":["Moonworks:Encore"]}],"is_beta":false,"boss_relics":[{"not_picked":["Sozu","Ectoplasm"],"picked":"Runic Pyramid"},{"not_picked":["Tiny House","Snecko Eye"],"picked":"Astrolabe"}],"items_purged_floors":[11],"is_endless":false,"potions_floor_spawned":[1,12,13,14,16,23,28,34,38,40,45,46,49],"ascension_level":3}}