{"host":"clf2hd4adhiiw0zf","time":1612158141,"event":{"mods":["AchievementEnabler","BaseMod","Beaked The Cultist","Bestiary","Dark Map","Downfall","Gremlin Mod","Hermit","Jorbs\u0027s Wanderer Trilogy","Marisa????????","Minty Spire (QoL Compilation)","Shop Mod","StSLib","The Cursed","The Servant 0.9.4","Wide Potions"],"gold_per_floor":[99,99,99,99,99,20,69,62,95,95,113,13,49,75,94,94,94,94],"floor_reached":16,"language":"ENG","playtime":505,"items_purged":[],"score":144,"play_id":"041d9837-dc64-48ff-8041-9c4e481aa690","local_time":"20210131224221","is_ascension_mode":true,"campfire_choices":[{"floor":1,"key":"RECALL"},{"floor":12,"key":"REST"}],"circlet_count":0,"master_deck":["hexamod:Strike","hexamod:Strike","hexamod:Strike","hexamod:Strike","hexamod:Defend","hexamod:Defend","hexamod:Defend","hexamod:Defend","hexamod:Sear","hexamod:Float","hexamod:StepThrough+1","hexamod:EtherealExpedition","hexamod:GhostLash","hexamod:SecondSeal","hexamod:DynamicBlow","hexamod:GhostflameBarrier","hexamod:StepThrough+1","hexamod:ShieldOfDarkness","hexamod:RainOfEmbers","hexamod:RadiantFlame","hexamod:AdvancingGuard"],"relics":["hexamod:SpiritBrand","downfall:HeartsMalice","Letter Opener","Slimebound:PreparedRelic","downfall:HeartBlessingRed","HornCleat"],"acts_visited":["Exordium"],"potions_floor_usage":[16,16],"damage_taken":[{"damage":0,"enemies":"2 Louse","floor":2,"turns":1},{"damage":0,"enemies":"Cultist","floor":4,"turns":1},{"damage":0,"enemies":"downfall:FleeingMerchant","floor":6,"turns":1},{"damage":0,"enemies":"downfall:FleeingMerchant","floor":8,"turns":4},{"damage":20,"enemies":"3 Sentries","floor":9,"turns":7},{"damage":0,"enemies":"Jaw Worm","floor":11,"turns":3},{"damage":0,"enemies":"Gremlin Nob","floor":13,"turns":3},{"damage":7,"enemies":"Exordium Wildlife","floor":14,"turns":3},{"damage":0,"enemies":"Large Slime","floor":15,"turns":4},{"damage":41,"enemies":"WA_ARCHETYPE_RETAIN","floor":16,"turns":7}],"seed_played":"1388609915066705895","potions_obtained":[{"floor":9,"key":"champ:CounterPotion"},{"floor":11,"key":"GamblersBrew"},{"floor":14,"key":"FearPotion"}],"is_trial":false,"path_per_floor":["R","M","?","M","?","$","T","$","E","?","M","R","E","M","M","B"],"character_chosen":"THE_SPIRIT","items_purchased":["hexamod:SecondSeal"],"campfire_rested":1,"item_purchase_floors":[6],"current_hp_per_floor":[70,70,70,70,45,45,45,45,25,25,25,46,46,39,39,0,0,0],"gold":94,"neow_bonus":"THREE_ENEMY_KILL","is_daily":false,"chose_seed":false,"campfire_upgraded":0,"win_rate":0.0,"timestamp":1612158141,"path_taken":["R","M","?","?","?","?","T","$","E","?","M","R","E","?","M","BOSS"],"items_purchased_type":["Card"],"build_version":"2020-12-22","purchased_purges":0,"victory":false,"max_hp_per_floor":[70,70,70,70,70,70,70,70,70,70,70,70,70,70,70,70,70,70],"card_choices":[{"not_picked":["hexamod:HeatMetal","hexamod:SkipABeat"],"picked":"hexamod:StepThrough","floor":2},{"not_picked":["hexamod:BurningTouch","hexamod:Firestarter"],"picked":"hexamod:EtherealExpedition","floor":4},{"not_picked":["hexamod:SoulSteal","hexamod:BacktrackSmack"],"picked":"hexamod:GhostLash","floor":6},{"not_picked":["hexamod:BacktrackSmack","hexamod:ExtraCrispy"],"picked":"hexamod:DynamicBlow","floor":8},{"not_picked":["hexamod:InspiringFlames","hexamod:PhantomCloak"],"picked":"hexamod:GhostflameBarrier","floor":9},{"not_picked":["hexamod:PowerFromBeyond","hexamod:ThermalTransfer"],"picked":"hexamod:ShieldOfDarkness","floor":11},{"not_picked":["hexamod:SpectersWail","hexamod:Firestarter"],"picked":"hexamod:RainOfEmbers","floor":13},{"not_picked":["hexamod:GhostOfSpirePast","hexamod:GhostShield"],"picked":"hexamod:RadiantFlame","floor":14},{"not_picked":["hexamod:BurningTouch","hexamod:GhostLash"],"picked":"hexamod:AdvancingGuard","floor":15}],"player_experience":163683,"relics_obtained":[{"floor":9,"key":"Slimebound:PreparedRelic"},{"floor":13,"key":"HornCleat"}],"event_choices":[{"damage_healed":0,"gold_gain":0,"player_choice":"Forge","damage_taken":0,"max_hp_gain":0,"max_hp_loss":0,"event_name":"Accursed Blacksmith","floor":3,"gold_loss":0,"cards_upgraded":["hexamod:StepThrough"]},{"damage_healed":0,"gold_gain":0,"player_choice":"Success","damage_taken":25,"relics_obtained":["Letter Opener"],"max_hp_gain":0,"max_hp_loss":0,"event_name":"Scrap Ooze","floor":5,"gold_loss":0}],"is_beta":false,"boss_relics":[],"items_purged_floors":[],"is_endless":false,"potions_floor_spawned":[9,11,14],"killed_by":"WA_ARCHETYPE_RETAIN","ascension_level":2}}