{"host":"4par9lyhj7bf4dsa","time":1612220461,"event":{"mods":["AchievementEnabler","BaseMod","Colored Map","Minty Spire (QoL Compilation)","Relic Stats","StSLib"],"gold_per_floor":[114,131,206,219,234,234,268,268,268,268,303,319,329,346,346,419,419,435,435,110,110,110,110],"floor_reached":22,"language":"ENG","playtime":1007,"items_purged":[],"score":397,"play_id":"9af39170-ebc3-4764-ae62-6a1dcabdd655","local_time":"20210202100101","is_ascension_mode":true,"campfire_choices":[{"data":"Static Discharge","floor":6,"key":"SMITH"},{"floor":10,"key":"REST"},{"floor":15,"key":"REST"}],"circlet_count":0,"master_deck":["AscendersBane","Defend_B","Defend_B","Defend_B","Defend_B","Zap","Dualcast","Static Discharge+1","FTL","Rebound","Reinforced Body","Turbo+1","Go for the Eyes","Coolheaded+1","Coolheaded+1","Electrodynamics","Hologram+1","Bite","Bite","Bite","Bite","Bite"],"relics":["Cracked Core","StrikeDummy","Toxic Egg 2","Bottled Tornado","Snecko Eye","ClockworkSouvenir","Regal Pillow"],"acts_visited":["Exordium","TheCity"],"potions_floor_usage":[4,11,14,16],"damage_taken":[{"damage":2,"enemies":"Jaw Worm","floor":1,"turns":3},{"damage":0,"enemies":"2 Louse","floor":2,"turns":4},{"damage":7,"enemies":"Small Slimes","floor":4,"turns":3},{"damage":2,"enemies":"3 Louse","floor":5,"turns":4},{"damage":31,"enemies":"Gremlin Nob","floor":7,"turns":4},{"damage":11,"enemies":"3 Sentries","floor":11,"turns":6},{"damage":0,"enemies":"Looter","floor":12,"turns":3},{"damage":5,"enemies":"2 Fungi Beasts","floor":13,"turns":2},{"damage":17,"enemies":"Gremlin Gang","floor":14,"turns":3},{"damage":18,"enemies":"Hexaghost","floor":16,"turns":8},{"damage":43,"enemies":"Shell Parasite","floor":18,"turns":6}],"seed_played":"8344176587764709333","potions_obtained":[{"floor":1,"key":"DistilledChaos"},{"floor":2,"key":"Dexterity Potion"},{"floor":5,"key":"LiquidBronze"},{"floor":12,"key":"ColorlessPotion"},{"floor":14,"key":"FearPotion"},{"floor":16,"key":"EssenceOfSteel"}],"is_trial":false,"path_per_floor":["M","M","?","M","M","R","E","?","T","R","E","M","M","M","R","B",null,"M","?","$","?","?"],"character_chosen":"DEFECT","items_purchased":["ClockworkSouvenir","Regal Pillow"],"campfire_rested":2,"item_purchase_floors":[20,20],"current_hp_per_floor":[69,69,58,51,49,49,18,11,11,34,23,23,18,1,24,6,60,17,17,17,17,0,0],"gold":110,"neow_bonus":"TEN_PERCENT_HP_BONUS","is_daily":false,"chose_seed":false,"campfire_upgraded":1,"win_rate":0.0,"timestamp":1612220461,"path_taken":["M","M","?","M","M","R","E","?","T","R","E","M","M","M","R","BOSS","M","?","$","?","?"],"items_purchased_type":["Relic","Relic"],"build_version":"2020-12-22","purchased_purges":0,"victory":false,"max_hp_per_floor":[78,78,78,78,78,78,78,78,78,78,78,78,78,78,78,78,78,78,54,54,54,54,54],"relic_stats":{"Regal Pillow":0,"counters":[11,46],"Snecko Eye":[6,8,17,13],"obtain_stats":[{"Regal Pillow":20,"Snecko Eye":17,"Toxic Egg 2":9,"Bottled Tornado":11,"Cracked Core":0,"StrikeDummy":7,"ClockworkSouvenir":20},{"Regal Pillow":11,"Snecko Eye":10,"Toxic Egg 2":5,"Bottled Tornado":6,"Cracked Core":0,"StrikeDummy":5,"ClockworkSouvenir":11},{"Regal Pillow":46,"Snecko Eye":40,"Toxic Egg 2":18,"Bottled Tornado":24,"Cracked Core":0,"StrikeDummy":18,"ClockworkSouvenir":46}]},"card_choices":[{"not_picked":["Turbo","Force Field"],"picked":"Static Discharge","floor":1},{"not_picked":["Barrage","Stack"],"picked":"FTL","floor":2},{"not_picked":["Barrage","Chill"],"picked":"Rebound","floor":4},{"not_picked":["Beam Cell","Barrage","Double Energy"],"picked":"SKIP","floor":5},{"not_picked":["Redo","Skim"],"picked":"Reinforced Body","floor":7},{"not_picked":["Gash","Sweeping Beam"],"picked":"Turbo+1","floor":11},{"not_picked":["Streamline","Gash"],"picked":"Go for the Eyes","floor":12},{"not_picked":["Capacitor","Compile Driver"],"picked":"Coolheaded+1","floor":13},{"not_picked":["Sweeping Beam","Streamline"],"picked":"Coolheaded+1","floor":14},{"not_picked":["Hyperbeam","Multi-Cast+1"],"picked":"Electrodynamics","floor":16},{"not_picked":["Compile Driver","Chill+1"],"picked":"Hologram+1","floor":18}],"player_experience":912765,"relics_obtained":[{"floor":7,"key":"StrikeDummy"},{"floor":9,"key":"Toxic Egg 2"},{"floor":11,"key":"Bottled Tornado"}],"event_choices":[{"damage_healed":0,"gold_gain":75,"player_choice":"Gather Gold","damage_taken":11,"max_hp_gain":0,"max_hp_loss":0,"event_name":"World of Goop","floor":3,"gold_loss":0},{"cards_removed":["Strike_B"],"damage_healed":0,"gold_gain":0,"player_choice":"Card Removal","damage_taken":7,"max_hp_gain":0,"max_hp_loss":0,"event_name":"Golden Wing","floor":8,"gold_loss":0},{"damage_healed":0,"gold_gain":0,"player_choice":"Became a vampire","damage_taken":0,"max_hp_gain":0,"max_hp_loss":24,"event_name":"Vampires","floor":19,"gold_loss":0,"cards_obtained":["Bite","Bite","Bite","Bite","Bite"]},{"damage_healed":0,"gold_gain":0,"player_choice":"Ignored","damage_taken":0,"max_hp_gain":0,"max_hp_loss":0,"event_name":"Beggar","floor":21,"gold_loss":0}],"is_beta":false,"boss_relics":[{"not_picked":["Velvet Choker","FrozenCore"],"picked":"Snecko Eye"}],"items_purged_floors":[],"is_endless":false,"potions_floor_spawned":[1,2,5,12,14,16],"ascension_level":18}}