{"host":"s5d39dhq0ddhxhke","time":1612219235,"event":{"mods":["AchievementEnabler","BaseMod","Colored Map","Minty Spire (QoL Compilation)","Smile Girya","SuperFastMode"],"gold_per_floor":[117,42,61,71,91,91,118,118,118,143,160,171,171,184,184,184,184],"floor_reached":16,"language":"ENG","playtime":447,"items_purged":["Shame"],"score":230,"play_id":"28d1ec84-ba85-47a3-9455-df241a4af2c4","local_time":"20210202004035","is_ascension_mode":true,"campfire_choices":[{"data":"Bash","floor":6,"key":"SMITH"},{"data":"Rampage","floor":8,"key":"SMITH"},{"data":"Carnage","floor":13,"key":"SMITH"},{"data":"Blood for Blood","floor":15,"key":"SMITH"}],"circlet_count":0,"master_deck":["AscendersBane","Strike_R","Strike_R","Strike_R","Strike_R","Strike_R","Defend_R","Defend_R","Defend_R","Defend_R","Bash+1","Rampage+1","Pommel Strike","Ghostly Armor","Blood for Blood+1","Carnage+1","Immolate"],"relics":["Burning Blood","Lantern","Strawberry","Matryoshka"],"acts_visited":["Exordium"],"potions_floor_usage":[16],"damage_taken":[{"damage":14,"enemies":"Jaw Worm","floor":1,"turns":4},{"damage":6,"enemies":"2 Louse","floor":3,"turns":3},{"damage":5,"enemies":"Cultist","floor":4,"turns":4},{"damage":7,"enemies":"Looter","floor":5,"turns":3},{"damage":32,"enemies":"Gremlin Nob","floor":7,"turns":4},{"damage":30,"enemies":"3 Sentries","floor":10,"turns":9},{"damage":8,"enemies":"Blue Slaver","floor":11,"turns":2},{"damage":4,"enemies":"2 Fungi Beasts","floor":12,"turns":4},{"damage":1,"enemies":"Looter","floor":14,"turns":2},{"damage":38,"enemies":"Slime Boss","floor":16,"turns":8}],"seed_played":"-4668982685270795361","potions_obtained":[{"floor":7,"key":"HeartOfIron"},{"floor":10,"key":"CultistPotion"}],"is_trial":false,"path_per_floor":["M","$","M","M","M","R","E","R","T","E","M","M","R","M","R","B"],"character_chosen":"IRONCLAD","items_purchased":[],"campfire_rested":0,"item_purchase_floors":[],"current_hp_per_floor":[74,74,74,75,74,74,48,48,55,31,29,31,31,36,36,0,0],"gold":184,"neow_bonus":"TWENTY_PERCENT_HP_BONUS","is_daily":false,"chose_seed":false,"campfire_upgraded":4,"win_rate":0.0,"timestamp":1612219235,"path_taken":["M","$","M","M","M","R","E","R","T","E","M","M","R","M","R","BOSS"],"items_purchased_type":[],"build_version":"2020-12-22","purchased_purges":1,"victory":false,"max_hp_per_floor":[89,89,89,89,89,89,89,89,96,96,96,96,96,96,96,96,96],"card_choices":[{"not_picked":["Wild Strike","Uppercut"],"picked":"Rampage","floor":1},{"not_picked":["Thunderclap","Dual Wield"],"picked":"Pommel Strike","floor":3},{"not_picked":["Dark Embrace","Clash"],"picked":"Ghostly Armor","floor":4},{"not_picked":["Iron Wave","Thunderclap"],"picked":"Blood for Blood","floor":5},{"not_picked":["Twin Strike","Bloodletting","Thunderclap"],"picked":"SKIP","floor":7},{"not_picked":["Wild Strike","Headbutt"],"picked":"Carnage","floor":10},{"not_picked":["Anger","Spot Weakness","Pommel Strike"],"picked":"SKIP","floor":11},{"not_picked":["Searing Blow","Headbutt","Spot Weakness"],"picked":"SKIP","floor":12},{"not_picked":["Havoc","Reckless Charge"],"picked":"Immolate","floor":14}],"player_experience":470846,"relics_obtained":[{"floor":7,"key":"Lantern"},{"floor":9,"key":"Strawberry"},{"floor":10,"key":"Matryoshka"}],"event_choices":[],"is_beta":false,"boss_relics":[],"items_purged_floors":[2],"is_endless":false,"potions_floor_spawned":[7,10,11],"killed_by":"Slime Boss","ascension_level":16}}