{"host":"tvwbxqry54t86y0v","time":1612152937,"event":{"mods":["2.2 Compatiblity","A Magickal Journey","Arknights","Astrologer","BaseMod","Beaked The Cultist","BetterRewards","Block Reminder","Clockwork Mod","Colored Powertips","DeckTracker","Downfall","Fiend Mod","GungeonMod","Hermit","Hubris","Infinite Spire","Ironclad Rager","Marked Mod","Mimic Mod","Minty Spire (QoL Compilation)","Potionbrewer","Replay The Spire","Shade Mod","Somnambulant","StSLib","The Bug Knight","The Cursed","The Death Knight","The Druid","The Elementalist","The Exalted","The Forsaken","The Hierophant","The Jungle","The Marked","The Mystic","The Problem Sleuth","The Runesmith","The Senshi","The Spell Scribe","The Valiant","The Wild Card","TheFirefly","TheHeartMod","Unceasing Turn Reminder","thorton"],"gold_per_floor":[133,133,133,95,132,153,153,173,241,264,339,33,33,93,93,217,217,233,281,378,378,578,657,657,754,836,914,926,938,990,1002,1014,1024,1136,1148,1160,1270,1282,1264,1200,1212,1397,1461,1373,1438,1450,1563,1836,1848,1411],"floor_reached":51,"language":"ENG","playtime":2506,"items_purged":[],"score":694,"play_id":"cb6e43aa-857e-4cd7-8c7f-fac0a6e692c2","local_time":"20210201151537","is_ascension_mode":true,"campfire_choices":[{"floor":7,"key":"REST"},{"floor":15,"key":"REST"},{"data":"hierophant:Glossolalia","floor":24,"key":"SMITH"},{"floor":29,"key":"REST"},{"floor":32,"key":"REST"},{"data":"hierophant:BulkyChest","floor":41,"key":"SMITH"},{"floor":46,"key":"RECALL"},{"data":"hierophant:AuricForm","floor":49,"key":"SMITH"}],"circlet_count":0,"master_deck":["hierophant:Strike_Hierophant","hierophant:Strike_Hierophant","hierophant:Strike_Hierophant","hierophant:Strike_Hierophant","hierophant:Punish","hierophant:Defend_Hierophant","hierophant:Defend_Hierophant","hierophant:Defend_Hierophant","hierophant:Defend_Hierophant","hierophant:ChurchCoffers","hierophant:Doubloon","hierophant:Doubloon","hierophant:Glossolalia+1","hierophant:ArchangelShield","hierophant:PassingBell","hierophant:FlamingChariot","hierophant:ThreeLashes","hierophant:CoinFling","hierophant:Doubloon","ReplayTheSpireMod:Uncanny Aura","hierophant:Determination","hierophant:Doubloon","hierophant:BulkyChest+1","hierophant:RustyCrate","hierophant:Doubloon","hierophant:Doubloon","hierophant:AuricBeam+1","hierophant:Doubloon","hierophant:CursedGold","AbeCurse","hierophant:AuricForm+1","hierophant:Sermon"],"relics":["hierophant:PropheticMaskRelic","DemoMod:ClearGuonStone","hubris:OldNail","HollowMod:PaleOreRelic","ReplayTheSpireMod:TigerMarble","hubris:ScarierMask","Orichalcum","DemoMod:Bottle","MawBank","Bag of Preparation","Replay:Wanted Poster","infinitespire:EvilPickle","theSleuth:Tectrixcalibur","Replay:Bottled Flurry","Blood Vial"],"acts_visited":["Exordium","TheCity","TheBeyond"],"potions_floor_usage":[6,14,16,16,20,20,20,27,33],"damage_taken":[{"damage":0,"enemies":"2 Louse","floor":1,"turns":1},{"damage":11,"enemies":"Small Slimes","floor":5,"turns":5},{"damage":30,"enemies":"Gremlin Nob","floor":6,"turns":6},{"damage":6,"enemies":"Jaw Worm","floor":8,"turns":6},{"damage":1,"enemies":"3 Louse","floor":9,"turns":9},{"damage":5,"enemies":"3 Louse","floor":10,"turns":3},{"damage":7,"enemies":"Red Slaver","floor":14,"turns":3},{"damage":34,"enemies":"Slime Boss","floor":16,"turns":11},{"damage":22,"enemies":"Shell Parasite","floor":18,"turns":7},{"damage":14,"enemies":"Chosen","floor":20,"turns":6},{"damage":0,"enemies":"Slavers","floor":23,"turns":4},{"damage":10,"enemies":"Centurion and Healer","floor":25,"turns":4},{"damage":0,"enemies":"Chosen and Byrds","floor":26,"turns":3},{"damage":19,"enemies":"Replay:Snechameleon","floor":27,"turns":4},{"damage":0,"enemies":"Chosen and Byrds","floor":30,"turns":2},{"damage":30,"enemies":"Pondfish","floor":33,"turns":8},{"damage":13,"enemies":"Orb Walker","floor":35,"turns":4},{"damage":3,"enemies":"3 Shapes","floor":37,"turns":3},{"damage":0,"enemies":"Giant Head","floor":40,"turns":5},{"damage":18,"enemies":"Writhing Mass","floor":42,"turns":3},{"damage":1,"enemies":"Reptomancer","floor":45,"turns":2},{"damage":0,"enemies":"Maw","floor":47,"turns":1},{"damage":0,"enemies":"3 Darklings","floor":48,"turns":3},{"damage":29,"enemies":"Donu and Deca","floor":50,"turns":4}],"seed_played":"2590819274662317072","potions_obtained":[{"floor":5,"key":"potionbrewer:StunPotion"},{"floor":8,"key":"hexamod:SoulburnPotion"},{"floor":13,"key":"DemoMod:BlankPotion"},{"floor":13,"key":"potionbrewer:NoxiousPotion"},{"floor":16,"key":"potionbrewer:DiscountPotion"},{"floor":19,"key":"potionbrewer:SplittingPotion"},{"floor":20,"key":"potionbrewer:BoundlessPotion"},{"floor":25,"key":"Adrenaline Potion"},{"floor":33,"key":"sneckomod:MuddlingPotion"},{"floor":39,"key":"LifebloodPotion"},{"floor":39,"key":"DemoMod:BlankPotion"}],"is_trial":false,"path_per_floor":["M","?","?","$","M","E","R","M","MIM","M","?","$","?","M","R","B",null,"M","?","M","$","?","E","R","M","MIM","E","$","R","M","?","R","B",null,"M","?","M","$","?","E","R","M","T","NS","E","R","M","M","R","B",null],"character_chosen":"HIEROPHANT","items_purchased":["hierophant:ArchangelShield","hierophant:CoinFling","ReplayTheSpireMod:TigerMarble","ReplayTheSpireMod:Uncanny Aura"],"campfire_rested":4,"item_purchase_floors":[4,12,12,12],"current_hp_per_floor":[75,75,75,75,64,34,56,50,49,44,33,33,33,26,48,14,75,53,53,44,44,44,44,44,34,41,22,22,44,44,44,66,36,75,62,62,59,59,59,75,75,72,72,72,71,71,73,75,75,46],"gold":1423,"neow_bonus":"THREE_CARDS","is_daily":false,"chose_seed":false,"campfire_upgraded":3,"win_rate":0.0,"timestamp":1612152937,"path_taken":["M","?","?","$","M","E","R","M","MIM","M","?","?","?","M","R","BOSS","M","?","M","$","?","E","R","M","MIM","E","$","R","M","?","R","BOSS","M","?","M","$","?","E","R","M","T","NS","E","R","M","M","R","BOSS"],"items_purchased_type":["Card","Card","Relic","Card"],"build_version":"2020-12-22","purchased_purges":0,"victory":true,"max_hp_per_floor":[75,75,75,75,75,75,75,75,75,75,75,75,75,75,75,75,75,75,75,75,75,75,75,75,75,75,75,75,75,75,75,75,75,75,75,75,75,75,75,75,75,75,75,75,75,75,75,75,75,75],"card_choices":[{"not_picked":["hierophant:OrnateJavelin","hierophant:HammerAndAnvil"],"picked":"hierophant:RustyCrate","floor":0},{"not_picked":["hierophant:Doubloon","hierophant:FlamingChariot"],"picked":"hierophant:Glossolalia","floor":1},{"not_picked":["hierophant:Repentance","hierophant:OrnateBuckler"],"picked":"hierophant:PassingBell","floor":5},{"not_picked":["hierophant:Remorse","hierophant:Mercenaries","hierophant:FaithHealing"],"picked":"SKIP","floor":6},{"not_picked":["hierophant:Doubloon","hierophant:DisplayOfPower"],"picked":"hierophant:FlamingChariot","floor":8},{"not_picked":["hierophant:DisplayOfPower","hierophant:Smite"],"picked":"hierophant:ThreeLashes","floor":10},{"not_picked":["hierophant:MirrorShield","hierophant:Embezzle","hierophant:PassingBell"],"picked":"SKIP","floor":14},{"not_picked":["hierophant:DeathKnell","hierophant:Generosity"],"picked":"hierophant:Determination","floor":16},{"not_picked":["hierophant:OrnateBuckler","hierophant:SealAway"],"picked":"hierophant:Doubloon","floor":18},{"not_picked":["hierophant:Mercenaries","hierophant:HammerAndAnvil"],"picked":"hierophant:BulkyChest","floor":19},{"not_picked":["hierophant:Sermon","hierophant:FieryStrike"],"picked":"hierophant:RustyCrate","floor":19},{"not_picked":["hierophant:ConvertCurrency","hierophant:Generosity"],"picked":"hierophant:AuricBeam+1","floor":20},{"not_picked":["hierophant:Embezzle","hierophant:MorningPrayer+1","hierophant:Charity+1"],"picked":"SKIP","floor":23},{"not_picked":["hierophant:Encroach","hierophant:Repentance","hierophant:Shelter"],"picked":"SKIP","floor":25},{"not_picked":["hierophant:FieryStrike","hierophant:FlamingChariot"],"picked":"hierophant:CursedGold","floor":27},{"not_picked":["hierophant:PristineSoul","hierophant:Rebuild","hierophant:EyeForCoin"],"picked":"SKIP","floor":30},{"not_picked":["hierophant:ThreeLashes+1","hierophant:RustyCrate"],"picked":"hierophant:AuricForm","floor":35},{"not_picked":["hierophant:Doomsaying","hierophant:Chorus","hierophant:OrnateBuckler"],"picked":"SKIP","floor":37},{"not_picked":["hierophant:Encroach","hierophant:OrnateBuckler+1"],"picked":"hierophant:Sermon","floor":40},{"not_picked":["hierophant:Chorus","hierophant:Smite+1"],"picked":"hierophant:AuricShield+1","floor":42},{"not_picked":["hierophant:Dazzle+1","hierophant:Racketeering+1","hierophant:Remorse+1"],"picked":"SKIP","floor":45},{"not_picked":["hierophant:Upheaval","hierophant:Charity","hierophant:Prophecy"],"picked":"SKIP","floor":47},{"not_picked":["hierophant:Remorse","hierophant:FlamingChariot","hierophant:MirrorShield"],"picked":"SKIP","floor":48}],"player_experience":1126321,"relics_obtained":[{"floor":2,"key":"DemoMod:ClearGuonStone"},{"floor":6,"key":"hubris:OldNail"},{"floor":9,"key":"HollowMod:PaleOreRelic"},{"floor":19,"key":"Orichalcum"},{"floor":23,"key":"DemoMod:Bottle"},{"floor":26,"key":"MawBank"},{"floor":27,"key":"Bag of Preparation"},{"floor":40,"key":"Replay:Bottled Flurry"},{"floor":45,"key":"Blood Vial"}],"event_choices":[{"damage_healed":0,"gold_gain":75,"player_choice":"Gather Gold","damage_taken":11,"max_hp_gain":0,"max_hp_loss":0,"event_name":"World of Goop","floor":11,"gold_loss":0},{"damage_healed":0,"gold_gain":0,"player_choice":"Got Potions","damage_taken":0,"max_hp_gain":0,"max_hp_loss":0,"event_name":"Lab","floor":13,"gold_loss":0},{"damage_healed":0,"gold_gain":250,"player_choice":"Bet on Owner","damage_taken":0,"max_hp_gain":0,"max_hp_loss":0,"event_name":"The Joust","floor":22,"gold_loss":50},{"damage_healed":0,"gold_gain":0,"player_choice":"Bought 2 Potions","damage_taken":0,"max_hp_gain":0,"max_hp_loss":0,"event_name":"The Woman in Blue","floor":39,"gold_loss":0}],"is_beta":false,"boss_relics":[{"not_picked":["ReplayTheSpireMod:DimensionalGlitch","hubris:GrandSneckoEye"],"picked":"hubris:ScarierMask"},{"not_picked":["Astrolabe","Bromod:ArcaneEnergize"],"picked":"Replay:Wanted Poster"}],"items_purged_floors":[],"is_endless":false,"potions_floor_spawned":[5,8,16,20,25,33,45,47,48],"ascension_level":1}}