{"host":"i0m9g0siyue4991n","time":1612208684,"event":{"mods":["100% Spire Juice","ATMod(°¢èªMod)","Act Like it!","BaseMod","BetterRewards","CapriCore","Challenge The Spire","Custom Start","Friendly Minions","Gensokyo","GungeonMod","HololiveMod","Marisa£¨ìFÓê¡¡Ä§ÀíÉ³£©","Minty Spire (QoL Compilation)","Quick Restart","Reimu£¨²©ÀöÁéÃÎ£©","RumiaBox-Â¶Ã×æ«µÄÉñÃØºÐ×Ó","StSLib","The Administrix","The Immortal","The Servant 0.9.4","Yakumo Yukari mod"],"gold_per_floor":[133,133,145,70,89,89,104,104,155,8,33,33,52,52,52,153,153,167,184,199,49,68,106,106,175,230,230,230,277,277,291,291,396,396,420,13,28,77,77,122,122,184,184,184,218,218,218,218,218,218,218,218,11,37,42],"floor_reached":56,"language":"ZHS","playtime":2692,"items_purged":["DemoMod:Defend_Huntress","DemoMod:RustySidearm","DemoMod:BattleInHaste"],"score":1651,"play_id":"ddc43336-880f-45b3-8901-eb7fb8caa045","local_time":"20210202034444","is_ascension_mode":true,"campfire_choices":[{"data":"AT_FamilyPortrait","floor":6.0,"key":"SMITH"},{"data":"DemoMod:ManualReload","floor":15,"key":"SMITH"},{"floor":24,"key":"REST"},{"floor":30,"key":"REST"},{"data":"DemoMod:ConditionalReflex","floor":32,"key":"SMITH"},{"floor":41,"key":"RECALL"},{"data":"DemoMod:FullFirepower","floor":46,"key":"SMITH"},{"data":"DemoMod:TableSutra","floor":49,"key":"SMITH"},{"data":"DemoMod:SAA","floor":52,"key":"SMITH"}],"circlet_count":0,"master_deck":["DemoMod:Defend_Huntress","DemoMod:Defend_Huntress","DemoMod:Defend_Huntress","DemoMod:Roll","DemoMod:ManualReload+1","AT_FamilyPortrait+1","DemoMod:SAA+1","DemoMod:ConditionalReflex+1","DemoMod:DoubleVision","DemoMod:CursedBullets","DemoMod:CursedBullets","DemoMod:FullFirepower+1","DemoMod:SkilledReload+1","DemoMod:TableSutra+1","DemoMod:HardPowerCard+1","DemoMod:HuntsMan"],"relics":["DemoMod:Dog","AT_ATBox","Happy Flower","Vajra","DemoMod:HoleyGrail","HornCleat","DemoMod:Test1","Gensokyo:Companionship","Medical Kit","Thread and Needle","Oddly Smooth Stone","Ccalipers","Enchiridion","Anchor","Empty Cage","Smiling Mask","AT_ArcaneBoots","Toy Ornithopter","AT_GuinsooRageblade","Frozen Egg 2","Eternal Feather","Darkstone Periapt","DemoMod:Bottle","Gensokyo:EmptyGrave","DemoMod:RedGuonStone","MagicDraw1"],"acts_visited":["Exordium","TheCity","TheCity","TheEnding"],"potions_floor_usage":[16,20,23,25,25,33,37,55,55],"damage_taken":[{"damage":0.0,"enemies":"Gensokyo:Gryphon","floor":1.0,"turns":1.0},{"damage":0.0,"enemies":"Gensokyo:Python","floor":3.0,"turns":4.0},{"damage":0.0,"enemies":"Gensokyo:2_Kodama","floor":5.0,"turns":3.0},{"damage":0,"enemies":"Gensokyo:VengefulSpirit","floor":7,"turns":5},{"damage":35,"enemies":"Gensokyo:Aya","floor":11,"turns":8},{"damage":6,"enemies":"Gensokyo:Kitsune","floor":13,"turns":7},{"damage":13,"enemies":"Gensokyo:Reimu","floor":16,"turns":11},{"damage":5,"enemies":"Shell Parasite","floor":18,"turns":4},{"damage":6,"enemies":"3 Byrds","floor":19,"turns":2},{"damage":12,"enemies":"Centurion and Healer","floor":20,"turns":10},{"damage":0,"enemies":"3 Cultists","floor":22,"turns":3},{"damage":35,"enemies":"Slavers","floor":23,"turns":4},{"damage":5,"enemies":"Book of Stabbing","floor":25,"turns":5},{"damage":0,"enemies":"Snecko","floor":31,"turns":4},{"damage":0,"enemies":"Automaton","floor":33,"turns":7},{"damage":0,"enemies":"Gensokyo:AncientGuardian","floor":35,"turns":5},{"damage":0,"enemies":"Gensokyo:3_Bats","floor":37,"turns":4},{"damage":0,"enemies":"Gensokyo:Sharpion","floor":38,"turns":7},{"damage":0,"enemies":"Gensokyo:Doremy","floor":40,"turns":7},{"damage":48,"enemies":"Gensokyo:Marisa","floor":42,"turns":5},{"damage":0,"enemies":"Gensokyo:Doremy","floor":45,"turns":5},{"damage":0,"enemies":"Gensokyo:Yuyuko","floor":50,"turns":3},{"damage":0,"enemies":"Shield and Spear","floor":54,"turns":1},{"damage":4,"enemies":"The Heart","floor":55,"turns":3}],"seed_played":"-5222504432530300758","potions_obtained":[{"floor":1.0,"key":"Energy Potion"},{"floor":11,"key":"PowerPotion"},{"floor":13,"key":"FearPotion"},{"floor":19,"key":"ZuzhouPotion:ReiMu"},{"floor":22,"key":"BlessingOfTheForge"},{"floor":25,"key":"AttackPotion"},{"floor":35,"key":"Block Potion"},{"floor":37,"key":"Ancient Potion"},{"floor":42,"key":"Energy Potion"},{"floor":45,"key":"Ancient Potion"}],"is_trial":false,"path_per_floor":["M","?","M","$","M","R","M","?","T","COS","E","?","M","$","R","B",null,"M","M","M","$","M","E","R","E","T","?","?","T","R","M","R","B",null,"M","$","M","?","?","E","R","E","T","?","E","R","?","?","R","B",null,"R","$","E","B",null],"character_chosen":"HUNTRESS","items_purchased":["Medical Kit","AT_SpeedBoots","DemoMod:TableSutra","Toy Ornithopter","DemoMod:RedGuonStone"],"campfire_rested":2,"item_purchase_floors":[21,36,36,36,53],"current_hp_per_floor":[70,70,70,70,70,70,70,70,70,70,38,38,32,32,32,54,73,68,62,50,50,50,15,36,31,31,15,2,2,25,25,25,45,78,78,78,78,78,78,78,78,30,30,30,30,39,39,29,38,72,72,72,72,72,68],"gold":42,"neow_bonus":"REMOVE_CARD","is_daily":false,"chose_seed":false,"campfire_upgraded":6,"win_rate":0.0,"timestamp":1612208684,"path_taken":["M","?","?","$","?","R","M","?","T","COS","E","?","?","?","R","BOSS","M","M","M","$","M","E","R","E","T","?","?","?","R","M","R","BOSS","M","$","M","?","?","E","R","E","T","?","E","R","?","?","R","BOSS","R","$","E","BOSS"],"items_purchased_type":["Relic","Relic","Card","Relic","Relic"],"build_version":"2020-12-22","purchased_purges":3,"victory":true,"max_hp_per_floor":[70,70,70,70,70,70,70,70,70,70,73,73,73,73,73,73,73,73,73,73,73,73,73,73,73,73,73,78,78,78,78,78,78,78,78,78,78,78,78,78,78,78,78,78,78,78,72,72,72,72,72,72,72,72,72],"card_choices":[{"not_picked":["DemoMod:Replace","DemoMod:HuntsMan","DemoMod:MachoBrace"],"picked":"SKIP","floor":1.0},{"not_picked":["DemoMod:Replace","DemoMod:StickyCrossBow"],"picked":"DemoMod:DirectionalPad","floor":3.0},{"not_picked":["DemoMod:BoxingGlove","DemoMod:Unity","DemoMod:StickyCrossBow"],"picked":"SKIP","floor":5.0},{"not_picked":["DemoMod:HardPowerCard","DemoMod:SAA"],"picked":"DemoMod:BlankBullets","floor":7},{"not_picked":["DemoMod:JK47","DemoMod:HighKaliber","DemoMod:AbyssalTentacle"],"picked":"SKIP","floor":11},{"not_picked":["DemoMod:BlankBullets","DemoMod:Slinger"],"picked":"DemoMod:BSG","floor":13},{"not_picked":["DemoMod:AC15","DemoMod:MachoBrace","DemoMod:ZorGun"],"picked":"SKIP","floor":13},{"not_picked":["DemoMod:DarkMarker","DemoMod:GunslingerForm"],"picked":"DemoMod:BalloonGun","floor":16},{"not_picked":["DemoMod:FastSwitch","DemoMod:Polaris"],"picked":"DemoMod:SAA","floor":18},{"not_picked":["DemoMod:PotionOfGunFriendShip","DemoMod:StickyCrossBow+1","DemoMod:AC15"],"picked":"SKIP","floor":19},{"not_picked":["DemoMod:HardPowerCard","DemoMod:ProbeStrike+1","DemoMod:CursedBullets"],"picked":"SKIP","floor":20},{"not_picked":["DemoMod:HardPowerCard","DemoMod:ProbeStrike+1"],"picked":"DemoMod:CursedBullets","floor":20},{"not_picked":["DemoMod:ConditionalReflex","DemoMod:BoxingGlove+1","DemoMod:TeaPot+1"],"picked":"SKIP","floor":22},{"not_picked":["DemoMod:BoxingGlove+1","DemoMod:TeaPot+1"],"picked":"DemoMod:ConditionalReflex","floor":22},{"not_picked":["DemoMod:BoxingGlove","DemoMod:DirectionalPad"],"picked":"DemoMod:DoubleVision","floor":23},{"not_picked":["DemoMod:BoxingGlove+1","DemoMod:RadGun"],"picked":"DemoMod:CursedBullets","floor":25},{"not_picked":["DemoMod:DirectionalPad","DemoMod:PracticeMakesPerfect"],"picked":"DemoMod:CursedBullets","floor":31},{"not_picked":["DemoMod:ThirdPartyController","DemoMod:DarkMarker"],"picked":"DemoMod:FullFirepower","floor":33},{"not_picked":["DemoMod:Rummage","DemoMod:StrategicReserve"],"picked":"DemoMod:SkilledReload+1","floor":35},{"not_picked":["DemoMod:HardPowerCard","DemoMod:HuntsMan+1","DemoMod:LifeOrb"],"picked":"SKIP","floor":37},{"not_picked":["DemoMod:TripleGun","DemoMod:SAA+1"],"picked":"DemoMod:Purify","floor":38},{"not_picked":["DemoMod:FastSwitch","DemoMod:Unmoved"],"picked":"DemoMod:BattleInHaste","floor":40},{"not_picked":["DemoMod:ConditionalReflex","DemoMod:Unmoved+1"],"picked":"DemoMod:HardPowerCard+1","floor":42},{"not_picked":["DemoMod:GunstockTap","DemoMod:PracticeMakesPerfect+1"],"picked":"DemoMod:HuntsMan","floor":45},{"not_picked":["DemoMod:BattleInHaste","DemoMod:SniperShot","DemoMod:Unity"],"picked":"SKIP","floor":54}],"player_experience":578921,"relics_obtained":[{"floor":9,"key":"Vajra"},{"floor":11,"key":"DemoMod:HoleyGrail"},{"floor":23,"key":"Thread and Needle"},{"floor":25,"key":"Oddly Smooth Stone"},{"floor":26,"key":"Ccalipers"},{"floor":27,"key":"Enchiridion"},{"floor":29,"key":"Anchor"},{"floor":35,"key":"Smiling Mask"},{"floor":40,"key":"AT_GuinsooRageblade"},{"floor":42,"key":"Frozen Egg 2"},{"floor":43,"key":"Eternal Feather"},{"floor":45,"key":"Darkstone Periapt"},{"floor":45,"key":"DemoMod:Bottle"},{"floor":54,"key":"MagicDraw1"}],"event_choices":[{"damage_healed":0,"gold_gain":0,"player_choice":"Obtained Book","damage_taken":16,"max_hp_gain":0,"max_hp_loss":0,"event_name":"Cursed Tome","floor":27,"gold_loss":0},{"damage_healed":0,"gold_gain":0,"player_choice":"Shed Blood","damage_taken":18,"max_hp_gain":5,"max_hp_loss":0,"event_name":"Forgotten Altar","floor":28,"gold_loss":0}],"is_beta":false,"boss_relics":[{"not_picked":["Velvet Choker","SlaversCollar"],"picked":"DemoMod:Test1"},{"not_picked":["Hololive_ChaosS","Cursed Key"],"picked":"Empty Cage"}],"items_purged_floors":[4,36,53],"is_endless":false,"potions_floor_spawned":[1,11,13,19,22,25,35,37,42,45],"ascension_level":3}}