{"host":"ixpjvd0r4p7lnmut","time":1612163833,"event":{"mods":["Act Like it!","BaseMod","Block Reminder","Colored Map","Colored Powertips","Minty Spire (QoL Compilation)","Rare Cards Sparkle","Relic Stats","StSLib","The Bug Knight"],"gold_per_floor":[11,11,31,41,41,41,53,53,53,53,64,93,109,129,129,224,224,208,219,251,199,199,199,231,231,231,258,277,277,277,295,295,398,448,467,485,485,485,500,500,500],"floor_reached":40,"language":"ENG","playtime":2140,"items_purged":[],"score":430,"play_id":"6bbc1892-2e20-46bd-8905-853449220230","local_time":"20210131231713","is_ascension_mode":false,"campfire_choices":[{"data":"HollowMod:FocusHealStart","floor":6,"key":"SMITH"},{"floor":8,"key":"REST"},{"floor":10,"key":"REST"},{"floor":15,"key":"REST"},{"data":"HollowMod:Weaversong","floor":23,"key":"SMITH"},{"data":"HollowMod:HowlingWraiths","floor":25,"key":"SMITH"},{"floor":29,"key":"REST"},{"floor":32,"key":"REST"}],"circlet_count":0,"master_deck":["HollowMod:NailStrikeStart","HollowMod:NailStrikeStart","HollowMod:NailStrikeStart","HollowMod:QuickDashStart","HollowMod:QuickDashStart","HollowMod:QuickDashStart","HollowMod:FocusHealStart+1","HollowMod:PogoStrike","HollowMod:GoodIntentions","HollowMod:PerfectDash","HollowMod:InfectedCysts","HollowMod:DoubleDash","HollowMod:Weaversong+1","HollowMod:ChannelNail","HollowMod:DungDefenderAura","HollowMod:Hiveblood","HollowMod:ChannelNail+1","HollowMod:HowlingWraiths+1","HollowMod:SoulStrike","HollowMod:MothsMistake","Clumsy","HollowMod:VengefulSpirit","HollowMod:SoulStrike+1","HollowMod:Grubsong","HollowMod:SlysStrikes","HollowMod:DesolateDive+1","HollowMod:InfectedAttack+1"],"relics":["HollowMod:VesselMask","Bottled Flame","HornCleat","Cursed Key","Red Mask","StoneCalendar","Letter Opener","Orichalcum","Tiny House"],"acts_visited":["Exordium","TheCity","TheBeyond"],"potions_floor_usage":[12,16,19,24,27,27,28,30,35,39,40],"damage_taken":[{"damage":1,"enemies":"2 Louse","floor":1,"turns":3},{"damage":1,"enemies":"Jaw Worm","floor":3,"turns":3},{"damage":0,"enemies":"Small Slimes","floor":4,"turns":3},{"damage":69,"enemies":"Exordium Thugs","floor":7,"turns":8},{"damage":6,"enemies":"3 Louse","floor":11,"turns":2},{"damage":32,"enemies":"Gremlin Nob","floor":12,"turns":4},{"damage":1,"enemies":"2 Fungi Beasts","floor":13,"turns":3},{"damage":21,"enemies":"Looter","floor":14,"turns":4},{"damage":34,"enemies":"HollowMod:FalseKnight","floor":16,"turns":15},{"damage":27,"enemies":"2 Thieves","floor":18,"turns":4},{"damage":13,"enemies":"Shell Parasite","floor":19,"turns":9},{"damage":31,"enemies":"Masked Bandits","floor":20,"turns":4},{"damage":31,"enemies":"Slavers","floor":24,"turns":6},{"damage":38,"enemies":"Book of Stabbing","floor":27,"turns":6},{"damage":32,"enemies":"Centurion and Healer","floor":28,"turns":7},{"damage":0,"enemies":"Snake Plant","floor":30,"turns":1},{"damage":20,"enemies":"Cultist and Chosen","floor":31,"turns":6},{"damage":55,"enemies":"Automaton","floor":33,"turns":11},{"damage":40,"enemies":"Orb Walker","floor":35,"turns":5},{"damage":11,"enemies":"3 Shapes","floor":36,"turns":3},{"damage":42,"enemies":"Jaw Worm Horde","floor":39,"turns":5},{"damage":24,"enemies":"Writhing Mass","floor":40,"turns":2}],"seed_played":"4450386390458891051","potions_obtained":[{"floor":3,"key":"SmokeBomb"},{"floor":7,"key":"DistilledChaos"},{"floor":14,"key":"BlessingOfTheForge"},{"floor":16,"key":"FearPotion"},{"floor":19,"key":"SkillPotion"},{"floor":20,"key":"CultistPotion"},{"floor":24,"key":"Weak Potion"},{"floor":27,"key":"EssenceOfSteel"},{"floor":33,"key":"PowerPotion"},{"floor":34,"key":"Block Potion"},{"floor":39,"key":"EssenceOfSteel"}],"is_trial":false,"path_per_floor":["M","$","M","M","?","R","M","R","T","R","M","E","M","M","R","B",null,"M","M","?","$","?","R","E","R","T","E","M","R","M","M","R","B",null,"M","M","?","?","M","M"],"character_chosen":"THE_BUGKNIGHT","items_purchased":["HollowMod:SoulStrike"],"campfire_rested":5,"item_purchase_floors":[21],"current_hp_per_floor":[75,75,75,75,80,80,23,47,47,71,65,39,38,23,47,25,80,72,80,60,60,80,80,55,55,55,41,24,48,48,50,74,40,85,56,45,45,45,9,0,0],"gold":500,"neow_bonus":"REMOVE_TWO","is_daily":false,"chose_seed":false,"campfire_upgraded":3,"win_rate":0.0,"timestamp":1612163833,"path_taken":["M","$","M","M","?","R","M","R","T","R","M","E","M","M","R","BOSS","M","M","?","$","?","R","E","R","T","E","M","R","?","M","R","BOSS","M","M","?","?","M","M"],"items_purchased_type":["Card"],"build_version":"2020-12-22","purchased_purges":0,"victory":false,"max_hp_per_floor":[75,75,75,75,80,80,80,80,80,80,80,80,80,80,80,80,80,80,80,80,80,80,80,80,80,80,80,80,80,80,80,80,80,85,85,85,85,85,85,85,85],"relic_stats":{"counters":[22,114],"StoneCalendar":[52],"Letter Opener":[65],"Orichalcum":[54],"Cursed Key":1,"obtain_stats":[{"Bottled Flame":9,"HornCleat":12,"Tiny House":34,"HollowMod:VesselMask":0,"StoneCalendar":24,"Red Mask":20,"Letter Opener":26,"Orichalcum":27,"Cursed Key":17},{"Bottled Flame":4,"HornCleat":6,"Tiny House":18,"HollowMod:VesselMask":0,"StoneCalendar":13,"Red Mask":12,"Letter Opener":13,"Orichalcum":14,"Cursed Key":9},{"Bottled Flame":17,"HornCleat":23,"Tiny House":99,"HollowMod:VesselMask":0,"StoneCalendar":68,"Red Mask":62,"Letter Opener":68,"Orichalcum":74,"Cursed Key":45}]},"card_choices":[{"not_picked":["HollowMod:LifebloodCocoon","HollowMod:SharpenedNail"],"picked":"HollowMod:GoodIntentions","floor":1},{"not_picked":["HollowMod:FallenFury","HollowMod:SiblingsSouls","HollowMod:SiblingsShadow"],"picked":"SKIP","floor":3},{"not_picked":["HollowMod:VengefulVoid","HollowMod:DesolateDive"],"picked":"HollowMod:PerfectDash","floor":4},{"not_picked":["HollowMod:PerfectDash","HollowMod:FastStrike"],"picked":"HollowMod:InfectedCysts","floor":7},{"not_picked":["HollowMod:LifebloodCocoon","HollowMod:RecoilStrike"],"picked":"HollowMod:DoubleDash","floor":11},{"not_picked":["HollowMod:LifebloodCocoon","HollowMod:SoulShaman"],"picked":"HollowMod:Weaversong","floor":12},{"not_picked":["HollowMod:CornifersMapStart","HollowMod:InfectedAttack"],"picked":"HollowMod:ChannelNail","floor":13},{"not_picked":["HollowMod:FallenFury","HollowMod:LifebloodCocoon"],"picked":"HollowMod:DungDefenderAura","floor":14},{"not_picked":["HollowMod:PureVessel","HollowMod:ElderbugsWisdom"],"picked":"HollowMod:Hiveblood","floor":16},{"not_picked":["HollowMod:DescendingDark","HollowMod:SiblingsSouls"],"picked":"HollowMod:ChannelNail","floor":18},{"not_picked":["HollowMod:SoulEater","HollowMod:SoulSplash"],"picked":"HollowMod:HowlingWraiths","floor":19},{"not_picked":["HollowMod:NewJinnsSoul","HollowMod:VengefulVoid"],"picked":"HollowMod:CycloneSlash","floor":20},{"not_picked":["HollowMod:GoodIntentions","HollowMod:DescendingDark+1"],"picked":"HollowMod:MothsMistake","floor":24},{"not_picked":["HollowMod:SiblingsShadow","HollowMod:NewLittleFool"],"picked":"HollowMod:VengefulSpirit","floor":27},{"not_picked":["HollowMod:DescendingDark+1","HollowMod:SiblingsSouls"],"picked":"HollowMod:SoulStrike+1","floor":28},{"not_picked":["HollowMod:FallenFury","HollowMod:MawleksShell"],"picked":"HollowMod:Grubsong","floor":31},{"not_picked":["HollowMod:theNailsmith","HollowMod:PureVessel"],"picked":"HollowMod:SlysStrikes","floor":33},{"not_picked":["HollowMod:DungDefenderAura","HollowMod:NewLittleFool+1"],"picked":"HollowMod:DesolateDive+1","floor":35},{"not_picked":["HollowMod:HeavyBlow","HollowMod:SiblingsSouls"],"picked":"HollowMod:InfectedAttack+1","floor":36},{"not_picked":["HollowMod:CornifersMapStart","HollowMod:NewJinnsSoul","HollowMod:FastStrike"],"picked":"SKIP","floor":39}],"player_experience":138153,"relics_obtained":[{"floor":9,"key":"Bottled Flame"},{"floor":12,"key":"HornCleat"},{"floor":20,"key":"Red Mask"},{"floor":24,"key":"StoneCalendar"},{"floor":26,"key":"Letter Opener"},{"floor":27,"key":"Orichalcum"}],"event_choices":[{"damage_healed":0,"gold_gain":0,"player_choice":"Donut","damage_taken":0,"max_hp_gain":5,"max_hp_loss":0,"event_name":"Big Fish","floor":5,"gold_loss":0},{"damage_healed":0,"gold_gain":0,"player_choice":"Fought Bandits","damage_taken":0,"max_hp_gain":0,"max_hp_loss":0,"event_name":"Masked Bandits","floor":20,"gold_loss":0},{"damage_healed":20,"gold_gain":0,"player_choice":"Full Heal","damage_taken":0,"max_hp_gain":0,"max_hp_loss":0,"event_name":"Wheel of Change","floor":22,"gold_loss":0},{"damage_healed":0,"gold_gain":0,"player_choice":"Ignored","damage_taken":0,"max_hp_gain":0,"max_hp_loss":0,"event_name":"Mysterious Sphere","floor":37,"gold_loss":0},{"cards_removed":["HollowMod:CycloneSlash"],"damage_healed":0,"gold_gain":0,"player_choice":"Removed Attack","damage_taken":0,"max_hp_gain":0,"max_hp_loss":0,"event_name":"Falling","floor":38,"gold_loss":0}],"is_beta":false,"boss_relics":[{"not_picked":["Ectoplasm","Empty Cage"],"picked":"Cursed Key"},{"not_picked":["Busted Crown","Velvet Choker"],"picked":"Tiny House"}],"items_purged_floors":[],"is_endless":false,"potions_floor_spawned":[3,7,14,16,19,20,24,27,33,39],"killed_by":"Writhing Mass","ascension_level":0}}