{"host":"u7y9frlpoazak2mn","time":1612216649,"event":{"mods":["AchievementEnabler","Act Like it!","Alarm Clock","Aspiration","Astrologer","BaseMod","Beaked The Cultist","Better Altar","Better Match","Better Note","Better Sensory Stone","Better Skull","Better Third Choice","CCEM2","Chen","Colored Map","Colored Powertips","Conspire","Curses Come First","Dark Map","Displayed Cursed Tome","Energized Spire","Friendly Minions","Gensokyo","GifTheSpireLib","Glutton Mod","Halation","Hallownest","Hermit","Hubris","Infinite Spire","Jedi Mod","Koishi","Marisa????????","Mimic Mod","Minty Spire (QoL Compilation)","Pale of the Ancients","Prisma Mod","Quick Restart","Random Character Button","Rare Cards Sparkle","Relic Stats","Reliquary","Remilia??????","Replay The Spire","Retaliation","Spicy Shops","Spikes Relics","StS++","StSLib","Stuff the Spire","The Administrix","The Blue Laboratory","The Bug Knight","The Construct","The Cursed","The Druid","The Forsaken","The Juggle","The Jungle","The Marked","The Servant 0.9.4","Waifu the Spire","Wandering Minibosses","Wide Potions","Yuri Mod"],"gold_per_floor":[115,128,128,168,184,219,239,258,285,296,296,296,315,329,329,430,430,444,457,507,520,520],"floor_reached":21,"language":"ENG","playtime":1158,"items_purged":[],"score":237,"play_id":"abb3ad6b-ea46-43b0-9862-ace0101899dc","local_time":"20210201165729","is_ascension_mode":false,"campfire_choices":[{"floor":11,"key":"REST"},{"data":"PathToVictory","floor":15,"key":"SMITH"}],"circlet_count":0,"master_deck":["PathToVictory+1","Strike_P","Strike_P","Strike_P","Strike_P","Defend_P","Defend_P","Defend_P","Defend_P","Eruption","Vigilance","Tantrum","Tantrum","FearNoEvil","Scrawl","BowlingBash"],"relics":["PureWater","NeowsBlessing","halation:EternalFortune","reliquary:Boomerang","CCEMRelics:HeliumBalloon","reliquary:IvoryTrinket","aspiration:RitualDagger"],"acts_visited":["Exordium","TheCity"],"potions_floor_usage":[6,7,16,16],"damage_taken":[{"damage":0,"enemies":"infinitespire:Voidling","floor":1,"turns":1},{"damage":0,"enemies":"Jaw Worm","floor":2,"turns":1},{"damage":0,"enemies":"Small Slimes","floor":4,"turns":2},{"damage":0,"enemies":"Small Slimes","floor":5,"turns":1},{"damage":12,"enemies":"Gremlin Nob","floor":6,"turns":3},{"damage":19,"enemies":"Exordium Thugs","floor":7,"turns":6},{"damage":3,"enemies":"Red Slaver","floor":8,"turns":2},{"damage":20,"enemies":"Looter","floor":10,"turns":3},{"damage":22,"enemies":"Exordium Wildlife","floor":13,"turns":3},{"damage":0,"enemies":"3 Louse","floor":14,"turns":2},{"damage":0,"enemies":"Fading Forest","floor":16,"turns":10},{"damage":25,"enemies":"3 Byrds","floor":18,"turns":4},{"damage":33,"enemies":"Shell Parasite","floor":19,"turns":5},{"damage":73,"enemies":"Shelled Parasite and Fungi","floor":21,"turns":5}],"seed_played":"4279706604869169992","potions_obtained":[{"floor":1,"key":"Adrenaline Potion"},{"floor":6,"key":"SpeedPotion"},{"floor":7,"key":"blueLaboratory:HorrorPotion"},{"floor":8,"key":"blueLaboratory:ExaltedPotion"},{"floor":18,"key":"blueLaboratory:LouseDecoction"},{"floor":19,"key":"StSpp:ScatteredPotion"}],"is_trial":false,"path_per_floor":["M","M","?","MIM","M","E","M","M","T","M","R","?","M","M","R","B",null,"M","M","?","M"],"character_chosen":"WATCHER","items_purchased":[],"campfire_rested":1,"item_purchase_floors":[],"current_hp_per_floor":[72,72,75,75,75,63,47,44,44,24,47,47,25,25,25,74,78,53,20,20,42,42],"gold":520,"neow_bonus":"THREE_ENEMY_KILL","is_daily":false,"chose_seed":false,"campfire_upgraded":1,"win_rate":0.0,"timestamp":1612216649,"path_taken":["M","?","?","?","?","E","M","?","T","M","R","?","M","M","R","BOSS","M","M","?","?"],"items_purchased_type":[],"build_version":"2020-12-22","purchased_purges":0,"victory":false,"max_hp_per_floor":[72,72,75,75,75,75,78,78,78,78,78,78,78,78,78,78,78,78,78,78,81,81],"relic_stats":{"counters":[14,48],"obtain_stats":[{"reliquary:IvoryTrinket":9,"reliquary:Boomerang":4,"CCEMRelics:HeliumBalloon":6,"NeowsBlessing":0,"halation:EternalFortune":3,"aspiration:RitualDagger":17,"PureWater":0},{"reliquary:IvoryTrinket":7,"reliquary:Boomerang":3,"CCEMRelics:HeliumBalloon":5,"NeowsBlessing":0,"halation:EternalFortune":2,"aspiration:RitualDagger":11,"PureWater":0},{"reliquary:IvoryTrinket":16,"reliquary:Boomerang":4,"CCEMRelics:HeliumBalloon":8,"NeowsBlessing":0,"halation:EternalFortune":2,"aspiration:RitualDagger":34,"PureWater":0}]},"card_choices":[{"not_picked":["StSpp:Purify","FlyingSleeves","StSpp:LatentStrike"],"picked":"SKIP","floor":1},{"not_picked":["Replay:AtTheReady","SashWhip","BowlingBash"],"picked":"SKIP","floor":2},{"not_picked":["Crescendo","ThirdEye"],"picked":"Tantrum","floor":4},{"not_picked":["MentalFortress","ReachHeaven","Replay:Vibes"],"picked":"SKIP","floor":5},{"not_picked":["SandsOfTime","Nirvana"],"picked":"Tantrum","floor":6},{"not_picked":["Wireheading","Replay:AtTheReady","JustLucky"],"picked":"SKIP","floor":7},{"not_picked":["Prostrate","ThirdEye","WreathOfFlame"],"picked":"SKIP","floor":8},{"not_picked":["Wallop","CrushJoints"],"picked":"FearNoEvil","floor":10},{"not_picked":["WreathOfFlame","Evaluate"],"picked":"Scrawl","floor":13},{"not_picked":["Wireheading","Perseverance"],"picked":"BowlingBash","floor":14},{"not_picked":["Consecrate","Halt","Replay:AtTheReady"],"picked":"SKIP","floor":18},{"not_picked":["Crescendo","ClearTheMind+1","CrushJoints"],"picked":"SKIP","floor":19},{"not_picked":["Replay:ManipulateFuture","FollowUp","Replay:LoomingThreat"],"picked":"SKIP","floor":21}],"player_experience":364673,"relics_obtained":[{"floor":4,"key":"reliquary:Boomerang"},{"floor":6,"key":"CCEMRelics:HeliumBalloon"},{"floor":7,"key":"halation:EternalFortune"},{"floor":9,"key":"reliquary:IvoryTrinket"},{"floor":21,"key":"halation:EternalFortune"}],"event_choices":[{"damage_healed":0,"gold_gain":0,"player_choice":"Leave","damage_taken":0,"max_hp_gain":0,"max_hp_loss":0,"event_name":"conspire:Investor","floor":12,"gold_loss":0},{"damage_healed":0,"gold_gain":100,"player_choice":"Bet on Murderer","damage_taken":0,"max_hp_gain":0,"max_hp_loss":0,"event_name":"The Joust","floor":20,"gold_loss":50}],"is_beta":false,"boss_relics":[{"not_picked":["aspiration:PoetsPen_weak","aspiration:RunicSpoon"],"picked":"aspiration:RitualDagger"}],"items_purged_floors":[],"is_endless":false,"potions_floor_spawned":[1,6,7,8,10,18,19],"killed_by":"Shelled Parasite and Fungi","ascension_level":0}}