{"host":"jumrmhf584hajrnz","time":1612185638,"event":{"mods":["BaseMod","Duelist Mod","GifTheSpireLib","Minty Spire (QoL Compilation)","Quick Restart","StSLib"],"gold_per_floor":[145,145,145,160,160,176,211,223,247,263,281,293,293,320,320,398,398,375,375,290,72,85,113,113,138,138,138,158,158,172,172,172],"floor_reached":31,"language":"ENG","playtime":2244,"items_purged":[],"score":574,"play_id":"dcb86244-9787-4494-be1f-986243727a79","local_time":"20210201142038","is_ascension_mode":true,"campfire_choices":[{"floor":13,"key":"REST"},{"floor":15,"key":"RECALL"},{"floor":24,"key":"REST"},{"floor":29,"key":"REST"}],"circlet_count":0,"master_deck":["theDuelist:VampireFraulein","theDuelist:MagicCylinder+1","theDuelist:CardSafeReturn","theDuelist:ShallowGrave","theDuelist:PatricianDarkness","theDuelist:ClownZombie","theDuelist:ShardGreed","theDuelist:PotDuality","theDuelist:WaterDragon","theDuelist:GravityAxe+1","theDuelist:HardArmor+1","theDuelist:RelinquishedSpider","theDuelist:CastleWalls","theDuelist:SummonedSkull","theDuelist:ArmoredZombie","theDuelist:RelinquishedSpider","AscendersBane","theDuelist:MudGolem","theDuelist:ClearKuriboh","theDuelist:Sparks","theDuelist:NaturiaParadizo","theDuelist:RevendreadExecutor","theDuelist:BigFire+1","theDuelist:ArchfiendSoldier","theDuelist:GhostReaper","Flash of Steel","theDuelist:Sparks","theDuelist:Hinotama+1","theDuelist:GauntletWarrior"],"relics":["theDuelist:MillenniumPuzzle","theDuelist:CardPoolRelic","theDuelist:CardPoolBasicRelic","theDuelist:BoosterPackPoolRelic","theDuelist:CardPoolAddRelic","theDuelist:CardPoolMinusRelic","theDuelist:CardPoolSaveRelic","theDuelist:CardPoolOptionsRelic","Lantern","theDuelist:DuelistOrichalcum","Sozu","Frozen Egg 2","Happy Flower","theDuelist:MetronomeRelicB","Boot","Eternal Feather"],"acts_visited":["Exordium","TheCity"],"potions_floor_usage":[14,25],"damage_taken":[{"damage":5,"enemies":"2 Louse","floor":1,"turns":2},{"damage":0,"enemies":"Small Slimes","floor":4,"turns":2},{"damage":4,"enemies":"Jaw Worm","floor":6,"turns":3},{"damage":3,"enemies":"3 Sentries","floor":7,"turns":5},{"damage":0,"enemies":"2 Fungi Beasts","floor":8,"turns":1},{"damage":1,"enemies":"3 Louse","floor":10,"turns":3},{"damage":8,"enemies":"Exordium Wildlife","floor":11,"turns":2},{"damage":4,"enemies":"Blue Slaver","floor":12,"turns":3},{"damage":8,"enemies":"Gremlin Nob","floor":14,"turns":4},{"damage":39,"enemies":"The Guardian","floor":16,"turns":11},{"damage":13,"enemies":"2 Thieves","floor":18,"turns":4},{"damage":3,"enemies":"Shell Parasite","floor":22,"turns":4},{"damage":8,"enemies":"theDuelist:KaibaA2","floor":23,"turns":7},{"damage":19,"enemies":"Slavers","floor":25,"turns":5},{"damage":18,"enemies":"Snake Plant","floor":28,"turns":5},{"damage":23,"enemies":"Snecko","floor":30,"turns":5},{"damage":26,"enemies":"Cultist and Chosen","floor":31,"turns":5}],"seed_played":"-8940689511869706152","potions_obtained":[{"floor":1,"key":"theDuelist:MegaupgradePotion"},{"floor":7,"key":"theDuelist:StunPotion"},{"floor":11,"key":"Regen Potion"},{"floor":14,"key":"LiquidMemories"}],"is_trial":false,"path_per_floor":["M","?","?","M","?","M","E","M","T","M","M","M","R","E","R","B",null,"M","?","?","$","M","E","R","E","T","?","M","R","M","M"],"character_chosen":"THE_DUELIST","items_purchased":["Happy Flower","theDuelist:RelinquishedSpider"],"campfire_rested":3,"item_purchase_floors":[21,21],"current_hp_per_floor":[58,58,58,58,63,59,56,56,56,55,47,43,65,57,57,18,61,48,48,48,48,45,37,59,40,40,40,22,59,36,10,10],"gold":172,"neow_bonus":"TRANSFORM_CARD","is_daily":false,"chose_seed":false,"campfire_upgraded":0,"win_rate":0.0,"timestamp":1612185638,"path_taken":["M","?","?","M","?","M","E","?","T","M","M","M","R","E","R","BOSS","M","?","?","?","?","E","R","E","T","?","M","R","M","M"],"items_purchased_type":["Relic","Card"],"build_version":"2020-12-22","purchased_purges":0,"victory":false,"max_hp_per_floor":[70,70,70,70,75,75,75,75,75,75,75,75,75,75,75,75,75,75,75,75,75,75,75,75,75,75,75,75,75,75,75,75],"card_choices":[{"not_picked":["theDuelist:EarthquakeGiant","theDuelist:GauntletWarrior","theDuelist:Fissure","theDuelist:PowerGiant"],"picked":"theDuelist:BigFire","floor":1},{"not_picked":["theDuelist:PhantomGhost","theDuelist:CactusBouncer","theDuelist:VampireGrimson","theDuelist:RevendreadExecutor"],"picked":"theDuelist:GhostReaper","floor":4},{"not_picked":["theDuelist:AutorokketDragon","theDuelist:Mausoleum","theDuelist:GhostrickGoRound"],"picked":"theDuelist:CardSafeReturn","floor":6},{"not_picked":["theDuelist:DarkHorus","theDuelist:StarlightRoad","theDuelist:RazorLizard","theDuelist:RockMetronome"],"picked":"theDuelist:VampireFraulein","floor":7},{"not_picked":["theDuelist:GraniteLoyalist","theDuelist:MudGolem","theDuelist:Blockman","theDuelist:Raigeki"],"picked":"theDuelist:ClearKuriboh","floor":8},{"not_picked":["theDuelist:BattleguardKing","theDuelist:LightningVortex","theDuelist:MudragonSwamp","theDuelist:GraniteLoyalist"],"picked":"theDuelist:MudGolem","floor":10},{"not_picked":["theDuelist:SevenColoredFish","theDuelist:RockMetronome","theDuelist:GraydleSlime","theDuelist:RazorLizard"],"picked":"theDuelist:ShardGreed","floor":11},{"not_picked":["theDuelist:Wightprince","theDuelist:BattleguardKing"],"picked":"theDuelist:NaturiaParadizo","floor":12},{"not_picked":["HandOfGreed","Secret Technique","Violence"],"picked":"Flash of Steel","floor":14},{"not_picked":["theDuelist:MagicCylinder","theDuelist:Canyon","theDuelist:IgnisHeat","theDuelist:LostWorld"],"picked":"theDuelist:WaterDragon","floor":16},{"not_picked":["theDuelist:Hydrogeddon","theDuelist:PrematureBurial","theDuelist:BlackBrachios","theDuelist:NaturiaCosmobeet"],"picked":"theDuelist:RevendreadExecutor","floor":18},{"not_picked":["theDuelist:IgnisHeat+1","theDuelist:GoldenBlastJuggler","theDuelist:WaterDragon","theDuelist:SeedCannon+1"],"picked":"theDuelist:MagicCylinder+1","floor":22},{"not_picked":["theDuelist:VioletCrystal+1","theDuelist:Mausoleum+1","theDuelist:WonderGarage+1"],"picked":"theDuelist:GravityAxe+1","floor":23},{"not_picked":["theDuelist:BeeListSoldier","theDuelist:SnowDragon","theDuelist:NaturiaSunflower+1","theDuelist:JurassicImpact+1"],"picked":"theDuelist:HardArmor+1","floor":25},{"not_picked":["theDuelist:ClearKuriboh","theDuelist:OneForOne+1","theDuelist:SphereKuriboh+1","theDuelist:Wiretap"],"picked":"theDuelist:Hinotama+1","floor":28},{"not_picked":["theDuelist:ClearKuriboh","theDuelist:DestroyerGolem","theDuelist:LightningVortex","theDuelist:WormWarlord"],"picked":"theDuelist:GauntletWarrior","floor":30}],"player_experience":1656114,"relics_obtained":[{"floor":7,"key":"Lantern"},{"floor":14,"key":"theDuelist:DuelistOrichalcum"},{"floor":23,"key":"theDuelist:MetronomeRelicB"},{"floor":25,"key":"Boot"},{"floor":26,"key":"Eternal Feather"}],"event_choices":[{"damage_healed":0,"gold_gain":0,"player_choice":"Leave","duelist":true,"damage_taken":0,"max_hp_gain":0,"max_hp_loss":0,"event_name":"Battle City","floor":2,"gold_loss":0},{"damage_healed":0,"gold_gain":0,"player_choice":"Grow","damage_taken":0,"max_hp_gain":0,"max_hp_loss":0,"event_name":"Living Wall","floor":3,"gold_loss":0,"cards_upgraded":["theDuelist:BigFire"]},{"damage_healed":0,"gold_gain":0,"player_choice":"Donut","damage_taken":0,"max_hp_gain":5,"max_hp_loss":0,"event_name":"Big Fish","floor":5,"gold_loss":0},{"damage_healed":0,"gold_gain":0,"player_choice":"Read","damage_taken":0,"max_hp_gain":0,"max_hp_loss":0,"event_name":"The Library","floor":19,"gold_loss":0,"cards_obtained":["theDuelist:RelinquishedSpider"]},{"damage_healed":0,"gold_gain":0,"player_choice":"Obtained Relic","damage_taken":0,"relics_obtained":["Frozen Egg 2"],"max_hp_gain":0,"max_hp_loss":0,"event_name":"Addict","floor":20,"gold_loss":85},{"damage_healed":0,"gold_gain":0,"player_choice":"Ignored","damage_taken":0,"max_hp_gain":0,"max_hp_loss":0,"event_name":"Ghosts","floor":27,"gold_loss":0}],"is_beta":false,"boss_relics":[{"not_picked":["Snecko Eye","Empty Cage"],"picked":"Sozu"}],"items_purged_floors":[],"is_endless":false,"potions_floor_spawned":[1,7,11,12,14,18,22,25],"killed_by":"Cultist and Chosen","ascension_level":20}}