{"host":"yx5rao87132cy5xq","time":1612148151,"event":{"mods":["2.2 Compatiblity","AchievementEnabler","BaseMod","Bestiary","Colored Map","Colored Powertips","Minty Spire (QoL Compilation)","Quick Restart","Relic Stats","Slay-I","SuperFastMode"],"gold_per_floor":[211,230,22,39,55,55,82,97,124,141,61,120,151,169,169,243,243,262,262,262,87,101,101,101],"floor_reached":23,"language":"ENG","playtime":1563,"items_purged":["Strike_R","Strike_R"],"score":390,"play_id":"230a661c-c144-47b9-a6f5-fe5f6a0bca31","local_time":"20210201035551","is_ascension_mode":true,"campfire_choices":[{"data":"Wild Strike","floor":6,"key":"SMITH"},{"floor":15,"key":"REST"}],"circlet_count":0,"master_deck":["AscendersBane","Strike_R","Strike_R","Strike_R","Defend_R","Defend_R","Defend_R","Defend_R","Bash","Flex","Perfected Strike","Feed","Wild Strike+1","Rage","Ghostly Armor","Shrug It Off","Twin Strike","Perfected Strike","Rage","Flame Barrier","Feel No Pain","Reaper","Bloodletting","Exhume","Flex","Power Through","Power Through","Shrug It Off","True Grit+1","Disarm","Bludgeon"],"relics":["Burning Blood","Membership Card","Bag of Marbles","Anchor","Regal Pillow","Strawberry","Runic Pyramid","Orrery"],"acts_visited":["Exordium","TheCity"],"potions_floor_usage":[7,12,13],"damage_taken":[{"damage":6,"enemies":"Cultist","floor":1,"turns":4},{"damage":4,"enemies":"Small Slimes","floor":2,"turns":4},{"damage":2,"enemies":"Jaw Worm","floor":4,"turns":3},{"damage":15,"enemies":"2 Fungi Beasts","floor":5,"turns":3},{"damage":44,"enemies":"3 Sentries","floor":7,"turns":10},{"damage":14,"enemies":"Red Slaver","floor":8,"turns":2},{"damage":4,"enemies":"3 Louse","floor":10,"turns":3},{"damage":0,"enemies":"Lagavulin Event","floor":12,"turns":2},{"damage":50,"enemies":"Lagavulin","floor":13,"turns":7},{"damage":0,"enemies":"2 Fungi Beasts","floor":14,"turns":3},{"damage":39,"enemies":"Slime Boss","floor":16,"turns":14},{"damage":24,"enemies":"Shell Parasite","floor":18,"turns":6},{"damage":4,"enemies":"Chosen","floor":22,"turns":7},{"damage":71,"enemies":"Book of Stabbing","floor":23,"turns":7}],"seed_played":"-479479940993031601","potions_obtained":[{"floor":1,"key":"DuplicationPotion"},{"floor":4,"key":"BloodPotion"},{"floor":7,"key":"Dexterity Potion"},{"floor":16,"key":"FearPotion"},{"floor":22,"key":"BlessingOfTheForge"}],"is_trial":false,"path_per_floor":["M","M","$","M","M","R","E","M","T","M","$","?","E","M","R","B",null,"M","?","?","$","M","E"],"character_chosen":"IRONCLAD","items_purchased":["Membership Card","Feed","Twin Strike","Perfected Strike","Orrery","Disarm"],"campfire_rested":1,"item_purchase_floors":[3,3,11,11,21,21],"current_hp_per_floor":[68,70,70,74,68,68,45,40,40,45,45,51,14,20,62,32,79,64,64,64,64,69,0,0],"gold":101,"neow_bonus":"HUNDRED_GOLD","is_daily":false,"chose_seed":false,"campfire_upgraded":1,"win_rate":0.0,"timestamp":1612148151,"path_taken":["M","M","$","?","M","R","E","M","T","M","?","?","E","M","R","BOSS","M","?","?","$","?","E"],"items_purchased_type":["Relic","Card","Card","Card","Relic","Card"],"build_version":"2020-12-22","purchased_purges":2,"victory":false,"max_hp_per_floor":[75,75,75,75,78,78,78,81,81,84,84,84,91,91,91,94,94,97,97,97,97,100,100,100],"relic_stats":{"Regal Pillow":15,"counters":[14,75],"obtain_stats":[{"Anchor":9,"Regal Pillow":12,"Strawberry":13,"Orrery":21,"Bag of Marbles":7,"Membership Card":3,"Burning Blood":0,"Runic Pyramid":17},{"Anchor":6,"Regal Pillow":7,"Strawberry":9,"Orrery":12,"Bag of Marbles":5,"Membership Card":2,"Burning Blood":0,"Runic Pyramid":11},{"Anchor":26,"Regal Pillow":29,"Strawberry":38,"Orrery":61,"Bag of Marbles":24,"Membership Card":8,"Burning Blood":0,"Runic Pyramid":55}],"Burning Blood":78},"card_choices":[{"not_picked":["Havoc","Headbutt"],"picked":"Flex","floor":1},{"not_picked":["Burning Pact","Armaments"],"picked":"Perfected Strike","floor":2},{"not_picked":["Anger","True Grit"],"picked":"Wild Strike","floor":4},{"not_picked":["Body Slam","Pommel Strike"],"picked":"Rage","floor":5},{"not_picked":["Dropkick","Berserk"],"picked":"Ghostly Armor","floor":7},{"not_picked":["Carnage","Cleave"],"picked":"Shrug It Off","floor":8},{"not_picked":["Perfected Strike","Dual Wield","Anger"],"picked":"SKIP","floor":10},{"not_picked":["Pommel Strike","Body Slam"],"picked":"Rage","floor":12},{"not_picked":["Seeing Red","Ghostly Armor"],"picked":"Flame Barrier","floor":13},{"not_picked":["Brutality","Infernal Blade"],"picked":"Feel No Pain","floor":14},{"not_picked":["Bludgeon","Exhume"],"picked":"Reaper","floor":16},{"not_picked":["Sword Boomerang","Pommel Strike"],"picked":"Bloodletting","floor":18},{"not_picked":["Havoc","Clash+1"],"picked":"Power Through","floor":21},{"not_picked":["Rage","Clothesline"],"picked":"Power Through","floor":21},{"not_picked":["Burning Pact","Rampage"],"picked":"Shrug It Off","floor":21},{"not_picked":["Sentinel","Thunderclap"],"picked":"True Grit+1","floor":21},{"not_picked":["Dropkick","Perfected Strike"],"picked":"Bludgeon","floor":22}],"player_experience":954168,"relics_obtained":[{"floor":7,"key":"Bag of Marbles"},{"floor":9,"key":"Anchor"},{"floor":13,"key":"Strawberry"}],"event_choices":[{"damage_healed":0,"gold_gain":30,"player_choice":"Searched \u00273\u0027 times","damage_taken":0,"relics_obtained":["Regal Pillow"],"max_hp_gain":0,"max_hp_loss":0,"event_name":"Dead Adventurer","floor":12,"gold_loss":0},{"damage_healed":0,"gold_gain":0,"player_choice":"Ignored","damage_taken":0,"max_hp_gain":0,"max_hp_loss":0,"event_name":"Vampires","floor":19,"gold_loss":0},{"damage_healed":0,"gold_gain":0,"player_choice":"2 cards matched","damage_taken":0,"max_hp_gain":0,"max_hp_loss":0,"event_name":"Match and Keep!","floor":20,"gold_loss":0,"cards_obtained":["Exhume","Flex"]}],"is_beta":false,"boss_relics":[{"not_picked":["Black Star","Tiny House"],"picked":"Runic Pyramid"}],"items_purged_floors":[11,21],"is_endless":false,"potions_floor_spawned":[1,4,7,8,16,22],"killed_by":"Book of Stabbing","ascension_level":16}}