{"host":"xxyfyv4t3rs3ce5d","time":1612141750,"event":{"mods":["BaseMod","Hubris","Infinite Spire","Minty Spire (QoL Compilation)","Replay The Spire","Shop Mod","StSLib","The Jungle"],"gold_per_floor":[119,133,147,157,177,177,189,201,227,242,254,272,288,307,307,407,407,419,437,452,467,467,467,467,467,545,46,61,79,79,89,101,208,220,246,268,180,208,233,245,257,269,305,317,329,341,377,422,434,470],"floor_reached":51,"language":"ENG","playtime":3797,"items_purged":["Eruption","Headbutt","Skim"],"score":505,"play_id":"bd99534b-4e3e-4125-a67e-65b2295f7e35","local_time":"20210131200910","daily_mods":["Vintage","Diverse","Heirloom","Time Dilation","Flight","DeadlyEvents"],"is_ascension_mode":false,"campfire_choices":[{"data":"Vigilance","floor":6,"key":"SMITH"},{"data":"Defend_P","floor":15,"key":"SMITH"},{"data":"ReplayTheSpireMod:Chaos Vortex","floor":23,"key":"SMITH"},{"data":"Tools of the Trade","floor":24,"key":"SMITH"},{"data":"Defend_P","floor":25,"key":"SMITH"},{"floor":30,"key":"DIG"},{"floor":32,"key":"DIG"},{"floor":40,"key":"DIG"},{"floor":42,"key":"DIG"},{"data":"Inflame","floor":44,"key":"SMITH"},{"data":"Tools of the Trade","floor":45,"key":"SMITH"},{"floor":46,"key":"DIG"},{"floor":49,"key":"DIG"}],"circlet_count":0,"master_deck":["Strike_P","Strike_P","Strike_P","Strike_P","Defend_P","Defend_P","Defend_P","Defend_P","Vigilance+1","Tools of the Trade+1","ReplayTheSpireMod:Chaos Vortex+1","Tools of the Trade+1","Inflame+1"],"relics":["Unceasing Top","replay:Trail_Library","FossilizedHelix","Onion Ring","hubris:OldNail","hubris:ToyBattleship","Replay:Rubber Ducky","The Courier","infinitespire:Eraser","hubris:GlazedTorus","PreservedInsect","War Paint","InkBottle","ReplayTheSpireMod:TigerMarble","Replay:Baseball","Simple Rune","SlaversCollar","Akabeko","Replay:PocketPolymizer","hubris:PeanutButter","Oddly Smooth Stone","Shovel","Replay:Ringing Soul","infinitespire:Beetle Shell","Lee\u0027s Waffle","Yang","Snack Pack","hubris:SphereOfDissonance","hubris:BottledRain","MawBank","Smiling Mask","Coffee Dripper","infinitespire:EmpoweringShard","Gremlin Horn","hubris:Reverence","Toxic Egg 2","Bird Faced Urn","ReplayFunnel","Sozu","Ancient Tea Set","Replay:Bandana","Letter Opener","Shuriken","ReplayTheSpireMod:Ninjato","infinitespire:Lucky Rock"],"acts_visited":["Exordium","TheCity","TheBeyond"],"potions_floor_usage":[3,8,16,16,16,19],"damage_taken":[{"damage":0.0,"enemies":"Cultist","floor":1.0,"turns":3.0},{"damage":0.0,"enemies":"Small Slimes","floor":2.0,"turns":3.0},{"damage":0,"enemies":"2 Louse","floor":3,"turns":3},{"damage":21,"enemies":"Large Slime","floor":4,"turns":10},{"damage":0,"enemies":"3 Louse","floor":5,"turns":5},{"damage":0,"enemies":"Gremlin Gang","floor":7,"turns":4},{"damage":3,"enemies":"Lots of Slimes","floor":8,"turns":6},{"damage":0,"enemies":"Looter","floor":10,"turns":3},{"damage":0,"enemies":"2 Fungi Beasts","floor":11,"turns":3},{"damage":0,"enemies":"Exordium Thugs","floor":12,"turns":2},{"damage":0,"enemies":"Exordium Wildlife","floor":13,"turns":2},{"damage":0,"enemies":"Looter","floor":14,"turns":2},{"damage":0,"enemies":"Slime Boss","floor":16,"turns":4},{"damage":1,"enemies":"Spheric Guardian","floor":18,"turns":5},{"damage":0,"enemies":"Chosen","floor":19,"turns":3},{"damage":28,"enemies":"Shelled Parasite and Fungi","floor":20,"turns":8},{"damage":0,"enemies":"Chosen and Byrds","floor":21,"turns":9},{"damage":0,"enemies":"Cultist and Chosen","floor":28,"turns":6},{"damage":0,"enemies":"Snake Plant","floor":29,"turns":5},{"damage":0,"enemies":"Shelled Parasite and Fungi","floor":31,"turns":6},{"damage":0,"enemies":"Champ","floor":33,"turns":1},{"damage":0,"enemies":"3 Darklings","floor":35,"turns":8},{"damage":0,"enemies":"3 Shapes","floor":36,"turns":3},{"damage":0,"enemies":"Maw","floor":38,"turns":6},{"damage":0,"enemies":"Sphere and 2 Shapes","floor":39,"turns":4},{"damage":0,"enemies":"Writhing Mass","floor":47,"turns":2},{"damage":0,"enemies":"Maw","floor":48,"turns":4},{"damage":0,"enemies":"Replay:Hell Engine","floor":50,"turns":5}],"seed_played":"-2407477027608896160","potions_obtained":[{"floor":2.0,"key":"Dexterity Potion"},{"floor":4,"key":"Swift Potion"},{"floor":5,"key":"Energy Potion"},{"floor":11,"key":"GamblersBrew"},{"floor":12,"key":"DistilledChaos"},{"floor":13,"key":"BottledMiracle"},{"floor":18,"key":"Block Potion"},{"floor":28,"key":"Fire Potion"},{"floor":38,"key":"Block Potion"}],"is_trial":true,"path_per_floor":["M","M","M","M","M","R","M","M","T","M","M","M","M","M","R","B",null,"M","M","M","M","AVR","R","R","R","T","$","M","M","R","M","R","B",null,"M","M","NS","M","M","R","AVR","R","T","R","R","R","M","M","R","B",null],"character_chosen":"WATCHER","items_purchased":["infinitespire:Beetle Shell","Lee\u0027s Waffle","Yang"],"campfire_rested":0,"item_purchase_floors":[27,27,27],"current_hp_per_floor":[72,72,72,51,51,51,51,48,48,48,48,48,72,72,72,72,72,71,71,43,43,43,43,43,43,43,79,79,79,79,79,79,79,79,79,82,85,85,85,85,85,85,85,88,88,88,88,88,88,88],"gold":482,"neow_bonus":"","is_daily":false,"chose_seed":false,"campfire_upgraded":7,"win_rate":0.0,"timestamp":1612141750,"path_taken":["?","M","M","M","M","R","M","M","T","M","M","M","M","M","R","BOSS","M","M","M","M","AVR","R","R","R","T","$","M","M","R","M","R","BOSS","M","M","NS","M","M","R","AVR","R","T","R","R","R","M","M","R","BOSS"],"items_purchased_type":["Relic","Relic","Relic"],"build_version":"2020-12-22","purchased_purges":3,"victory":true,"max_hp_per_floor":[72,72,72,72,72,72,72,72,72,72,72,72,72,72,72,72,72,72,72,72,72,72,72,72,72,72,79,79,79,79,79,79,79,79,79,82,85,85,85,85,85,85,85,88,88,88,88,88,88,88],"card_choices":[{"not_picked":["Replay:Bag of Tricks","SpiritShield"],"picked":"Tools of the Trade","floor":16}],"player_experience":211198,"relics_obtained":[{"floor":1.0,"key":"Onion Ring"},{"floor":2.0,"key":"hubris:OldNail"},{"floor":3,"key":"hubris:ToyBattleship"},{"floor":4,"key":"Replay:Rubber Ducky"},{"floor":5,"key":"The Courier"},{"floor":7,"key":"infinitespire:Eraser"},{"floor":8,"key":"hubris:GlazedTorus"},{"floor":9,"key":"PreservedInsect"},{"floor":10,"key":"War Paint"},{"floor":11,"key":"InkBottle"},{"floor":12,"key":"ReplayTheSpireMod:TigerMarble"},{"floor":13,"key":"Replay:Baseball"},{"floor":14,"key":"Simple Rune"},{"floor":18,"key":"Akabeko"},{"floor":19,"key":"Replay:PocketPolymizer"},{"floor":20,"key":"hubris:PeanutButter"},{"floor":21,"key":"Oddly Smooth Stone"},{"floor":26,"key":"Replay:Ringing Soul"},{"floor":28,"key":"Snack Pack"},{"floor":29,"key":"hubris:SphereOfDissonance"},{"floor":30,"key":"hubris:BottledRain"},{"floor":31,"key":"MawBank"},{"floor":32,"key":"Smiling Mask"},{"floor":35,"key":"infinitespire:EmpoweringShard"},{"floor":36,"key":"Gremlin Horn"},{"floor":38,"key":"hubris:Reverence"},{"floor":39,"key":"Toxic Egg 2"},{"floor":40,"key":"Bird Faced Urn"},{"floor":42,"key":"Ancient Tea Set"},{"floor":43,"key":"Replay:Bandana"},{"floor":46,"key":"Letter Opener"},{"floor":47,"key":"Shuriken"},{"floor":48,"key":"ReplayTheSpireMod:Ninjato"},{"floor":49,"key":"infinitespire:Lucky Rock"}],"event_choices":[],"is_beta":false,"boss_relics":[{"not_picked":["Kintsugi","Snecko Heart"],"picked":"SlaversCollar"},{"not_picked":["Calling Bell","ReplayTheSpireMod:SealedPack"],"picked":"Coffee Dripper"}],"items_purged_floors":[22,27,41],"is_endless":false,"potions_floor_spawned":[2,4,5,11,12,13,18,28,38,39],"ascension_level":0}}