{"host":"o6rpelx2jpc8yies","time":1612141877,"event":{"mods":["BaseMod","Downfall","Minty Spire (QoL Compilation)","StSLib"],"gold_per_floor":[99,116,133,133,152,181,181,181,181,181],"floor_reached":8,"language":"ENG","playtime":363,"items_purged":[],"score":112,"play_id":"9b0931bb-555d-43f5-bbbf-266f5ec70e73","local_time":"20210131181117","is_ascension_mode":true,"campfire_choices":[{"floor":1,"key":"RECALL"}],"circlet_count":0,"master_deck":["AscendersBane","champ:Strike","champ:Strike","champ:Strike","champ:Strike","champ:Defend","champ:Defend","champ:Defend","champ:Defend","champ:Execute","champ:Taunt","downfall:Bewildered","champ:Circumvent","champ:Lariat","champ:FocusedDefense","champ:StrikeOfGenius"],"relics":["champ:ChampionCrown","Calipers","Eternal Feather","Gremlin Horn"],"acts_visited":["Exordium"],"potions_floor_usage":[6,6,8],"damage_taken":[{"damage":14,"enemies":"2 Louse","floor":2,"turns":4},{"damage":17,"enemies":"Small Slimes","floor":3,"turns":4},{"damage":34,"enemies":"Jaw Worm","floor":5,"turns":7},{"damage":47,"enemies":"Gremlin Nob","floor":6,"turns":5},{"damage":25,"enemies":"3 Sentries","floor":8,"turns":4}],"seed_played":"-668118893108680475","potions_obtained":[{"floor":2,"key":"champ:TechniquePotion"},{"floor":5,"key":"PowerPotion"},{"floor":6,"key":"Explosive Potion"}],"is_trial":false,"path_per_floor":["R","M","M","?","M","E","T","E"],"character_chosen":"THE_CHAMP","items_purchased":[],"campfire_rested":0,"item_purchase_floors":[],"current_hp_per_floor":[73,59,52,62,48,16,16,0,0,0],"gold":181,"neow_bonus":"ONE_RARE_RELIC","is_daily":false,"chose_seed":false,"campfire_upgraded":0,"win_rate":0.0,"timestamp":1612141877,"path_taken":["R","M","M","?","M","E","T","E"],"items_purchased_type":[],"build_version":"2020-12-22","purchased_purges":0,"victory":false,"max_hp_per_floor":[81,81,81,91,91,91,91,91,91,91],"card_choices":[{"not_picked":["champ:GutPunch","champ:IronFortress"],"picked":"champ:Circumvent","floor":2},{"not_picked":["champ:Shatter","champ:BladeFlurry"],"picked":"champ:Lariat","floor":3},{"not_picked":["champ:BladeFlurry","champ:Haymaker"],"picked":"champ:FocusedDefense","floor":5},{"not_picked":["champ:CrookedStrike","champ:CalledShot"],"picked":"champ:StrikeOfGenius","floor":6}],"player_experience":1906766,"relics_obtained":[{"floor":6,"key":"Eternal Feather"},{"floor":7,"key":"Gremlin Horn"}],"event_choices":[],"is_beta":false,"boss_relics":[],"items_purged_floors":[],"is_endless":false,"potions_floor_spawned":[2,5,6],"killed_by":"3 Sentries","ascension_level":20}}