{"host":"l6vifo5ajdb3p20b","time":1612185140,"event":{"mods":["2.2 Compatiblity","BaseMod","Better Altar","Better Sensory Stone","Better Skull","Better Third Choice","BetterRewards","Block Reminder","Booster Modes","Card Forge","Colored Map","Defuse TimeMaze Blight","Energized Spire","Evolution","Marisa????????","Minty Spire (QoL Compilation)","Relic Stats","StSLib","The Blackbeard"],"gold_per_floor":[109,126,126,139,158,158,190,190,216,216,232,251,276,288,288,392,392,403,403,28,44,44,44,75,75,99,99,99,99,115,128,128,128,128,128,128,143,143,143],"floor_reached":38,"language":"ENG","playtime":5923,"items_purged":[],"score":444,"play_id":"a2e0e0f9-e586-40d9-96f6-c467ec9fa349","local_time":"20210201201220","is_ascension_mode":false,"campfire_choices":[{"data":"Eruption","floor":6,"key":"SMITH"},{"data":"Eruption","floor":8,"key":"SMITH"},{"data":"ForeignInfluence","floor":10,"key":"SMITH"},{"floor":15,"key":"REST"},{"data":"CrushJoints","floor":23,"key":"SMITH"},{"data":"ThirdEye","floor":25,"key":"SMITH"},{"data":"Vigilance","floor":29,"key":"SMITH"},{"data":"Ragnarok","floor":32,"key":"SMITH"}],"circlet_count":0,"master_deck":["Strike_P+1","Strike_P+1","Strike_P+1","Defend_P","Defend_P","Defend_P","Defend_P+1","Eruption+1","Vigilance+1","FollowUp","WreathOfFlame+1","CutThroughFate+1","Eruption+1","ForeignInfluence+1","SandsOfTime+1","Nirvana","SandsOfTime+1","MentalFortress","EmptyBody","Wallop+1","CrushJoints+1","LessonLearned+1","Conclude","BowlingBash+1","LikeWater+1","EmptyBody","ThirdEye+1","Clumsy","Wireheading+1","Defend_MRS","Protect+1","Ragnarok+1","Omniscience","FearNoEvil","FlurryOfBlows+1","Crescendo+1"],"relics":["Hammer of Thor","Seething Fire","Anvil of the Gods","EVO:Axolotl","Runic Pyramid","Dream Catcher","Ancient Tea Set","Orichalcum","energizedSpire:EnergizedDie","Torii","Anchor","Art of War","Philosopher\u0027s Stone"],"acts_visited":["Exordium","TheCity","TheBeyond"],"potions_floor_usage":[27],"damage_taken":[{"damage":0,"enemies":"Jaw Worm","floor":1,"turns":2},{"damage":0,"enemies":"Cultist","floor":2,"turns":2},{"damage":4,"enemies":"2 Louse","floor":4,"turns":3},{"damage":5,"enemies":"Red Slaver","floor":5,"turns":2},{"damage":0,"enemies":"Lagavulin","floor":7,"turns":4},{"damage":13,"enemies":"2 Fungi Beasts","floor":11,"turns":2},{"damage":6,"enemies":"3 Louse","floor":12,"turns":3},{"damage":20,"enemies":"Gremlin Nob","floor":13,"turns":3},{"damage":0,"enemies":"Large Slime","floor":14,"turns":3},{"damage":37,"enemies":"The Guardian","floor":16,"turns":8},{"damage":0,"enemies":"Spheric Guardian","floor":18,"turns":3},{"damage":0,"enemies":"Chosen","floor":19,"turns":3},{"damage":1,"enemies":"3 Cultists","floor":21,"turns":5},{"damage":11,"enemies":"Shelled Parasite and Fungi","floor":24,"turns":5},{"damage":0,"enemies":"Chosen and Byrds","floor":27,"turns":5},{"damage":16,"enemies":"Snake Plant","floor":30,"turns":5},{"damage":0,"enemies":"Shelled Parasite and Fungi","floor":31,"turns":3},{"damage":26,"enemies":"Champ","floor":33,"turns":9},{"damage":0,"enemies":"Orb Walker","floor":35,"turns":2},{"damage":34,"enemies":"3 Shapes","floor":36,"turns":5},{"damage":1,"enemies":"Sphere and 2 Shapes","floor":37,"turns":5},{"damage":0,"enemies":"Orin","floor":38,"turns":1}],"seed_played":"6012276007464038691","potions_obtained":[{"floor":4,"key":"PowerPotion"},{"floor":5,"key":"Ambrosia"},{"floor":13,"key":"Dexterity Potion"},{"floor":14,"key":"BlessingOfTheForge"},{"floor":18,"key":"AttackPotion"},{"floor":31,"key":"Swift Potion"}],"is_trial":false,"path_per_floor":["M","M","?","M","M","R","E","R","T","R","M","M","E","M","R","B",null,"M","M","$","M","?","R","M","R","T","M","?","R","M","M","R","B",null,"M","M","M","?"],"character_chosen":"WATCHER","items_purchased":["LikeWater","Torii"],"campfire_rested":1,"item_purchase_floors":[20,20],"current_hp_per_floor":[72,72,72,68,63,63,63,63,63,63,50,44,24,24,45,8,72,72,72,72,71,64,64,53,53,53,53,53,53,37,37,37,11,72,72,38,37,37,37],"gold":143,"neow_bonus":"BOSS_RELIC","is_daily":false,"chose_seed":false,"campfire_upgraded":7,"win_rate":0.0,"timestamp":1612185140,"path_taken":["M","M","?","M","M","R","E","R","T","R","?","M","E","M","R","BOSS","M","M","$","M","?","R","M","R","T","M","?","R","M","?","R","BOSS","M","M","M","?"],"items_purchased_type":["Card","Relic"],"build_version":"2020-12-22","purchased_purges":0,"victory":false,"max_hp_per_floor":[72,72,72,72,72,72,72,72,72,72,72,72,72,72,72,72,72,72,72,72,72,72,72,72,72,72,72,72,72,72,72,72,72,72,72,72,72,72,72],"relic_stats":{"Dream Catcher":1,"Torii":16,"counters":[22,83],"Art of War":[2],"Orichalcum":[60],"obtain_stats":[{"Torii":20,"energizedSpire:EnergizedDie":17,"Hammer of Thor":0,"EVO:Axolotl":0,"Seething Fire":0,"Orichalcum":13,"Ancient Tea Set":9,"Dream Catcher":7,"Anchor":22,"Anvil of the Gods":0,"Philosopher\u0027s Stone":34,"Art of War":26,"PureWater":0,"Runic Pyramid":0},{"Torii":12,"energizedSpire:EnergizedDie":10,"Hammer of Thor":0,"EVO:Axolotl":0,"Seething Fire":0,"Orichalcum":8,"Ancient Tea Set":5,"Dream Catcher":5,"Anchor":13,"Anvil of the Gods":0,"Philosopher\u0027s Stone":18,"Art of War":14,"PureWater":0,"Runic Pyramid":0},{"Torii":38,"energizedSpire:EnergizedDie":32,"Hammer of Thor":0,"EVO:Axolotl":0,"Seething Fire":0,"Orichalcum":21,"Ancient Tea Set":13,"Dream Catcher":13,"Anchor":43,"Anvil of the Gods":0,"Philosopher\u0027s Stone":70,"Art of War":48,"PureWater":0,"Runic Pyramid":0}]},"card_choices":[{"not_picked":["BowlingBash","Halt"],"picked":"FollowUp","floor":1},{"not_picked":["CutThroughFate","Evaluate"],"picked":"WreathOfFlame","floor":2},{"not_picked":["FollowUp","ConjureBlade"],"picked":"ForeignInfluence","floor":4},{"not_picked":["CutThroughFate","FlyingSleeves"],"picked":"SandsOfTime","floor":5},{"not_picked":["ThirdEye","Consecrate"],"picked":"Nirvana","floor":7},{"not_picked":["Conclude","CrushJoints"],"picked":"SandsOfTime","floor":11},{"not_picked":["JustLucky","WindmillStrike"],"picked":"MentalFortress","floor":12},{"not_picked":["SashWhip","Study"],"picked":"EmptyBody","floor":13},{"not_picked":["CutThroughFate","Consecrate"],"picked":"Wallop","floor":14},{"not_picked":["CarveReality","CutThroughFate"],"picked":"CrushJoints","floor":15},{"not_picked":["Blasphemy","ConjureBlade"],"picked":"LessonLearned","floor":16},{"not_picked":["FlyingSleeves+1","Crescendo"],"picked":"Conclude","floor":18},{"not_picked":["SashWhip","FlurryOfBlows+1"],"picked":"BowlingBash+1","floor":19},{"not_picked":["Crescendo+1","FollowUp"],"picked":"EmptyBody","floor":21},{"not_picked":["Halt+1","Wallop"],"picked":"ThirdEye","floor":24},{"not_picked":["Evaluate","Sanctity+1"],"picked":"Wireheading+1","floor":27},{"not_picked":["ThirdEye+1","Study"],"picked":"Protect+1","floor":30},{"not_picked":["CrushJoints+1","EmptyBody"],"picked":"Ragnarok","floor":31},{"not_picked":["Brilliance","Alpha"],"picked":"Omniscience","floor":33},{"not_picked":["Halt","Perseverance+1"],"picked":"FearNoEvil","floor":35},{"not_picked":["PathToVictory+1","CutThroughFate"],"picked":"FlurryOfBlows+1","floor":36},{"not_picked":["EmptyBody","ThirdEye"],"picked":"Crescendo+1","floor":37}],"player_experience":931642,"relics_obtained":[{"floor":7,"key":"Dream Catcher"},{"floor":9,"key":"Ancient Tea Set"},{"floor":13,"key":"Orichalcum"},{"floor":26,"key":"Art of War"}],"event_choices":[{"damage_healed":0,"gold_gain":0,"player_choice":"2 cards matched","damage_taken":0,"max_hp_gain":0,"max_hp_loss":0,"event_name":"Match and Keep!","floor":3,"gold_loss":0,"cards_obtained":["CutThroughFate","Eruption"]},{"damage_healed":0,"gold_gain":0,"player_choice":"Anchor","damage_taken":0,"relics_obtained":["Anchor"],"max_hp_gain":0,"max_hp_loss":0,"event_name":"blackbeard:ShipwreckEvent","floor":22,"gold_loss":0},{"cards_removed":["Strike_P"],"damage_healed":0,"gold_gain":0,"player_choice":"Took Card","damage_taken":0,"max_hp_gain":0,"max_hp_loss":0,"event_name":"NoteForYourself","floor":28,"gold_loss":0,"cards_obtained":["Defend_MRS"]},{"damage_healed":0,"gold_gain":0,"player_choice":"Fight","damage_taken":0,"max_hp_gain":0,"max_hp_loss":0,"event_name":"OrinTheCat","floor":38,"gold_loss":0}],"is_beta":false,"boss_relics":[{"not_picked":["energizedSpire:SpiderWeb","Runic Dome"],"picked":"energizedSpire:EnergizedDie"},{"not_picked":["Astrolabe","energizedSpire:CrystalSphere"],"picked":"Philosopher\u0027s Stone"}],"items_purged_floors":[],"is_endless":false,"potions_floor_spawned":[4,5,13,14,18,19,24,31,37],"killed_by":"Orin","ascension_level":0}}