{"host":"21ilc3txkeir89i9","time":1612149973,"event":{"mods":["BaseMod","BetterRewards","Block Reminder","Card Forge","Hermit","Minty Spire (QoL Compilation)","Spicy Shops","StSLib","The Jungle"],"gold_per_floor":[109,126,201,57,57,57,68,85,110,110,138,138,150,179,179,285,285,314,323,323,323,69,69,113,134,215,123,143,105,134,51,51,158,158,187,187,119,146,155,155,198,198,266,286,286,325,377,85,85,85,85,85,8,49,49,49],"floor_reached":55,"language":"ENG","playtime":3254,"items_purged":[],"score":1175,"play_id":"2c9861ff-dd74-4869-810a-a4893f29f118","local_time":"20210131192613","is_ascension_mode":true,"campfire_choices":[{"floor":6,"key":"RECALL"},{"floor":10,"key":"REST"},{"data":"hermit:WideOpen","floor":12,"key":"SMITH"},{"floor":15,"key":"REST"},{"floor":23,"key":"REST"},{"floor":32,"key":"REST"},{"floor":40,"key":"REST"},{"floor":42,"key":"REST"},{"floor":45,"key":"DIG"},{"floor":49,"key":"REST"},{"floor":52,"key":"REST"}],"circlet_count":0,"master_deck":["hermit:Strike_Hermit+1","hermit:Strike_Hermit+1","hermit:Strike_Hermit+1","hermit:Strike_Hermit+1","hermit:Defend_Hermit+1","hermit:Defend_Hermit+1","hermit:Defend_Hermit+1","hermit:Defend_Hermit+1","hermit:Snapshot+1","hermit:Covet+1","hermit:PistolWhip+1","hermit:EyeOfTheStorm+1","Pain","Finesse+1","hermit:TrackingShot+1","hermit:FlashPowder+1","hermit:Grudge+1","hermit:Dive+1","hermit:RoundhouseKick+1","hermit:WideOpen+1","hermit:SprayPray+1","hermit:Gestalt+1","hermit:FinalCanter+1","hermit:Manifest+1","Writhe","hermit:Feint+1","hermit:BodyArmor+1","hermit:HeroicBravado+1","hermit:Midnight+1","hermit:Snipe+1","hermit:Headshot+1","hermit:PistolWhip+1","hermit:Spite+1","hermit:TakeAim+1","hermit:SprayPray+1","hermit:Manifest+1","hermit:Brawl+1","Flash of Steel+1","hermit:Purgatory+1","hermit:Desperado+1","hermit:OverwhelmingPower+1","hermit:ShadowCloak+1","Pain","hermit:Maintenance+1","hermit:Ricochet+1","hermit:Ricochet+1","hermit:FlashPowder+1","hermit:Feint+1"],"relics":["hermit:Momento","Hammer of Thor","Seething Fire","Anvil of the Gods","Ginger","hermit:Spyglass","Toolbox","Akabeko","CeramicFish","hermit:DentedPlate","Shovel","Regal Pillow","Orrery","InkBottle","Matryoshka","Fusion Hammer","hermit:RyeStalk","WarpedTongs","Art of War","Ornamental Fan","Oddly Smooth Stone","Mercury Hourglass","Girya","Juzu Bracelet","hermit:PetGhost","Vajra","Unceasing Top"],"acts_visited":["Exordium","Exordium","TheBeyond","TheEnding"],"potions_floor_usage":[18,24,50,50,55],"damage_taken":[{"damage":0,"enemies":"2 Louse","floor":1,"turns":2},{"damage":3,"enemies":"Jaw Worm","floor":2,"turns":2},{"damage":0,"enemies":"Cultist","floor":7,"turns":2},{"damage":0,"enemies":"Red Slaver","floor":8,"turns":2},{"damage":0,"enemies":"3 Sentries","floor":11,"turns":3},{"damage":0,"enemies":"Exordium Wildlife","floor":13,"turns":2},{"damage":0,"enemies":"Gremlin Nob","floor":14,"turns":3},{"damage":10,"enemies":"The Guardian","floor":16,"turns":7},{"damage":7,"enemies":"theJungle:Flameango_and_Byrd","floor":18,"turns":5},{"damage":22,"enemies":"theJungle:MamaSnecko","floor":24,"turns":7},{"damage":0,"enemies":"theJungle:MUSHROOMGANG","floor":25,"turns":3},{"damage":17,"enemies":"theJungle:2_Snecko_Cultists","floor":28,"turns":4},{"damage":21,"enemies":"Snake Plant","floor":30,"turns":3},{"damage":4,"enemies":"theJungle:FunGuy","floor":33,"turns":8},{"damage":1,"enemies":"3 Shapes","floor":35,"turns":2},{"damage":1,"enemies":"3 Darklings","floor":38,"turns":2},{"damage":55,"enemies":"Nemesis","floor":41,"turns":7},{"damage":21,"enemies":"Maw","floor":44,"turns":7},{"damage":19,"enemies":"Giant Head","floor":46,"turns":7},{"damage":8,"enemies":"Sphere and 2 Shapes","floor":47,"turns":3},{"damage":94,"enemies":"Time Eater","floor":50,"turns":13},{"damage":75,"enemies":"Shield and Spear","floor":54,"turns":6},{"damage":100043,"enemies":"The Heart","floor":55,"turns":3}],"seed_played":"6356089292820745328","potions_obtained":[{"floor":2,"key":"ColorlessPotion"},{"floor":7,"key":"Block Potion"},{"floor":8,"key":"FairyPotion"},{"floor":11,"key":"Strength Potion"},{"floor":18,"key":"Fire Potion"},{"floor":30,"key":"FearPotion"},{"floor":41,"key":"Swift Potion"},{"floor":44,"key":"EssenceOfSteel"},{"floor":54,"key":"LiquidBronze"}],"is_trial":false,"path_per_floor":["M","M","?","$","?","R","M","M","T","R","E","R","M","E","R","B",null,"M","?","?","?","$","R","E","M","T","$","M","$","M","$","R","B",null,"M","?","$","M","?","R","E","R","T","M","R","E","M","$","R","B",null,"R","$","E","B"],"character_chosen":"HERMIT","items_purchased":["hermit:PistolWhip","hermit:EyeOfTheStorm","Ginger","hermit:Spyglass","Finesse","hermit:Grudge","Toolbox","Regal Pillow","Orrery","hermit:Spite","hermit:TakeAim","hermit:Manifest","Flash of Steel","hermit:OverwhelmingPower","Juzu Bracelet","hermit:PetGhost","Vajra"],"campfire_rested":8,"item_purchase_floors":[0,0,0,0,0,4,4,22,22,27,27,29,31,37,48,48,53],"current_hp_per_floor":[75,72,61,61,61,61,61,61,61,75,75,75,75,75,75,65,97,90,90,90,90,90,107,85,85,85,85,68,68,47,47,94,90,90,89,89,89,88,88,107,52,99,99,78,78,59,51,51,98,4,4,51,51,8,0,0],"gold":49,"neow_bonus":"","is_daily":false,"chose_seed":false,"campfire_upgraded":1,"win_rate":0.0,"timestamp":1612149973,"path_taken":["M","M","?","$","?","R","M","M","T","R","E","R","?","E","R","BOSS","M","?","?","?","?","R","E","M","T","?","?","$","M","$","R","BOSS","M","?","?","M","?","R","E","R","T","M","R","E","?","$","R","BOSS","R","$","E","BOSS"],"items_purchased_type":["Card","Card","Relic","Relic","Card","Card","Relic","Relic","Relic","Card","Card","Card","Card","Card","Relic","Relic","Relic"],"build_version":"2020-12-22","purchased_purges":0,"victory":false,"max_hp_per_floor":[75,75,75,75,75,75,75,75,75,75,75,75,75,75,75,75,107,107,107,107,107,107,107,107,107,107,107,107,107,107,107,107,107,107,107,107,107,107,107,107,107,107,107,107,107,107,107,107,107,107,107,107,107,107,107,107],"card_choices":[{"not_picked":["hermit:Cheat","hermit:Glare"],"picked":"hermit:TrackingShot","floor":1},{"not_picked":["hermit:Horror","hermit:BodyArmor"],"picked":"hermit:FlashPowder","floor":2},{"not_picked":["hermit:Ricochet","hermit:Grudge"],"picked":"hermit:Dive","floor":7},{"not_picked":["hermit:Horror","hermit:GoldenBullet"],"picked":"hermit:RoundhouseKick","floor":8},{"not_picked":["hermit:Shortfuse","hermit:BlackWind"],"picked":"hermit:WideOpen","floor":11},{"not_picked":["hermit:Cheat","hermit:HighCaliber"],"picked":"hermit:SprayPray","floor":13},{"not_picked":["hermit:Shortfuse","hermit:Scavenge"],"picked":"hermit:Gestalt","floor":14},{"not_picked":["hermit:Reprieve","hermit:Adapt"],"picked":"hermit:FinalCanter","floor":16},{"not_picked":["hermit:BodyArmor+1","hermit:Headshot"],"picked":"hermit:Manifest+1","floor":18},{"not_picked":["hermit:Coalescence","hermit:Glare+1"],"picked":"hermit:Feint","floor":22},{"not_picked":["hermit:Roulette","hermit:Vantage"],"picked":"hermit:BodyArmor","floor":22},{"not_picked":["hermit:Vantage","hermit:Grudge"],"picked":"hermit:HeroicBravado","floor":22},{"not_picked":["hermit:Coalescence","hermit:EyeOfTheStorm+1"],"picked":"hermit:Midnight","floor":22},{"not_picked":["hermit:BigShot","hermit:Deadeye"],"picked":"hermit:Snipe","floor":22},{"not_picked":["hermit:Quickdraw","hermit:Feint"],"picked":"hermit:Headshot+1","floor":24},{"not_picked":["hermit:Glare+1","hermit:Desperado"],"picked":"hermit:PistolWhip","floor":25},{"not_picked":["hermit:LoneWolf","hermit:Coalescence"],"picked":"hermit:SprayPray+1","floor":28},{"not_picked":["hermit:Manifest","hermit:Snipe"],"picked":"hermit:Brawl","floor":30},{"not_picked":["hermit:Roughhouse","hermit:HighNoon"],"picked":"hermit:Purgatory","floor":33},{"not_picked":["hermit:BigShot+1","hermit:WideOpen+1"],"picked":"hermit:Desperado","floor":35},{"not_picked":["hermit:Manifest+1","hermit:Showdown+1"],"picked":"hermit:ShadowCloak","floor":38},{"not_picked":["hermit:Snipe+1","hermit:Ricochet"],"picked":"hermit:Maintenance","floor":41},{"not_picked":["hermit:Manifest+1","hermit:Showdown"],"picked":"hermit:Ricochet+1","floor":44},{"not_picked":["hermit:BodyArmor+1","hermit:Quickdraw"],"picked":"hermit:Ricochet+1","floor":46},{"not_picked":["hermit:Roulette","hermit:Dive+1"],"picked":"hermit:FlashPowder+1","floor":47},{"not_picked":["hermit:Vantage+1","hermit:Brawl+1"],"picked":"hermit:Feint+1","floor":54}],"player_experience":270571,"relics_obtained":[{"floor":11,"key":"Akabeko"},{"floor":14,"key":"CeramicFish"},{"floor":24,"key":"InkBottle"},{"floor":26,"key":"Matryoshka"},{"floor":41,"key":"Art of War"},{"floor":43,"key":"Ornamental Fan"},{"floor":43,"key":"Oddly Smooth Stone"},{"floor":45,"key":"Mercury Hourglass"},{"floor":46,"key":"Girya"},{"floor":54,"key":"Unceasing Top"}],"event_choices":[{"damage_healed":0,"gold_gain":75,"player_choice":"Gather Gold","damage_taken":11,"max_hp_gain":0,"max_hp_loss":0,"event_name":"World of Goop","floor":3,"gold_loss":0},{"damage_healed":0,"gold_gain":0,"player_choice":"Ignored","damage_taken":0,"max_hp_gain":0,"max_hp_loss":0,"event_name":"Fountain of Cleansing","floor":5,"gold_loss":0},{"damage_healed":0,"gold_gain":0,"player_choice":"Gave Potion","damage_taken":0,"relics_obtained":["hermit:RyeStalk"],"max_hp_gain":0,"max_hp_loss":0,"event_name":"WeMeetAgain","floor":36,"gold_loss":0},{"damage_healed":0,"gold_gain":0,"player_choice":"Rummage","damage_taken":0,"relics_obtained":["WarpedTongs"],"max_hp_gain":0,"max_hp_loss":0,"event_name":"Accursed Blacksmith","floor":39,"gold_loss":0,"cards_obtained":["Pain"]}],"is_beta":false,"boss_relics":[{"not_picked":["Snecko Eye","Coffee Dripper"],"picked":"hermit:DentedPlate"},{"not_picked":["Philosopher\u0027s Stone","SlaversCollar"],"picked":"Fusion Hammer"}],"items_purged_floors":[],"is_endless":false,"potions_floor_spawned":[2,7,8,11,18,30,41,44,46,54],"killed_by":"The Heart","ascension_level":1}}