{"host":"pesfwaef25r60kxm","time":1612165179,"event":{"mods":["ATMod(阿瑾Mod)","Act Like it!","Arknights","BaseMod","Colored Powertips","Downfall","Gensokyo","Minty Spire (QoL Compilation)","Pale of the Ancients","Replay The Spire","RumiaBox-露米娅的神秘盒子","Shop Mod","Spicy Shops","StSLib","Waifu the Spire","WarShipGirlsR/战舰少女R mod","[IsaacMod]以撒尖塔","noobMod","【功能Mod】聪明的最终Boss","【遗物卡牌】REMEMod"],"gold_per_floor":[110,110,120,295,295,295,226,240,294,329,329,343,343,354,354,458,458,448,448,124,137,187,221,221,240,240,300,300,300,352,366,366,461,461,595,752,793,882,931,988,988,1046,1046,299,410,24,61,201,201,326,496,576,566,122,122,219,219,288,99,99],"floor_reached":0,"language":"ZHS","playtime":3250,"items_purged":["Strike_G","ReplayTheSpireMod:Scrap Shanks+1","Strike_G","Strike_G","Defend_G","Defend_G","Bane","Defend_G"],"score":780,"play_id":"c6211328-3351-48ab-9e6a-524ececa703b","local_time":"20210201153939","is_ascension_mode":true,"campfire_choices":[{"floor":11,"key":"RECALL"},{"data":"AT_FamilyPortrait","floor":13,"key":"SMITH"},{"data":"Catalyst","floor":15,"key":"SMITH"},{"data":"Draining Mist","floor":24,"key":"SMITH"},{"data":"REME_MawOfCthun","floor":28,"key":"SMITH"},{"data":"champ:HoldFirm","floor":32,"key":"SMITH"},{"data":"Caltrops","floor":41,"key":"SMITH"},{"floor":49,"key":"DIG"},{"data":"Bouncing Flask","floor":55,"key":"SMITH"},{"data":"Bouncing Flask","floor":57,"key":"SMITH"}],"circlet_count":0,"master_deck":["Neutralize","Survivor","Defend_G","Defend_G","Defend_G","Defend_G","Defend_G","Strike_G","Strike_G","Strike_G","Strike_G","Strike_G"],"relics":["Ring of the Snake","paleoftheancients:Timepiece"],"acts_visited":["Exordium","TheCity","TheBeyond","TheBeyond"],"potions_floor_usage":[8,18,18,23,48,50],"damage_taken":[{"damage":0,"enemies":"Small Slimes","floor":1,"turns":1},{"damage":0,"enemies":"2 Louse","floor":3,"turns":1},{"damage":0,"enemies":"Lagavulin","floor":7,"turns":1},{"damage":0,"enemies":"Jaw Worm","floor":8,"turns":1},{"damage":0,"enemies":"3 Sentries","floor":10,"turns":1},{"damage":0,"enemies":"3 Louse","floor":12,"turns":5},{"damage":0,"enemies":"Blue Slaver","floor":14,"turns":3},{"damage":0,"enemies":"The Guardian","floor":16,"turns":2},{"damage":0,"enemies":"2 Thieves","floor":18,"turns":5},{"damage":7,"enemies":"Spheric Guardian","floor":21,"turns":6},{"damage":20,"enemies":"Hiden Room Battle","floor":22,"turns":4},{"damage":45,"enemies":"Slavers","floor":23,"turns":11},{"damage":1,"enemies":"Snake Plant","floor":25,"turns":5},{"damage":9,"enemies":"Book of Stabbing","floor":27,"turns":6},{"damage":11,"enemies":"Gremlin Leader","floor":30,"turns":4},{"damage":0,"enemies":"Cultist and Chosen","floor":31,"turns":3},{"damage":0,"enemies":"Collector","floor":33,"turns":4},{"damage":10,"enemies":"3 Shapes","floor":35,"turns":3},{"damage":10,"enemies":"3 Darklings","floor":36,"turns":5},{"damage":0,"enemies":"Transient","floor":37,"turns":5},{"damage":0,"enemies":"Sphere and 2 Shapes","floor":38,"turns":3},{"damage":5,"enemies":"Spire Growth","floor":39,"turns":4},{"damage":0,"enemies":"R_Hoarder","floor":40,"turns":6},{"damage":0,"enemies":"Giant Head","floor":42,"turns":7},{"damage":0,"enemies":"4 Shapes","floor":45,"turns":1},{"damage":0,"enemies":"Transient","floor":47,"turns":5},{"damage":0,"enemies":"3 Darklings","floor":48,"turns":3},{"damage":0,"enemies":"Awakened One","floor":50,"turns":14},{"damage":15,"enemies":"Awakened One","floor":51,"turns":13},{"damage":8,"enemies":"Awakened One","floor":52,"turns":7},{"damage":75,"enemies":"Awakened One","floor":56,"turns":5}],"seed_played":"-3887015122351299418","potions_obtained":[{"floor":7,"key":"DuplicationPotion"},{"floor":8,"key":"REME_GoldPotion"},{"floor":12,"key":"SneckoOil"},{"floor":14,"key":"PowerPotion"},{"floor":21,"key":"SkillPotion"},{"floor":23,"key":"Ancient Potion"},{"floor":27,"key":"Weak Potion"},{"floor":30,"key":"FearPotion"},{"floor":36,"key":"Venom Potion"},{"floor":37,"key":"Weak Potion"},{"floor":39,"key":"Weak Potion"},{"floor":47,"key":"Death Potion"},{"floor":48,"key":"REME_GoldPotion"},{"floor":51,"key":"LiquidMemories"}],"is_trial":false,"path_per_floor":["M","?","M","?","?","?","E","M","T","E","R","M","R","M","R","B",null,"M","?","$","M","?","E","R","M","T","E","R","?","E","M","R","B",null,"M","M","M","M","M","E","R","E","T","$","M","$","M","M","R","B","M","M","?","$","R","M","R","T","?"],"character_chosen":"THE_SILENT","items_purchased":["REME_MawOfCthun","Draining Mist","Blue Doll","GuppysHairball","Poison Darts","AT_BladeRuinedKing","AT_ArcaneSupremacy","Chaos","The Specimen","AT_RabadonDeathcap","Bouncing Flask","Pocketwatch"],"campfire_rested":0,"item_purchase_floors":[17,17,20,34,34,44,44,44,44,46,54,54],"current_hp_per_floor":[70,63,63,63,63,63,63,63,63,63,63,63,63,63,63,63,57,57,48,48,41,6,17,17,16,16,7,7,7,98,98,98,98,97,87,77,77,77,72,72,72,82,82,85,88,88,91,94,94,180,216,218,218,221,221,195,195,195,0,0],"gold":99,"neow_bonus":"THREE_ENEMY_KILL","is_daily":false,"chose_seed":false,"campfire_upgraded":8,"win_rate":0.0,"timestamp":1612165179,"path_taken":["M","?","M","?","?","?","E","M","T","E","R","M","R","M","R","BOSS","M","?","$","M","?","E","R","M","T","E","R","?","E","M","R","BOSS","M","M","M","M","?","E","R","E","T","$","M","$","M","M","R","BOSS","M","M","?","$","R","M","R","T","?"],"items_purchased_type":["Card","Card","Relic","Relic","Card","Relic","Card","Card","Relic","Relic","Card","Relic"],"build_version":"2020-12-22","purchased_purges":8,"victory":false,"max_hp_per_floor":[70,70,70,70,70,70,70,70,70,70,70,70,70,70,70,70,57,57,62,62,62,62,84,84,90,90,105,105,105,110,113,113,117,97,99,104,109,111,116,120,120,127,127,130,133,133,141,146,146,180,216,224,224,227,227,239,239,239,70,70],"card_choices":[{"not_picked":[],"picked":"ChaosCard","floor":0},{"not_picked":["Poisoned Stab","Deflect"],"picked":"Bomb","floor":1},{"not_picked":["AT_FocusSwordFire","Quick Slash","Eviscerate"],"picked":"SKIP","floor":3},{"not_picked":["Atom Bomb","AT_Desolate"],"picked":"Caltrops","floor":7},{"not_picked":["Draining Mist","Setup"],"picked":"Bomb","floor":8},{"not_picked":["Blade Dance","Outmaneuver","Sucker Punch"],"picked":"SKIP","floor":10},{"not_picked":["Poisoned Stab","PiercingWail"],"picked":"Fluid Movement","floor":12},{"not_picked":["Flying Knee","Cloak And Dagger"],"picked":"Catalyst","floor":14},{"not_picked":["Cloak And Dagger+1","Hidden Blade"],"picked":"ReplayTheSpireMod:Scrap Shanks+1","floor":18},{"not_picked":["Flying Knee","Prepared+1"],"picked":"Toxin Wave","floor":21},{"not_picked":["Dash","Acrobatics"],"picked":"Poisoned Stab","floor":22},{"not_picked":["Masterful Stab","Deflect"],"picked":"Dagger Spray+1","floor":23},{"not_picked":["Leg Sweep","Poisoned Stab"],"picked":"Crippling Poison","floor":25},{"not_picked":["Cloak And Dagger","Prepared+1"],"picked":"Well Laid Plans","floor":27},{"not_picked":["Prepared","Grand Finale"],"picked":"Sneak Up","floor":30},{"not_picked":["Backflip","Poisoned Stab"],"picked":"Crippling Poison+1","floor":31},{"not_picked":["REME_CopyPotion","REME_LeechingPoison"],"picked":"ReplayTheSpireMod:Necrosis","floor":33},{"not_picked":["Predator","Quick Slash"],"picked":"AT_Desolate","floor":35},{"not_picked":["Quick Slash+1","AT_ShadowStep"],"picked":"AT_TwilightShroud","floor":36},{"not_picked":["PiercingWail","Poisoned Stab+1"],"picked":"Prepared+1","floor":37},{"not_picked":["Cloak And Dagger+1","Dagger Throw+1"],"picked":"Dodge and Roll","floor":38},{"not_picked":["Flying Knee+1","AT_WindFlip"],"picked":"Caltrops+1","floor":39},{"not_picked":["Sucker Punch","Leg Sweep+1"],"picked":"Escape Plan","floor":40},{"not_picked":["Choke+1","Quick Slash"],"picked":"Replay:Poison Smokescreen","floor":42},{"not_picked":["Blade Dance+1","Accuracy+1"],"picked":"Bane","floor":45},{"not_picked":["Deflect","Bane+1"],"picked":"Burst","floor":47},{"not_picked":["Deflect","Quick Slash+1"],"picked":"Draining Mist","floor":48},{"not_picked":["Poisoned Stab","Eviscerate+1"],"picked":"Flying Knee","floor":51},{"not_picked":["Skewer","Riddle With Holes"],"picked":"Sneak Up","floor":52},{"not_picked":["Flying Knee","ReplayTheSpireMod:The Works"],"picked":"Blur+1","floor":56}],"player_experience":122772,"relics_obtained":[{"floor":7,"key":"Nunchaku"},{"floor":10,"key":"BookOfRevelations"},{"floor":22,"key":"Replay:Bottled Flurry"},{"floor":22,"key":"Happy Flower"},{"floor":23,"key":"SalivaCoin"},{"floor":26,"key":"Shuriken"},{"floor":27,"key":"ReplayTheSpireMod:Lightbulb"},{"floor":30,"key":"AT_SilvercatRing"},{"floor":40,"key":"The Courier"},{"floor":42,"key":"Replay:Ringing Soul"},{"floor":43,"key":"Iron Hammer"},{"floor":49,"key":"TheBean"},{"floor":51,"key":"paleoftheancients:SoulOfTheWokeBloke"},{"floor":52,"key":"paleoftheancients:SoulOfTheBard"},{"floor":56,"key":"paleoftheancients:SoulOfTheVixen"},{"floor":58,"key":"Magic Flower"}],"event_choices":[{"cards_removed":["Strike_G"],"damage_healed":0,"gold_gain":0,"player_choice":"Card Removal","damage_taken":7,"max_hp_gain":0,"max_hp_loss":0,"event_name":"Golden Wing","floor":2,"gold_loss":0},{"damage_healed":0,"gold_gain":175,"player_choice":"AGREE","damage_taken":0,"max_hp_gain":0,"max_hp_loss":0,"event_name":"Liars Game","floor":4,"gold_loss":0,"cards_obtained":["Doubt"]},{"cards_removed":["Strike_G"],"damage_healed":0,"gold_gain":0,"player_choice":"Forget","damage_taken":0,"max_hp_gain":0,"max_hp_loss":0,"event_name":"Living Wall","floor":6,"gold_loss":0},{"damage_healed":0,"gold_gain":0,"player_choice":"Shed Blood","damage_taken":14,"max_hp_gain":5,"max_hp_loss":0,"event_name":"Forgotten Altar","floor":19,"gold_loss":0},{"damage_healed":0,"gold_gain":0,"player_choice":"Fight","damage_taken":0,"max_hp_gain":0,"max_hp_loss":0,"event_name":"HidenRoomEvent","floor":22,"gold_loss":0},{"damage_healed":0,"gold_gain":0,"player_choice":"Inject Mutagens","damage_taken":0,"relics_obtained":["MutagenicStrength"],"max_hp_gain":0,"max_hp_loss":0,"event_name":"Drug Dealer","floor":29,"gold_loss":0}],"is_beta":false,"boss_relics":[{"not_picked":["REME_DemonsWealth","REME_DuelDisc"],"picked":"Replay:Ancient Bell"},{"not_picked":[]},{"not_picked":["REME_PuzzleBoxRelic","PreservedInsect"],"picked":"AT_MibuBalloonWealth"},{"not_picked":["REME_PuzzleBoxRelic","AT_MibuBalloonWealth","PreservedInsect"]}],"items_purged_floors":[17,20,20,34,44,44,46,54],"is_endless":false,"potions_floor_spawned":[7,8,12,14,21,23,27,30,36,37,39,47,48,51],"ascension_level":3}}