{"host":"jpcy2bclvs7juczu","time":1612205313,"event":{"mods":["Alarm Clock","BaseMod","Bestiary","Block Reminder","Colored Map","Colored Powertips","Curses Come First","Dark Map","Filter the Spire","Minty Spire (QoL Compilation)","Quick Restart","RNG Fix","Random Character Button","Relic Stats","Slay the Relics Exporter","Smile Girya","StSLib","everything is the same but u backflip on backflip","ojb\u0027s Better Paths Mod","ojb\u0027s Info Mod","slay the spire mod where everything is the same but ironclad has a cowboy hat"],"gold_per_floor":[215,28,39,39,39,39,39,39],"floor_reached":7,"language":"ENG","playtime":151,"items_purged":[],"score":78,"play_id":"5dbfceac-ef32-4662-ad4f-7ad472d7387c","local_time":"20210201134833","is_ascension_mode":true,"campfire_choices":[{"data":"Endless Agony","floor":6,"key":"SMITH"}],"circlet_count":0,"master_deck":["AscendersBane","Strike_G","Strike_G","Strike_G","Strike_G","Strike_G","Defend_G","Defend_G","Defend_G","Defend_G","Defend_G","Survivor","Neutralize","Endless Agony+1","Blade Dance","Footwork"],"relics":["Ring of the Snake","CultistMask"],"acts_visited":["Exordium"],"potions_floor_usage":[7],"damage_taken":[{"damage":2,"enemies":"Small Slimes","floor":1,"turns":5},{"damage":0,"enemies":"Cultist","floor":3,"turns":4},{"damage":57,"enemies":"Gremlin Nob","floor":7,"turns":4}],"seed_played":"899651521308632113","potions_obtained":[],"is_trial":false,"path_per_floor":["M","$","M","?","?","R","E"],"character_chosen":"THE_SILENT","items_purchased":["Blade Dance","Footwork","AttackPotion"],"campfire_rested":0,"item_purchase_floors":[2,2,2],"current_hp_per_floor":[57,57,57,57,57,57,0,0],"gold":39,"neow_bonus":"HUNDRED_GOLD","is_daily":false,"chose_seed":false,"campfire_upgraded":1,"win_rate":0.0,"timestamp":1612205313,"path_taken":["M","$","M","?","?","R","E"],"items_purchased_type":["Card","Card","Potion"],"build_version":"2020-12-22","purchased_purges":0,"victory":false,"max_hp_per_floor":[66,66,66,66,66,66,66,66],"relic_stats":{"counters":[3,13],"obtain_stats":[{"CultistMask":5,"Ring of the Snake":0},{"CultistMask":2,"Ring of the Snake":0},{"CultistMask":9,"Ring of the Snake":0}],"Ring of the Snake":[7]},"card_choices":[{"not_picked":["Concentrate","Outmaneuver"],"picked":"Endless Agony","floor":1},{"not_picked":["Deflect","Acrobatics","Accuracy"],"picked":"SKIP","floor":3}],"player_experience":1543732,"relics_obtained":[],"event_choices":[{"damage_healed":0,"gold_gain":0,"player_choice":"Leave","damage_taken":0,"max_hp_gain":0,"max_hp_loss":0,"event_name":"The Cleric","floor":4,"gold_loss":0},{"damage_healed":0,"gold_gain":0,"player_choice":"Trade","damage_taken":0,"relics_obtained":["CultistMask"],"max_hp_gain":0,"max_hp_loss":0,"event_name":"FaceTrader","floor":5,"gold_loss":0}],"is_beta":false,"boss_relics":[],"items_purged_floors":[],"is_endless":false,"potions_floor_spawned":[],"killed_by":"Gremlin Nob","ascension_level":20}}