{"host":"bq4pt811tk9yrmjl","time":1612212561,"event":{"mods":["AchievementEnabler","BaseMod","Colored Map","Colored Powertips","Defuse TimeMaze Blight","Hermit","Minty Spire (QoL Compilation)","Smile Girya","StSLib","SuperFastMode"],"gold_per_floor":[117,137,156,156,256,256,286,286,286,313,324,289,289,308,308,413,413,424,242,268,268,282,282,612,612,612,45,45,77,77,77,77,172,172,188,34,82,82,82,82,132,157,157,168,182,200,211,229,229,229,229,229,194,226,226,226],"floor_reached":55,"language":"ENG","playtime":1520,"items_purged":[],"score":882,"play_id":"7eb00a60-b1ce-46b6-a9c6-3d306f8edc54","local_time":"20210201184921","is_ascension_mode":true,"campfire_choices":[{"data":"hermit:Maintenance","floor":6,"key":"SMITH"},{"data":"hermit:Snapshot","floor":8,"key":"SMITH"},{"data":"hermit:Covet","floor":13,"key":"SMITH"},{"data":"hermit:Dive","floor":15,"key":"SMITH"},{"floor":23,"key":"RECALL"},{"data":"hermit:Glare","floor":25,"key":"SMITH"},{"data":"hermit:Defend_Hermit","floor":28,"key":"SMITH"},{"data":"hermit:Defend_Hermit","floor":32,"key":"SMITH"},{"floor":40,"key":"REST"},{"floor":49,"key":"REST"},{"floor":52,"key":"REST"}],"circlet_count":0,"master_deck":["hermit:Strike_Hermit+1","hermit:Strike_Hermit","hermit:Strike_Hermit","hermit:Strike_Hermit+1","hermit:Defend_Hermit+1","hermit:Defend_Hermit+1","hermit:Defend_Hermit","hermit:Defend_Hermit","hermit:Snapshot+1","hermit:Covet+1","hermit:Dive+1","hermit:Maintenance+1","hermit:Glare+1","hermit:GoldenBullet+1","Apotheosis+1","hermit:Manifest+1","hermit:CalledShot+1","hermit:RoundhouseKick","hermit:HighCaliber+1","Good Instincts","hermit:FlashPowder"],"relics":["hermit:Momento","NeowsBlessing","Pear","Bag of Marbles","InkBottle","Sozu","Red Mask","Old Coin","TungstenRod","Juzu Bracelet","hermit:Spyglass","ClockworkSouvenir","Whetstone","Fusion Hammer","HandDrill","Calipers","Peace Pipe","Shuriken","StoneCalendar","Lizard Tail"],"acts_visited":["Exordium","TheCity","TheBeyond","TheEnding"],"potions_floor_usage":[16,20],"damage_taken":[{"damage":0,"enemies":"Cultist","floor":1,"turns":1},{"damage":0,"enemies":"2 Louse","floor":2,"turns":2},{"damage":0,"enemies":"Jaw Worm","floor":3,"turns":1},{"damage":0,"enemies":"Lagavulin","floor":7,"turns":7},{"damage":25,"enemies":"3 Sentries","floor":10,"turns":8},{"damage":4,"enemies":"Lots of Slimes","floor":11,"turns":5},{"damage":5,"enemies":"Looter","floor":14,"turns":3},{"damage":0,"enemies":"The Guardian","floor":16,"turns":13},{"damage":1,"enemies":"3 Byrds","floor":18,"turns":8},{"damage":0,"enemies":"Masked Bandits","floor":20,"turns":6},{"damage":0,"enemies":"Shell Parasite","floor":22,"turns":6},{"damage":3,"enemies":"Book of Stabbing","floor":24,"turns":7},{"damage":0,"enemies":"Slavers","floor":29,"turns":6},{"damage":8,"enemies":"Champ","floor":33,"turns":12},{"damage":10,"enemies":"3 Darklings","floor":35,"turns":9},{"damage":12,"enemies":"2 Orb Walkers","floor":37,"turns":4},{"damage":0,"enemies":"Mind Bloom Boss Battle","floor":41,"turns":8},{"damage":0,"enemies":"Reptomancer","floor":42,"turns":10},{"damage":5,"enemies":"Orb Walker","floor":44,"turns":2},{"damage":6,"enemies":"3 Darklings","floor":45,"turns":3},{"damage":0,"enemies":"4 Shapes","floor":46,"turns":2},{"damage":2,"enemies":"Sphere and 2 Shapes","floor":47,"turns":4},{"damage":0,"enemies":"Writhing Mass","floor":48,"turns":6},{"damage":78,"enemies":"Time Eater","floor":50,"turns":16},{"damage":34,"enemies":"Shield and Spear","floor":54,"turns":9},{"damage":101,"enemies":"The Heart","floor":55,"turns":12}],"seed_played":"-3548289630684193778","potions_obtained":[{"floor":11,"key":"Dexterity Potion"},{"floor":16,"key":"Energy Potion"}],"is_trial":false,"path_per_floor":["M","M","M","?","?","R","E","R","T","E","M","?","R","M","R","B",null,"M","$","?","?","M","R","E","R","T","$","R","E","?","?","R","B",null,"M","$","?","?","?","R","?","E","T","M","M","M","M","M","R","B",null,"R","$","E","B"],"character_chosen":"HERMIT","items_purchased":["Apotheosis","Juzu Bracelet","hermit:Spyglass","ClockworkSouvenir","HandDrill","hermit:FlashPowder"],"campfire_rested":3,"item_purchase_floors":[19,27,27,27,36,53],"current_hp_per_floor":[75,75,75,73,73,73,73,73,73,48,44,65,65,60,60,60,85,84,84,84,84,84,84,81,81,81,81,81,81,81,81,81,73,85,75,75,63,63,63,85,85,85,85,80,74,74,72,72,85,7,85,85,85,51,0,0],"gold":226,"neow_bonus":"THREE_ENEMY_KILL","is_daily":false,"chose_seed":false,"campfire_upgraded":7,"win_rate":0.0,"timestamp":1612212561,"path_taken":["M","?","M","?","?","R","E","R","T","E","?","?","R","M","R","BOSS","M","$","?","?","M","R","E","R","T","$","R","E","?","?","R","BOSS","M","?","?","?","?","R","?","E","T","M","M","M","M","M","R","BOSS","R","$","E","BOSS"],"items_purchased_type":["Card","Relic","Relic","Relic","Relic","Card"],"build_version":"2020-12-22","purchased_purges":0,"victory":false,"max_hp_per_floor":[75,75,75,85,85,85,85,85,85,85,85,85,85,85,85,85,85,85,85,85,85,85,85,85,85,85,85,85,85,85,85,85,85,85,85,85,85,85,85,85,85,85,85,85,85,85,85,85,85,85,85,85,85,85,85,85],"card_choices":[{"not_picked":["hermit:WideOpen","hermit:BodyArmor"],"picked":"hermit:Dive","floor":1},{"not_picked":["hermit:HighCaliber","hermit:Ricochet"],"picked":"hermit:Maintenance","floor":2},{"not_picked":["hermit:LowProfile","hermit:PistolWhip"],"picked":"hermit:Glare","floor":3},{"not_picked":["hermit:FatalDesire","hermit:Feint","hermit:PistolWhip"],"picked":"SKIP","floor":7},{"not_picked":["hermit:Malice","hermit:SprayPray","hermit:LowProfile"],"picked":"SKIP","floor":10},{"not_picked":["hermit:BodyArmor","hermit:ItchyTrigger","hermit:TrackingShot"],"picked":"SKIP","floor":11},{"not_picked":["hermit:HighCaliber","hermit:TrackingShot","hermit:TakeAim"],"picked":"SKIP","floor":14},{"not_picked":["hermit:Desperado","hermit:ItchyTrigger"],"picked":"hermit:GoldenBullet+1","floor":18},{"not_picked":["hermit:HoleUp+1","hermit:SprayPray"],"picked":"hermit:Manifest+1","floor":20},{"not_picked":["hermit:Purgatory","hermit:Scavenge"],"picked":"hermit:CalledShot+1","floor":22},{"not_picked":["hermit:NoHoldsBarred+1","hermit:Gestalt","hermit:LuckOfTheDraw"],"picked":"SKIP","floor":24},{"not_picked":["hermit:Malice","hermit:DeadMansHand","hermit:Misfire+1"],"picked":"SKIP","floor":29},{"not_picked":["hermit:DeadOrAlive","hermit:HeroicBravado"],"picked":"hermit:RoundhouseKick","floor":33},{"not_picked":["hermit:Brawl","hermit:Enervate"],"picked":"hermit:HighCaliber+1","floor":35},{"not_picked":["PanicButton","HandOfGreed"],"picked":"Good Instincts","floor":39},{"not_picked":["hermit:Brawl","hermit:Quickdraw","hermit:TrackingShot"],"picked":"SKIP","floor":42},{"not_picked":["hermit:Coalescence","hermit:Misfire+1","hermit:Snipe"],"picked":"SKIP","floor":44},{"not_picked":["hermit:Vantage","hermit:HighCaliber+1","hermit:FatalDesire"],"picked":"SKIP","floor":45},{"not_picked":["hermit:Snipe+1","hermit:HoleUp+1","hermit:Dive"],"picked":"SKIP","floor":46},{"not_picked":["hermit:Desperado","hermit:Grudge+1","hermit:LowProfile"],"picked":"SKIP","floor":47},{"not_picked":["hermit:CalledShot","hermit:Quickdraw+1","hermit:Glare"],"picked":"SKIP","floor":48},{"not_picked":["hermit:ItchyTrigger","hermit:OverwhelmingPower","hermit:Malice+1"],"picked":"SKIP","floor":54}],"player_experience":294367,"relics_obtained":[{"floor":7,"key":"Bag of Marbles"},{"floor":10,"key":"InkBottle"},{"floor":20,"key":"Red Mask"},{"floor":24,"key":"Old Coin"},{"floor":26,"key":"TungstenRod"},{"floor":29,"key":"Whetstone"},{"floor":37,"key":"Calipers"},{"floor":41,"key":"Peace Pipe"},{"floor":42,"key":"Shuriken"},{"floor":43,"key":"StoneCalendar"},{"floor":54,"key":"Lizard Tail"}],"event_choices":[{"damage_healed":0,"gold_gain":0,"player_choice":"Success","damage_taken":12,"relics_obtained":["Pear"],"max_hp_gain":0,"max_hp_loss":0,"event_name":"Scrap Ooze","floor":4,"gold_loss":0},{"damage_healed":0,"gold_gain":100,"player_choice":"Pray","damage_taken":0,"max_hp_gain":0,"max_hp_loss":0,"event_name":"Golden Shrine","floor":5,"gold_loss":0},{"damage_healed":21,"gold_gain":0,"player_choice":"Healed","damage_taken":0,"max_hp_gain":0,"max_hp_loss":0,"event_name":"The Cleric","floor":12,"gold_loss":35},{"damage_healed":0,"gold_gain":0,"player_choice":"Fought Bandits","damage_taken":0,"max_hp_gain":0,"max_hp_loss":0,"event_name":"Masked Bandits","floor":20,"gold_loss":0},{"damage_healed":0,"gold_gain":0,"player_choice":"Forge","damage_taken":0,"max_hp_gain":0,"max_hp_loss":0,"event_name":"Accursed Blacksmith","floor":21,"gold_loss":0,"cards_upgraded":["Apotheosis"]},{"damage_healed":0,"gold_gain":0,"player_choice":"Ignored","damage_taken":0,"max_hp_gain":0,"max_hp_loss":0,"event_name":"Vampires","floor":30,"gold_loss":0},{"damage_healed":0,"gold_gain":0,"player_choice":"Ignored","damage_taken":0,"max_hp_gain":0,"max_hp_loss":0,"event_name":"Transmorgrifier","floor":31,"gold_loss":0},{"damage_healed":0,"gold_gain":0,"player_choice":"Fight","damage_taken":0,"max_hp_gain":0,"max_hp_loss":0,"event_name":"Mysterious Sphere","floor":37,"gold_loss":0},{"damage_healed":0,"gold_gain":0,"player_choice":"Ignored","damage_taken":0,"max_hp_gain":0,"max_hp_loss":0,"event_name":"SecretPortal","floor":38,"gold_loss":0},{"damage_healed":0,"gold_gain":0,"player_choice":"Memory 1","damage_taken":0,"max_hp_gain":0,"max_hp_loss":0,"event_name":"SensoryStone","floor":39,"gold_loss":0},{"damage_healed":0,"gold_gain":0,"player_choice":"Fight","damage_taken":0,"max_hp_gain":0,"max_hp_loss":0,"event_name":"MindBloom","floor":41,"gold_loss":0}],"is_beta":false,"boss_relics":[{"not_picked":["hermit:ClaspedLocket","Empty Cage"],"picked":"Sozu"},{"not_picked":["Tiny House","Coffee Dripper"],"picked":"Fusion Hammer"}],"items_purged_floors":[],"is_endless":false,"potions_floor_spawned":[11,16,20,22,24,35,41,42,44,46,47],"killed_by":"The Heart","ascension_level":1}}