{"host":"vld99k9l4elccfy8","time":1612155631,"event":{"mods":["AchievementEnabler","BaseMod","Bestiary","Block Reminder","Colored Map","Colored Powertips","Custom Start","Highlight Path","Minty Spire (QoL Compilation)","Permanent Neow","Rare Cards Sparkle"],"gold_per_floor":[365,365,58,71,87,87,87,87,87,97,110,137,137,148,148,247,247,261,261,275,275,275],"floor_reached":21,"language":"ENG","playtime":3204,"items_purged":[],"score":181,"play_id":"b9024c7d-6593-486a-adfc-b041f66b15ae","local_time":"20210131220031","is_ascension_mode":false,"campfire_choices":[{"floor":6.0,"key":"RECALL"},{"floor":8.0,"key":"REST"},{"floor":15.0,"key":"REST"}],"circlet_count":0,"master_deck":["Strike_P","Strike_P","Strike_P","Strike_P","Defend_P","Defend_P","Defend_P","Eruption","Vigilance","Prostrate","Clash","Prepared","ForeignInfluence","Entrench","Collect","Ghostly Armor","Worship","Chrysalis","Impervious","WreathOfFlame+1","Coolheaded","Steam+1","Cold Snap+1"],"relics":["PureWater","Bag of Preparation","PrismaticShard","Blood Vial","Girya","Prayer Wheel","StrikeDummy","SlaversCollar"],"acts_visited":["Exordium","TheCity"],"potions_floor_usage":[],"damage_taken":[{"damage":3.0,"enemies":"Jaw Worm","floor":1.0,"turns":4.0},{"damage":0.0,"enemies":"2 Louse","floor":4.0,"turns":3.0},{"damage":0.0,"enemies":"Cultist","floor":5.0,"turns":2.0},{"damage":6.0,"enemies":"Exordium Wildlife","floor":10.0,"turns":4.0},{"damage":0.0,"enemies":"2 Fungi Beasts","floor":11.0,"turns":3.0},{"damage":37.0,"enemies":"Lagavulin","floor":12.0,"turns":10.0},{"damage":6.0,"enemies":"Large Slime","floor":14.0,"turns":3.0},{"damage":34.0,"enemies":"The Guardian","floor":16.0,"turns":11.0},{"damage":50.0,"enemies":"3 Byrds","floor":18.0,"turns":9.0},{"damage":10.0,"enemies":"Shell Parasite","floor":20.0,"turns":5.0},{"damage":36,"enemies":"Cultist and Chosen","floor":21,"turns":4}],"seed_played":"2071027480853144137","potions_obtained":[{"floor":4.0,"key":"LiquidMemories"},{"floor":5.0,"key":"Block Potion"},{"floor":11.0,"key":"Energy Potion"},{"floor":12.0,"key":"LiquidMemories"}],"is_trial":false,"path_per_floor":["M","?","$","M","M","R","?","R","T","M","M","E","T","M","R","B",null,"M","?","M","M"],"character_chosen":"WATCHER","items_purchased":["PrismaticShard","Blood Vial"],"campfire_rested":2,"item_purchase_floors":[3,3],"current_hp_per_floor":[48,30,30,32,34,34,34,55,55,51,53,18,18,14,35,3,72,22,22,14,0,0],"gold":275,"neow_bonus":"TWO_FIFTY_GOLD","is_daily":false,"chose_seed":false,"campfire_upgraded":0,"win_rate":0.0,"timestamp":1612155631,"path_taken":["M","?","$","M","M","R","?","R","T","?","M","E","?","M","R","BOSS","M","?","M","M"],"items_purchased_type":["Relic","Relic"],"build_version":"2020-12-22","purchased_purges":0,"victory":false,"max_hp_per_floor":[72,72,72,72,72,72,72,72,72,72,72,72,72,72,72,72,72,72,72,72,72,72],"card_choices":[{"not_picked":["Consecrate","Perseverance"],"picked":"Prostrate","floor":1.0},{"not_picked":["Skim","Rebound"],"picked":"Clash","floor":4.0},{"not_picked":["Consume","Rampage"],"picked":"Prepared","floor":5.0},{"not_picked":["Twin Strike","Headbutt"],"picked":"Entrench","floor":10.0},{"not_picked":["Doom and Gloom","EmptyFist"],"picked":"Collect","floor":11.0},{"not_picked":["Clothesline","Halt"],"picked":"Ghostly Armor","floor":12.0},{"not_picked":["Infernal Blade","Outmaneuver"],"picked":"Worship","floor":14.0},{"not_picked":["TalkToTheHand","Acrobatics"],"picked":"Chrysalis","floor":14.0},{"not_picked":["Magnetism","Exhume"],"picked":"Impervious","floor":16.0},{"not_picked":["ClearTheMind","Steam+1"],"picked":"WreathOfFlame+1","floor":18.0},{"not_picked":["Sucker Punch","Vengeance"],"picked":"Coolheaded","floor":18.0},{"not_picked":["EmptyFist","Heel Hook"],"picked":"Steam+1","floor":20.0},{"not_picked":["Dagger Throw+1","FlurryOfBlows"],"picked":"Cold Snap+1","floor":20.0}],"player_experience":357067,"relics_obtained":[{"floor":9.0,"key":"Girya"},{"floor":12.0,"key":"Prayer Wheel"},{"floor":13.0,"key":"StrikeDummy"}],"event_choices":[{"damage_healed":0.0,"max_hp_gain":0.0,"max_hp_loss":0.0,"gold_gain":0.0,"event_name":"Scrap Ooze","player_choice":"Success","floor":2.0,"gold_loss":0.0,"damage_taken":18.0,"relics_obtained":["Bag of Preparation"]},{"damage_healed":0.0,"max_hp_gain":0.0,"max_hp_loss":0.0,"gold_gain":0.0,"cards_transformed":["Defend_P"],"event_name":"Transmorgrifier","player_choice":"Transformed","floor":7.0,"gold_loss":0.0,"damage_taken":0.0,"cards_obtained":["ForeignInfluence"]},{"damage_healed":0.0,"max_hp_gain":0.0,"max_hp_loss":0.0,"gold_gain":0.0,"event_name":"Cursed Tome","player_choice":"Ignored","floor":19.0,"gold_loss":0.0,"damage_taken":0.0}],"is_beta":false,"boss_relics":[{"not_picked":["HolyWater","Calling Bell"],"picked":"SlaversCollar"}],"items_purged_floors":[],"is_endless":false,"potions_floor_spawned":[4,5,11,12],"killed_by":"Cultist and Chosen","ascension_level":0}}