{"host":"clf2hd4adhiiw0zf","time":1612163782,"event":{"mods":["AchievementEnabler","BaseMod","Beaked The Cultist","Bestiary","Dark Map","Downfall","Gremlin Mod","Hermit","Jorbs\u0027s Wanderer Trilogy","Marisa????????","Minty Spire (QoL Compilation)","Shop Mod","StSLib","The Cursed","The Servant 0.9.4","Wide Potions"],"gold_per_floor":[0,15,190,208,208,240,240,340,12,462,489,505,305,84,102,127,127,127],"floor_reached":16,"language":"ENG","playtime":680,"items_purged":[],"score":238,"play_id":"6bfd4715-c4a0-4ec6-a978-d0be21a27560","local_time":"20210201001622","is_ascension_mode":true,"campfire_choices":[{"floor":1.0,"key":"RECALL"},{"data":"sneckomod:UnknownRareAttack","floor":13.0,"key":"SMITH"}],"circlet_count":0,"master_deck":["sneckomod:Strike","sneckomod:Strike","sneckomod:Strike","sneckomod:Defend","sneckomod:Defend","sneckomod:Defend+1","sneckomod:TailWhip","sneckomod:SnekBite","sneckomod:Unknown","sneckomod:Unknown","sneckomod:MorePower","sneckomod:UnknownStrike+1","sneckomod:QuickBite","Doubt","sneckomod:UnknownDexterity+1","sneckomod:SlitherStrike","sneckomod:Unknown3Cost+1","sneckomod:PureSnecko","stsjorbsmod:Procrastination","sneckomod:UnknownRareAttack+1","Shame","downfall:Bewildered","sneckomod:UnknownVulnerable+1","sneckomod:SerpentIdol","downfall:Icky","downfall:Icky","downfall:Icky","sneckomod:UnknownDexterity+1","sneckomod:UnknownExhaust","sneckomod:ImprovisedAttack","sneckomod:UnknownUncommonSkill+1","sneckomod:Transmogrify","sneckomod:GlitteringGambit","sneckomod:UnknownRareSkill","sneckomod:UnknownDexterity","sneckomod:Restock"],"relics":["sneckomod:SneckoSoul","Anchor","Matryoshka","downfall:ExtraCursedKey","champ:DuelingGlove","downfall:HeartBlessingRed","downfall:HeartBlessingGreen","Orrery"],"acts_visited":["Exordium"],"potions_floor_usage":[16,16,16],"damage_taken":[{"damage":5.0,"enemies":"2 Louse","floor":2.0,"turns":2.0},{"damage":7.0,"enemies":"Small Slimes","floor":4.0,"turns":4.0},{"damage":34.0,"enemies":"Gremlin Nob","floor":6.0,"turns":5.0},{"damage":10.0,"enemies":"downfall:FleeingMerchant","floor":9.0,"turns":4.0},{"damage":30.0,"enemies":"3 Sentries","floor":11.0,"turns":10.0},{"damage":1.0,"enemies":"Jaw Worm","floor":12.0,"turns":2.0},{"damage":10.0,"enemies":"downfall:FleeingMerchant","floor":14.0,"turns":4.0},{"damage":1.0,"enemies":"Exordium Wildlife","floor":15.0,"turns":3.0},{"damage":17,"enemies":"DF_ARCHETYPE_STREAMLINE","floor":16,"turns":4}],"seed_played":"1349053027987920784","potions_obtained":[{"floor":4.0,"key":"DuplicationPotion"},{"floor":11.0,"key":"Dexterity Potion"}],"is_trial":false,"path_per_floor":["R","M","?","M","?","E","T","?","$","?","E","M","R","$","M","B"],"character_chosen":"THE_SNECKO","items_purchased":["champ:DuelingGlove","Orrery","Block Potion"],"campfire_rested":0,"item_purchase_floors":[9,14,14],"current_hp_per_floor":[90,85,85,78,83,49,49,54,44,44,24,23,23,13,12,0,0,0],"gold":127,"neow_bonus":"THREE_RARE_CARDS","is_daily":false,"chose_seed":false,"campfire_upgraded":1,"win_rate":0.0,"timestamp":1612163782,"path_taken":["R","M","?","M","?","E","T","?","$","?","E","M","R","$","M","BOSS"],"items_purchased_type":["Relic","Relic","Potion"],"build_version":"2020-12-22","purchased_purges":0,"victory":false,"max_hp_per_floor":[90,90,90,90,95,95,95,100,100,100,100,100,100,100,100,100,100,100],"card_choices":[{"not_picked":["sneckomod:DangerNoodle","sneckomod:SerpentMind"],"picked":"sneckomod:MorePower","floor":0.0},{"not_picked":["sneckomod:Unknown0Cost+1","sneckomod:UnknownWeak+1"],"picked":"sneckomod:UnknownStrike+1","floor":2.0},{"not_picked":["sneckomod:SoulRoll","sneckomod:MasterEye"],"picked":"sneckomod:QuickBite","floor":2.0},{"not_picked":["sneckomod:UnknownStrike+1","sneckomod:UnknownBlock+1"],"picked":"sneckomod:UnknownDexterity+1","floor":4.0},{"not_picked":["sneckomod:MixItUp","sneckomod:DiceBlock"],"picked":"sneckomod:SlitherStrike","floor":4.0},{"not_picked":["sneckomod:UnknownDexterity+1","sneckomod:UnknownUncommonAttack+1"],"picked":"sneckomod:Unknown3Cost+1","floor":6.0},{"not_picked":["sneckomod:RainOfDice","sneckomod:UnknownBlock"],"picked":"sneckomod:PureSnecko","floor":6.0},{"not_picked":["sneckomod:Unknown2Cost+1","sneckomod:UnknownCommonAttack+1"],"picked":"sneckomod:UnknownVulnerable+1","floor":9.0},{"not_picked":["sneckomod:Nope","sneckomod:Unknown0Cost"],"picked":"sneckomod:SerpentIdol","floor":9.0},{"not_picked":["sneckomod:UnknownVulnerable+1","sneckomod:UnknownCommonAttack+1"],"picked":"sneckomod:UnknownDexterity+1","floor":11.0},{"not_picked":["sneckomod:UnknownStrike","sneckomod:WideSting"],"picked":"sneckomod:UnknownExhaust","floor":11.0},{"not_picked":["sneckomod:SoulDraw","sneckomod:RainOfDice"],"picked":"sneckomod:ImprovisedAttack","floor":12.0},{"not_picked":["sneckomod:UnknownCommonAttack+1","sneckomod:UnknownCommonSkill+1"],"picked":"sneckomod:UnknownUncommonSkill+1","floor":14.0},{"not_picked":["sneckomod:IronFang","sneckomod:SlitherStrike"],"picked":"sneckomod:Transmogrify","floor":14.0},{"not_picked":["sneckomod:IronFang","sneckomod:DiceCrush"],"picked":"sneckomod:GlitteringGambit","floor":14.0},{"not_picked":["sneckomod:UnknownColorless","sneckomod:DiceCrush"],"picked":"sneckomod:UnknownRareSkill","floor":14.0},{"not_picked":["sneckomod:IronFang","sneckomod:QuickBite"],"picked":"sneckomod:UnknownDexterity","floor":14.0},{"not_picked":["sneckomod:QuickMove","sneckomod:PureSnecko"],"picked":"sneckomod:Restock","floor":14.0},{"not_picked":["sneckomod:QuickBite","sneckomod:WideSting","sneckomod:UnknownBlock"],"picked":"SKIP","floor":15.0}],"player_experience":167409,"relics_obtained":[{"floor":6.0,"key":"Anchor"},{"floor":7.0,"key":"Matryoshka"},{"floor":11.0,"key":"bronze:BronzeIdol"}],"event_choices":[{"damage_healed":0.0,"max_hp_gain":5.0,"max_hp_loss":0.0,"gold_gain":0.0,"event_name":"Big Fish","player_choice":"Donut","floor":5.0,"gold_loss":0.0,"damage_taken":0.0}],"is_beta":false,"boss_relics":[],"items_purged_floors":[],"is_endless":false,"potions_floor_spawned":[4,11,15],"killed_by":"DF_ARCHETYPE_STREAMLINE","ascension_level":1}}