{"host":"ayh4nqhr0ddw4ozv","time":1612161975,"event":{"mods":["BaseMod","Minty Spire (QoL Compilation)","Relic Stats","Replay The Spire","Robot Space Explorer","StSLib"],"gold_per_floor":[215,233,233,244,264,289,289,316,316,346,346,359,359,359,359,433,433,471,491,491,536,576,576,617,657,657,657,674,674,674],"floor_reached":29,"language":"ENG","playtime":1898,"items_purged":[],"score":563,"play_id":"6a5ae463-c872-4294-84a3-a3c501164ba5","local_time":"20210131224615","is_ascension_mode":true,"campfire_choices":[{"data":"Blasphemy","floor":7.0,"key":"SMITH"},{"floor":11,"key":"REST"},{"floor":13,"key":"REST"},{"data":"SandsOfTime","floor":15,"key":"SMITH"},{"floor":23,"key":"REST"}],"circlet_count":0,"master_deck":["AscendersBane","Defend_P","Defend_P","Defend_P","Defend_P","Eruption","Vigilance","SandsOfTime+1","EmptyFist+1","SashWhip","BowlingBash","Blasphemy+1","Replay:Hum","SandsOfTime","Tantrum","Wish","Wireheading","Bite","Bite","Bite","Bite","Bite+1","LessonLearned","Replay:ManipulateFuture+1","EmptyMind","Replay:AtTheReady+1"],"relics":["Replay:Wanted Poster","Dream Catcher","Mirror","Replay:Bottled Flurry","The Courier","Philosopher\u0027s Stone"],"acts_visited":["Exordium","TheCity"],"potions_floor_usage":[10,12,22,24,25,28],"damage_taken":[{"damage":0.0,"enemies":"Jaw Worm","floor":1.0,"turns":3.0},{"damage":0.0,"enemies":"Cultist","floor":2.0,"turns":3.0},{"damage":2.0,"enemies":"2 Louse","floor":4.0,"turns":3.0},{"damage":8.0,"enemies":"Lots of Slimes","floor":5.0,"turns":5.0},{"damage":20.0,"enemies":"3 Sentries","floor":6.0,"turns":5.0},{"damage":3.0,"enemies":"Gremlin Nob","floor":8.0,"turns":3.0},{"damage":22,"enemies":"3 Sentries","floor":10,"turns":5},{"damage":0,"enemies":"Exordium Wildlife","floor":12,"turns":4},{"damage":0,"enemies":"Slime Boss","floor":16,"turns":3},{"damage":14,"enemies":"Chosen","floor":18,"turns":4},{"damage":8,"enemies":"Shell Parasite","floor":19,"turns":2},{"damage":6,"enemies":"Snake Plant","floor":21,"turns":4},{"damage":37,"enemies":"Shelled Parasite and Fungi","floor":22,"turns":7},{"damage":26,"enemies":"3 Cultists","floor":24,"turns":4},{"damage":17,"enemies":"Cultist and Chosen","floor":25,"turns":6},{"damage":14,"enemies":"Centurion and Healer","floor":28,"turns":7},{"damage":24,"enemies":"Colosseum Slavers","floor":29,"turns":1}],"seed_played":"-3861852261629274801","potions_obtained":[{"floor":1.0,"key":"Fire Potion"},{"floor":3.0,"key":"LiquidMemories"},{"floor":6.0,"key":"PowerPotion"},{"floor":8.0,"key":"PowerPotion"},{"floor":10,"key":"LifebloodPotion"},{"floor":19,"key":"Adrenaline Potion"},{"floor":22,"key":"AttackPotion"},{"floor":25,"key":"Block Potion"}],"is_trial":false,"path_per_floor":["M","M","?","M","M","E","R","E","T","E","R","M","R","?","R","B",null,"M","M","?","M","M","R","M","M","T","?","M","?"],"character_chosen":"WATCHER","items_purchased":[],"campfire_rested":3,"item_purchase_floors":[],"current_hp_per_floor":[61,61,61,59,51,31,31,28,28,6,26,26,46,46,46,46,63,49,41,41,41,12,26,9,5,5,5,13,0,0],"gold":674,"neow_bonus":"BOSS_RELIC","is_daily":false,"chose_seed":false,"campfire_upgraded":2,"win_rate":0.0,"timestamp":1612161975,"path_taken":["M","M","?","?","M","E","R","E","T","E","R","M","R","?","R","BOSS","M","?","?","M","M","R","M","M","T","?","?","?"],"items_purchased_type":[],"build_version":"2020-12-22","purchased_purges":0,"victory":false,"max_hp_per_floor":[68,68,68,68,68,68,68,68,68,68,68,68,68,68,68,68,68,68,68,47,47,47,47,47,47,47,47,47,47,47],"relic_stats":{"Dream Catcher":3,"counters":[17,69],"obtain_stats":[{"Replay:Wanted Poster":0,"Dream Catcher":6,"Philosopher\u0027s Stone":17,"The Courier":10,"Replay:Bottled Flurry":9,"PureWater":0,"Mirror":8},{"Replay:Wanted Poster":0,"Dream Catcher":5,"Philosopher\u0027s Stone":9,"The Courier":7,"Replay:Bottled Flurry":6,"PureWater":0,"Mirror":6},{"Replay:Wanted Poster":0,"Dream Catcher":19,"Philosopher\u0027s Stone":34,"The Courier":27,"Replay:Bottled Flurry":22,"PureWater":0,"Mirror":22}]},"card_choices":[{"not_picked":["EmptyFist","Halt"],"picked":"SandsOfTime","floor":1.0},{"not_picked":["FlurryOfBlows","FollowUp"],"picked":"EmptyFist","floor":2.0},{"not_picked":["LikeWater","Replay:Cycle"],"picked":"SashWhip","floor":4.0},{"not_picked":["FollowUp","Replay:AtTheReady"],"picked":"BowlingBash","floor":5.0},{"not_picked":["Swivel","Consecrate"],"picked":"Blasphemy","floor":6.0},{"not_picked":["PathToVictory","Protect"],"picked":"Replay:Hum","floor":8.0},{"not_picked":["SignatureMove","PathToVictory"],"picked":"SandsOfTime","floor":10},{"not_picked":["Prostrate","CrushJoints"],"picked":"Tantrum","floor":11},{"not_picked":["JustLucky","Prostrate","Halt"],"picked":"SKIP","floor":12},{"not_picked":["LessonLearned","Establishment"],"picked":"Wish","floor":16},{"not_picked":["EmptyFist+1","Replay:AtTheReady","BowlingBash+1"],"picked":"SKIP","floor":18},{"not_picked":["CrushJoints+1","Conclude"],"picked":"Wireheading","floor":19},{"not_picked":["BowlingBash","CrushJoints"],"picked":"LessonLearned","floor":21},{"not_picked":["BattleHymn+1","EmptyBody"],"picked":"Replay:ManipulateFuture+1","floor":22},{"not_picked":["Crescendo","FlyingSleeves"],"picked":"EmptyMind","floor":24},{"not_picked":["Replay:Hum","Conclude"],"picked":"Replay:AtTheReady+1","floor":25},{"not_picked":["CutThroughFate","CrushJoints","Prostrate"],"picked":"SKIP","floor":28}],"player_experience":408820,"relics_obtained":[{"floor":6.0,"key":"Dream Catcher"},{"floor":8.0,"key":"Mirror"},{"floor":9.0,"key":"Replay:Bottled Flurry"},{"floor":10,"key":"The Courier"}],"event_choices":[{"damage_healed":0.0,"max_hp_gain":0.0,"max_hp_loss":0.0,"gold_gain":0.0,"event_name":"Lab","player_choice":"Got Potions","floor":3.0,"gold_loss":0.0,"damage_taken":0.0},{"damage_healed":0,"gold_gain":0,"player_choice":"0 cards matched","damage_taken":0,"max_hp_gain":0,"max_hp_loss":0,"event_name":"Match and Keep!","floor":14,"gold_loss":0,"cards_obtained":[]},{"damage_healed":0,"gold_gain":0,"player_choice":"Became a vampire","damage_taken":0,"max_hp_gain":0,"max_hp_loss":21,"event_name":"Vampires","floor":20,"gold_loss":0,"cards_obtained":["Bite","Bite","Bite","Bite","Bite"]},{"damage_healed":0,"gold_gain":0,"player_choice":"Ignored","damage_taken":0,"max_hp_gain":0,"max_hp_loss":0,"event_name":"N\u0027loth","floor":27,"gold_loss":0},{"damage_healed":0,"gold_gain":0,"player_choice":"Fight","damage_taken":0,"max_hp_gain":0,"max_hp_loss":0,"event_name":"Colosseum","floor":29,"gold_loss":0}],"is_beta":false,"boss_relics":[{"not_picked":["Runic Dome","Empty Cage"],"picked":"Philosopher\u0027s Stone"}],"items_purged_floors":[],"is_endless":false,"potions_floor_spawned":[1,6,8,10,19,22,25],"killed_by":"Colosseum Slavers","ascension_level":16}}