{"host":"e1pm3b7xpcm97e5w","time":1612211371,"event":{"mods":["BaseMod","Better Skull","Googly Eyes","Minty Spire (QoL Compilation)","Relic Stats","Shop Mod","Spicy Shops","StSLib"],"gold_per_floor":[119,194,42,42,61,94,94,125,150,165,165,495,545,560,560,633,633,648,663,318,332,332,361,380,380,434,434,466,466,482,494,494,565,565,576,626,643,659,247,247,279,293,293,320,70,87,87,100,100,100],"floor_reached":51,"language":"ENG","playtime":3414,"items_purged":["Strike_G"],"score":1555,"play_id":"07d75ed1-c352-4d49-b64b-30d85d52645d","local_time":"20210201152931","is_ascension_mode":true,"campfire_choices":[{"data":"Noxious Fumes","floor":7,"key":"SMITH"},{"data":"Footwork","floor":11,"key":"SMITH"},{"data":"Neutralize","floor":15,"key":"SMITH"},{"data":"Burst","floor":25,"key":"SMITH"},{"data":"Bullet Time","floor":27,"key":"SMITH"},{"data":"Wraith Form v2","floor":29,"key":"SMITH"},{"floor":32,"key":"REST"},{"floor":40,"key":"REST"},{"floor":47,"key":"RECALL"},{"floor":49,"key":"REST"}],"circlet_count":0,"master_deck":["AscendersBane","Defend_G+1","Defend_G+1","Defend_G+1","Defend_G+1","Defend_G+1","Survivor","Neutralize+1","Cloak And Dagger","Footwork+1","Deadly Poison","Noxious Fumes+1","PiercingWail","Flechettes","Bullet Time+1","Dodge and Roll","Backflip","Burst+1","Malaise+1","Sucker Punch+1","Malaise+1","Caltrops+1","Wraith Form v2","Calculated Gamble+1","Wraith Form v2+1","Crippling Poison+1","Venomology","Backflip","PiercingWail","Noxious Fumes","Escape Plan","Catalyst","Footwork+1","Accuracy"],"relics":["Ring of the Snake","NeowsBlessing","Strawberry","Calipers","Oddly Smooth Stone","Old Coin","Astrolabe","OrangePellets","Matryoshka","HornCleat","Centennial Puzzle","Gambling Chip","Fusion Hammer","Membership Card","TwistedFunnel","Blood Vial","Ninja Scroll","PreservedInsect","CaptainsWheel","Potion Belt","Eternal Feather","Lee\u0027s Waffle","Cauldron"],"acts_visited":["Exordium","TheCity","TheBeyond"],"potions_floor_usage":[12,33,35,38,41,42,42,44,44,46,46,46,50,50,50,50],"damage_taken":[{"damage":0,"enemies":"Jaw Worm","floor":1,"turns":1},{"damage":0,"enemies":"2 Louse","floor":5,"turns":1},{"damage":0,"enemies":"Gremlin Nob","floor":6,"turns":1},{"damage":1,"enemies":"Lagavulin","floor":8,"turns":9},{"damage":0,"enemies":"Cultist","floor":10,"turns":4},{"damage":15,"enemies":"Gremlin Nob","floor":12,"turns":5},{"damage":3,"enemies":"3 Louse","floor":14,"turns":3},{"damage":6,"enemies":"Hexaghost","floor":16,"turns":11},{"damage":6,"enemies":"Shell Parasite","floor":18,"turns":6},{"damage":0,"enemies":"Spheric Guardian","floor":19,"turns":5},{"damage":6,"enemies":"Snake Plant","floor":21,"turns":6},{"damage":16,"enemies":"Gremlin Leader","floor":23,"turns":9},{"damage":7,"enemies":"Centurion and Healer","floor":24,"turns":11},{"damage":0,"enemies":"Book of Stabbing","floor":28,"turns":6},{"damage":0,"enemies":"Snecko","floor":30,"turns":7},{"damage":16,"enemies":"Shelled Parasite and Fungi","floor":31,"turns":8},{"damage":16,"enemies":"Collector","floor":33,"turns":11},{"damage":6,"enemies":"3 Shapes","floor":35,"turns":6},{"damage":3,"enemies":"Orb Walker","floor":37,"turns":7},{"damage":0,"enemies":"Maw","floor":38,"turns":10},{"damage":27,"enemies":"Giant Head","floor":41,"turns":11},{"damage":0,"enemies":"3 Darklings","floor":42,"turns":4},{"damage":0,"enemies":"Nemesis","floor":44,"turns":9},{"damage":0,"enemies":"Transient","floor":46,"turns":6},{"damage":7,"enemies":"4 Shapes","floor":48,"turns":6},{"damage":3,"enemies":"Time Eater","floor":50,"turns":16}],"seed_played":"-5998883653300489750","potions_obtained":[{"floor":5,"key":"Weak Potion"},{"floor":10,"key":"BlessingOfTheForge"},{"floor":14,"key":"Ancient Potion"},{"floor":33,"key":"EntropicBrew"},{"floor":41,"key":"SpeedPotion"},{"floor":44,"key":"BlessingOfTheForge"},{"floor":45,"key":"PowerPotion"},{"floor":45,"key":"Dexterity Potion"}],"is_trial":false,"path_per_floor":["M","?","$","?","M","E","R","E","T","M","R","E","?","M","R","B",null,"M","M","$","M","?","E","M","R","T","R","E","R","M","M","R","B",null,"M","?","M","M","$","R","E","M","T","E","$","M","R","M","R","B",null],"character_chosen":"THE_SILENT","items_purchased":["Footwork","Wraith Form v2","OrangePellets","Noxious Fumes","Membership Card","TwistedFunnel","Escape Plan","Blood Vial","Accuracy","Eternal Feather","Lee\u0027s Waffle","Cauldron"],"campfire_rested":3,"item_purchase_floors":[3,20,20,39,39,39,39,39,45,45,45,45],"current_hp_per_floor":[59,48,48,48,48,55,55,54,54,54,54,39,39,36,36,30,62,56,56,56,50,50,34,27,27,27,27,27,27,27,11,32,16,59,53,53,50,50,50,71,46,48,48,50,80,80,80,73,80,77],"gold":100,"neow_bonus":"THREE_ENEMY_KILL","is_daily":false,"chose_seed":false,"campfire_upgraded":6,"win_rate":0.0,"timestamp":1612211371,"path_taken":["M","?","$","?","M","E","R","E","T","?","R","E","?","?","R","BOSS","M","M","$","M","?","E","M","R","T","R","E","R","M","M","R","BOSS","M","?","M","M","$","R","E","M","T","E","?","M","R","?","R","BOSS"],"items_purchased_type":["Card","Card","Relic","Card","Relic","Relic","Card","Relic","Card","Relic","Relic","Relic"],"build_version":"2020-12-22","purchased_purges":1,"victory":true,"max_hp_per_floor":[66,66,66,66,66,73,73,73,73,73,73,73,73,73,73,73,73,73,73,73,73,73,73,73,73,73,73,73,73,73,73,73,73,73,73,73,73,73,73,73,73,73,73,73,80,80,80,80,80,80],"relic_stats":{"Blood Vial":6,"OrangePellets":[35],"Centennial Puzzle":[21],"Lee\u0027s Waffle":30,"counters":[26,179],"Astrolabe":["Malaise","Sucker Punch","Malaise"],"Gambling Chip":[38],"Eternal Feather":7,"PreservedInsect":50,"obtain_stats":[{"TwistedFunnel":39,"Potion Belt":44,"Lee\u0027s Waffle":45,"Calipers":8,"NeowsBlessing":0,"Astrolabe":17,"Oddly Smooth Stone":9,"Eternal Feather":45,"PreservedInsect":43,"Old Coin":12,"Blood Vial":39,"OrangePellets":20,"Cauldron":45,"Centennial Puzzle":26,"CaptainsWheel":43,"Matryoshka":23,"HornCleat":26,"Ninja Scroll":41,"Strawberry":6,"Gambling Chip":28,"Fusion Hammer":34,"Membership Card":39,"Ring of the Snake":0},{"TwistedFunnel":20,"Potion Belt":23,"Lee\u0027s Waffle":23,"Calipers":4,"NeowsBlessing":0,"Astrolabe":8,"Oddly Smooth Stone":4,"Eternal Feather":23,"PreservedInsect":22,"Old Coin":6,"Blood Vial":20,"OrangePellets":10,"Cauldron":23,"Centennial Puzzle":13,"CaptainsWheel":22,"Matryoshka":12,"HornCleat":13,"Ninja Scroll":21,"Strawberry":3,"Gambling Chip":14,"Fusion Hammer":17,"Membership Card":20,"Ring of the Snake":0},{"TwistedFunnel":127,"Potion Belt":151,"Lee\u0027s Waffle":151,"Calipers":12,"NeowsBlessing":0,"Astrolabe":35,"Oddly Smooth Stone":12,"Eternal Feather":151,"PreservedInsect":142,"Old Coin":21,"Blood Vial":127,"OrangePellets":46,"Cauldron":151,"Centennial Puzzle":72,"CaptainsWheel":142,"Matryoshka":61,"HornCleat":72,"Ninja Scroll":138,"Strawberry":3,"Gambling Chip":78,"Fusion Hammer":104,"Membership Card":127,"Ring of the Snake":0}],"Ring of the Snake":[52]},"card_choices":[{"not_picked":["Dagger Spray","All Out Attack"],"picked":"Cloak And Dagger","floor":1},{"not_picked":["Sucker Punch","Quick Slash"],"picked":"Noxious Fumes","floor":5},{"not_picked":["Poisoned Stab","Endless Agony"],"picked":"PiercingWail","floor":6},{"not_picked":["Expertise","Quick Slash"],"picked":"Flechettes","floor":8},{"not_picked":["Outmaneuver","Underhanded Strike"],"picked":"Bullet Time","floor":10},{"not_picked":["Bane","PiercingWail"],"picked":"Dodge and Roll","floor":12},{"not_picked":["Quick Slash","Expertise"],"picked":"Backflip","floor":14},{"not_picked":["Bullet Time","After Image"],"picked":"Burst","floor":16},{"not_picked":["Flechettes","Acrobatics","Outmaneuver"],"picked":"SKIP","floor":18},{"not_picked":["Poisoned Stab","Dagger Throw"],"picked":"Caltrops+1","floor":19},{"not_picked":["Slice+1","Endless Agony"],"picked":"Calculated Gamble+1","floor":21},{"not_picked":["Finisher","Endless Agony"],"picked":"Wraith Form v2","floor":23},{"not_picked":["Poisoned Stab","Flying Knee+1","Quick Slash"],"picked":"SKIP","floor":24},{"not_picked":["Storm of Steel","Poisoned Stab","Flechettes"],"picked":"SKIP","floor":28},{"not_picked":["Dodge and Roll","Flying Knee","Sucker Punch"],"picked":"SKIP","floor":30},{"not_picked":["Slice","Deflect"],"picked":"Crippling Poison+1","floor":31},{"not_picked":["Envenom","Glass Knife"],"picked":"Venomology","floor":33},{"not_picked":["Poisoned Stab","Finisher"],"picked":"Backflip","floor":35},{"not_picked":["Sucker Punch","Cloak And Dagger","Eviscerate"],"picked":"SKIP","floor":37},{"not_picked":["Flying Knee+1","Setup"],"picked":"PiercingWail","floor":38},{"not_picked":["Endless Agony","Prepared","Quick Slash+1"],"picked":"SKIP","floor":41},{"not_picked":["Tactician+1","Poisoned Stab"],"picked":"Catalyst","floor":42},{"not_picked":["Prepared","Poisoned Stab"],"picked":"Footwork+1","floor":44},{"not_picked":["Poisoned Stab","Prepared+1","Endless Agony+1"],"picked":"SKIP","floor":46},{"not_picked":["Flechettes","Tactician","Acrobatics+1"],"picked":"SKIP","floor":48}],"player_experience":616205,"relics_obtained":[{"floor":6,"key":"Strawberry"},{"floor":8,"key":"Calipers"},{"floor":9,"key":"Oddly Smooth Stone"},{"floor":12,"key":"Old Coin"},{"floor":23,"key":"Matryoshka"},{"floor":26,"key":"HornCleat"},{"floor":26,"key":"Centennial Puzzle"},{"floor":28,"key":"Gambling Chip"},{"floor":41,"key":"Ninja Scroll"},{"floor":43,"key":"PreservedInsect"},{"floor":43,"key":"CaptainsWheel"},{"floor":44,"key":"Potion Belt"}],"event_choices":[{"damage_healed":0,"gold_gain":75,"player_choice":"Gather Gold","damage_taken":11,"max_hp_gain":0,"max_hp_loss":0,"event_name":"World of Goop","floor":2,"gold_loss":0},{"damage_healed":0,"gold_gain":0,"cards_transformed":["Strike_G"],"player_choice":"Transformed","damage_taken":0,"max_hp_gain":0,"max_hp_loss":0,"event_name":"Transmorgrifier","floor":4,"gold_loss":0,"cards_obtained":["Deadly Poison"]},{"damage_healed":0,"gold_gain":50,"player_choice":"Pray","damage_taken":0,"max_hp_gain":0,"max_hp_loss":0,"event_name":"Golden Shrine","floor":13,"gold_loss":0},{"damage_healed":0,"gold_gain":0,"player_choice":"Simplicity","damage_taken":0,"max_hp_gain":0,"max_hp_loss":0,"event_name":"Back to Basics","floor":22,"gold_loss":0,"cards_upgraded":["Defend_G","Defend_G","Defend_G","Defend_G","Defend_G"]},{"damage_healed":0,"gold_gain":50,"player_choice":"Pray","damage_taken":0,"max_hp_gain":0,"max_hp_loss":0,"event_name":"Golden Shrine","floor":36,"gold_loss":0}],"is_beta":false,"boss_relics":[{"not_picked":["Pandora\u0027s Box","Sozu"],"picked":"Astrolabe"},{"not_picked":["SlaversCollar","Philosopher\u0027s Stone"],"picked":"Fusion Hammer"}],"items_purged_floors":[3],"is_endless":false,"potions_floor_spawned":[5,10,14,24,31,33,35,37,41,44,48],"ascension_level":18}}