{"host":"drkpql2ocxl3f5d4","time":1612210703,"event":{"mods":["BaseMod","Colored Map","Downfall","Energized Spire","Friendly Minions","Googly Eyes","Infinite Spire","Minty Spire (QoL Compilation)","StSLib"],"gold_per_floor":[99,109,123,133,148,148,148,167,200,0,0,0,30,40,51,151,101,101,113,129,139,6,6,32,32,32,32,32,50,50,61,79,177,177,77,97,97,97,97],"floor_reached":37,"language":"ENG","playtime":1740,"items_purged":["downfall:Malfunctioning"],"score":433,"play_id":"e2723a39-08d1-4ebc-af49-e647d64d4bdc","local_time":"20210201211823","is_ascension_mode":false,"campfire_choices":[{"data":"sneckomod:SnekBite","floor":1,"key":"SMITH"},{"data":"sneckomod:SerpentIdol","floor":6,"key":"SMITH"},{"data":"sneckomod:SerpentIdol","floor":10,"key":"SMITH"},{"data":"sneckomod:UnknownBlock","floor":12,"key":"SMITH"},{"data":"sneckomod:UnknownRarePower","floor":18,"key":"SMITH"},{"floor":23,"key":"RECALL"},{"data":"sneckomod:Unknown3Cost","floor":26,"key":"SMITH"},{"data":"sneckomod:SoulDraw","floor":30,"key":"SMITH"},{"data":"sneckomod:UnknownRarePower","floor":35,"key":"SMITH"}],"circlet_count":0,"master_deck":["sneckomod:Strike","sneckomod:Strike+1","sneckomod:Strike","sneckomod:Defend","sneckomod:Defend","sneckomod:Defend+1","sneckomod:TailWhip","sneckomod:SnekBite+1","sneckomod:Unknown+1","sneckomod:Unknown","sneckomod:QuickMove","sneckomod:UnknownBlock+1","sneckomod:QuickMove","sneckomod:UnknownCommonSkill","sneckomod:SerpentIdol+1","sneckomod:Unknown3Cost+1","sneckomod:UnknownBlock","sneckomod:SlitherStrike","sneckomod:UnknownRarePower+1","sneckomod:Strike","sneckomod:DefensiveFlair","sneckomod:UnknownDexterity","sneckomod:UnknownColorless+1","sneckomod:Transmogrify","sneckomod:SerpentMind","sneckomod:SoulDraw+1","sneckomod:UnknownRarePower+1","sneckomod:CheapStock+1","sneckomod:UnknownClassINFINITE_BLACK+1","sneckomod:UnknownBlock"],"relics":["sneckomod:SneckoSoul","Ancient Tea Set","The Courier","downfall:HeartBlessingGreen","downfall:HeartBlessingBlue","energizedSpire:HugeHouse","Membership Card","Bag of Preparation","Mango","Pen Nib","energizedSpire:StickyHand","downfall:HeartBlessingRed"],"acts_visited":["Exordium","TheCity","TheBeyond"],"potions_floor_usage":[5,13,16,33,37,37],"damage_taken":[{"damage":0,"enemies":"Small Slimes","floor":2,"turns":3},{"damage":0,"enemies":"Jaw Worm","floor":3,"turns":3},{"damage":0,"enemies":"Cultist","floor":4,"turns":3},{"damage":0,"enemies":"3 Louse","floor":5,"turns":4},{"damage":9,"enemies":"Large Slime","floor":8,"turns":7},{"damage":41,"enemies":"3 Sentries","floor":9,"turns":12},{"damage":0,"enemies":"Lagavulin","floor":13,"turns":4},{"damage":0,"enemies":"Blue Slaver","floor":14,"turns":2},{"damage":0,"enemies":"2 Fungi Beasts","floor":15,"turns":3},{"damage":24,"enemies":"WA_ARCHETYPE_RETAIN","floor":16,"turns":10},{"damage":0,"enemies":"Chosen","floor":19,"turns":3},{"damage":0,"enemies":"Snake Plant","floor":20,"turns":5},{"damage":13,"enemies":"Shelled Parasite and Fungi","floor":21,"turns":7},{"damage":1,"enemies":"downfall:FleeingMerchant","floor":22,"turns":4},{"damage":19,"enemies":"Centurion and Healer","floor":29,"turns":8},{"damage":12,"enemies":"Snecko","floor":31,"turns":6},{"damage":8,"enemies":"Snake Plant","floor":32,"turns":3},{"damage":48,"enemies":"DF_ARCHETYPE_CLAW","floor":33,"turns":10},{"damage":0,"enemies":"Orb Walker","floor":36,"turns":2},{"damage":35,"enemies":"2 Orb Walkers","floor":37,"turns":4}],"seed_played":"2946915298810668154","potions_obtained":[{"floor":4,"key":"AttackPotion"},{"floor":9,"key":"Strength Potion"},{"floor":13,"key":"bronze:BurnAndBuffPotion"},{"floor":14,"key":"Block Potion"},{"floor":20,"key":"FearPotion"},{"floor":21,"key":"sneckomod:MuddlingPotion"},{"floor":31,"key":"GamblersBrew"},{"floor":36,"key":"Swift Potion"}],"is_trial":false,"path_per_floor":["R","M","M","M","M","R","T","M","E","R","?","R","E","M","M","B",null,"R","M","M","M","$","R","T","AVR","R","?","?","M","R","M","M","B",null,"R","M","?"],"character_chosen":"THE_SNECKO","items_purchased":["Membership Card"],"campfire_rested":0,"item_purchase_floors":[22],"current_hp_per_floor":[90,90,90,90,90,90,90,81,40,50,50,50,50,50,50,26,95,95,95,95,82,81,81,81,95,95,73,73,69,69,57,49,1,114,114,114,79,79,79],"gold":97,"neow_bonus":"RANDOM_COMMON_RELIC","is_daily":false,"chose_seed":false,"campfire_upgraded":8,"win_rate":0.0,"timestamp":1612210703,"path_taken":["R","M","M","M","M","R","T","M","E","R","?","R","E","M","M","BOSS","R","M","M","M","$","R","T","AVR","R","?","?","M","R","?","M","BOSS","R","M","?"],"items_purchased_type":["Relic"],"build_version":"2020-12-22","purchased_purges":1,"victory":false,"max_hp_per_floor":[90,90,90,90,90,90,90,90,90,100,100,100,100,100,100,100,95,95,95,95,95,95,95,95,109,109,114,114,114,114,114,114,114,114,114,114,114,114,114],"card_choices":[{"not_picked":["sneckomod:UnknownColorless","sneckomod:UnknownVulnerable"],"picked":"sneckomod:QuickMove","floor":2},{"not_picked":["sneckomod:WideSting","sneckomod:DiceBlock"],"picked":"sneckomod:SerpentIdol","floor":3},{"not_picked":["sneckomod:UnknownDraw","sneckomod:DangerNoodle"],"picked":"sneckomod:UnknownBlock","floor":4},{"not_picked":["sneckomod:ImprovisedAttack","sneckomod:RainOfDice"],"picked":"sneckomod:QuickMove","floor":5},{"not_picked":["sneckomod:ImprovisedAttack","sneckomod:QuickBite"],"picked":"sneckomod:UnknownCommonSkill","floor":8},{"not_picked":["sneckomod:Unknown1Cost","sneckomod:IronFang"],"picked":"sneckomod:SerpentIdol","floor":9},{"not_picked":["sneckomod:WideSting","sneckomod:UnknownDraw"],"picked":"sneckomod:Unknown3Cost","floor":13},{"not_picked":["sneckomod:DiceBlock","sneckomod:QuickMove"],"picked":"sneckomod:UnknownBlock","floor":14},{"not_picked":["sneckomod:UnknownCommonAttack","sneckomod:QuickMove"],"picked":"sneckomod:SlitherStrike","floor":15},{"not_picked":["sneckomod:DangerNoodle","sneckomod:Unknown3Cost"],"picked":"sneckomod:UnknownRarePower","floor":16},{"not_picked":["sneckomod:QuickBite","sneckomod:UnknownCommonSkill"],"picked":"sneckomod:UnknownDexterity","floor":19},{"not_picked":["sneckomod:UnknownCommonSkill","sneckomod:UnknownDraw"],"picked":"sneckomod:UnknownColorless+1","floor":20},{"not_picked":["sneckomod:Unknown1Cost+1","sneckomod:QuickBite","sneckomod:DefensiveFlair+1"],"picked":"SKIP","floor":21},{"not_picked":["sneckomod:UnknownClassGREEN","sneckomod:QuickMove"],"picked":"sneckomod:Transmogrify","floor":22},{"not_picked":["sneckomod:QuickMove","sneckomod:Nope"],"picked":"sneckomod:SoulDraw","floor":29},{"not_picked":["sneckomod:UnknownColorless","sneckomod:SoulCleanse","sneckomod:Rotation"],"picked":"SKIP","floor":31},{"not_picked":["sneckomod:DiceBlock","sneckomod:WideSting","sneckomod:ImprovisedAttack+1"],"picked":"SKIP","floor":32},{"not_picked":["sneckomod:Restock","sneckomod:Mudshield"],"picked":"sneckomod:UnknownRarePower","floor":33},{"not_picked":["sneckomod:CheapStock+1","sneckomod:UnknownBlock"],"picked":"sneckomod:UnknownClassINFINITE_BLACK+1","floor":36}],"player_experience":685873,"relics_obtained":[{"floor":9,"key":"The Courier"},{"floor":13,"key":"Bronze Scales"},{"floor":24,"key":"Bag of Preparation"},{"floor":29,"key":"Art of War"},{"floor":31,"key":"Pen Nib"}],"event_choices":[{"damage_healed":0,"gold_gain":0,"player_choice":"Fight","damage_taken":0,"max_hp_gain":0,"max_hp_loss":0,"event_name":"Mysterious Sphere","floor":37,"gold_loss":0}],"is_beta":false,"boss_relics":[{"not_picked":["Pandora\u0027s Box","SacredBark"],"picked":"energizedSpire:HugeHouse"},{"not_picked":["Philosopher\u0027s Stone","bronze:MakeshiftBattery"],"picked":"energizedSpire:StickyHand"}],"items_purged_floors":[25],"is_endless":false,"potions_floor_spawned":[4,9,13,14,20,21,31,36],"killed_by":"2 Orb Walkers","ascension_level":0}}