{"host":"Stephanie","time":1612205938,"event":{"mods":["BaseMod","Colored Powertips","Minty Spire (QoL Compilation)","Rare Cards Sparkle","Relic Stats","StSLib","The Marked"],"gold_per_floor":[110,285,298,298,15,48,48,48,72,103,121,121,86,100,100,200,200,213,213,282,282,302,330,330,330,330],"floor_reached":25,"language":"ENG","playtime":925,"items_purged":["Doubt"],"score":238,"play_id":"f48cf10f-8b33-482a-9e00-5a4e3d533374","local_time":"20210201135858","is_ascension_mode":true,"campfire_choices":[{"data":"theMarked:SoldierOfQuellstein","floor":8,"key":"SMITH"},{"floor":12,"key":"REST"},{"data":"theMarked:EmpowerWeapon","floor":15,"key":"SMITH"},{"data":"theMarked:HeightenedSenses","floor":24,"key":"SMITH"}],"circlet_count":0,"master_deck":["theMarked:Strike+1","theMarked:Strike+1","theMarked:Strike+1","theMarked:Strike+1","theMarked:Defend+1","theMarked:Defend+1","theMarked:Defend+1","theMarked:Defend+1","theMarked:SoldierOfQuellstein+1","theMarked:SwordAndMagic","theMarked:BindingBlade","theMarked:ChannelForce","theMarked:Overcharge","theMarked:EternalStudent","theMarked:PowerFlow","theMarked:EmpowerWeapon+1","theMarked:Abjuration+1","theMarked:HeightenedSenses+1","theMarked:WardOff+1"],"relics":["theMarked:SpiritSword","InkBottle","Molten Egg 2","Pen Nib","Vajra","Runic Pyramid","The Courier","GremlinMask","Smiling Mask"],"acts_visited":["Exordium","TheCity"],"potions_floor_usage":[16,23],"damage_taken":[{"damage":0,"enemies":"2 Louse","floor":1,"turns":2},{"damage":0,"enemies":"Small Slimes","floor":3,"turns":3},{"damage":26,"enemies":"Lagavulin","floor":6,"turns":4},{"damage":12,"enemies":"3 Sentries","floor":10,"turns":5},{"damage":0,"enemies":"Jaw Worm","floor":11,"turns":1},{"damage":3,"enemies":"Exordium Wildlife","floor":14,"turns":3},{"damage":43,"enemies":"Hexaghost","floor":16,"turns":5},{"damage":5,"enemies":"Shell Parasite","floor":18,"turns":2},{"damage":0,"enemies":"Spheric Guardian","floor":22,"turns":2},{"damage":2,"enemies":"Slavers","floor":23,"turns":4},{"damage":7,"enemies":"Book of Stabbing","floor":25,"turns":3}],"seed_played":"823274776056478552","potions_obtained":[{"floor":6,"key":"LiquidMemories"},{"floor":10,"key":"PowerPotion"},{"floor":18,"key":"Strength Potion"},{"floor":23,"key":"DuplicationPotion"}],"is_trial":false,"path_per_floor":["M","?","M","?","$","E","?","R","T","E","M","R","?","M","R","B",null,"M","?","T","?","M","E","R","E"],"character_chosen":"THE_DEFAULT","items_purchased":["theMarked:BindingBlade","theMarked:ChannelForce","PowerPotion"],"campfire_rested":1,"item_purchase_floors":[5,5,5],"current_hp_per_floor":[70,70,70,63,63,37,37,37,37,25,25,46,63,60,60,17,70,65,65,65,65,65,63,63,56,56],"gold":330,"neow_bonus":"BOSS_RELIC","is_daily":false,"chose_seed":false,"campfire_upgraded":3,"win_rate":0.0,"timestamp":1612205938,"path_taken":["M","?","M","?","$","E","?","R","T","E","M","R","?","M","R","BOSS","M","?","?","?","?","E","R","E"],"items_purchased_type":["Card","Card","Potion"],"build_version":"2020-12-18","purchased_purges":1,"victory":false,"max_hp_per_floor":[70,70,70,70,70,70,70,70,70,70,70,70,70,70,70,70,70,70,70,70,70,70,70,70,70,70],"relic_stats":{"counters":[11,34],"Pen Nib":[5],"Smiling Mask":0,"obtain_stats":[{"theMarked:ArtifactOfAir":0,"Vajra":10,"Molten Egg 2":7,"GremlinMask":21,"theMarked:SpiritSword":0,"Pen Nib":9,"The Courier":20,"Smiling Mask":23,"InkBottle":6,"Runic Pyramid":17},{"theMarked:ArtifactOfAir":0,"Vajra":4,"Molten Egg 2":3,"GremlinMask":8,"theMarked:SpiritSword":0,"Pen Nib":3,"The Courier":8,"Smiling Mask":10,"InkBottle":3,"Runic Pyramid":7},{"theMarked:ArtifactOfAir":0,"Vajra":14,"Molten Egg 2":9,"GremlinMask":25,"theMarked:SpiritSword":0,"Pen Nib":9,"The Courier":25,"Smiling Mask":31,"InkBottle":9,"Runic Pyramid":23}],"InkBottle":[8]},"card_choices":[{"not_picked":["theMarked:BanishingStrike","theMarked:Improvise","theMarked:Maelstrom"],"picked":"SKIP","floor":1},{"not_picked":["theMarked:Frustration","theMarked:ResourceFulStrike"],"picked":"theMarked:SwordAndMagic","floor":3},{"not_picked":["theMarked:HeightenedSenses","theMarked:Aftermath"],"picked":"theMarked:Overcharge","floor":6},{"not_picked":["theMarked:TakeCover","theMarked:ElectricStrings+1"],"picked":"theMarked:EternalStudent","floor":10},{"not_picked":["theMarked:TakeCover","theMarked:Improvise"],"picked":"theMarked:PowerFlow","floor":11},{"not_picked":["theMarked:BanishingStrike+1","theMarked:ElectricStrings+1"],"picked":"theMarked:EmpowerWeapon","floor":14},{"not_picked":["theMarked:DispelDoubt+1","theMarked:Levitate"],"picked":"theMarked:Abjuration+1","floor":16},{"not_picked":["theMarked:ShockingTouch+1","theMarked:CreepingChasm"],"picked":"theMarked:HeightenedSenses","floor":18},{"not_picked":["theMarked:ShockingTouch+1","theMarked:ContemptForTheProud+1"],"picked":"theMarked:WardOff+1","floor":22},{"not_picked":["theMarked:TurnInvisible","theMarked:RepellingDischarge","theMarked:PowerFlow"],"picked":"SKIP","floor":23}],"player_experience":887911,"relics_obtained":[{"floor":6,"key":"InkBottle"},{"floor":9,"key":"Pen Nib"},{"floor":10,"key":"Vajra"},{"floor":20,"key":"The Courier"},{"floor":23,"key":"Smiling Mask"}],"event_choices":[{"damage_healed":0,"gold_gain":175,"player_choice":"AGREE","damage_taken":0,"max_hp_gain":0,"max_hp_loss":0,"event_name":"Liars Game","floor":2,"gold_loss":0,"cards_obtained":["Doubt"]},{"cards_removed":["theMarked:Strike"],"damage_healed":0,"gold_gain":0,"player_choice":"Card Removal","damage_taken":7,"max_hp_gain":0,"max_hp_loss":0,"event_name":"Golden Wing","floor":4,"gold_loss":0},{"damage_healed":0,"gold_gain":0,"player_choice":"Searched \u00272\u0027 times","damage_taken":0,"relics_obtained":["Molten Egg 2"],"max_hp_gain":0,"max_hp_loss":0,"event_name":"Dead Adventurer","floor":7,"gold_loss":0},{"damage_healed":17,"gold_gain":0,"player_choice":"Healed","damage_taken":0,"max_hp_gain":0,"max_hp_loss":0,"event_name":"The Cleric","floor":13,"gold_loss":35},{"damage_healed":0,"gold_gain":0,"player_choice":"Simplicity","damage_taken":0,"max_hp_gain":0,"max_hp_loss":0,"event_name":"Back to Basics","floor":19,"gold_loss":0,"cards_upgraded":["theMarked:Strike","theMarked:Strike","theMarked:Strike","theMarked:Strike","theMarked:Defend","theMarked:Defend","theMarked:Defend","theMarked:Defend"]},{"damage_healed":0,"gold_gain":0,"player_choice":"Trade","damage_taken":0,"relics_obtained":["GremlinMask"],"max_hp_gain":0,"max_hp_loss":0,"event_name":"FaceTrader","floor":21,"gold_loss":0}],"is_beta":true,"boss_relics":[{"not_picked":["Coffee Dripper","Calling Bell"],"picked":"Runic Pyramid"}],"items_purged_floors":[5],"is_endless":false,"potions_floor_spawned":[6,10,11,18,22,23],"killed_by":"Book of Stabbing","ascension_level":1}}