{"host":"stk82ot58bnorhun","time":1612181414,"event":{"mods":["BaseMod","Colored Powertips","Energized Spire","Highlight Path","Minty Spire (QoL Compilation)","Replay The Spire","StSLib","SuperFastMode","The Servant 0.9.4","UnlockEverythingMod"],"gold_per_floor":[119,69,69,88,106,106,141,141,188,188,206,224,27,27,27,146,96,120,120,31,51,51,51,92,105,129,129,169,183,204,223,223,343,343,357,376,394,412,187,187,221,235,262,301,301,314,332,332,332,332,332],"floor_reached":50,"language":"ZHS","playtime":3185,"items_purged":["Strike_S","Strike_S"],"score":677,"play_id":"4567a16e-9fa4-4a7d-be6e-53723848809a","local_time":"20210201201014","is_ascension_mode":true,"campfire_choices":[{"data":"SurpressingFire","floor":6.0,"key":"SMITH"},{"data":"Manipulate","floor":8.0,"key":"SMITH"},{"floor":10.0,"key":"REST"},{"floor":15.0,"key":"REST"},{"data":"Ricochet","floor":23.0,"key":"SMITH"},{"floor":27.0,"key":"RECALL"},{"floor":32.0,"key":"REST"},{"floor":40.0,"key":"REST"},{"floor":49,"key":"REST"}],"circlet_count":0,"master_deck":["Defend_S","Defend_S+1","Defend_S","Defend_S","KidneyShot","Exchange+1","BottledTime","Manipulate+1","SurpressingFire+1","Dilation","Moonlight","Apotheosis+1","Strike_S","WasteNot","Replace+1","Ricochet+1","Luminosity+1","TimeWarp","ShiftingGears","FlawlessForm","Rearm","PendulumOfEternity","FastForward+1","BottledTime","BottledTime","BottledTime","Starlight","Read+1","SoulSculpture","FloweringNight","TimeWarp","Potential"],"relics":["Sozu","Centennial Puzzle","Blue Doll","Golden Idol","energizedSpire:HugeHouse","Unceasing Top","Onion Ring","Runic Dome","ReplayTheSpireMod:Lightbulb","Nunchaku","Bag of Marbles"],"acts_visited":["Exordium","TheCity","TheBeyond"],"potions_floor_usage":[],"damage_taken":[{"damage":0.0,"enemies":"2 Louse","floor":1.0,"turns":4.0},{"damage":5.0,"enemies":"Small Slimes","floor":4.0,"turns":5.0},{"damage":0.0,"enemies":"Cultist","floor":5.0,"turns":4.0},{"damage":33.0,"enemies":"3 Sentries","floor":7.0,"turns":12.0},{"damage":14.0,"enemies":"3 Louse","floor":11.0,"turns":2.0},{"damage":2.0,"enemies":"Exordium Thugs","floor":12.0,"turns":7.0},{"damage":10.0,"enemies":"Fading Forest","floor":16.0,"turns":11.0},{"damage":2.0,"enemies":"Spheric Guardian","floor":18.0,"turns":5.0},{"damage":8.0,"enemies":"Shell Parasite","floor":21.0,"turns":6.0},{"damage":5.0,"enemies":"Replay:Snechameleon","floor":24.0,"turns":13.0},{"damage":1.0,"enemies":"Snake Plant","floor":25.0,"turns":12.0},{"damage":24.0,"enemies":"Slavers","floor":28.0,"turns":4.0},{"damage":2.0,"enemies":"Snecko","floor":29.0,"turns":9.0},{"damage":0.0,"enemies":"Centurion and Healer","floor":30.0,"turns":6.0},{"damage":0.0,"enemies":"Shelled Parasite and Fungi","floor":31.0,"turns":5.0},{"damage":0.0,"enemies":"Champ","floor":33.0,"turns":10.0},{"damage":10.0,"enemies":"Orb Walker","floor":35.0,"turns":5.0},{"damage":0.0,"enemies":"3 Shapes","floor":36.0,"turns":5.0},{"damage":23.0,"enemies":"Sphere and 2 Shapes","floor":37.0,"turns":4.0},{"damage":10.0,"enemies":"Jaw Worm Horde","floor":38.0,"turns":6.0},{"damage":0.0,"enemies":"Giant Head","floor":41.0,"turns":8.0},{"damage":0.0,"enemies":"4 Shapes","floor":42.0,"turns":7.0},{"damage":21.0,"enemies":"Nemesis","floor":44.0,"turns":11.0},{"damage":0,"enemies":"Spire Growth","floor":46,"turns":4},{"damage":0,"enemies":"Transient","floor":47,"turns":5},{"damage":24,"enemies":"Time Eater","floor":50,"turns":2}],"seed_played":"7609319822901799095","potions_obtained":[],"is_trial":false,"path_per_floor":["M","?","?","M","M","R","E","R","T","R","M","M","$","?","R","B",null,"M","?","$","M","?","R","E","M","T","R","E","M","M","M","R","B",null,"M","M","M","M","$","R","E","M","T","E","?","M","M","?","R","B"],"character_chosen":"THE_SERVANT","items_purchased":["Moonlight","Apotheosis","Ricochet","BottledTime","Starlight","Read+1"],"campfire_rested":5,"item_purchase_floors":[13,13,20,39,39,39],"current_hp_per_floor":[65,65,52,47,47,47,14,14,14,33,19,17,17,17,35,25,55,53,53,53,45,45,45,40,39,39,39,15,13,13,13,29,29,55,45,45,22,12,12,28,28,28,28,7,7,7,7,7,23,0,0],"gold":332,"neow_bonus":"BOSS_RELIC","is_daily":false,"chose_seed":false,"campfire_upgraded":3,"win_rate":0.0,"timestamp":1612181414,"path_taken":["M","?","?","M","M","R","E","R","T","R","M","M","$","?","R","BOSS","BOSS","M","?","?","M","?","R","E","M","T","R","E","?","M","M","R","BOSS","M","M","M","M","$","R","E","M","T","E","?","M","?","?","R","BOSS"],"items_purchased_type":["Card","Card","Card","Card","Card","Card"],"build_version":"2020-12-22","purchased_purges":2,"victory":false,"max_hp_per_floor":[65,65,65,65,65,65,65,65,65,65,65,65,65,60,60,60,55,55,55,55,55,55,55,55,55,55,55,55,55,55,55,55,55,55,55,55,55,55,55,55,55,55,55,55,55,55,55,55,55,55,55],"card_choices":[{"not_picked":["Starlight","Desolation"],"picked":"BottledTime","floor":1.0},{"not_picked":["ReturningBlade","Revamp"],"picked":"Manipulate","floor":4.0},{"not_picked":["Alleviate","Ricochet"],"picked":"SurpressingFire","floor":5.0},{"not_picked":["Desolation","Barrier"],"picked":"Dilation","floor":7.0},{"not_picked":["Reset","Unruled","FanOfKnives"],"picked":"SKIP","floor":11.0},{"not_picked":["Rewind","Potential","Defy"],"picked":"SKIP","floor":12.0},{"not_picked":["TheWorld","Dilation"],"picked":"Initiator","floor":16.0},{"not_picked":["Revamp","BottledTime"],"picked":"Replace+1","floor":18.0},{"not_picked":["Manipulate","Revamp+1"],"picked":"Luminosity+1","floor":21.0},{"not_picked":["Sabotage","Defy","Rewind"],"picked":"SKIP","floor":24.0},{"not_picked":["ReturningBlade+1","Potential"],"picked":"TimeWarp","floor":25.0},{"not_picked":["Shuttle","Spin","Ricochet+1"],"picked":"SKIP","floor":28.0},{"not_picked":["Starlight","DualDimension"],"picked":"ShiftingGears","floor":29.0},{"not_picked":["DoubleEdge","Spin+1"],"picked":"FlawlessForm","floor":30.0},{"not_picked":["DoubleEdge","Potential+1"],"picked":"Rearm","floor":31.0},{"not_picked":["Dilation","Solidify"],"picked":"PendulumOfEternity","floor":33.0},{"not_picked":["Advance+1","Ricochet","Potential"],"picked":"SKIP","floor":35.0},{"not_picked":["Unruled+1","Defy+1"],"picked":"FastForward+1","floor":36.0},{"not_picked":["Unruled","BestPractice+1","Spin"],"picked":"SKIP","floor":37.0},{"not_picked":["StarChef+1","Revamp+1"],"picked":"BottledTime","floor":38.0},{"not_picked":["BestPractice+1","Ricochet"],"picked":"SoulSculpture","floor":41.0},{"not_picked":["ReturningBlade","Snipe","Advance+1"],"picked":"SKIP","floor":42.0},{"not_picked":["FastForward","BottledTime+1"],"picked":"FloweringNight","floor":44.0},{"not_picked":["StarChef","Spin+1"],"picked":"TimeWarp","floor":46},{"not_picked":["Unruled+1","FastForward"],"picked":"Potential","floor":47}],"player_experience":59751,"relics_obtained":[{"floor":7.0,"key":"Centennial Puzzle"},{"floor":9.0,"key":"Blue Doll"},{"floor":24.0,"key":"Unceasing Top"},{"floor":28.0,"key":"Onion Ring"},{"floor":41.0,"key":"ReplayTheSpireMod:Lightbulb"},{"floor":43.0,"key":"Nunchaku"},{"floor":44.0,"key":"Bag of Marbles"}],"event_choices":[{"cards_removed":["Strike_S"],"damage_healed":0.0,"max_hp_gain":0.0,"max_hp_loss":0.0,"gold_gain":0.0,"event_name":"The Cleric","player_choice":"Card Removal","floor":2.0,"gold_loss":50.0,"damage_taken":0.0},{"damage_healed":0.0,"max_hp_gain":0.0,"max_hp_loss":0.0,"gold_gain":0.0,"event_name":"Shining Light","player_choice":"Entered Light","floor":3.0,"gold_loss":0.0,"damage_taken":13.0,"cards_upgraded":["Defend_S","Exchange"]},{"damage_healed":0.0,"max_hp_gain":0.0,"max_hp_loss":5.0,"gold_gain":0.0,"event_name":"Golden Idol","player_choice":"Lose Max HP","floor":14.0,"gold_loss":0.0,"damage_taken":0.0,"relics_obtained":["Golden Idol"]},{"damage_healed":0.0,"max_hp_gain":0.0,"max_hp_loss":0.0,"gold_gain":0.0,"event_name":"Upgrade Shrine","player_choice":"Upgraded","floor":19.0,"gold_loss":0.0,"damage_taken":0.0,"cards_upgraded":["Apotheosis"]},{"cards_removed":["Strike_S"],"damage_healed":0.0,"max_hp_gain":0.0,"max_hp_loss":0.0,"gold_gain":0.0,"event_name":"Purifier","player_choice":"Purged","floor":22.0,"gold_loss":0.0,"damage_taken":0.0},{"damage_healed":0.0,"max_hp_gain":0.0,"max_hp_loss":0.0,"gold_gain":0.0,"event_name":"SecretPortal","player_choice":"Ignored","floor":45.0,"gold_loss":0.0,"damage_taken":0.0},{"damage_healed":0,"gold_gain":0,"player_choice":"Ignored","damage_taken":0,"max_hp_gain":0,"max_hp_loss":0,"event_name":"Mysterious Sphere","floor":48,"gold_loss":0}],"is_beta":false,"boss_relics":[{"not_picked":["Snecko Eye","Cursed Key"],"picked":"energizedSpire:HugeHouse"},{"not_picked":["SacredBark","Velvet Choker"],"picked":"Runic Dome"}],"items_purged_floors":[20,39],"is_endless":false,"potions_floor_spawned":[5,7,11,16,18,29,30,33,35,38,41,44,46],"killed_by":"Time Eater","ascension_level":1}}