{"host":"x5w9zppki4gdwvc7","time":1612177703,"event":{"mods":["AchievementEnabler","BaseMod","Colored Powertips","DeckTracker","Minty Spire (QoL Compilation)","Relic Sorter"],"gold_per_floor":[119,18,193,193,206,206,206,206,206,206,68,102,102,122,122,217,217,237,237,257,268,9,9,9],"floor_reached":23,"language":"ENG","playtime":1007,"items_purged":["Strike_B","Doubt"],"score":206,"play_id":"ad4d9126-171c-4530-8db4-405382e77475","local_time":"20210201120823","is_ascension_mode":true,"campfire_choices":[{"data":"Consume","floor":6,"key":"SMITH"},{"data":"Dualcast","floor":8,"key":"SMITH"},{"data":"Defend_B","floor":10,"key":"SMITH"},{"data":"Streamline","floor":15,"key":"SMITH"}],"circlet_count":0,"master_deck":["Strike_B","Defend_B","Defend_B+1","Defend_B","Defend_B","Zap+1","Dualcast+1","Consume+1","Gash+1","Hello World+1","Streamline+1","Seek","Coolheaded"],"relics":["Sozu","Symbiotic Virus","Strawberry","Omamori","Empty Cage","Mummified Hand"],"acts_visited":["Exordium","TheCity"],"potions_floor_usage":[],"damage_taken":[{"damage":2,"enemies":"2 Louse","floor":1,"turns":2},{"damage":2,"enemies":"Jaw Worm","floor":5,"turns":2},{"damage":6,"enemies":"Lagavulin","floor":12,"turns":6},{"damage":1,"enemies":"Cultist","floor":14,"turns":3},{"damage":17,"enemies":"The Guardian","floor":16,"turns":8},{"damage":0,"enemies":"Spheric Guardian","floor":18,"turns":3},{"damage":10,"enemies":"Shell Parasite","floor":20,"turns":4},{"damage":28,"enemies":"Centurion and Healer","floor":21,"turns":5},{"damage":45,"enemies":"Slavers","floor":23,"turns":3}],"seed_played":"7740615205244724938","potions_obtained":[],"is_trial":false,"path_per_floor":["M","$","?","?","M","R","?","R","T","R","$","E","?","M","R","B",null,"M","?","M","M","$","E"],"character_chosen":"DEFECT","items_purchased":["Gash","Hello World","Mummified Hand"],"campfire_rested":0,"item_purchase_floors":[2,11,22],"current_hp_per_floor":[73,73,73,66,64,64,49,49,56,56,56,50,50,49,49,32,82,82,82,72,44,44,0,0],"gold":9,"neow_bonus":"BOSS_RELIC","is_daily":false,"chose_seed":false,"campfire_upgraded":4,"win_rate":0.0,"timestamp":1612177703,"path_taken":["M","$","?","?","M","R","?","R","T","R","$","E","?","M","R","BOSS","M","?","?","M","$","E"],"items_purchased_type":["Card","Card","Relic"],"build_version":"2020-12-22","purchased_purges":2,"victory":false,"max_hp_per_floor":[75,75,75,75,75,75,75,75,82,82,82,82,82,82,82,82,82,82,82,82,82,82,82,82],"card_choices":[{"not_picked":["Ball Lightning","Recycle"],"picked":"Consume","floor":1},{"not_picked":["Conserve Battery","Steam Power","Aggregate"],"picked":"SKIP","floor":5},{"not_picked":["Ball Lightning","Recycle"],"picked":"Streamline","floor":12},{"not_picked":["Doom and Gloom","Barrage","Compile Driver"],"picked":"SKIP","floor":14},{"not_picked":["Rainbow","Meteor Strike"],"picked":"Seek","floor":16},{"not_picked":["Streamline+1","Conserve Battery","Hologram"],"picked":"SKIP","floor":18},{"not_picked":["Steam","Ball Lightning"],"picked":"Coolheaded","floor":20},{"not_picked":["Force Field","Barrage+1","Compile Driver"],"picked":"SKIP","floor":21}],"player_experience":368273,"relics_obtained":[{"floor":9,"key":"Strawberry"},{"floor":12,"key":"Omamori"}],"event_choices":[{"damage_healed":0,"gold_gain":175,"player_choice":"AGREE","damage_taken":0,"max_hp_gain":0,"max_hp_loss":0,"event_name":"Liars Game","floor":3,"gold_loss":0,"cards_obtained":["Doubt"]},{"damage_healed":0,"gold_gain":0,"player_choice":"Success","damage_taken":7,"relics_obtained":["Symbiotic Virus"],"max_hp_gain":0,"max_hp_loss":0,"event_name":"Scrap Ooze","floor":4,"gold_loss":0},{"damage_healed":0,"gold_gain":0,"player_choice":"Entered Light","damage_taken":15,"max_hp_gain":0,"max_hp_loss":0,"event_name":"Shining Light","floor":7,"gold_loss":0,"cards_upgraded":["Zap","Gash"]},{"damage_healed":0,"gold_gain":0,"player_choice":"Grow","damage_taken":0,"max_hp_gain":0,"max_hp_loss":0,"event_name":"Living Wall","floor":13,"gold_loss":0,"cards_upgraded":["Hello World"]},{"damage_healed":0,"gold_gain":0,"player_choice":"Ignored","damage_taken":0,"max_hp_gain":0,"max_hp_loss":0,"event_name":"N\u0027loth","floor":19,"gold_loss":0}],"is_beta":false,"boss_relics":[{"not_picked":["Velvet Choker","SlaversCollar"],"picked":"Empty Cage"}],"items_purged_floors":[2,11],"is_endless":false,"potions_floor_spawned":[5,16,21],"killed_by":"Slavers","ascension_level":2}}