{"host":"7jl348xfsxr8glry","time":1612153923,"event":{"mods":["AchievementEnabler","BaseMod","Colored Map","Minty Spire (QoL Compilation)","Random Character Button","Unceasing Turn Reminder"],"gold_per_floor":[115,115,190,34,51,51,16,16,16,16,32,32,32,51,51,148,148,160,85,100,118,145,145,174,174,174,503,523,67,67,67,67,67,67],"floor_reached":33,"language":"ENG","playtime":924,"items_purged":["Strike_R"],"score":312,"play_id":"c440320b-3ee0-4c54-bdfb-543b035c0255","local_time":"20210201153203","is_ascension_mode":true,"campfire_choices":[{"data":"Seeing Red","floor":6,"key":"SMITH"},{"data":"Perfected Strike","floor":8,"key":"SMITH"},{"data":"Bash","floor":10,"key":"SMITH"},{"data":"Iron Wave","floor":15,"key":"SMITH"},{"floor":23,"key":"REST"},{"floor":25,"key":"REST"},{"floor":32,"key":"REST"}],"circlet_count":0,"master_deck":["Strike_R","Strike_R","Strike_R","Defend_R","Defend_R","Defend_R","Defend_R","Bash+1","Perfected Strike+1","Iron Wave+1","Seeing Red+1","Pommel Strike","Iron Wave+1","Flex+1","Flex","Iron Wave+1","Limit Break","Flex"],"relics":["Burning Blood","Ancient Tea Set","Tiny Chest","Philosopher\u0027s Stone","PreservedInsect","Art of War","Mango","Old Coin","Membership Card","Juzu Bracelet","Question Card"],"acts_visited":["Exordium","TheCity"],"potions_floor_usage":[16,20,20,27,33],"damage_taken":[{"damage":6,"enemies":"Jaw Worm","floor":1,"turns":4},{"damage":6,"enemies":"2 Louse","floor":5,"turns":2},{"damage":0,"enemies":"Small Slimes","floor":11,"turns":2},{"damage":1,"enemies":"Looter","floor":14,"turns":2},{"damage":49,"enemies":"The Guardian","floor":16,"turns":9},{"damage":14,"enemies":"Chosen","floor":18,"turns":3},{"damage":0,"enemies":"Spheric Guardian","floor":20,"turns":3},{"damage":37,"enemies":"Snake Plant","floor":21,"turns":3},{"damage":40,"enemies":"Slavers","floor":24,"turns":5},{"damage":20,"enemies":"Gremlin Leader","floor":27,"turns":5},{"damage":13,"enemies":"Shelled Parasite and Fungi","floor":28,"turns":4},{"damage":84,"enemies":"Automaton","floor":33,"turns":6}],"seed_played":"5709995107848835111","potions_obtained":[{"floor":1,"key":"GamblersBrew"},{"floor":14,"key":"AttackPotion"},{"floor":16,"key":"Strength Potion"},{"floor":18,"key":"SkillPotion"},{"floor":24,"key":"Explosive Potion"}],"is_trial":false,"path_per_floor":["M","?","?","$","M","R","?","R","T","R","M","$","$","M","R","B",null,"M","?","M","M","T","R","E","R","T","E","M","$","?","?","R","B"],"character_chosen":"IRONCLAD","items_purchased":["Tiny Chest","Membership Card","Juzu Bracelet","Flex","CultistPotion","Question Card"],"campfire_rested":3,"item_purchase_floors":[4,29,29,29,29,29],"current_hp_per_floor":[80,73,62,62,62,62,80,80,80,80,80,80,80,80,80,37,80,72,72,78,47,47,71,37,61,75,61,54,54,54,54,82,0,0],"gold":67,"neow_bonus":"THREE_CARDS","is_daily":false,"chose_seed":false,"campfire_upgraded":4,"win_rate":0.0,"timestamp":1612153923,"path_taken":["M","?","?","?","M","R","?","R","T","R","M","?","$","M","R","BOSS","M","?","M","M","?","R","E","R","T","E","M","?","?","?","R","BOSS"],"items_purchased_type":["Relic","Relic","Relic","Card","Potion","Relic"],"build_version":"2020-12-22","purchased_purges":1,"victory":false,"max_hp_per_floor":[80,80,80,80,80,80,80,80,80,80,80,80,80,80,80,80,80,80,80,80,80,80,80,80,80,94,94,94,94,94,94,94,94,94],"card_choices":[{"not_picked":["Headbutt","Anger"],"picked":"Perfected Strike","floor":0},{"not_picked":["Bloodletting","Pummel"],"picked":"Iron Wave","floor":1},{"not_picked":["Body Slam","Clothesline"],"picked":"Seeing Red","floor":5},{"not_picked":["Ghostly Armor","Iron Wave","Perfected Strike"],"picked":"SKIP","floor":11},{"not_picked":["Clothesline","Sword Boomerang"],"picked":"Pommel Strike","floor":14},{"not_picked":["Battle Trance+1","Body Slam"],"picked":"Iron Wave+1","floor":18},{"not_picked":["Clothesline+1","Flame Barrier+1"],"picked":"Flex+1","floor":20},{"not_picked":["Evolve+1","Pommel Strike"],"picked":"Flex","floor":21},{"not_picked":["Shrug It Off","Anger"],"picked":"Iron Wave+1","floor":24},{"not_picked":["Hemokinesis","Clash"],"picked":"Limit Break","floor":27},{"not_picked":["Reckless Charge","Rage","Perfected Strike"],"picked":"SKIP","floor":28}],"player_experience":186005,"relics_obtained":[{"floor":22,"key":"PreservedInsect"},{"floor":24,"key":"Art of War"},{"floor":26,"key":"Mango"},{"floor":27,"key":"Old Coin"}],"event_choices":[{"damage_healed":0,"gold_gain":0,"player_choice":"Success","damage_taken":7,"relics_obtained":["Ancient Tea Set"],"max_hp_gain":0,"max_hp_loss":0,"event_name":"Scrap Ooze","floor":2,"gold_loss":0},{"damage_healed":0,"gold_gain":75,"player_choice":"Gather Gold","damage_taken":11,"max_hp_gain":0,"max_hp_loss":0,"event_name":"World of Goop","floor":3,"gold_loss":0},{"damage_healed":20,"gold_gain":0,"player_choice":"Healed","damage_taken":0,"max_hp_gain":0,"max_hp_loss":0,"event_name":"The Cleric","floor":7,"gold_loss":35},{"cards_removed":["Strike_R"],"damage_healed":0,"gold_gain":0,"player_choice":"Gave Gold","damage_taken":0,"max_hp_gain":0,"max_hp_loss":0,"event_name":"Beggar","floor":19,"gold_loss":75},{"damage_healed":0,"gold_gain":0,"player_choice":"Ignored","damage_taken":0,"max_hp_gain":0,"max_hp_loss":0,"event_name":"Ghosts","floor":30,"gold_loss":0},{"damage_healed":0,"gold_gain":0,"player_choice":"Ignored","damage_taken":0,"max_hp_gain":0,"max_hp_loss":0,"event_name":"Cursed Tome","floor":31,"gold_loss":0}],"is_beta":false,"boss_relics":[{"not_picked":["Runic Pyramid","Fusion Hammer"],"picked":"Philosopher\u0027s Stone"}],"items_purged_floors":[29],"is_endless":false,"potions_floor_spawned":[1,14,16,18,24],"killed_by":"Automaton","ascension_level":3}}