{"host":"d5i1qeb9dejicw1z","time":1612147869,"event":{"mods":["AchievementEnabler","BaseMod","Better Note","BetterRewards","Evolution","Gold Saver","Minty Spire (QoL Compilation)","Permanent Neow","Relic Filter Mod","Reliquary","StSLib"],"gold_per_floor":[119,119,132,146,146,146,146,180,228,240,240,253,285,297,297,376,376,387,387,387,312,324,324,351,12,35,64,83,83,83,83],"floor_reached":30,"language":"ENG","playtime":1067,"items_purged":[],"score":616,"play_id":"380e8107-479f-4a2e-a351-fd565e1a8c19","local_time":"20210131185109","is_ascension_mode":true,"campfire_choices":[{"data":"Chaos","floor":6,"key":"SMITH"},{"data":"Darkness","floor":11,"key":"SMITH"},{"floor":15,"key":"REST"},{"floor":23,"key":"REST"}],"circlet_count":0,"master_deck":["AscendersBane","Rebound","Conserve Battery","Conserve Battery","Conserve Battery","Conserve Battery","Zap+1","Dualcast","Chaos+1","Loop+1","Loop","Darkness+1","Ball Lightning","Cold Snap","Blizzard","Zap+1","Darkness","Chill","Loop+1"],"relics":["Cracked Core","EVO:Axolotl","Potion Belt","Vajra","Anchor","Empty Cage","MutagenicStrength","Meat on the Bone","DataDisk","reliquary:TuningFork","reliquary:HotPoker"],"acts_visited":["Exordium","TheCity"],"potions_floor_usage":[8,8,12,16,18,24,27,27],"damage_taken":[{"damage":0,"enemies":"Small Slimes","floor":1,"turns":3},{"damage":0,"enemies":"Cultist","floor":3,"turns":3},{"damage":0,"enemies":"2 Louse","floor":4,"turns":2},{"damage":12,"enemies":"3 Sentries","floor":8,"turns":5},{"damage":10,"enemies":"Exordium Wildlife","floor":10,"turns":4},{"damage":4,"enemies":"Blue Slaver","floor":12,"turns":3},{"damage":0,"enemies":"Lagavulin","floor":13,"turns":3},{"damage":1,"enemies":"Large Slime","floor":14,"turns":4},{"damage":39,"enemies":"Hexaghost","floor":16,"turns":7},{"damage":14,"enemies":"3 Byrds","floor":18,"turns":4},{"damage":15,"enemies":"Spheric Guardian","floor":22,"turns":4},{"damage":54,"enemies":"Gremlin Leader","floor":24,"turns":8},{"damage":8,"enemies":"Book of Stabbing","floor":27,"turns":4},{"damage":7,"enemies":"Snake Plant","floor":28,"turns":3},{"damage":47,"enemies":"Slavers","floor":30,"turns":4}],"seed_played":"-114848982892741720","potions_obtained":[{"floor":3,"key":"Energy Potion"},{"floor":4,"key":"PowerPotion"},{"floor":10,"key":"SkillPotion"},{"floor":13,"key":"FocusPotion"},{"floor":16,"key":"SkillPotion"},{"floor":18,"key":"SkillPotion"},{"floor":24,"key":"ColorlessPotion"}],"is_trial":false,"path_per_floor":["M","?","M","M","?","R","?","E","T","M","R","M","E","M","R","B",null,"M","?","?","?","M","R","E","$","T","E","M","$","E"],"character_chosen":"DEFECT","items_purchased":["DataDisk","Regen Potion","Chill"],"campfire_rested":2,"item_purchase_floors":[25,25,25],"current_hp_per_floor":[68,68,68,68,73,73,73,61,61,51,51,47,47,46,70,31,68,54,54,54,54,39,63,9,9,9,25,30,30,0,0],"gold":83,"neow_bonus":"UPGRADE_CARD","is_daily":false,"chose_seed":false,"campfire_upgraded":2,"win_rate":0.0,"timestamp":1612147869,"path_taken":["M","?","?","M","?","R","?","E","T","M","R","?","E","M","R","BOSS","M","?","?","?","M","R","E","?","T","E","?","$","E"],"items_purchased_type":["Relic","Potion","Card"],"build_version":"2020-12-22","purchased_purges":0,"victory":false,"max_hp_per_floor":[75,75,75,75,80,80,80,80,80,80,80,80,80,80,80,80,80,80,80,80,80,80,80,80,80,80,80,80,80,80,80],"card_choices":[{"not_picked":["Turbo","Doom and Gloom","Compile Driver"],"picked":"SKIP","floor":1},{"not_picked":["Leap","Barrage"],"picked":"Chaos","floor":3},{"not_picked":["Hello World","Streamline"],"picked":"Loop","floor":4},{"not_picked":["Glacier","Streamline"],"picked":"Loop","floor":8},{"not_picked":["Go for the Eyes","Beam Cell"],"picked":"Darkness","floor":10},{"not_picked":["Redo","Sunder"],"picked":"Ball Lightning","floor":12},{"not_picked":["White Noise","Auto Shields"],"picked":"Cold Snap","floor":13},{"not_picked":["Fission","Static Discharge"],"picked":"Blizzard","floor":14},{"not_picked":["Heatsinks","Self Repair","Undo"],"picked":"SKIP","floor":18},{"not_picked":["Tempest","Rip and Tear","Aggregate"],"picked":"SKIP","floor":22},{"not_picked":["Coolheaded","Doom and Gloom"],"picked":"Darkness","floor":24},{"not_picked":["Gash","Reprogram"],"picked":"Loop+1","floor":27},{"not_picked":["Ball Lightning","Hologram","Barrage"],"picked":"SKIP","floor":28}],"player_experience":1212160,"relics_obtained":[{"floor":8,"key":"Potion Belt"},{"floor":9,"key":"Vajra"},{"floor":13,"key":"Anchor"},{"floor":24,"key":"Meat on the Bone"},{"floor":26,"key":"reliquary:TuningFork"},{"floor":27,"key":"reliquary:HotPoker"}],"event_choices":[{"damage_healed":0,"gold_gain":0,"player_choice":"Ignored","damage_taken":0,"max_hp_gain":0,"max_hp_loss":0,"event_name":"Transmorgrifier","floor":2,"gold_loss":0},{"damage_healed":0,"gold_gain":0,"player_choice":"Donut","damage_taken":0,"max_hp_gain":5,"max_hp_loss":0,"event_name":"Big Fish","floor":5,"gold_loss":0},{"damage_healed":0,"gold_gain":0,"player_choice":"Forge","damage_taken":0,"max_hp_gain":0,"max_hp_loss":0,"event_name":"Accursed Blacksmith","floor":7,"gold_loss":0,"cards_upgraded":["Loop"]},{"damage_healed":0,"gold_gain":0,"player_choice":"Take","damage_taken":0,"max_hp_gain":0,"max_hp_loss":0,"event_name":"betterNote:BetterNote","floor":19,"gold_loss":0,"cards_obtained":["Zap"]},{"damage_healed":0,"gold_gain":0,"player_choice":"Inject Mutagens","damage_taken":0,"relics_obtained":["MutagenicStrength"],"max_hp_gain":0,"max_hp_loss":0,"event_name":"Drug Dealer","floor":20,"gold_loss":0},{"cards_removed":["Rebound"],"damage_healed":0,"gold_gain":0,"player_choice":"Gave Gold","damage_taken":0,"max_hp_gain":0,"max_hp_loss":0,"event_name":"Beggar","floor":21,"gold_loss":75}],"is_beta":false,"boss_relics":[{"not_picked":["Busted Crown","reliquary:WritOfMandamus"],"picked":"Empty Cage"}],"items_purged_floors":[],"is_endless":false,"potions_floor_spawned":[3,4,10,13,16,18,24],"killed_by":"Slavers","ascension_level":19}}