{"host":"x039aayur7qovk2d","time":1612138687,"event":{"mods":["AchievementEnabler","BaseMod","Block Reminder","Colored Map","Colored Powertips","DeckTracker","Googly Eyes","Highlight Path","Minty Spire (QoL Compilation)","Permanent Neow","Quick Restart","Rare Cards Sparkle","Relic Sorter","Relic Stats"],"gold_per_floor":[116,131,146,158,171,205,205,222,302,377,377,377],"floor_reached":11,"language":"ENG","playtime":785,"items_purged":[],"score":77,"play_id":"75fc85f2-ee0c-4a89-88b7-2f8241cbb7d6","local_time":"20210131161807","is_ascension_mode":false,"campfire_choices":[{"data":"Bash","floor":7,"key":"SMITH"}],"circlet_count":0,"master_deck":["Strike_R","Strike_R","Strike_R","Strike_R","Strike_R","Defend_R","Defend_R","Defend_R","Defend_R","Bash+1","Double Tap","Shockwave","Twin Strike","Dual Wield","Shrug It Off","Dropkick","Pommel Strike","Flex"],"relics":["Burning Blood","Bottled Flame","Ornamental Fan"],"acts_visited":["Exordium"],"potions_floor_usage":[6,6],"damage_taken":[{"damage":0.0,"enemies":"2 Louse","floor":1.0,"turns":3.0},{"damage":6,"enemies":"Jaw Worm","floor":2,"turns":5},{"damage":1,"enemies":"Cultist","floor":3,"turns":3},{"damage":22,"enemies":"Lots of Slimes","floor":4,"turns":6},{"damage":6,"enemies":"Looter","floor":5,"turns":5},{"damage":26,"enemies":"Lagavulin","floor":6,"turns":7},{"damage":14,"enemies":"Exordium Thugs","floor":8,"turns":4},{"damage":14,"enemies":"Gremlin Nob","floor":11,"turns":2}],"seed_played":"-3961573856005244856","potions_obtained":[{"floor":2,"key":"SkillPotion"},{"floor":5,"key":"LiquidMemories"}],"is_trial":false,"path_per_floor":["M","M","M","M","M","E","R","M","T","?","E"],"character_chosen":"IRONCLAD","items_purchased":[],"campfire_rested":0,"item_purchase_floors":[],"current_hp_per_floor":[62,62,67,51,51,31,31,23,23,12,0,0],"gold":377,"neow_bonus":"THREE_RARE_CARDS","is_daily":false,"chose_seed":false,"campfire_upgraded":1,"win_rate":0.0,"timestamp":1612138687,"path_taken":["M","M","M","M","M","E","R","M","T","?","E"],"items_purchased_type":[],"build_version":"2020-12-22","purchased_purges":0,"victory":false,"max_hp_per_floor":[80,80,80,80,80,80,80,80,80,80,80,80],"relic_stats":{"counters":[8,35],"Ornamental Fan":[4],"obtain_stats":[{"Bottled Flame":6,"Ornamental Fan":9,"Burning Blood":0},{"Bottled Flame":6,"Ornamental Fan":7,"Burning Blood":0},{"Bottled Flame":29,"Ornamental Fan":33,"Burning Blood":0}],"Burning Blood":42},"card_choices":[{"not_picked":["Berserk","Corruption"],"picked":"Double Tap","floor":0.0},{"not_picked":["Wild Strike","Sword Boomerang"],"picked":"Shockwave","floor":1.0},{"not_picked":["Shrug It Off","Havoc"],"picked":"Twin Strike","floor":2},{"not_picked":["Shockwave","Warcry"],"picked":"Dual Wield","floor":3},{"not_picked":["Combust","Disarm"],"picked":"Shrug It Off","floor":4},{"not_picked":["Body Slam","Bloodletting"],"picked":"Dropkick","floor":5},{"not_picked":["Bludgeon","Sword Boomerang"],"picked":"Pommel Strike","floor":6},{"not_picked":["True Grit","Whirlwind"],"picked":"Flex","floor":8}],"player_experience":107417,"relics_obtained":[{"floor":6,"key":"Bottled Flame"},{"floor":9,"key":"Ornamental Fan"}],"event_choices":[{"damage_healed":0,"gold_gain":75,"player_choice":"Gather Gold","damage_taken":11,"max_hp_gain":0,"max_hp_loss":0,"event_name":"World of Goop","floor":10,"gold_loss":0}],"is_beta":false,"boss_relics":[],"items_purged_floors":[],"is_endless":false,"potions_floor_spawned":[2,5],"killed_by":"Gremlin Nob","ascension_level":0}}