{"host":"sav7uxregyirlf69","time":1612173883,"event":{"mods":["AchievementEnabler","BaseMod","Colored Map","DeckTracker","Keyboard Shortcuts","Minty Spire (QoL Compilation)","READ ME - Guardian Mod","StSLib","SuperFastMode"],"gold_per_floor":[115,40,40,40,65,65,105,130,130,149,149,149,168,188,188,284,284,263,263,263,284,209,209,209,209,209,37,37,49,49,49,49,128,128,147,159,106,106,119,119,138,138,138,157,190,205,219,239,239,239,239,239],"floor_reached":51,"language":"KOR","playtime":1429,"items_purged":["Decay"],"score":1258,"play_id":"09df9e94-1bca-42d7-b6e5-3f98581308aa","local_time":"20210201190443","is_ascension_mode":true,"campfire_choices":[{"data":"Dash","floor":6,"key":"SMITH"},{"floor":11,"key":"REST"},{"data":"Terror","floor":15,"key":"SMITH"},{"floor":23,"key":"REST"},{"data":"Phantasmal Killer","floor":25,"key":"SMITH"},{"data":"Prepared","floor":28,"key":"SMITH"},{"data":"Finisher","floor":32,"key":"SMITH"},{"data":"Tools of the Trade","floor":40,"key":"SMITH"},{"floor":49,"key":"REST"}],"circlet_count":0,"master_deck":["AscendersBane","Survivor","Neutralize","Dash+1","Leg Sweep","Quick Slash","Flying Knee","Backstab","After Image","Terror+1","After Image","Escape Plan","Finisher+1","Unload","Burst","Calculated Gamble","Acrobatics+1","Phantasmal Killer+1","Tools of the Trade+1","Prepared+1","After Image","Well Laid Plans","Eviscerate+1","Backflip","Tactician","Tools of the Trade","Blade Dance","Adrenaline","Wraith Form v2"],"relics":["Ring of the Snake","Bloody Idol","Paper Crane","Pandora\u0027s Box","Ginger","ClockworkSouvenir","Nloth\u0027s Gift","HoveringKite","White Beast Statue"],"acts_visited":["Exordium","TheCity","TheBeyond"],"potions_floor_usage":[16,16,16,45,46,48,50],"damage_taken":[{"damage":4,"enemies":"Cultist","floor":1,"turns":6},{"damage":5,"enemies":"2 Louse","floor":5,"turns":3},{"damage":33,"enemies":"Gremlin Nob","floor":7,"turns":6},{"damage":4,"enemies":"Small Slimes","floor":8,"turns":3},{"damage":0,"enemies":"Blue Slaver","floor":10,"turns":4},{"damage":1,"enemies":"Large Slime","floor":13,"turns":7},{"damage":0,"enemies":"2 Fungi Beasts","floor":14,"turns":2},{"damage":17,"enemies":"Hexaghost","floor":16,"turns":11},{"damage":14,"enemies":"2 Thieves","floor":18,"turns":4},{"damage":12,"enemies":"Shell Parasite","floor":21,"turns":4},{"damage":0,"enemies":"Centurion and Healer","floor":29,"turns":7},{"damage":1,"enemies":"Champ","floor":33,"turns":8},{"damage":10,"enemies":"3 Darklings","floor":35,"turns":6},{"damage":0,"enemies":"Orb Walker","floor":36,"turns":3},{"damage":22,"enemies":"Jaw Worm Horde","floor":39,"turns":5},{"damage":6,"enemies":"Sphere and 2 Shapes","floor":41,"turns":5},{"damage":0,"enemies":"Maw","floor":44,"turns":4},{"damage":35,"enemies":"Reptomancer","floor":45,"turns":6},{"damage":4,"enemies":"Jaw Worm Horde","floor":46,"turns":3},{"damage":9,"enemies":"3 Darklings","floor":47,"turns":4},{"damage":6,"enemies":"4 Shapes","floor":48,"turns":10},{"damage":11,"enemies":"Awakened One","floor":50,"turns":15},{"damage":17,"enemies":"Time Eater","floor":51,"turns":1}],"seed_played":"5771790785528261490","potions_obtained":[{"floor":7,"key":"Ancient Potion"},{"floor":8,"key":"EntropicBrew"},{"floor":10,"key":"Energy Potion"},{"floor":16,"key":"Swift Potion"},{"floor":46,"key":"SpeedPotion"},{"floor":47,"key":"Poison Potion"},{"floor":48,"key":"LiquidBronze"}],"is_trial":false,"path_per_floor":["M","$","?","?","M","R","E","M","T","M","R","?","M","M","R","B",null,"M","?","?","M","?","R","?","R","T","$","R","M","?","$","R","B",null,"M","M","$","?","M","R","M","?","T","M","E","M","M","M","R","B","B"],"character_chosen":"THE_SILENT","items_purchased":["ClockworkSouvenir","Backflip"],"campfire_rested":3,"item_purchase_floors":[27,37],"current_hp_per_floor":[55,55,55,55,50,50,17,13,13,13,31,31,30,30,30,13,48,34,34,34,22,22,40,40,40,40,40,40,45,45,45,45,49,57,52,57,57,57,40,40,39,39,39,44,14,15,11,10,28,17,0,0],"gold":239,"neow_bonus":"TRANSFORM_TWO_CARDS","is_daily":false,"chose_seed":false,"campfire_upgraded":6,"win_rate":0.0,"timestamp":1612173883,"path_taken":["M","$","?","?","M","R","E","M","T","M","R","?","M","?","R","BOSS","M","?","?","M","?","R","?","R","T","$","R","M","?","$","R","BOSS","M","?","$","?","M","R","M","?","T","?","E","M","M","M","R","BOSS","BOSS"],"items_purchased_type":["Relic","Card"],"build_version":"2020-12-22","purchased_purges":1,"victory":false,"max_hp_per_floor":[66,66,66,60,60,60,60,60,60,60,60,60,60,60,60,60,60,60,60,60,60,60,60,60,60,60,60,60,60,60,60,60,60,60,60,60,60,60,60,60,60,60,60,60,60,60,60,60,60,60,60,60],"card_choices":[{"not_picked":["Sucker Punch","Underhanded Strike"],"picked":"Quick Slash","floor":1},{"not_picked":["Deadly Poison","Acrobatics"],"picked":"Flying Knee","floor":5},{"not_picked":["Well Laid Plans","Finisher"],"picked":"Backstab","floor":7},{"not_picked":["Outmaneuver","Deflect","PiercingWail"],"picked":"SKIP","floor":8},{"not_picked":["Expertise","Deadly Poison"],"picked":"After Image","floor":10},{"not_picked":["Cloak And Dagger","Flying Knee","Eviscerate"],"picked":"SKIP","floor":13},{"not_picked":["Choke","Dodge and Roll"],"picked":"Terror","floor":14},{"not_picked":["Bullet Time","Storm of Steel"],"picked":"After Image","floor":16},{"not_picked":["Slice","Riddle With Holes"],"picked":"Acrobatics+1","floor":18},{"not_picked":["Dagger Throw","Eviscerate"],"picked":"Prepared","floor":21},{"not_picked":["Dodge and Roll","Backstab"],"picked":"Infinite Blades","floor":29},{"not_picked":["Tools of the Trade","Bullet Time"],"picked":"After Image","floor":33},{"not_picked":["Flying Knee","Sucker Punch"],"picked":"Well Laid Plans","floor":35},{"not_picked":["Quick Slash+1","Flechettes"],"picked":"Eviscerate+1","floor":36},{"not_picked":["Leg Sweep","Slice+1","Backflip"],"picked":"SKIP","floor":39},{"not_picked":["Dodge and Roll","Acrobatics"],"picked":"Tactician","floor":41},{"not_picked":["Dodge and Roll","Predator"],"picked":"Blade Dance","floor":44},{"not_picked":["Bouncing Flask","Malaise"],"picked":"Adrenaline","floor":45},{"not_picked":["Concentrate","Catalyst","Dodge and Roll+1"],"picked":"SKIP","floor":46},{"not_picked":["Distraction","Cloak And Dagger","Dash"],"picked":"SKIP","floor":47},{"not_picked":["Deflect","Outmaneuver+1"],"picked":"Wraith Form v2","floor":48}],"player_experience":1450171,"relics_obtained":[{"floor":7,"key":"StrikeDummy"},{"floor":9,"key":"Paper Crane"},{"floor":26,"key":"Ginger"},{"floor":45,"key":"White Beast Statue"}],"event_choices":[{"damage_healed":0,"gold_gain":0,"player_choice":"Ignored","damage_taken":0,"max_hp_gain":0,"max_hp_loss":0,"event_name":"Liars Game","floor":3,"gold_loss":0},{"damage_healed":0,"gold_gain":0,"player_choice":"Lose Max HP","damage_taken":0,"relics_obtained":["Golden Idol"],"max_hp_gain":0,"max_hp_loss":6,"event_name":"Golden Idol","floor":4,"gold_loss":0},{"damage_healed":0,"gold_gain":0,"player_choice":"Searched \u00271\u0027 times","damage_taken":0,"max_hp_gain":0,"max_hp_loss":0,"event_name":"Dead Adventurer","floor":12,"gold_loss":0},{"damage_healed":0,"gold_gain":0,"cards_transformed":["Endless Agony","Expertise"],"player_choice":"Became Test Subject","damage_taken":0,"max_hp_gain":0,"max_hp_loss":0,"event_name":"Drug Dealer","floor":19,"gold_loss":0,"cards_obtained":["Phantasmal Killer","Tools of the Trade"]},{"damage_healed":0,"gold_gain":0,"player_choice":"Ignored","damage_taken":0,"max_hp_gain":0,"max_hp_loss":0,"event_name":"Ghosts","floor":20,"gold_loss":0},{"cards_removed":["Flying Knee"],"damage_healed":0,"gold_gain":0,"player_choice":"Gave Gold","damage_taken":0,"max_hp_gain":0,"max_hp_loss":0,"event_name":"Beggar","floor":22,"gold_loss":75},{"damage_healed":0,"gold_gain":0,"player_choice":"Gave Idol","damage_taken":0,"relics_obtained":["Bloody Idol"],"max_hp_gain":0,"max_hp_loss":0,"event_name":"Forgotten Altar","floor":24,"relics_lost":["Golden Idol"],"gold_loss":0},{"damage_healed":0,"gold_gain":0,"player_choice":"Traded Relic","damage_taken":0,"relics_obtained":["Nloth\u0027s Gift"],"max_hp_gain":0,"max_hp_loss":0,"event_name":"N\u0027loth","floor":30,"relics_lost":["StrikeDummy"],"gold_loss":0},{"damage_healed":0,"gold_gain":0,"player_choice":"Ignored","damage_taken":0,"max_hp_gain":0,"max_hp_loss":0,"event_name":"Mysterious Sphere","floor":38,"gold_loss":0},{"damage_healed":0,"gold_gain":0,"cards_transformed":["Infinite Blades"],"player_choice":"Transformed","damage_taken":0,"max_hp_gain":0,"max_hp_loss":0,"event_name":"Transmorgrifier","floor":42,"gold_loss":0,"cards_obtained":["Tools of the Trade"]}],"is_beta":false,"boss_relics":[{"not_picked":["WristBlade","Philosopher\u0027s Stone"],"picked":"Pandora\u0027s Box"},{"not_picked":["Astrolabe","Runic Dome"],"picked":"HoveringKite"}],"items_purged_floors":[2],"is_endless":false,"potions_floor_spawned":[7,8,10,16,29,36,41,44,46,47,48],"killed_by":"Time Eater","ascension_level":20}}