{"host":"d73an99q9oevilk5","time":1612195858,"event":{"mods":["2.2 Compatiblity","AchievementEnabler","Act Like it!","Aspiration","BaseMod","Beaked The Cultist","Better Third Choice","BetterRewards","Colored Map","Colored Powertips","Conspire","Downfall","GifTheSpireLib","Halation","Hubris","Infinite Spire","Mimic Mod","Minty Spire (QoL Compilation)","Quick Restart","Relic Sorter","Reliquary","Replay The Spire","Shop Mod","Spikes Relics","StSLib","Stuff the Spire","The Cursed","The Necromancer","The Saiyan","Waifu the Spire","egg","slay the spire mod where everything is the same but ironclad has a cowboy hat"],"gold_per_floor":[116,116,116,116,116,116,116,116,116],"floor_reached":7,"language":"ENG","playtime":162,"items_purged":[],"score":37,"play_id":"d617ebad-099a-416c-883e-85157dd6be11","local_time":"20210201091058","is_ascension_mode":false,"campfire_choices":[{"data":"champ:Execute","floor":6.0,"key":"SMITH"}],"circlet_count":0,"master_deck":["champ:Strike","champ:Strike","champ:Strike","champ:Strike","champ:Defend","champ:Defend","champ:Defend","champ:Defend","champ:Execute+1","champ:Taunt","champ:IronFortress+1","champ:ShieldSlam","champ:PreciseThrust","champ:FocusedDefense"],"relics":["champ:ChampionCrown","StuffTheSpire:Experiment12","Bird Faced Urn","Nilry\u0027s Codex","hubris:Towel","Blood Vial"],"acts_visited":["Exordium"],"potions_floor_usage":[],"damage_taken":[{"damage":10.0,"enemies":"Small Slimes","floor":1.0,"turns":3.0},{"damage":0,"enemies":"Gremlin Nob","floor":7,"turns":1}],"seed_played":"-5555313655999785192","potions_obtained":[],"is_trial":false,"path_per_floor":["M","$","?","?","T","R","E"],"character_chosen":"THE_CHAMP","items_purchased":["StuffTheSpire:Experiment12","champ:IronFortress+1","champ:ShieldSlam","Fruit Juice"],"campfire_rested":0,"item_purchase_floors":[0,0,0,0],"current_hp_per_floor":[95,95,95,95,95,95,95,95,95],"gold":116,"neow_bonus":"","is_daily":false,"chose_seed":false,"campfire_upgraded":1,"win_rate":0.0,"timestamp":1612195858,"path_taken":["M","$","?","?","?","R","E"],"items_purchased_type":["Relic","Card","Card","Potion"],"build_version":"2020-12-22","purchased_purges":0,"victory":false,"max_hp_per_floor":[95,95,95,95,95,95,95,95,95],"card_choices":[{"not_picked":["champ:Shatter","champ:CrownThrow"],"picked":"champ:FocusedDefense","floor":1.0}],"player_experience":1810424,"relics_obtained":[{"floor":5.0,"key":"Blood Vial"}],"event_choices":[{"damage_healed":0.0,"max_hp_gain":0.0,"max_hp_loss":0.0,"gold_gain":0.0,"event_name":"Golden Wing","player_choice":"Ignored","floor":3.0,"gold_loss":0.0,"damage_taken":0.0}],"is_beta":false,"boss_relics":[],"items_purged_floors":[],"is_endless":false,"potions_floor_spawned":[],"killed_by":"Gremlin Nob","ascension_level":0}}