{"host":"uld0x1f6or5rl385","time":1612148718,"event":{"mods":["BaseMod","Minty Spire (QoL Compilation)","Quick Restart","StSLib","Unceasing Turn Reminder"],"gold_per_floor":[114,114,129,149,162,162,162,162,162,162,162,162,196,217,217,342,342,356,356,94,109,34,34,34,34],"floor_reached":24,"language":"ZHS","playtime":572,"items_purged":["Injury"],"score":194,"play_id":"f11d28ee-0d13-4cf5-b6b2-b8de10bb718e","local_time":"20210201110518","is_ascension_mode":false,"campfire_choices":[{"data":"Blood for Blood","floor":6,"key":"SMITH"},{"data":"Bash","floor":8,"key":"SMITH"},{"data":"Headbutt","floor":10,"key":"SMITH"},{"data":"Disarm","floor":15,"key":"SMITH"},{"data":"Barricade","floor":23,"key":"SMITH"}],"circlet_count":0,"master_deck":["Strike_R","Strike_R","Defend_R","Defend_R","Defend_R","Bash+1","Headbutt+1","Blood for Blood+1","Ghostly Armor","Sever Soul","Ghostly Armor","Cleave","Disarm+1","Barricade+1","Body Slam+1","Rampage+1","Shrug It Off","Inflame"],"relics":["Burning Blood","Golden Idol","The Courier","Smiling Mask","Prayer Wheel","Empty Cage","Pen Nib","Singing Bowl"],"acts_visited":["Exordium","TheCity"],"potions_floor_usage":[],"damage_taken":[{"damage":3,"enemies":"2 Louse","floor":1,"turns":3},{"damage":6,"enemies":"Cultist","floor":3,"turns":3},{"damage":2,"enemies":"Small Slimes","floor":4,"turns":4},{"damage":21,"enemies":"Exordium Wildlife","floor":5,"turns":5},{"damage":6,"enemies":"Gremlin Nob","floor":13,"turns":3},{"damage":0,"enemies":"3 Louse","floor":14,"turns":4},{"damage":11,"enemies":"The Guardian","floor":16,"turns":10},{"damage":7,"enemies":"Shell Parasite","floor":18,"turns":7},{"damage":13,"enemies":"Chosen","floor":21,"turns":6}],"seed_played":"1927532134895310761","potions_obtained":[{"floor":0,"key":"SteroidPotion"},{"floor":0,"key":"Energy Potion"},{"floor":0,"key":"Weak Potion"}],"is_trial":false,"path_per_floor":["M","?","M","M","M","R","?","R","T","R","T","?","E","M","R","B",null,"M","?","$","M","?","R","M"],"character_chosen":"IRONCLAD","items_purchased":["Singing Bowl","Shrug It Off"],"campfire_rested":0,"item_purchase_floors":[20,20],"current_hp_per_floor":[80,80,80,80,65,65,65,65,65,65,65,65,65,71,71,66,80,79,79,79,74,74,74,61,61],"gold":34,"neow_bonus":"THREE_SMALL_POTIONS","is_daily":false,"chose_seed":false,"campfire_upgraded":5,"win_rate":0.0,"timestamp":1612148718,"path_taken":["M","?","?","M","M","R","?","R","T","R","?","?","E","M","R","BOSS","M","?","$","M","?","R","M"],"items_purchased_type":["Relic","Card"],"build_version":"2020-12-22","purchased_purges":1,"victory":false,"max_hp_per_floor":[80,80,80,80,80,80,80,80,80,80,80,80,80,80,80,80,80,80,80,80,82,82,82,82,82],"card_choices":[{"not_picked":["Rage","Perfected Strike"],"picked":"Headbutt","floor":1},{"not_picked":["Havoc","Clothesline","Pummel"],"picked":"SKIP","floor":3},{"not_picked":["Pommel Strike","Anger"],"picked":"Blood for Blood","floor":4},{"not_picked":["Berserk","Pummel"],"picked":"Ghostly Armor","floor":5},{"not_picked":["Seeing Red","True Grit"],"picked":"Ghostly Armor","floor":13},{"not_picked":["Havoc","Ghostly Armor"],"picked":"Cleave","floor":14},{"not_picked":["Searing Blow","Warcry"],"picked":"Disarm","floor":14},{"not_picked":["Brutality","Impervious"],"picked":"Barricade","floor":16},{"not_picked":["Fire Breathing","Perfected Strike"],"picked":"Body Slam+1","floor":18},{"not_picked":["Shrug It Off","Rage"],"picked":"Rampage+1","floor":18},{"not_picked":["Anger","Iron Wave"],"picked":"Inflame","floor":21},{"not_picked":["Infernal Blade","Iron Wave","Clothesline"],"picked":"Singing Bowl","floor":21}],"player_experience":351672,"relics_obtained":[{"floor":9,"key":"The Courier"},{"floor":11,"key":"Smiling Mask"},{"floor":13,"key":"Prayer Wheel"}],"event_choices":[{"damage_healed":0,"gold_gain":0,"player_choice":"Bought 0 Potions","damage_taken":0,"max_hp_gain":0,"max_hp_loss":0,"event_name":"The Woman in Blue","floor":2,"gold_loss":0},{"damage_healed":0,"gold_gain":0,"player_choice":"Take Wound","damage_taken":0,"relics_obtained":["Golden Idol"],"max_hp_gain":0,"max_hp_loss":0,"event_name":"Golden Idol","floor":7,"gold_loss":0,"cards_obtained":["Injury"]},{"damage_healed":0,"gold_gain":0,"cards_transformed":["Strike_R"],"player_choice":"Change","damage_taken":0,"max_hp_gain":0,"max_hp_loss":0,"event_name":"Living Wall","floor":12,"gold_loss":0,"cards_obtained":["Sever Soul"]},{"damage_healed":0,"gold_gain":0,"player_choice":"Opened","damage_taken":0,"relics_obtained":["Pen Nib"],"max_hp_gain":0,"max_hp_loss":0,"event_name":"The Mausoleum","floor":19,"gold_loss":0},{"cards_removed":["Defend_R"],"damage_healed":0,"gold_gain":0,"player_choice":"Gave Gold","damage_taken":0,"max_hp_gain":0,"max_hp_loss":0,"event_name":"Beggar","floor":22,"gold_loss":75}],"is_beta":false,"boss_relics":[{"not_picked":["Fusion Hammer","Runic Pyramid"],"picked":"Empty Cage"}],"items_purged_floors":[20],"is_endless":false,"potions_floor_spawned":[1,5,14],"killed_by":"Centurion and Healer","ascension_level":0}}