{"host":"fdq5pmhluajjrf8d","time":1612201592,"event":{"mods":["BaseMod","Minty Spire (QoL Compilation)"],"gold_per_floor":[16,31,31,31,44,77,77,106,132,132,149,159,124,158,158,234,234,252,266,316,316,231,231,243,243,243,156,171,171,191,191,191,263,263,283,294,294,294],"floor_reached":37,"language":"ENG","playtime":1654,"items_purged":[],"score":778,"play_id":"5ac7af71-d9f7-464a-b93e-479e23b64b84","local_time":"20210201124632","is_ascension_mode":true,"campfire_choices":[{"floor":7,"key":"REST"},{"floor":10,"key":"REST"},{"data":"Uppercut","floor":15,"key":"SMITH"},{"floor":23,"key":"RECALL"},{"floor":25,"key":"REST"},{"floor":29,"key":"REST"},{"floor":32,"key":"REST"}],"circlet_count":0,"master_deck":["AscendersBane","Strike_R","Strike_R","Strike_R","Strike_R","Strike_R","Defend_R","Defend_R","Defend_R","Defend_R","Bash","Immolate+1","Feel No Pain","Thunderclap","Corruption","Reckless Charge","Warcry","Sever Soul","Uppercut+1","Brutality","Fire Breathing","Wild Strike","Havoc+1","Evolve"],"relics":["Burning Blood","Oddly Smooth Stone","Strawberry","Dream Catcher","StrikeDummy","Mark of Pain","Blood Vial","HornCleat","Runic Cube"],"acts_visited":["Exordium","TheCity","TheBeyond"],"potions_floor_usage":[12,33,37,37],"damage_taken":[{"damage":0,"enemies":"Small Slimes","floor":1,"turns":2},{"damage":0,"enemies":"2 Louse","floor":2,"turns":1},{"damage":7,"enemies":"Jaw Worm","floor":5,"turns":4},{"damage":42,"enemies":"Lagavulin","floor":6,"turns":5},{"damage":53,"enemies":"Gremlin Nob","floor":8,"turns":5},{"damage":0,"enemies":"Exordium Wildlife","floor":11,"turns":1},{"damage":6,"enemies":"Large Slime","floor":12,"turns":6},{"damage":21,"enemies":"Lagavulin","floor":14,"turns":7},{"damage":14,"enemies":"Slime Boss","floor":16,"turns":9},{"damage":20,"enemies":"3 Byrds","floor":18,"turns":5},{"damage":3,"enemies":"Chosen","floor":19,"turns":4},{"damage":58,"enemies":"Sentry and Sphere","floor":24,"turns":7},{"damage":24,"enemies":"Snecko","floor":28,"turns":4},{"damage":32,"enemies":"Centurion and Healer","floor":30,"turns":5},{"damage":67,"enemies":"Collector","floor":33,"turns":7},{"damage":40,"enemies":"3 Darklings","floor":35,"turns":4},{"damage":34,"enemies":"Orb Walker","floor":36,"turns":4},{"damage":19,"enemies":"Sphere and 2 Shapes","floor":37,"turns":4}],"seed_played":"1866133079215041189","potions_obtained":[{"floor":1,"key":"FairyPotion"},{"floor":12,"key":"Fruit Juice"},{"floor":16,"key":"BlessingOfTheForge"},{"floor":33,"key":"BlessingOfTheForge"},{"floor":35,"key":"EssenceOfSteel"}],"is_trial":false,"path_per_floor":["M","M","?","$","M","E","R","E","T","R","M","M","?","E","R","B",null,"M","M","?","?","?","R","M","R","T","$","M","R","M","T","R","B",null,"M","M","M"],"character_chosen":"IRONCLAD","items_purchased":["Evolve"],"campfire_rested":5,"item_purchase_floors":[27],"current_hp_per_floor":[74,75,75,75,74,38,60,20,20,44,50,55,76,61,61,53,79,65,68,68,68,68,68,18,44,44,44,28,54,30,30,56,31,73,41,15,0,0],"gold":294,"neow_bonus":"THREE_RARE_CARDS","is_daily":false,"chose_seed":false,"campfire_upgraded":1,"win_rate":0.0,"timestamp":1612201592,"path_taken":["M","M","?","$","M","E","R","E","T","R","M","M","?","E","R","BOSS","M","M","?","?","?","R","M","R","T","$","?","R","M","?","R","BOSS","M","M","M"],"items_purchased_type":["Card"],"build_version":"2020-12-22","purchased_purges":0,"victory":false,"max_hp_per_floor":[75,75,75,75,75,75,75,82,82,82,82,87,87,87,87,87,87,87,87,87,87,87,87,87,87,87,87,87,87,87,87,87,87,87,87,87,87,87],"card_choices":[{"not_picked":["Demon Form","Barricade"],"picked":"Immolate","floor":0},{"not_picked":["Metallicize","Flex"],"picked":"Feel No Pain","floor":1},{"not_picked":["Clash","Shrug It Off"],"picked":"Thunderclap","floor":2},{"not_picked":["Iron Wave","Body Slam","Shrug It Off"],"picked":"SKIP","floor":5},{"not_picked":["Anger","Clothesline"],"picked":"Corruption","floor":6},{"not_picked":["Headbutt","Ghostly Armor"],"picked":"Reckless Charge","floor":8},{"not_picked":["Cleave","Armaments"],"picked":"Warcry","floor":10},{"not_picked":["Entrench","Pommel Strike","Body Slam"],"picked":"SKIP","floor":11},{"not_picked":["Clash","Flex"],"picked":"Sever Soul","floor":12},{"not_picked":["Heavy Blade","Flex"],"picked":"Uppercut","floor":14},{"not_picked":["Immolate","Bludgeon"],"picked":"Brutality","floor":16},{"not_picked":["Seeing Red","True Grit"],"picked":"Fire Breathing","floor":18},{"not_picked":["Sever Soul+1","Metallicize","Carnage"],"picked":"SKIP","floor":19},{"not_picked":["Heavy Blade","Body Slam+1"],"picked":"Wild Strike","floor":24},{"not_picked":["Feel No Pain","Headbutt+1"],"picked":"Havoc+1","floor":25},{"not_picked":["Feel No Pain+1","Thunderclap","Rage"],"picked":"SKIP","floor":28},{"not_picked":["Clothesline+1","Hemokinesis","Rampage"],"picked":"SKIP","floor":30},{"not_picked":["Perfected Strike","Warcry+1","Metallicize"],"picked":"SKIP","floor":35},{"not_picked":["Body Slam+1","Flex","Whirlwind"],"picked":"SKIP","floor":36}],"player_experience":1961354,"relics_obtained":[{"floor":6,"key":"Oddly Smooth Stone"},{"floor":8,"key":"Strawberry"},{"floor":9,"key":"Dream Catcher"},{"floor":14,"key":"StrikeDummy"},{"floor":31,"key":"HornCleat"}],"event_choices":[{"damage_healed":0,"gold_gain":0,"player_choice":"Grow","damage_taken":0,"max_hp_gain":0,"max_hp_loss":0,"event_name":"Living Wall","floor":3,"gold_loss":0,"cards_upgraded":["Immolate"]},{"damage_healed":21,"gold_gain":0,"player_choice":"Healed","damage_taken":0,"max_hp_gain":0,"max_hp_loss":0,"event_name":"The Cleric","floor":13,"gold_loss":35},{"damage_healed":0,"gold_gain":50,"player_choice":"Stole From Cult","damage_taken":0,"max_hp_gain":0,"max_hp_loss":0,"event_name":"Nest","floor":20,"gold_loss":0},{"damage_healed":0,"gold_gain":0,"player_choice":"Ignored","damage_taken":0,"max_hp_gain":0,"max_hp_loss":0,"event_name":"Beggar","floor":21,"gold_loss":0},{"damage_healed":0,"gold_gain":0,"player_choice":"Obtained Relic","damage_taken":0,"relics_obtained":["Blood Vial"],"max_hp_gain":0,"max_hp_loss":0,"event_name":"Addict","floor":22,"gold_loss":85}],"is_beta":false,"boss_relics":[{"not_picked":["Astrolabe","Snecko Eye"],"picked":"Mark of Pain"},{"not_picked":["Calling Bell","Runic Dome"],"picked":"Runic Cube"}],"items_purged_floors":[],"is_endless":false,"potions_floor_spawned":[1,12,16,24,33,35,36],"killed_by":"Sphere and 2 Shapes","ascension_level":20}}