{"host":"xg4r5pv6chpuampg","time":1612201169,"event":{"mods":["AchievementEnabler","BaseMod","Googly Eyes","Minty Spire (QoL Compilation)"],"gold_per_floor":[116,116,128,143,143,160,160,125,179,179,191,191,177,197,197,301,351,362,362,362,64,64,64,82,107,132,132,132,14,14,30,30,128,128,147,147,147],"floor_reached":36,"language":"ENG","playtime":1814,"items_purged":[],"score":372,"play_id":"d9b946cc-09f5-4a2e-a04b-d2d512198e52","local_time":"20210201203929","is_ascension_mode":false,"campfire_choices":[{"data":"Night Terror","floor":7.0,"key":"SMITH"},{"data":"Footwork","floor":10.0,"key":"SMITH"},{"data":"Poisoned Stab","floor":12.0,"key":"SMITH"},{"floor":15.0,"key":"REST"},{"data":"Catalyst","floor":23.0,"key":"SMITH"},{"floor":27,"key":"REST"},{"floor":32,"key":"REST"}],"circlet_count":0,"master_deck":["Strike_G+1","Strike_G+1","Strike_G+1","Defend_G+1","Defend_G+1","Defend_G+1","Survivor","Neutralize","After Image+1","Backflip+1","Flying Knee","Footwork+1","Poisoned Stab+1","Night Terror+1","Bane+1","Die Die Die+1","Predator+1","Catalyst+1","Die Die Die+1","Bouncing Flask+1","Catalyst","Backstab+1","Blade Dance","Poisoned Stab+1","Grand Finale+1","Deadly Poison+1"],"relics":["Astrolabe","Molten Egg 2","MealTicket","Tiny House","Blood Vial","Juzu Bracelet","Darkstone Periapt","Nunchaku","Philosopher\u0027s Stone"],"acts_visited":["Exordium","TheCity","TheBeyond"],"potions_floor_usage":[33,33],"damage_taken":[{"damage":2.0,"enemies":"2 Louse","floor":1.0,"turns":4.0},{"damage":9.0,"enemies":"Jaw Worm","floor":3.0,"turns":5.0},{"damage":0.0,"enemies":"Cultist","floor":4.0,"turns":4.0},{"damage":9.0,"enemies":"2 Fungi Beasts","floor":6.0,"turns":4.0},{"damage":5.0,"enemies":"Large Slime","floor":11.0,"turns":7.0},{"damage":4.0,"enemies":"Exordium Thugs","floor":13.0,"turns":6.0},{"damage":10.0,"enemies":"Lots of Slimes","floor":14.0,"turns":4.0},{"damage":23.0,"enemies":"Slime Boss","floor":16.0,"turns":12.0},{"damage":12.0,"enemies":"Shell Parasite","floor":18.0,"turns":6.0},{"damage":8.0,"enemies":"Chosen","floor":24.0,"turns":5.0},{"damage":43.0,"enemies":"Gremlin Leader","floor":25.0,"turns":6.0},{"damage":19,"enemies":"Snecko","floor":31,"turns":5},{"damage":50,"enemies":"Champ","floor":33,"turns":11},{"damage":14,"enemies":"3 Shapes","floor":35,"turns":2},{"damage":73,"enemies":"2 Orb Walkers","floor":36,"turns":4}],"seed_played":"4199914357370092832","potions_obtained":[{"floor":4.0,"key":"PowerPotion"},{"floor":6.0,"key":"LiquidBronze"},{"floor":11.0,"key":"GamblersBrew"},{"floor":13.0,"key":"Explosive Potion"},{"floor":16.0,"key":"Block Potion"},{"floor":24.0,"key":"AttackPotion"}],"is_trial":false,"path_per_floor":["M","?","M","M","T","M","R","?","T","R","M","R","M","M","R","B",null,"M","?","?","$","?","R","M","E","T","R","?","$","?","M","R","B",null,"M","?"],"character_chosen":"THE_SILENT","items_purchased":["Juzu Bracelet","Catalyst","Die Die Die+1","Backstab+1","Blade Dance"],"campfire_rested":3,"item_purchase_floors":[21,21,21,29,29],"current_hp_per_floor":[68,68,59,59,59,50,50,67,67,67,62,62,58,48,69,46,75,63,63,63,75,61,61,55,14,14,38,38,53,53,36,60,12,80,66,0,0],"gold":147,"neow_bonus":"BOSS_RELIC","is_daily":false,"chose_seed":false,"campfire_upgraded":4,"win_rate":0.0,"timestamp":1612201169,"path_taken":["M","?","M","M","?","M","R","?","T","R","M","R","M","M","R","BOSS","M","?","?","$","?","R","M","E","T","R","?","$","?","M","R","BOSS","M","?"],"items_purchased_type":["Relic","Card","Card","Card","Card"],"build_version":"2020-12-22","purchased_purges":0,"victory":false,"max_hp_per_floor":[70,70,70,70,70,70,70,70,70,70,70,70,70,70,70,70,75,75,75,75,75,80,80,80,80,80,80,80,80,80,80,80,80,80,80,80,80],"card_choices":[{"not_picked":["Outmaneuver","Blade Dance"],"picked":"Flying Knee","floor":1.0},{"not_picked":["Deadly Poison","Dagger Throw"],"picked":"Poisoned Stab","floor":3.0},{"not_picked":["Escape Plan","Acrobatics"],"picked":"Night Terror","floor":4.0},{"not_picked":["Outmaneuver","Eviscerate+1","Underhanded Strike+1"],"picked":"SKIP","floor":6.0},{"not_picked":["Poisoned Stab+1","Dagger Throw+1"],"picked":"Bane+1","floor":11.0},{"not_picked":["Eviscerate+1","Setup","Cloak And Dagger"],"picked":"SKIP","floor":13.0},{"not_picked":["Footwork","Dodge and Roll","Prepared"],"picked":"SKIP","floor":14.0},{"not_picked":["Unload+1","Storm of Steel"],"picked":"Die Die Die+1","floor":16.0},{"not_picked":["Backflip","Outmaneuver"],"picked":"Predator+1","floor":17.0},{"not_picked":["Slice+1","Endless Agony+1","Predator+1"],"picked":"SKIP","floor":18.0},{"not_picked":["Quick Slash+1","Flechettes+1"],"picked":"Bouncing Flask+1","floor":24.0},{"not_picked":["Flying Knee+1","Backflip"],"picked":"Catalyst","floor":25.0},{"not_picked":["Escape Plan","Underhanded Strike+1"],"picked":"Poisoned Stab+1","floor":31},{"not_picked":["Storm of Steel","Doppelganger"],"picked":"Grand Finale+1","floor":33},{"not_picked":["Acrobatics","Dagger Throw+1"],"picked":"Deadly Poison+1","floor":35}],"player_experience":42847,"relics_obtained":[{"floor":5.0,"key":"Molten Egg 2"},{"floor":9.0,"key":"MealTicket"},{"floor":25.0,"key":"Darkstone Periapt"},{"floor":26.0,"key":"Nunchaku"}],"event_choices":[{"damage_healed":0.0,"max_hp_gain":0.0,"max_hp_loss":0.0,"gold_gain":0.0,"cards_transformed":["Concentrate"],"event_name":"Living Wall","player_choice":"Change","floor":2.0,"gold_loss":0.0,"damage_taken":0.0,"cards_obtained":["Footwork"]},{"damage_healed":17.0,"max_hp_gain":0.0,"max_hp_loss":0.0,"gold_gain":0.0,"event_name":"The Cleric","player_choice":"Healed","floor":8.0,"gold_loss":35.0,"damage_taken":0.0},{"damage_healed":0.0,"max_hp_gain":0.0,"max_hp_loss":0.0,"gold_gain":0.0,"event_name":"The Mausoleum","player_choice":"Opened","floor":19.0,"gold_loss":0.0,"damage_taken":0.0,"relics_obtained":["Blood Vial"]},{"damage_healed":0.0,"max_hp_gain":0.0,"max_hp_loss":0.0,"gold_gain":0.0,"event_name":"Back to Basics","player_choice":"Simplicity","floor":20.0,"gold_loss":0.0,"damage_taken":0.0,"cards_upgraded":["Strike_G","Strike_G","Strike_G","Defend_G","Defend_G","Defend_G"]},{"damage_healed":0.0,"max_hp_gain":5.0,"max_hp_loss":0.0,"gold_gain":0.0,"event_name":"Forgotten Altar","player_choice":"Shed Blood","floor":22.0,"gold_loss":0.0,"damage_taken":19.0},{"cards_removed":["Strike_G"],"damage_healed":0,"gold_gain":0,"player_choice":"Offered Basic","damage_taken":0,"max_hp_gain":0,"max_hp_loss":0,"event_name":"Bonfire Elementals","floor":28,"gold_loss":0},{"damage_healed":0,"gold_gain":0,"player_choice":"Ignored","damage_taken":0,"max_hp_gain":0,"max_hp_loss":0,"event_name":"Ghosts","floor":30,"gold_loss":0},{"damage_healed":0,"gold_gain":0,"player_choice":"Fight","damage_taken":0,"max_hp_gain":0,"max_hp_loss":0,"event_name":"Mysterious Sphere","floor":36,"gold_loss":0}],"is_beta":false,"boss_relics":[{"not_picked":["WristBlade","Ectoplasm"],"picked":"Tiny House"},{"not_picked":["SacredBark","Runic Pyramid"],"picked":"Philosopher\u0027s Stone"}],"items_purged_floors":[],"is_endless":false,"potions_floor_spawned":[4,6,11,13,16,24],"killed_by":"2 Orb Walkers","ascension_level":0}}