{"host":"uc8wz0q199a7d901","time":1612195818,"event":{"mods":["2.2 Compatiblity","BaseMod","Colored Map","DeckTracker","Highlight Path","Minty Spire (QoL Compilation)","Permanent Neow","Quick Restart","SuperFastMode"],"gold_per_floor":[110,110,110,110,133,469,469,483,483,64,64,1,1,37,37,131,131,146,105,35,50,69,69,69,69],"floor_reached":24,"language":"KOR","playtime":721,"items_purged":["Regret"],"score":408,"play_id":"cc41afa4-499b-46be-b815-01cbeb8ae83b","local_time":"20210202011018","is_ascension_mode":true,"campfire_choices":[{"data":"Defragment","floor":11.0,"key":"SMITH"},{"data":"Defragment","floor":13.0,"key":"SMITH"},{"data":"Lockon","floor":15.0,"key":"SMITH"},{"floor":23,"key":"REST"}],"circlet_count":0,"master_deck":["AscendersBane","Strike_B","Strike_B","Strike_B","Defend_B","Defend_B","Defend_B","Defend_B","Zap","Dualcast","Echo Form","Self Repair","Capacitor","Aggregate","Coolheaded","Defragment+1","Glacier","Defragment","Defragment+1","Lockon+1","Thunder Strike","Turbo","Sunder","Conserve Battery"],"relics":["Cracked Core","Bag of Preparation","Golden Idol","Old Coin","The Courier","DollysMirror","Gambling Chip","Nuclear Battery"],"acts_visited":["Exordium","TheCity"],"potions_floor_usage":[22],"damage_taken":[{"damage":1.0,"enemies":"Cultist","floor":1.0,"turns":3.0},{"damage":8.0,"enemies":"Jaw Worm","floor":5.0,"turns":5.0},{"damage":41.0,"enemies":"3 Sentries","floor":6.0,"turns":10.0},{"damage":15.0,"enemies":"Small Slimes","floor":8.0,"turns":4.0},{"damage":13.0,"enemies":"Gremlin Nob","floor":14.0,"turns":4.0},{"damage":3.0,"enemies":"Hexaghost","floor":16.0,"turns":8.0},{"damage":10.0,"enemies":"Shell Parasite","floor":18.0,"turns":5.0},{"damage":16.0,"enemies":"2 Thieves","floor":19.0,"turns":5.0},{"damage":34.0,"enemies":"Snake Plant","floor":21.0,"turns":6.0},{"damage":1,"enemies":"Centurion and Healer","floor":22,"turns":9},{"damage":48,"enemies":"Slavers","floor":24,"turns":3}],"seed_played":"-8931516626975004402","potions_obtained":[{"floor":1.0,"key":"ColorlessPotion"},{"floor":8.0,"key":"EssenceOfDarkness"},{"floor":16.0,"key":"ColorlessPotion"},{"floor":21.0,"key":"DistilledChaos"}],"is_trial":false,"path_per_floor":["M","?","?","?","M","E","?","M","T","$","R","$","R","E","R","B",null,"M","M","$","M","M","R","E"],"character_chosen":"DEFECT","items_purchased":["Defragment","Glacier","DollysMirror","EntropicBrew","Defragment","Sunder"],"campfire_rested":1,"item_purchase_floors":[10,10,10,10,12,20],"current_hp_per_floor":[45,45,45,45,44,10,64,56,56,56,56,56,56,43,43,54,62,52,50,50,16,29,48,0,0],"gold":69,"neow_bonus":"THREE_RARE_CARDS","is_daily":false,"chose_seed":false,"campfire_upgraded":3,"win_rate":0.0,"timestamp":1612195818,"path_taken":["M","?","?","?","?","E","?","M","T","$","R","$","R","E","R","BOSS","M","M","$","M","?","R","E"],"items_purchased_type":["Card","Card","Relic","Potion","Card","Card"],"build_version":"2020-12-22","purchased_purges":1,"victory":false,"max_hp_per_floor":[71,71,71,64,64,64,64,64,64,64,64,64,64,64,64,64,64,64,64,64,64,64,64,64,64],"card_choices":[{"not_picked":["Rainbow","Creative AI"],"picked":"Echo Form","floor":0.0},{"not_picked":["Go for the Eyes","Rebound"],"picked":"Self Repair","floor":1.0},{"not_picked":["Auto Shields","Rip and Tear"],"picked":"Lockon","floor":5.0},{"not_picked":["Double Energy","Blizzard"],"picked":"Aggregate","floor":6.0},{"not_picked":["Reprogram","Lockon"],"picked":"Coolheaded","floor":8.0},{"not_picked":["Reinforced Body","Coolheaded"],"picked":"Lockon","floor":14.0},{"not_picked":["Multi-Cast","Meteor Strike"],"picked":"Thunder Strike","floor":16.0},{"not_picked":["Lockon","Stack","Gash"],"picked":"SKIP","floor":18.0},{"not_picked":["Redo","Streamline+1"],"picked":"Turbo","floor":19.0},{"not_picked":["Turbo+1","Barrage"],"picked":"Conserve Battery","floor":21.0},{"not_picked":["Doom and Gloom","Conserve Battery","Ball Lightning"],"picked":"SKIP","floor":22}],"player_experience":709823,"relics_obtained":[{"floor":6.0,"key":"Old Coin"},{"floor":9.0,"key":"The Courier"},{"floor":14.0,"key":"Gambling Chip"}],"event_choices":[{"damage_healed":0.0,"max_hp_gain":0.0,"max_hp_loss":0.0,"gold_gain":0.0,"cards_transformed":["Strike_B"],"event_name":"Living Wall","player_choice":"Change","floor":2.0,"gold_loss":0.0,"damage_taken":0.0,"cards_obtained":["Capacitor"]},{"damage_healed":0.0,"max_hp_gain":0.0,"max_hp_loss":0.0,"gold_gain":0.0,"event_name":"Big Fish","player_choice":"Box","floor":3.0,"gold_loss":0.0,"damage_taken":0.0,"relics_obtained":["Bag of Preparation"],"cards_obtained":["Regret"]},{"damage_healed":0.0,"max_hp_gain":0.0,"max_hp_loss":7.0,"gold_gain":0.0,"event_name":"Golden Idol","player_choice":"Lose Max HP","floor":4.0,"gold_loss":0.0,"damage_taken":0.0,"relics_obtained":["Golden Idol"]},{"cards_removed":["Lockon"],"damage_healed":54.0,"max_hp_gain":0.0,"max_hp_loss":0.0,"gold_gain":0.0,"event_name":"Bonfire Elementals","player_choice":"Offered Uncommon","floor":7.0,"gold_loss":0.0,"damage_taken":0.0}],"is_beta":false,"boss_relics":[{"not_picked":["Black Star","Coffee Dripper"],"picked":"Nuclear Battery"}],"items_purged_floors":[10],"is_endless":false,"potions_floor_spawned":[1,8,16,18,21],"killed_by":"Slavers","ascension_level":20}}