{"host":"e1pm3b7xpcm97e5w","time":1612207841,"event":{"mods":["BaseMod","Better Skull","Googly Eyes","Minty Spire (QoL Compilation)","Relic Stats","Shop Mod","Spicy Shops","StSLib"],"gold_per_floor":[114,114,127,277,277,310,123,151,177,33,83,93,93,93],"floor_reached":13,"language":"ENG","playtime":222,"items_purged":["Doubt"],"score":220,"play_id":"d70a74b3-f67f-4376-9821-b92cb2292117","local_time":"20210201143041","is_ascension_mode":true,"campfire_choices":[],"circlet_count":0,"master_deck":["AscendersBane","Strike_G","Strike_G","Strike_G","Strike_G","Defend_G","Defend_G","Defend_G","Defend_G","Defend_G","Survivor","Neutralize","Slice","Flying Knee","Injury","Glass Knife","Footwork","Blade Dance+1","Cloak And Dagger+1"],"relics":["Ring of the Snake","NeowsBlessing","Blood Vial","Toxic Egg 2","Lantern","Happy Flower"],"acts_visited":["Exordium"],"potions_floor_usage":[8,8,13,13],"damage_taken":[{"damage":0,"enemies":"Jaw Worm","floor":1,"turns":1},{"damage":0,"enemies":"2 Louse","floor":3,"turns":1},{"damage":0,"enemies":"3 Sentries","floor":6,"turns":1},{"damage":44,"enemies":"Gremlin Nob","floor":8,"turns":5},{"damage":1,"enemies":"Cultist","floor":12,"turns":3},{"damage":28,"enemies":"Lagavulin","floor":13,"turns":5}],"seed_played":"-6013603662582799943","potions_obtained":[{"floor":3,"key":"Block Potion"},{"floor":6,"key":"Poison Potion"},{"floor":8,"key":"Explosive Potion"},{"floor":12,"key":"LiquidMemories"}],"is_trial":false,"path_per_floor":["M","?","M","?","?","E","$","E","T","$","?","M","E"],"character_chosen":"THE_SILENT","items_purchased":["Toxic Egg 2","Footwork","Blade Dance+1"],"campfire_rested":0,"item_purchase_floors":[7,10,10],"current_hp_per_floor":[59,52,52,52,57,57,57,15,15,15,15,16,0,0],"gold":93,"neow_bonus":"THREE_ENEMY_KILL","is_daily":false,"chose_seed":false,"campfire_upgraded":0,"win_rate":0.0,"timestamp":1612207841,"path_taken":["M","?","M","?","?","E","$","E","T","$","?","?","E"],"items_purchased_type":["Relic","Card","Card"],"build_version":"2020-12-22","purchased_purges":1,"victory":false,"max_hp_per_floor":[66,66,66,66,71,71,71,71,71,71,71,71,71,71],"relic_stats":{"Blood Vial":6,"Happy Flower":[2],"counters":[6,16],"obtain_stats":[{"Blood Vial":6,"Lantern":8,"NeowsBlessing":0,"Happy Flower":9,"Toxic Egg 2":7,"Ring of the Snake":0},{"Blood Vial":3,"Lantern":4,"NeowsBlessing":0,"Happy Flower":4,"Toxic Egg 2":3,"Ring of the Snake":0},{"Blood Vial":3,"Lantern":8,"NeowsBlessing":0,"Happy Flower":8,"Toxic Egg 2":3,"Ring of the Snake":0}],"Ring of the Snake":[12]},"card_choices":[{"not_picked":["Acrobatics","Concentrate","Underhanded Strike"],"picked":"SKIP","floor":1},{"not_picked":["Outmaneuver","Acrobatics"],"picked":"Slice","floor":3},{"not_picked":["Quick Slash","Deflect"],"picked":"Flying Knee","floor":6},{"not_picked":["Flying Knee","Masterful Stab"],"picked":"Glass Knife","floor":8},{"not_picked":["Flechettes","Acrobatics+1"],"picked":"Cloak And Dagger+1","floor":12}],"player_experience":615983,"relics_obtained":[{"floor":6,"key":"Blood Vial"},{"floor":8,"key":"Lantern"},{"floor":9,"key":"Happy Flower"}],"event_choices":[{"cards_removed":["Strike_G"],"damage_healed":0,"gold_gain":0,"player_choice":"Card Removal","damage_taken":7,"max_hp_gain":0,"max_hp_loss":0,"event_name":"Golden Wing","floor":2,"gold_loss":0},{"damage_healed":0,"gold_gain":150,"player_choice":"AGREE","damage_taken":0,"max_hp_gain":0,"max_hp_loss":0,"event_name":"Liars Game","floor":4,"gold_loss":0,"cards_obtained":["Doubt"]},{"damage_healed":0,"gold_gain":0,"player_choice":"Donut","damage_taken":0,"max_hp_gain":5,"max_hp_loss":0,"event_name":"Big Fish","floor":5,"gold_loss":0},{"damage_healed":0,"gold_gain":50,"player_choice":"Pray","damage_taken":0,"max_hp_gain":0,"max_hp_loss":0,"event_name":"Golden Shrine","floor":11,"gold_loss":0}],"is_beta":false,"boss_relics":[],"items_purged_floors":[7],"is_endless":false,"potions_floor_spawned":[3,6,8,12],"killed_by":"Lagavulin","ascension_level":18}}