{"host":"rxio6krf4h2xy923","time":1612187912,"event":{"mods":["Act Like it!","Arknights","BaseMod","Colored Powertips","Hallownest","Lobotomy","LobotomyExtend","Minty Spire (QoL Compilation)","StSLib","The Administrix","Waifu the Spire","WarShipGirlsR/’ΩΩ¢…Ÿ≈ÆR mod"],"gold_per_floor":[110,110,7,7,25,25,38,38,38,69,88,129,148,172,172,291,291,306,320,320,330,343,343,268,301,301,301,79,90,110,110,110,110,110],"floor_reached":33,"language":"ZHS","playtime":2285,"items_purged":["ats:Defend"],"score":279,"play_id":"689c8e61-bcc4-408e-ae66-90c1d5c0f8a2","local_time":"20210201215832","is_ascension_mode":false,"campfire_choices":[{"data":"ats:Overload","floor":6.0,"key":"SMITH"},{"floor":15.0,"key":"REST"},{"floor":23.0,"key":"REST"},{"floor":27.0,"key":"REST"},{"floor":32,"key":"REST"}],"circlet_count":0,"master_deck":["ats:Strike C","ats:Strike G","ats:Strike V","ats:Armor Crushing Shot","ats:Defend","ats:Defend","ats:Defend","ats:Cat Scratch","ats:Curse Doll","ats:Song Of Battle","ats:Overload+1","ats:Rat Pack","ats:Encircling Forest","ats:Assault Order","ats:Apocalypse","ats:Guard Mode","ats:Healing Strengthening","ats:Ambush","CurseOfTheBell","ats:Flexible Camouflage","ats:Rapid Magazine","ats:Consecutive Shot Auto+1","ats:Soul Rend","ats:Thermite Blade"],"relics":["ats:Sanity","Happy Flower","Bloody Idol","Ornamental Fan","ats:Originium","Regal Pillow","Mercury Hourglass","Calling Bell","Juzu Bracelet","Pantograph","Unceasing Top","LetterFromLob","ats:Spiritual Recovery","Akabeko","ats:Hidden Killer","MutagenicStrength"],"acts_visited":["Exordium","TheCity"],"potions_floor_usage":[33],"damage_taken":[{"damage":1.0,"enemies":"Jaw Worm","floor":1.0,"turns":4.0},{"damage":1.0,"enemies":"Small Slimes","floor":5.0,"turns":5.0},{"damage":0.0,"enemies":"2 Louse","floor":7.0,"turns":3.0},{"damage":17.0,"enemies":"3 Sentries","floor":10.0,"turns":7.0},{"damage":5.0,"enemies":"Blue Slaver","floor":11.0,"turns":3.0},{"damage":8.0,"enemies":"Gremlin Nob","floor":12.0,"turns":4.0},{"damage":12.0,"enemies":"Large Slime","floor":13.0,"turns":7.0},{"damage":0.0,"enemies":"Lots of Slimes","floor":14.0,"turns":4.0},{"damage":42.0,"enemies":"Slime Boss","floor":16.0,"turns":16.0},{"damage":13.0,"enemies":"Chosen","floor":18.0,"turns":7.0},{"damage":10.0,"enemies":"Shell Parasite","floor":19.0,"turns":6.0},{"damage":36.0,"enemies":"Snecko","floor":21.0,"turns":9.0},{"damage":25.0,"enemies":"Snake Plant","floor":22.0,"turns":7.0},{"damage":57.0,"enemies":"Slavers","floor":25.0,"turns":11.0},{"damage":24,"enemies":"Centurion and Healer","floor":29,"turns":6},{"damage":16,"enemies":"Sentry and Sphere","floor":30,"turns":6},{"damage":119,"enemies":"Automaton","floor":33,"turns":14}],"seed_played":"-5209880544738855709","potions_obtained":[{"floor":1.0,"key":"SneckoOil"},{"floor":5.0,"key":"PowerPotion"},{"floor":12.0,"key":"SteroidPotion"},{"floor":13.0,"key":"DistilledChaos"},{"floor":14.0,"key":"AttackPotion"},{"floor":16.0,"key":"SmokeBomb"},{"floor":19.0,"key":"Fruit Juice"},{"floor":29,"key":"LiquidBronze"}],"is_trial":false,"path_per_floor":["M","?","$","?","M","R","M","?","T","E","M","E","M","M","R","B",null,"M","M","?","M","M","R","?","E","T","R","$","M","M","?","R","B"],"character_chosen":"DOCTOR_CLASS","items_purchased":["ats:Curse Doll","ats:Song Of Battle","ats:Hidden Killer"],"campfire_rested":4,"item_purchase_floors":[3,3,28],"current_hp_per_floor":[71,53,53,58,57,57,57,50,50,33,28,20,16,20,58,36,77,64,64,64,43,31,70,70,27,27,66,66,53,46,46,82,0,0],"gold":110,"neow_bonus":"RANDOM_COMMON_RELIC","is_daily":false,"chose_seed":false,"campfire_upgraded":1,"win_rate":0.0,"timestamp":1612187912,"path_taken":["M","?","$","?","M","R","M","?","T","E","M","E","M","M","R","BOSS","M","M","?","M","M","R","?","E","T","R","$","M","M","?","R","BOSS"],"items_purchased_type":["Card","Card","Relic"],"build_version":"2020-12-22","purchased_purges":1,"victory":false,"max_hp_per_floor":[72,72,72,77,77,77,77,77,77,77,77,77,77,77,77,77,77,77,82,82,82,82,82,82,82,82,82,82,82,82,82,82,82,82],"card_choices":[{"not_picked":["ats:Burning Ground","ats:Revitalization"],"picked":"ats:Cat Scratch","floor":1.0},{"not_picked":["ats:Cat Scratch","ats:Poison Spread"],"picked":"ats:Overload","floor":5.0},{"not_picked":["ats:Powerful Strike","ats:Rapid Magazine"],"picked":"ats:Rat Pack","floor":7.0},{"not_picked":["ats:Guard Mode","ats:Very Hot Blade"],"picked":"ats:Encircling Forest","floor":10.0},{"not_picked":["ats:Closed Bolt Burst Fire","ats:Revitalization"],"picked":"ats:Assault Order","floor":11.0},{"not_picked":["ats:Absolute Focus","ats:Blood Oath"],"picked":"ats:Apocalypse","floor":12.0},{"not_picked":["ats:Phantom","ats:Cat Scratch"],"picked":"ats:Guard Mode","floor":13.0},{"not_picked":["ats:Shell Defense","ats:Soul Absorption"],"picked":"ats:Healing Strengthening","floor":14.0},{"not_picked":["ats:Calcification","ats:Durian"],"picked":"ats:Ambush","floor":16.0},{"not_picked":["ats:Encircling Forest","ats:Closed Bolt Burst Fire"],"picked":"ats:Flexible Camouflage","floor":18.0},{"not_picked":["ats:Steam Pump","ats:Hammer On"],"picked":"ats:Rapid Magazine","floor":19.0},{"not_picked":["ats:Steam Pump","ats:Part Time Job","ats:Absolute Focus"],"picked":"SKIP","floor":21.0},{"not_picked":["ats:Very Hot Blade+1","ats:Revitalization"],"picked":"ats:Consecutive Shot Auto+1","floor":22.0},{"not_picked":["ats:Thermite Blade","ats:Burning Ground"],"picked":"ats:Soul Rend","floor":25.0},{"not_picked":["ats:Absolute Focus+1","ats:Composite Medical Shells+1"],"picked":"ats:Thermite Blade","floor":29},{"not_picked":["ats:Part Time Job","ats:Thermite Blade","ats:Assault Order"],"picked":"SKIP","floor":30}],"player_experience":47792,"relics_obtained":[{"floor":9.0,"key":"Ornamental Fan"},{"floor":10.0,"key":"ats:Originium"},{"floor":10.0,"key":"Regal Pillow"},{"floor":12.0,"key":"ats:Originium"},{"floor":12.0,"key":"Mercury Hourglass"},{"floor":17.0,"key":"Juzu Bracelet"},{"floor":17.0,"key":"Pantograph"},{"floor":17.0,"key":"Unceasing Top"},{"floor":22.0,"key":"LetterFromLob"},{"floor":25.0,"key":"ats:Originium"},{"floor":25.0,"key":"ats:Spiritual Recovery"},{"floor":26.0,"key":"Akabeko"}],"event_choices":[{"damage_healed":0.0,"max_hp_gain":0.0,"max_hp_loss":0.0,"gold_gain":0.0,"event_name":"Golden Idol","player_choice":"Take Damage","floor":2.0,"gold_loss":0.0,"damage_taken":18.0,"relics_obtained":["Golden Idol"]},{"damage_healed":0.0,"max_hp_gain":5.0,"max_hp_loss":0.0,"gold_gain":0.0,"event_name":"Big Fish","player_choice":"Donut","floor":4.0,"gold_loss":0.0,"damage_taken":0.0},{"cards_removed":["ats:Strike S"],"damage_healed":0.0,"max_hp_gain":0.0,"max_hp_loss":0.0,"gold_gain":0.0,"event_name":"Golden Wing","player_choice":"Card Removal","floor":8.0,"gold_loss":0.0,"damage_taken":7.0},{"damage_healed":0.0,"max_hp_gain":0.0,"max_hp_loss":0.0,"gold_gain":0.0,"event_name":"Forgotten Altar","player_choice":"Gave Idol","floor":20.0,"relics_lost":["Golden Idol"],"gold_loss":0.0,"damage_taken":0.0,"relics_obtained":["Bloody Idol"]},{"cards_removed":["ats:Emotion Absorption"],"damage_healed":0.0,"max_hp_gain":0.0,"max_hp_loss":0.0,"gold_gain":0.0,"event_name":"Beggar","player_choice":"Gave Gold","floor":24.0,"gold_loss":75.0,"damage_taken":0.0},{"damage_healed":0,"gold_gain":0,"player_choice":"Inject Mutagens","damage_taken":0,"relics_obtained":["MutagenicStrength"],"max_hp_gain":0,"max_hp_loss":0,"event_name":"Drug Dealer","floor":31,"gold_loss":0}],"is_beta":false,"boss_relics":[{"not_picked":["Coffee Dripper","SacredBark"],"picked":"Calling Bell"}],"items_purged_floors":[28],"is_endless":false,"potions_floor_spawned":[1,5,12,13,14,16,19,29],"killed_by":"Automaton","ascension_level":0}}