{"host":"Ringo","time":1612156024,"event":{"mods":["BaseMod","Colored Map","Conspire","Dota2Spire","Hubris","Minty Spire (QoL Compilation)","Replay The Spire","StSLib","The Construct","[IsaacMod]ÒÔÈö¼âËþ","¡¾ÒÅÎï¿¨ÅÆ¡¿REMEMod"],"gold_per_floor":[114,124,144,162,237,264,296,326,377,395,425,460,490,520,520,593,593,609,622,410,429,441,470,470,502,557,592,617,637,671,681,681,758,758,773,793,813,829,841,866,896,928,928,957,957,983,1000,1032,1032,1032,1032],"floor_reached":52,"language":"ZHS","playtime":1862,"items_purged":[],"score":3763,"play_id":"e7f20fe4-4be3-45cd-be4b-08a5b3d00914","local_time":"20210201130704","daily_mods":["SealedDeck","Vintage","Diverse","Colorless Cards","Heirloom","Time Dilation","Flight","DeadlyEvents","Elite Swarm","Lethality","Binary"],"is_ascension_mode":true,"campfire_choices":[{"data":"Panacea","floor":15.0,"key":"SMITH"},{"data":"construct:ShiftStrike","floor":32,"key":"SMITH"},{"data":"Prostrate","floor":49,"key":"SMITH"}],"circlet_count":0,"master_deck":["AscendersBane","Prostrate+1","construct:ShiftStrike+1","CutThroughFate","Pummel","construct:BatteryAcid","Hidden Blade","Pommel Strike","Shrug It Off","Anger","Panacea+1","Thinking Ahead","Wallop","Backflip","Violence","ReplayTheSpireMod:Trickstab","Pray+1","ReplayTheSpireMod:Private Reserves+1","Midas Touch+1","Bludgeon","Pot Of Greed","Pot Of Greed","Feed","Wraith Form v2+1","Bludgeon+1"],"relics":["Burning Blood","Busted Crown","HushsDoor","REME_ComplimentaryCards","replay:Trail_Library","Dota2Spire:OctarineCore","DeadEye","conspire:Dentures","Replay:Mystery Machine","Red Skull","Dota2Spire:ArmletOfMordiggian","Smiling Mask","Matryoshka","Dota2Spire:MonkeyKingBar","Toy Ornithopter","Dota2Spire:MagicBottle","hubris:GlazedTorus","ReplayTheSpireMod:Lightbulb","HornCleat","MoneyPower","Philosopher\u0027s Stone","Blood Vial","PillsDrop","Gambling Chip","PunchingBag","Chaos","Quantum Egg","Void","GnawedLeaf","Happy Flower","Frozen Egg 2","Bottled Flame","Ancient Tea Set","Astrolabe","Dota2Spire:ArcaneBoots","hubris:Reverence","Grinning Jar","Pear","Akabeko","Golden Egg","Dota2Spire:UrnOfShadows","Pen Nib","GnawedLeaf","Anchor","hubris:Spice","hubris:EmptyBottle","CeramicFish","Ring of Chaos","Meat on the Bone","Pondfish Scales","Dota2Spire:BlackKingBar","HandDrill","hubris:BallOfYels","Ice Cream","Blue Candle","hubris:Zylophone","Nunchaku"],"acts_visited":["Exordium","TheCity","TheBeyond"],"potions_floor_usage":[27,28,31,33,33,38,38,51,51,51,51,51],"damage_taken":[{"damage":0.0,"enemies":"Cultist","floor":1.0,"turns":1.0},{"damage":0.0,"enemies":"conspire:RoseBush","floor":2.0,"turns":1.0},{"damage":0.0,"enemies":"Small Slimes","floor":3.0,"turns":1.0},{"damage":0.0,"enemies":"Looter","floor":4.0,"turns":1.0},{"damage":0.0,"enemies":"Gremlin Nob","floor":6.0,"turns":1.0},{"damage":3.0,"enemies":"3 Sentries","floor":7.0,"turns":3.0},{"damage":0.0,"enemies":"Replay:BlueRogue","floor":8.0,"turns":1.0},{"damage":0.0,"enemies":"Exordium Wildlife","floor":10.0,"turns":1.0},{"damage":0.0,"enemies":"Lagavulin","floor":11.0,"turns":1.0},{"damage":0.0,"enemies":"3 Sentries","floor":12.0,"turns":2.0},{"damage":0.0,"enemies":"Lagavulin","floor":13.0,"turns":1.0},{"damage":0.0,"enemies":"Replay:BlueRogue","floor":14.0,"turns":1.0},{"damage":0.0,"enemies":"Slime Boss","floor":16.0,"turns":2.0},{"damage":0.0,"enemies":"Chosen","floor":18.0,"turns":2.0},{"damage":0.0,"enemies":"2 Thieves","floor":19.0,"turns":2.0},{"damage":0.0,"enemies":"Chosen and Byrds","floor":21.0,"turns":2.0},{"damage":0.0,"enemies":"3 Cultists","floor":22.0,"turns":1.0},{"damage":0,"enemies":"Replay:Snechameleon","floor":23,"turns":1},{"damage":0,"enemies":"Gremlin Leader","floor":25,"turns":1},{"damage":0,"enemies":"REME_1_Revenger","floor":27,"turns":1},{"damage":0,"enemies":"conspire:Head Lice","floor":28,"turns":1},{"damage":0,"enemies":"Snecko","floor":29,"turns":1},{"damage":0,"enemies":"Replay:Snechameleon","floor":30,"turns":1},{"damage":0,"enemies":"Chosen and Byrds","floor":31,"turns":1},{"damage":0,"enemies":"Champ","floor":33,"turns":2},{"damage":0,"enemies":"Orb Walker","floor":35,"turns":1},{"damage":0,"enemies":"3 Shapes","floor":36,"turns":2},{"damage":0,"enemies":"Transient","floor":37,"turns":3},{"damage":0,"enemies":"Spire Growth","floor":38,"turns":1},{"damage":0,"enemies":"Maw","floor":39,"turns":2},{"damage":0,"enemies":"Reptomancer","floor":40,"turns":1},{"damage":0,"enemies":"Nemesis","floor":41,"turns":1},{"damage":0,"enemies":"R_Hoarder","floor":42,"turns":2},{"damage":0,"enemies":"Giant Head","floor":44,"turns":3},{"damage":0,"enemies":"R_Hoarder","floor":46,"turns":2},{"damage":0,"enemies":"Writhing Mass","floor":47,"turns":1},{"damage":0,"enemies":"Reptomancer","floor":48,"turns":1},{"damage":0,"enemies":"hubris:GrandSnecko","floor":50,"turns":1},{"damage":0,"enemies":"Donu and Deca","floor":51,"turns":2}],"seed_played":"3866099122156234743","potions_obtained":[{"floor":1.0,"key":"Block Potion"},{"floor":3.0,"key":"Fire Potion"},{"floor":4.0,"key":"SmokeBomb"},{"floor":8.0,"key":"BloodPotion"},{"floor":11.0,"key":"Dota2Spire:Clarity"},{"floor":25,"key":"Death Potion"},{"floor":27,"key":"Reflective Coating"},{"floor":30,"key":"FearPotion"},{"floor":31,"key":"Toxic Potion"},{"floor":37,"key":"Toxic Potion"},{"floor":40,"key":"Dexterity Potion"},{"floor":41,"key":"Dota2Spire:Clarity"},{"floor":42,"key":"construct:ShiftPotion"}],"is_trial":true,"path_per_floor":["M","M","M","M","?","E","E","E","T","M","E","E","E","E","R","B",null,"M","M","$","M","M","E","R","E","T","E","E","M","E","M","R","B",null,"M","M","M","M","M","E","E","E","T","E","$","E","M","E","R","B","B",null],"character_chosen":"IRONCLAD","items_purchased":["Wallop","Damocles","Chaos","Backflip","hubris:Spice"],"campfire_rested":0,"item_purchase_floors":[17,17,20,20,34],"current_hp_per_floor":[74,75,75,75,64,70,73,75,75,75,75,75,75,75,75,75,62,62,62,62,62,62,57,57,57,57,60,73,76,79,79,79,82,88,72,75,70,68,66,69,64,62,54,49,49,28,18,5,5,5,8],"gold":1032,"neow_bonus":"","is_daily":false,"chose_seed":false,"campfire_upgraded":3,"win_rate":0.0,"timestamp":1612156024,"path_taken":["M","M","M","M","?","E","E","E","T","M","E","E","E","E","R","BOSS","M","M","$","M","M","E","R","E","T","E","E","M","E","M","R","BOSS","M","M","M","M","M","E","E","E","T","E","$","E","M","E","R","BOSS","BOSS"],"items_purchased_type":["Card","Relic","Card","Card","Relic"],"build_version":"2020-12-18","purchased_purges":0,"victory":true,"max_hp_per_floor":[75,75,75,75,75,75,75,75,75,75,75,75,75,75,75,75,62,62,62,62,62,62,57,57,57,57,60,73,76,79,79,79,82,88,72,75,70,68,66,69,64,62,54,49,49,28,18,5,5,5,8],"card_choices":[{"not_picked":[],"picked":"construct:Multistage","floor":23},{"not_picked":[],"picked":"Violence","floor":24},{"not_picked":[],"picked":"Bandage Up","floor":24},{"not_picked":[],"picked":"ReplayTheSpireMod:Trickstab","floor":24},{"not_picked":[],"picked":"ReplayTheSpireMod:Brewmster+1","floor":25},{"not_picked":[],"picked":"Bludgeon","floor":27},{"not_picked":[],"picked":"Feed","floor":28},{"not_picked":[],"picked":"Wraith Form v2+1","floor":30},{"not_picked":[],"picked":"Bludgeon","floor":33}],"player_experience":605659,"relics_obtained":[{"floor":1.0,"key":"conspire:Dentures"},{"floor":2.0,"key":"Replay:Mystery Machine"},{"floor":3.0,"key":"Red Skull"},{"floor":4.0,"key":"Dota2Spire:ArmletOfMordiggian"},{"floor":6.0,"key":"Smiling Mask"},{"floor":7.0,"key":"Matryoshka"},{"floor":8.0,"key":"Dota2Spire:MonkeyKingBar"},{"floor":9.0,"key":"Toy Ornithopter"},{"floor":9.0,"key":"Dota2Spire:MagicBottle"},{"floor":10.0,"key":"hubris:GlazedTorus"},{"floor":11.0,"key":"PokeGo"},{"floor":12.0,"key":"ReplayTheSpireMod:Lightbulb"},{"floor":13.0,"key":"HornCleat"},{"floor":14.0,"key":"MoneyPower"},{"floor":18.0,"key":"Blood Vial"},{"floor":18.0,"key":"PillsDrop"},{"floor":19.0,"key":"Gambling Chip"},{"floor":19.0,"key":"PunchingBag"},{"floor":21.0,"key":"Quantum Egg"},{"floor":21.0,"key":"Void"},{"floor":22,"key":"GnawedLeaf"},{"floor":22,"key":"Honey Jar"},{"floor":23,"key":"ReplayTheSpireMod:ShopPack"},{"floor":23,"key":"Happy Flower"},{"floor":25,"key":"Frozen Egg 2"},{"floor":25,"key":"Bottled Flame"},{"floor":26,"key":"Ancient Tea Set"},{"floor":26,"key":"Astrolabe"},{"floor":27,"key":"Dota2Spire:ArcaneBoots"},{"floor":27,"key":"hubris:Reverence"},{"floor":28,"key":"Grinning Jar"},{"floor":28,"key":"Pear"},{"floor":29,"key":"Akabeko"},{"floor":29,"key":"Golden Egg"},{"floor":30,"key":"Dota2Spire:UrnOfShadows"},{"floor":30,"key":"Pen Nib"},{"floor":31,"key":"GnawedLeaf"},{"floor":31,"key":"Anchor"},{"floor":35,"key":"hubris:Spice"},{"floor":35,"key":"hubris:Spice"},{"floor":36,"key":"hubris:EmptyBottle"},{"floor":36,"key":"CeramicFish"},{"floor":37,"key":"hubris:Spice"},{"floor":37,"key":"Ring of Chaos"},{"floor":38,"key":"Meat on the Bone"},{"floor":38,"key":"hubris:Spice"},{"floor":39,"key":"hubris:Spice"},{"floor":39,"key":"Pondfish Scales"},{"floor":40,"key":"Dota2Spire:BlackKingBar"},{"floor":40,"key":"HandDrill"},{"floor":41,"key":"hubris:Spice"},{"floor":41,"key":"hubris:BallOfYels"},{"floor":42,"key":"Ice Cream"},{"floor":42,"key":"hubris:Spice"},{"floor":43,"key":"hubris:Spice"},{"floor":44,"key":"Blue Candle"},{"floor":44,"key":"hubris:Zylophone"},{"floor":46,"key":"hubris:Spice"},{"floor":46,"key":"hubris:Spice"},{"floor":47,"key":"hubris:Spice"},{"floor":47,"key":"Nunchaku"},{"floor":48,"key":"hubris:Spice"},{"floor":48,"key":"hubris:Spice"}],"event_choices":[{"damage_healed":0.0,"max_hp_gain":0.0,"max_hp_loss":0.0,"gold_gain":75.0,"event_name":"World of Goop","player_choice":"Gather Gold","floor":5.0,"gold_loss":0.0,"damage_taken":11.0}],"is_beta":true,"boss_relics":[{"not_picked":["hubris:BlackHole","hubris:CrackedHourglass"],"picked":"Philosopher\u0027s Stone"},{"not_picked":[]},{"not_picked":["Dota2Spire:OrchidMalevolence","Torii"],"picked":"hubris:Spice"},{"not_picked":[]}],"items_purged_floors":[],"is_endless":false,"potions_floor_spawned":[1,3,4,6,8,11,21,25,27,30,31,37,40,41,42],"ascension_level":20}}