{"host":"xp5rvh2jwe2ejyfm","time":1612196538,"event":{"mods":["Aspiration","BaseMod","BetterRewards","Colored Powertips","Conspire","Downfall","Duelist Mod","GifTheSpireLib","Gremlin Mod","Hermit","Hubris","Minty Spire (QoL Compilation)","Robot Space Explorer","StSLib","The Blackbeard","The Clintock","The Construct","The Cursed","The Disciple","The Forsaken","The Hierophant","The Necromancer","The Runesmith","The Servant 0.9.4"],"gold_per_floor":[117,117,117,128,141,141,167,167,249,249,249],"floor_reached":10,"language":"ENG","playtime":321,"items_purged":[],"score":66,"play_id":"8783ca7d-09a1-45f4-a551-c675429d4825","local_time":"20210201112218","is_ascension_mode":false,"campfire_choices":[{"data":"RobotSpaceExplorer:MiniLasers","floor":6,"key":"SMITH"},{"floor":8,"key":"RECALL"}],"circlet_count":0,"master_deck":["RobotSpaceExplorer:Strike","RobotSpaceExplorer:Strike","RobotSpaceExplorer:Strike","RobotSpaceExplorer:Strike","RobotSpaceExplorer:Defend","RobotSpaceExplorer:Defend","RobotSpaceExplorer:Defend","RobotSpaceExplorer:Defend","RobotSpaceExplorer:Scan","RobotSpaceExplorer:MiniLasers+1","RobotSpaceExplorer:FrostMissile","RobotSpaceExplorer:FrostMissile","RobotSpaceExplorer:FreezingShield","RobotSpaceExplorer:MiniBoosters"],"relics":["RobotSpaceExplorer:RoboCore","Centennial Puzzle","Singing Bowl","Ornamental Fan"],"acts_visited":["Exordium"],"potions_floor_usage":[7,10,10],"damage_taken":[{"damage":0,"enemies":"2 Louse","floor":1,"turns":3},{"damage":0,"enemies":"Small Slimes","floor":4,"turns":3},{"damage":1,"enemies":"Jaw Worm","floor":5,"turns":4},{"damage":53,"enemies":"Gremlin Nob","floor":7,"turns":6},{"damage":15,"enemies":"3 Sentries","floor":10,"turns":8}],"seed_played":"2142182022340458825","potions_obtained":[{"floor":4,"key":"ColorlessPotion"},{"floor":5,"key":"SkillPotion"},{"floor":7,"key":"Fire Potion"}],"is_trial":false,"path_per_floor":["M","?","?","M","M","R","E","R","T","E"],"character_chosen":"RobotSpaceExplorer","items_purchased":[],"campfire_rested":0,"item_purchase_floors":[],"current_hp_per_floor":[75,75,75,75,74,74,21,21,21,6,6],"gold":249,"neow_bonus":"RANDOM_COMMON_RELIC","is_daily":false,"chose_seed":false,"campfire_upgraded":1,"win_rate":0.0,"timestamp":1612196538,"path_taken":["M","?","?","M","M","R","E","R","T","E"],"items_purchased_type":[],"build_version":"2020-12-22","purchased_purges":0,"victory":false,"max_hp_per_floor":[75,75,75,75,75,75,75,75,75,75,75],"card_choices":[{"not_picked":["RobotSpaceExplorer:IronShell","RobotSpaceExplorer:Fix"],"picked":"RobotSpaceExplorer:FrostMissile","floor":1},{"not_picked":["RobotSpaceExplorer:Pulsar","RobotSpaceExplorer:Probe"],"picked":"RobotSpaceExplorer:FrostMissile","floor":4},{"not_picked":["RobotSpaceExplorer:FrostMissile","RobotSpaceExplorer:ScrapShield"],"picked":"RobotSpaceExplorer:FreezingShield","floor":5},{"not_picked":["RobotSpaceExplorer:IronShell","RobotSpaceExplorer:ShockMissile"],"picked":"RobotSpaceExplorer:MiniBoosters","floor":7}],"player_experience":381478,"relics_obtained":[{"floor":7,"key":"Singing Bowl"},{"floor":9,"key":"Ornamental Fan"}],"event_choices":[{"damage_healed":0,"gold_gain":0,"player_choice":"Leave","damage_taken":0,"max_hp_gain":0,"max_hp_loss":0,"event_name":"The Cleric","floor":2,"gold_loss":0},{"damage_healed":0,"gold_gain":0,"player_choice":"Leave","damage_taken":0,"max_hp_gain":0,"max_hp_loss":0,"event_name":"conspire:Investor","floor":3,"gold_loss":0}],"is_beta":false,"boss_relics":[],"items_purged_floors":[],"is_endless":false,"potions_floor_spawned":[4,5,7],"killed_by":"3 Sentries","ascension_level":0}}