{"host":"r4aerl4ckfvw1dw3","time":1612202917,"event":{"mods":["BaseMod","BetterRewards","Minty Spire (QoL Compilation)","Quick Restart","StSLib"],"gold_per_floor":[368,37,37,47,67,67,67,67,117,134,151,0,26,42,42,141,141,141,141,156,184,184,184,210,210,210,210,225,252,252,262,262,364,364,384,402,414,230,230,262,262,272,350,350,400,162,162,175,175,175,175,175,23,23,23],"floor_reached":54,"language":"ENG","playtime":2963,"items_purged":[],"score":739,"play_id":"f13408e3-8685-40a6-af7f-728cb7f3cfe3","local_time":"20210201100837","is_ascension_mode":true,"campfire_choices":[{"floor":6.0,"key":"RECALL"},{"floor":8.0,"key":"REST"},{"floor":15.0,"key":"REST"},{"floor":23.0,"key":"REST"},{"data":"Envenom","floor":25.0,"key":"SMITH"},{"floor":27.0,"key":"REST"},{"data":"After Image","floor":30.0,"key":"SMITH"},{"floor":32.0,"key":"REST"},{"floor":41.0,"key":"REST"},{"data":"Accuracy","floor":44.0,"key":"SMITH"},{"floor":49.0,"key":"REST"},{"data":"Distraction","floor":52.0,"key":"SMITH"}],"circlet_count":0,"master_deck":["Strike_G","Strike_G","Strike_G","Strike_G","Strike_G","Defend_G","Defend_G","Defend_G","Defend_G","Defend_G+1","Survivor","Neutralize","Blade Dance","Infinite Blades","Leg Sweep","Flying Knee","Bouncing Flask","Dodge and Roll","Bane","Skewer","Envenom+1","Cloak And Dagger+1","Noxious Fumes","After Image+1","Deflect","Noxious Fumes","Cloak And Dagger+1","Distraction+1","Night Terror","Catalyst+1","Deflect+1","Accuracy+1","Finisher","Writhe","Deflect+1","Prepared","Dark Shackles","Accuracy","Calculated Gamble+1"],"relics":["Ring of the Snake","Oddly Smooth Stone","Lantern","Snake Skull","Omamori","Medical Kit","Ornamental Fan","Calling Bell","Ancient Tea Set","Gremlin Horn","Incense Burner","Red Mask","Akabeko","Boot","Black Star","Happy Flower","Centennial Puzzle","War Paint","Pear","Prayer Wheel","Bronze Scales","Orichalcum","Pen Nib"],"acts_visited":["Exordium","TheCity","TheBeyond","TheEnding"],"potions_floor_usage":[],"damage_taken":[{"damage":3.0,"enemies":"Small Slimes","floor":1.0,"turns":3.0},{"damage":0.0,"enemies":"Jaw Worm","floor":4.0,"turns":3.0},{"damage":0.0,"enemies":"2 Louse","floor":5.0,"turns":3.0},{"damage":3.0,"enemies":"2 Fungi Beasts","floor":10.0,"turns":3.0},{"damage":3.0,"enemies":"Blue Slaver","floor":11.0,"turns":4.0},{"damage":19.0,"enemies":"Lagavulin","floor":13.0,"turns":7.0},{"damage":1.0,"enemies":"Lots of Slimes","floor":14.0,"turns":5.0},{"damage":31.0,"enemies":"The Guardian","floor":16.0,"turns":11.0},{"damage":0.0,"enemies":"2 Thieves","floor":18.0,"turns":1.0},{"damage":16.0,"enemies":"Spheric Guardian","floor":20.0,"turns":4.0},{"damage":19.0,"enemies":"Masked Bandits","floor":21.0,"turns":6.0},{"damage":11.0,"enemies":"Book of Stabbing","floor":24.0,"turns":6.0},{"damage":4.0,"enemies":"Snake Plant","floor":28.0,"turns":3.0},{"damage":7.0,"enemies":"Gremlin Leader","floor":29.0,"turns":7.0},{"damage":11.0,"enemies":"3 Cultists","floor":31.0,"turns":6.0},{"damage":14.0,"enemies":"Champ","floor":33.0,"turns":8.0},{"damage":5.0,"enemies":"Orb Walker","floor":35.0,"turns":3.0},{"damage":28.0,"enemies":"3 Darklings","floor":36.0,"turns":5.0},{"damage":1.0,"enemies":"Writhing Mass","floor":37.0,"turns":7.0},{"damage":7.0,"enemies":"Giant Head","floor":40.0,"turns":9.0},{"damage":19.0,"enemies":"Spire Growth","floor":42.0,"turns":5.0},{"damage":0.0,"enemies":"Mind Bloom Boss Battle","floor":45.0,"turns":7.0},{"damage":0.0,"enemies":"Maw","floor":48.0,"turns":6.0},{"damage":56.0,"enemies":"Awakened One","floor":50.0,"turns":20.0},{"damage":82,"enemies":"Shield and Spear","floor":54,"turns":8}],"seed_played":"3401542145179646646","potions_obtained":[{"floor":4.0,"key":"SpeedPotion"},{"floor":10.0,"key":"SmokeBomb"},{"floor":13.0,"key":"Poison Potion"},{"floor":21.0,"key":"Weak Potion"},{"floor":24.0,"key":"Energy Potion"},{"floor":29.0,"key":"SteroidPotion"},{"floor":31.0,"key":"DuplicationPotion"},{"floor":36.0,"key":"EntropicBrew"},{"floor":40.0,"key":"EssenceOfSteel"},{"floor":45.0,"key":"Ancient Potion"}],"is_trial":false,"path_per_floor":["M","$","?","M","M","R","?","R","T","M","M","$","E","M","R","B",null,"M","?","M","?","?","R","E","R","T","R","M","E","R","M","R","B",null,"M","M","M","$","?","E","R","M","T","R","?","$","T","M","R","B",null,"R","$","E"],"character_chosen":"THE_SILENT","items_purchased":["Oddly Smooth Stone","Lantern","Infinite Blades","Medical Kit","Happy Flower","Finisher","Bronze Scales","Dark Shackles","Pen Nib"],"campfire_rested":7,"item_purchase_floors":[2,2,2,12,38,38,46,46,53],"current_hp_per_floor":[46,46,46,46,46,46,34,55,55,52,49,49,30,29,50,19,70,70,70,54,35,35,56,45,45,45,66,62,55,55,44,65,51,70,65,37,36,36,54,47,68,49,59,59,59,59,59,59,80,24,80,80,80,0,0],"gold":23,"neow_bonus":"TWO_FIFTY_GOLD","is_daily":false,"chose_seed":false,"campfire_upgraded":4,"win_rate":0.0,"timestamp":1612202917,"path_taken":["M","$","?","M","M","R","?","R","T","M","M","?","E","M","R","BOSS","M","?","M","?","?","R","E","R","T","R","M","E","R","?","R","BOSS","M","M","M","$","?","E","R","M","T","R","?","$","?","M","R","BOSS","R","$","E"],"items_purchased_type":["Relic","Relic","Card","Relic","Relic","Card","Relic","Card","Relic"],"build_version":"2020-12-22","purchased_purges":0,"victory":false,"max_hp_per_floor":[70,70,70,70,70,70,70,70,70,70,70,70,70,70,70,70,70,70,70,70,70,70,70,70,70,70,70,70,70,70,70,70,70,70,70,70,70,70,70,70,70,70,80,80,80,80,80,80,80,80,80,80,80,80,80],"card_choices":[{"not_picked":["Setup","Skewer"],"picked":"Blade Dance","floor":1.0},{"not_picked":["Slice","Bane"],"picked":"Leg Sweep","floor":4.0},{"not_picked":["Deadly Poison","Underhanded Strike"],"picked":"Flying Knee","floor":5.0},{"not_picked":["Acrobatics","Dagger Throw"],"picked":"Bouncing Flask","floor":10.0},{"not_picked":["Slice","Acrobatics"],"picked":"Dodge and Roll","floor":11.0},{"not_picked":["Expertise","Backflip"],"picked":"Bane","floor":13.0},{"not_picked":["Slice","Malaise"],"picked":"Skewer","floor":14.0},{"not_picked":["Phantasmal Killer","Adrenaline"],"picked":"Envenom","floor":16.0},{"not_picked":["Tactician","Flying Knee"],"picked":"Cloak And Dagger+1","floor":20.0},{"not_picked":["Flechettes","Concentrate"],"picked":"Noxious Fumes","floor":21.0},{"not_picked":["A Thousand Cuts","All Out Attack"],"picked":"Deflect","floor":24.0},{"not_picked":["Dagger Spray","Outmaneuver"],"picked":"Noxious Fumes","floor":28.0},{"not_picked":["Bane","Skewer"],"picked":"Cloak And Dagger+1","floor":29.0},{"not_picked":["Calculated Gamble+1","Deflect"],"picked":"Distraction","floor":31.0},{"not_picked":["Doppelganger","Wraith Form v2"],"picked":"Night Terror","floor":33.0},{"not_picked":["Poisoned Stab+1","Escape Plan"],"picked":"Catalyst","floor":35.0},{"not_picked":["Sucker Punch","Cloak And Dagger"],"picked":"Deflect+1","floor":36.0},{"not_picked":["Bane","Dagger Throw"],"picked":"Accuracy","floor":37.0},{"not_picked":["Blur+1","Bane+1"],"picked":"Deflect+1","floor":40.0},{"not_picked":["Deadly Poison+1","Sucker Punch"],"picked":"Prepared","floor":42.0},{"not_picked":["Deflect","Blade Dance"],"picked":"Accuracy","floor":48.0},{"not_picked":["Acrobatics+1","Dodge and Roll"],"picked":"Calculated Gamble+1","floor":48.0}],"player_experience":457632,"relics_obtained":[{"floor":9.0,"key":"Omamori"},{"floor":13.0,"key":"Ornamental Fan"},{"floor":17.0,"key":"Ancient Tea Set"},{"floor":17.0,"key":"Gremlin Horn"},{"floor":17.0,"key":"Incense Burner"},{"floor":21.0,"key":"Red Mask"},{"floor":24.0,"key":"Akabeko"},{"floor":29.0,"key":"Boot"},{"floor":40.0,"key":"Centennial Puzzle"},{"floor":40.0,"key":"War Paint"},{"floor":43.0,"key":"Pear"},{"floor":45.0,"key":"Prayer Wheel"},{"floor":47.0,"key":"Orichalcum"}],"event_choices":[{"damage_healed":0.0,"max_hp_gain":0.0,"max_hp_loss":0.0,"gold_gain":0.0,"event_name":"Liars Game","player_choice":"Ignored","floor":3.0,"gold_loss":0.0,"damage_taken":0.0},{"damage_healed":0.0,"max_hp_gain":0.0,"max_hp_loss":0.0,"gold_gain":0.0,"event_name":"Scrap Ooze","player_choice":"Success","floor":7.0,"gold_loss":0.0,"damage_taken":12.0,"relics_obtained":["Snake Skull"]},{"damage_healed":0.0,"max_hp_gain":0.0,"max_hp_loss":0.0,"gold_gain":0.0,"event_name":"Vampires","player_choice":"Ignored","floor":19.0,"gold_loss":0.0,"damage_taken":0.0},{"damage_healed":0.0,"max_hp_gain":0.0,"max_hp_loss":0.0,"gold_gain":0.0,"event_name":"Masked Bandits","player_choice":"Fought Bandits","floor":21.0,"gold_loss":0.0,"damage_taken":0.0},{"damage_healed":0.0,"max_hp_gain":0.0,"max_hp_loss":0.0,"gold_gain":0.0,"event_name":"Match and Keep!","player_choice":"1 cards matched","floor":22.0,"gold_loss":0.0,"damage_taken":0.0,"cards_obtained":["After Image"]},{"damage_healed":18.0,"max_hp_gain":0.0,"max_hp_loss":0.0,"gold_gain":0.0,"event_name":"Winding Halls","player_choice":"Writhe","floor":39.0,"gold_loss":0.0,"damage_taken":0.0,"cards_obtained":["Writhe"]},{"damage_healed":0.0,"max_hp_gain":0.0,"max_hp_loss":0.0,"gold_gain":0.0,"event_name":"MindBloom","player_choice":"Fight","floor":45.0,"gold_loss":0.0,"damage_taken":0.0}],"is_beta":false,"boss_relics":[{"not_picked":["Pandora\u0027s Box","Busted Crown"],"picked":"Calling Bell"},{"not_picked":["Runic Dome","Snecko Eye"],"picked":"Black Star"}],"items_purged_floors":[],"is_endless":false,"potions_floor_spawned":[4,10,13,16,18,21,24,29,31,36,40,45],"killed_by":"Shield and Spear","ascension_level":1}}