{"host":"2se5dq1do2gp0x9k","time":1612138651,"event":{"mods":["AchievementEnabler","BaseMod","Block Reminder","Colored Map","Colored Powertips","Minty Spire (QoL Compilation)","Relic Stats","StSLib","SuperFastMode"],"gold_per_floor":[115,126,138,154,171,206,223,256,256,273,285,285,312,312,312,389,389,389,389],"floor_reached":18,"language":"ENG","playtime":702,"items_purged":[],"score":426,"play_id":"191ae290-3952-42e8-a6df-dba893ded405","local_time":"20210131161731","is_ascension_mode":true,"campfire_choices":[{"floor":12,"key":"REST"},{"floor":15,"key":"REST"}],"circlet_count":0,"master_deck":["AscendersBane","Strike_G","Strike_G","Defend_G","Defend_G","Defend_G","Defend_G","Defend_G","Survivor","Neutralize","Dagger Throw","Bouncing Flask","Backflip","Noxious Fumes","Leg Sweep","Deadly Poison","Bane","Deadly Poison","Backflip","Adrenaline","Caltrops+1","Dodge and Roll+1","Eviscerate+1"],"relics":["Ring of the Snake","NeowsBlessing","Tiny Chest","Toy Ornithopter","Sundial","Snake Skull","Astrolabe"],"acts_visited":["Exordium","TheCity"],"potions_floor_usage":[4,6,8,14],"damage_taken":[{"damage":0.0,"enemies":"Cultist","floor":1.0,"turns":1.0},{"damage":0.0,"enemies":"Small Slimes","floor":2.0,"turns":1.0},{"damage":0.0,"enemies":"2 Louse","floor":3.0,"turns":1.0},{"damage":0,"enemies":"Lots of Slimes","floor":4,"turns":2},{"damage":6,"enemies":"Red Slaver","floor":5,"turns":3},{"damage":37,"enemies":"3 Sentries","floor":6,"turns":8},{"damage":2,"enemies":"2 Fungi Beasts","floor":7,"turns":4},{"damage":0,"enemies":"Lagavulin","floor":8,"turns":7},{"damage":0,"enemies":"Blue Slaver","floor":10,"turns":4},{"damage":4,"enemies":"Exordium Wildlife","floor":11,"turns":4},{"damage":22,"enemies":"3 Sentries","floor":13,"turns":7},{"damage":0,"enemies":"2 Fungi Beasts","floor":14,"turns":2},{"damage":10,"enemies":"The Guardian","floor":16,"turns":11},{"damage":0,"enemies":"2 Thieves","floor":18,"turns":1}],"seed_played":"-4908239306878011381","potions_obtained":[{"floor":2.0,"key":"Explosive Potion"},{"floor":4,"key":"Fire Potion"},{"floor":5,"key":"BlessingOfTheForge"},{"floor":8,"key":"GamblersBrew"},{"floor":11,"key":"SmokeBomb"},{"floor":16,"key":"Ancient Potion"}],"is_trial":false,"path_per_floor":["M","M","M","M","M","E","M","E","T","M","M","R","E","M","R","B",null,"M"],"character_chosen":"THE_SILENT","items_purchased":[],"campfire_rested":2,"item_purchase_floors":[],"current_hp_per_floor":[59,59,59,59,53,16,14,14,14,14,10,29,7,12,31,21,55,55,55],"gold":389,"neow_bonus":"THREE_ENEMY_KILL","is_daily":false,"chose_seed":false,"campfire_upgraded":0,"win_rate":0.0,"timestamp":1612138651,"path_taken":["M","M","M","M","M","E","M","E","T","M","M","R","E","M","R","BOSS","M"],"items_purchased_type":[],"build_version":"2020-12-22","purchased_purges":0,"victory":false,"max_hp_per_floor":[66,66,66,66,66,66,66,66,66,66,66,66,66,66,66,66,66,66,66],"relic_stats":{"counters":[14,56],"Sundial":[4],"Astrolabe":["Caltrops","Dodge and Roll","Eviscerate"],"Tiny Chest":0,"Snake Skull":[10],"obtain_stats":[{"NeowsBlessing":0,"Sundial":9,"Astrolabe":17,"Tiny Chest":6,"Snake Skull":13,"Toy Ornithopter":8,"Ring of the Snake":0},{"NeowsBlessing":0,"Sundial":8,"Astrolabe":13,"Tiny Chest":6,"Snake Skull":11,"Toy Ornithopter":8,"Ring of the Snake":0},{"NeowsBlessing":0,"Sundial":27,"Astrolabe":55,"Tiny Chest":16,"Snake Skull":42,"Toy Ornithopter":27,"Ring of the Snake":0}],"Toy Ornithopter":5,"Ring of the Snake":[28]},"card_choices":[{"not_picked":["Quick Slash","Caltrops"],"picked":"Dagger Throw","floor":1.0},{"not_picked":["Bane","PiercingWail"],"picked":"Bouncing Flask","floor":2.0},{"not_picked":["Choke","Accuracy"],"picked":"Backflip","floor":3.0},{"not_picked":["Quick Slash","PiercingWail"],"picked":"Noxious Fumes","floor":4},{"not_picked":["Predator","Outmaneuver"],"picked":"Leg Sweep","floor":5},{"not_picked":["Endless Agony","Heel Hook"],"picked":"Deadly Poison","floor":6},{"not_picked":["Infinite Blades","Dagger Throw"],"picked":"Bane","floor":7},{"not_picked":["Cloak And Dagger","Unload","Distraction"],"picked":"SKIP","floor":8},{"not_picked":["Flying Knee","Blur"],"picked":"Deadly Poison","floor":10},{"not_picked":["Flying Knee","Terror","Caltrops"],"picked":"SKIP","floor":11},{"not_picked":["Distraction","Expertise"],"picked":"Backflip","floor":13},{"not_picked":["Glass Knife","Tools of the Trade"],"picked":"Adrenaline","floor":16}],"player_experience":4028483,"relics_obtained":[{"floor":6,"key":"Tiny Chest"},{"floor":8,"key":"Toy Ornithopter"},{"floor":9,"key":"Sundial"},{"floor":13,"key":"Snake Skull"}],"event_choices":[],"is_beta":false,"boss_relics":[{"not_picked":["Pandora\u0027s Box","SacredBark"],"picked":"Astrolabe"}],"items_purged_floors":[],"is_endless":false,"potions_floor_spawned":[2,4,5,8,11,14,16],"killed_by":"2 Thieves","ascension_level":20}}