{"host":"8n3a40idg6eftpiu","time":1612222174,"event":{"mods":["AchievementEnabler","Act Like it!","BaseMod","BetterRewards","Block Reminder","Colored Map","Colored Powertips","DeckTracker","GungeonMod","Hallownest","Highlight Path","Hubris","Minty Spire (QoL Compilation)","Quick Restart","Relic Filter Mod","Reliquary","StS++","StSLib","The Blue Laboratory","The Bug Knight","The Necromancer","Wandering Minibosses"],"gold_per_floor":[115,115,132,148,148,148,182,257,280,280,280,280,280,349,349,451,451,469,39,364,124,138,165,215,280,280,245,245,277,152,202,202,305,305,324,324,340,390,400,425,425,437,437,280,298,363,363,381,381,381,381,381,231,256,256,256],"floor_reached":55,"language":"POL","playtime":2029,"items_purged":["Defend_R","Strike_R","Regret","Parasite"],"score":958,"play_id":"ca3e6462-3fad-480b-98d7-42d451e801c6","local_time":"20210202002934","is_ascension_mode":false,"campfire_choices":[{"floor":6.0,"key":"RECALL"},{"data":"Limit Break","floor":10.0,"key":"SMITH"},{"floor":12.0,"key":"REST"},{"data":"Flex","floor":15.0,"key":"SMITH"},{"data":"Metallicize","floor":28.0,"key":"SMITH"},{"floor":32.0,"key":"REST"},{"data":"Inflame","floor":41,"key":"SMITH"},{"data":"Shrug It Off","floor":47,"key":"SMITH"},{"data":"Shrug It Off","floor":49,"key":"SMITH"},{"data":"Shrug It Off","floor":52,"key":"SMITH"}],"circlet_count":0,"master_deck":["Strike_R","Strike_R","Strike_R","Defend_R","Defend_R","Bash+1","Shrug It Off+1","Limit Break+1","Flex+1","Metallicize+1","Flex+1","Shrug It Off+1","Inflame+1","Shrug It Off+1"],"relics":["Black Blood","StSpp:GiftCard","ClockworkSouvenir","hubris:Icosahedron","DemoMod:MonsterBlood","SsserpentHead","hubris:TerracottaHorce","DemoMod:OrangeGuonStone","DemoMod:GundromedaStrain","Mango","DemoMod:SerJunkan","Mercury Hourglass","DemoMod:Junk","wanderingMiniBosses:OtherGremlinHorn","Orichalcum","Frozen Eye"],"acts_visited":["Exordium","TheCity","TheBeyond","TheEnding"],"potions_floor_usage":[33,46,55,55],"damage_taken":[{"damage":12.0,"enemies":"Jaw Worm","floor":1.0,"turns":5.0},{"damage":0.0,"enemies":"Cultist","floor":3.0,"turns":3.0},{"damage":7.0,"enemies":"2 Louse","floor":4.0,"turns":4.0},{"damage":60.0,"enemies":"HollowMod:MossKnight","floor":7.0,"turns":20.0},{"damage":7.0,"enemies":"Looter","floor":14.0,"turns":4.0},{"damage":42.0,"enemies":"Hexaghost","floor":16.0,"turns":8.0},{"damage":22.0,"enemies":"2 Thieves","floor":18.0,"turns":2.0},{"damage":2.0,"enemies":"Chosen","floor":22.0,"turns":3.0},{"damage":11.0,"enemies":"HollowMod:Nosk","floor":23.0,"turns":5.0},{"damage":41.0,"enemies":"Shelled Parasite and Fungi","floor":25.0,"turns":4.0},{"damage":2.0,"enemies":"Book of Stabbing","floor":29.0,"turns":4.0},{"damage":50,"enemies":"Automaton","floor":33,"turns":7},{"damage":11,"enemies":"3 Shapes","floor":35,"turns":2},{"damage":10,"enemies":"3 Darklings","floor":37,"turns":4},{"damage":7,"enemies":"Spire Growth","floor":39,"turns":4},{"damage":12,"enemies":"HollowMod:StalkingDevout","floor":40,"turns":5},{"damage":24,"enemies":"4 Shapes","floor":42,"turns":7},{"damage":4,"enemies":"Sphere and 2 Shapes","floor":45,"turns":4},{"damage":3,"enemies":"Jaw Worm Horde","floor":46,"turns":3},{"damage":0,"enemies":"Writhing Mass","floor":48,"turns":3},{"damage":31,"enemies":"Donu and Deca","floor":50,"turns":7},{"damage":53,"enemies":"Shield and Spear","floor":54,"turns":5},{"damage":65,"enemies":"The Heart","floor":55,"turns":5}],"seed_played":"-5947829441311000226","potions_obtained":[{"floor":3.0,"key":"BloodPotion"},{"floor":4.0,"key":"DemoMod:BlankPotion"},{"floor":16.0,"key":"blueLaboratory:PhilterOfMotion"},{"floor":39,"key":"blueLaboratory:HorrorPotion"},{"floor":54,"key":"blueLaboratory:CorrosionFlask"}],"is_trial":false,"path_per_floor":["M","?","M","M","?","R","E","?","T","R","$","R","?","M","R","B",null,"M","$","?","$","M","E","?","M","T","?","R","E","$","?","R","B",null,"M","$","M","?","M","E","R","M","T","$","M","M","R","M","R","B",null,"R","$","E","B"],"character_chosen":"IRONCLAD","items_purchased":["Shrug It Off","ClockworkSouvenir","blueLaboratory:Moonshine","AttackPotion","Fire Potion","blueLaboratory:NullPotion","DemoMod:OrangeGuonStone","Block Potion","Metallicize","DemoMod:GundromedaStrain","Block Potion","SkillPotion","blueLaboratory:Moonshine","Shrug It Off","Shrug It Off","Frozen Eye","blueLaboratory:FruitPunch"],"campfire_rested":2,"item_purchase_floors":[0,0,0,0,11,11,19,19,19,21,21,30,30,30,44,44,44],"current_hp_per_floor":[74,74,80,79,79,79,25,14,14,14,30,54,54,53,53,24,71,55,55,55,55,59,68,68,33,33,33,33,37,37,37,67,23,82,83,83,85,85,90,90,90,78,78,78,86,97,97,103,103,84,98,98,98,57,0,0],"gold":256,"neow_bonus":"","is_daily":false,"chose_seed":false,"campfire_upgraded":7,"win_rate":0.0,"timestamp":1612222174,"path_taken":["M","?","M","?","?","R","E","?","T","R","$","R","?","?","R","BOSS","M","$","?","?","M","E","?","?","T","?","R","E","$","?","R","BOSS","M","$","M","?","M","E","R","M","T","$","M","?","R","M","R","BOSS","R","$","E","BOSS"],"items_purchased_type":["Card","Relic","Potion","Potion","Potion","Potion","Relic","Potion","Card","Relic","Potion","Potion","Potion","Card","Card","Relic","Potion"],"build_version":"2020-12-22","purchased_purges":4,"victory":false,"max_hp_per_floor":[80,80,80,80,80,80,80,80,80,80,80,80,80,80,80,87,87,87,87,87,87,87,101,101,101,101,101,101,101,101,101,101,101,101,101,101,101,101,101,101,101,101,101,101,101,103,103,103,103,103,103,103,100,100,100,100],"card_choices":[{"not_picked":["Cleave","Pommel Strike","Anger"],"picked":"SKIP","floor":1.0},{"not_picked":["Anger","Battle Trance","Combust"],"picked":"SKIP","floor":3.0},{"not_picked":["Rage","StSpp:Sprint","StSpp:Succumb"],"picked":"SKIP","floor":4.0},{"not_picked":["Uppercut","Headbutt"],"picked":"Limit Break","floor":7.0},{"not_picked":["Battle Trance","Iron Wave"],"picked":"Flex","floor":14.0},{"not_picked":["True Grit","Combust+1","Warcry+1"],"picked":"SKIP","floor":18.0},{"not_picked":["StSpp:MuscleMemory+1","DemoMod:BlackBlade+1","Cleave"],"picked":"SKIP","floor":22.0},{"not_picked":["Armaments","Sword Boomerang","Perfected Strike"],"picked":"SKIP","floor":23.0},{"not_picked":["Pommel Strike","Disarm","Perfected Strike"],"picked":"SKIP","floor":25.0},{"not_picked":["Shrug It Off","StSpp:Succumb"],"picked":"Flex+1","floor":29.0},{"not_picked":["StSpp:Succumb","DemoMod:BlackBlade+1","DemoMod:WhiteBlade+1"],"picked":"SKIP","floor":35},{"not_picked":["Armaments","Second Wind","StSpp:TheBiggerTheyAre+1"],"picked":"SKIP","floor":37},{"not_picked":["Pommel Strike","Shrug It Off"],"picked":"Inflame","floor":39},{"not_picked":["Clash","Thunderclap+1","Body Slam"],"picked":"SKIP","floor":40},{"not_picked":["Anger","Clothesline","Thunderclap"],"picked":"SKIP","floor":42},{"not_picked":["Iron Wave+1","Evolve","Wild Strike+1"],"picked":"SKIP","floor":45},{"not_picked":["Second Wind","Rupture+1","hubris:CleavingFinish"],"picked":"SKIP","floor":46},{"not_picked":["Thunderclap+1","DemoMod:WhiteBlade","hubris:ReadiedAction+1"],"picked":"SKIP","floor":48},{"not_picked":["Armaments","Burning Pact","Shockwave"],"picked":"SKIP","floor":54}],"player_experience":247886,"relics_obtained":[{"floor":7.0,"key":"DemoMod:WeirdEgg"},{"floor":23.0,"key":"Mango"},{"floor":26.0,"key":"DemoMod:SerJunkan"},{"floor":29.0,"key":"DemoMod:Junk"},{"floor":40,"key":"DemoMod:Junk"},{"floor":42,"key":"wanderingMiniBosses:OtherGremlinHorn"},{"floor":43,"key":"Orichalcum"},{"floor":54,"key":"DemoMod:Junk"}],"event_choices":[{"damage_healed":0.0,"max_hp_gain":0.0,"max_hp_loss":0.0,"gold_gain":0.0,"event_name":"Accursed Blacksmith","player_choice":"Forge","floor":2.0,"gold_loss":0.0,"damage_taken":0.0,"cards_upgraded":["Bash"]},{"damage_healed":0.0,"max_hp_gain":0.0,"max_hp_loss":0.0,"gold_gain":75.0,"event_name":"World of Goop","player_choice":"Gather Gold","floor":8.0,"gold_loss":0.0,"damage_taken":11.0},{"damage_healed":0.0,"max_hp_gain":0.0,"max_hp_loss":0.0,"gold_gain":0.0,"event_name":"FaceTrader","player_choice":"Trade","floor":13.0,"gold_loss":0.0,"damage_taken":0.0,"relics_obtained":["SsserpentHead"]},{"damage_healed":0.0,"max_hp_gain":0.0,"max_hp_loss":0.0,"gold_gain":275.0,"event_name":"Golden Shrine","player_choice":"Desecrate","floor":20.0,"gold_loss":0.0,"damage_taken":0.0,"cards_obtained":["Regret"]},{"damage_healed":0.0,"max_hp_gain":0.0,"max_hp_loss":0.0,"gold_gain":0.0,"event_name":"Lab","player_choice":"Got Potions","floor":24.0,"gold_loss":0.0,"damage_taken":0.0},{"damage_healed":0.0,"max_hp_gain":0.0,"max_hp_loss":0.0,"gold_gain":0.0,"event_name":"Addict","player_choice":"Obtained Relic","floor":27.0,"gold_loss":85.0,"damage_taken":0.0,"relics_obtained":["Mercury Hourglass"]},{"cards_removed":["Defend_R"],"damage_healed":0.0,"max_hp_gain":0.0,"max_hp_loss":0.0,"gold_gain":0.0,"event_name":"Wheel of Change","player_choice":"Card Removal","floor":31.0,"gold_loss":0.0,"damage_taken":0.0},{"cards_removed":["Strike_R"],"damage_healed":0,"gold_gain":0,"player_choice":"Offered Basic","damage_taken":0,"max_hp_gain":0,"max_hp_loss":0,"event_name":"Bonfire Elementals","floor":38,"gold_loss":0}],"is_beta":false,"boss_relics":[{"not_picked":["StSpp:Balance","StSpp:Magatama"],"picked":"hubris:TerracottaHorce"},{"not_picked":["Busted Crown","StSpp:FireArrow"],"picked":"Black Blood"}],"items_purged_floors":[0,19,30,53],"is_endless":false,"potions_floor_spawned":[3,4,16,23,25,39,42,45,54],"killed_by":"The Heart","ascension_level":0}}