{"host":"exyz3r55z4kt6m9o","time":1612178457,"event":{"mods":["100% Spire Juice","2.2 Compatiblity","AchievementEnabler","Aspiration","BaseMod","Better Altar","Better Match","Better Note","Better Sensory Stone","Better Skull","Better Third Choice","BetterRewards","Colored Powertips","Energized Spire","Friendly Minions","GifTheSpireLib","Infinite Spire","Ironclad Rager","Jorbs\u0027s Wanderer Trilogy","Luminous","Marisa????????","Minty Spire (QoL Compilation)","Permanent Neow","Rare Cards Sparkle","Reimu??????","Relic Filter","Reliquary","Replay The Spire","Spicy Shops","StSLib","The Bladedancer","The Blue Laboratory","The Gatherer","The Hayseed","The Mystic","The Runesmith","TheSurvivalist","Treasure Hunter","Wandering Minibosses","yUi"],"gold_per_floor":[222,233,233,58,78,78,109,109,134,149,149,159,159,159],"floor_reached":13,"language":"ENG","playtime":391,"items_purged":["Strike_R","Strike_R"],"score":136,"play_id":"b6d35d61-470e-4311-9d8b-0b6a8a7e79c5","local_time":"20210201062057","is_ascension_mode":true,"campfire_choices":[{"data":"Spot Weakness","floor":6,"key":"SMITH"},{"floor":11,"key":"REST"}],"circlet_count":0,"master_deck":["AscendersBane","Strike_R","Strike_R","Defend_R","Defend_R","Defend_R","Defend_R","ReplayTheSpireMod:Corrosion Curse","Spot Weakness+1","Fire Breathing","Flex"],"relics":["Burning Blood","infinitespire:PuzzleCube","Anchor"],"acts_visited":["Exordium"],"potions_floor_usage":[12,13,13],"damage_taken":[{"damage":1,"enemies":"Cultist","floor":1,"turns":3},{"damage":15,"enemies":"2 Louse","floor":2,"turns":3},{"damage":18,"enemies":"Jaw Worm","floor":5,"turns":4},{"damage":20,"enemies":"3 Sentries","floor":7,"turns":5},{"damage":20,"enemies":"Blue Slaver","floor":10,"turns":6},{"damage":11,"enemies":"Large Slime","floor":12,"turns":8},{"damage":77,"enemies":"Gremlin Nob","floor":13,"turns":4}],"seed_played":"-5953054465940257558","potions_obtained":[{"floor":2,"key":"blueLaboratory:TrueEctoplasm"},{"floor":7,"key":"ZuzhouPotion:ReiMu"},{"floor":12,"key":"SteroidPotion"}],"is_trial":false,"path_per_floor":["M","M","?","$","M","R","E","?","T","M","R","M","E"],"character_chosen":"IRONCLAD","items_purchased":[],"campfire_rested":1,"item_purchase_floors":[],"current_hp_per_floor":[77,68,61,61,49,49,35,35,35,21,45,40,0,0],"gold":159,"neow_bonus":"HUNDRED_GOLD","is_daily":false,"chose_seed":false,"campfire_upgraded":1,"win_rate":0.0,"timestamp":1612178457,"path_taken":["M","M","?","$","M","R","E","?","T","M","R","M","E"],"items_purchased_type":[],"build_version":"2020-12-22","purchased_purges":2,"victory":false,"max_hp_per_floor":[80,80,80,80,80,80,80,80,80,80,80,80,80,80],"card_choices":[{"not_picked":["Sentinel","Anger"],"picked":"ReplayTheSpireMod:Corrosion Curse","floor":1},{"not_picked":["Power Through","True Grit"],"picked":"Spot Weakness","floor":2},{"not_picked":["Thunderclap","Clash"],"picked":"Fire Breathing","floor":5},{"not_picked":["TH:DeckOfManyThings","TH:EnergyPotion"],"picked":"SKIP","floor":7},{"not_picked":["Havoc","Headbutt","Run Through"],"picked":"SKIP","floor":7},{"not_picked":["TH:BikiniMail","TH:PixieDust"],"picked":"SKIP","floor":9},{"not_picked":["Shrug It Off","Iron Wave","Defy Death"],"picked":"SKIP","floor":10},{"not_picked":["Twin Strike","Heavy Blade"],"picked":"Flex","floor":12}],"player_experience":702814,"relics_obtained":[{"floor":7,"key":"infinitespire:PuzzleCube"},{"floor":9,"key":"Anchor"}],"event_choices":[{"cards_removed":["Strike_R"],"damage_healed":0,"gold_gain":0,"player_choice":"Card Removal","damage_taken":7,"max_hp_gain":0,"max_hp_loss":0,"event_name":"Golden Wing","floor":3,"gold_loss":0},{"cards_removed":["Bash"],"damage_healed":0,"gold_gain":0,"player_choice":"Offered Basic","damage_taken":0,"max_hp_gain":0,"max_hp_loss":0,"event_name":"Bonfire Elementals","floor":8,"gold_loss":0}],"is_beta":false,"boss_relics":[],"items_purged_floors":[4,4],"is_endless":false,"potions_floor_spawned":[2,7,10,12],"killed_by":"Gremlin Nob","ascension_level":12}}