{"host":"b9sas8jv6tsy9swm","time":1612173428,"event":{"mods":["AchievementEnabler","BaseMod","Marisa£®ÏF”Í°°ƒß¿Ì…≥£©","Minty Spire (QoL Compilation)","Quick Restart","Replay The Spire","StSLib"],"gold_per_floor":[115,33,45,59,59,109,138,138,138,198,148,204,204,162,162,162,162],"floor_reached":16,"language":"ZHS","playtime":602,"items_purged":[],"score":118,"play_id":"2b83d5e4-c079-41a4-9b6f-4bf7bfb313de","local_time":"20210201175708","is_ascension_mode":false,"campfire_choices":[{"data":"WitchOfGreed","floor":8,"key":"SMITH"},{"floor":15,"key":"DIG"}],"circlet_count":0,"master_deck":["Strike_MRS","Strike_MRS","Strike_MRS","Defend_MRS","Defend_MRS","Defend_MRS","Defend_MRS","MasterSpark","UpSweep","WitchOfGreed+1","OrrerysSun","PulseMagic","FinalSpark"],"relics":["MiniHakkero","NeowsBlessing","Nunchaku","Turnip","Letter Opener","ReplayTheSpireMod:Shallot","Bronze Scales","Boot"],"acts_visited":["Exordium"],"potions_floor_usage":[6,10,12],"damage_taken":[{"damage":0,"enemies":"Jaw Worm","floor":1,"turns":1},{"damage":0,"enemies":"Cultist","floor":3,"turns":1},{"damage":0,"enemies":"Small Slimes","floor":4,"turns":1},{"damage":14,"enemies":"Lagavulin","floor":6,"turns":7},{"damage":0,"enemies":"Exordium Wildlife","floor":7,"turns":3},{"damage":30,"enemies":"3 Sentries","floor":10,"turns":7},{"damage":27,"enemies":"Lagavulin","floor":12,"turns":6},{"damage":32,"enemies":"The Guardian","floor":16,"turns":7}],"seed_played":"-5777530641729619652","potions_obtained":[{"floor":4,"key":"BottledSpark"},{"floor":6,"key":"Cursed Concoction"},{"floor":7,"key":"BlessingOfTheForge"},{"floor":7,"key":"FearPotion"},{"floor":10,"key":"AttackPotion"},{"floor":12,"key":"Languid Potion"}],"is_trial":false,"path_per_floor":["M","?","M","M","$","E","M","R","T","E","?","E","?","?","R","B"],"character_chosen":"MARISA","items_purchased":[],"campfire_rested":0,"item_purchase_floors":[],"current_hp_per_floor":[75,75,75,75,75,61,61,61,61,31,31,4,29,29,29,0,0],"gold":162,"neow_bonus":"THREE_ENEMY_KILL","is_daily":false,"chose_seed":false,"campfire_upgraded":1,"win_rate":0.0,"timestamp":1612173428,"path_taken":["M","?","M","?","$","E","M","R","T","E","?","E","?","?","R","BOSS"],"items_purchased_type":[],"build_version":"2020-12-22","purchased_purges":0,"victory":false,"max_hp_per_floor":[75,75,75,75,75,75,75,75,75,75,75,75,75,75,75,75,75],"card_choices":[{"not_picked":["EnergyFlow","OneTimeOff"],"picked":"WitchOfGreed","floor":1},{"not_picked":["OpenUniverse","WitchLeyline"],"picked":"OrrerysSun","floor":3},{"not_picked":["SuperPerseids","6A","NonDirectionalLaser"],"picked":"SKIP","floor":4},{"not_picked":["MagicAbsorber","WitchLeyline"],"picked":"PulseMagic","floor":6},{"not_picked":["EnergyFlow","MeteoricShower","UnstableBomb"],"picked":"SKIP","floor":7},{"not_picked":["Acceleration","MilkyWay"],"picked":"FinalSpark","floor":10},{"not_picked":["MysteriousBeam","IllusionStar","GalacticHalo"],"picked":"SKIP","floor":12}],"player_experience":423468,"relics_obtained":[{"floor":6,"key":"Turnip"},{"floor":9,"key":"Letter Opener"},{"floor":10,"key":"ReplayTheSpireMod:Shallot"},{"floor":12,"key":"Bronze Scales"},{"floor":15,"key":"Boot"}],"event_choices":[{"damage_healed":0,"gold_gain":0,"player_choice":"Paid Gold","damage_taken":0,"relics_obtained":["Nunchaku"],"max_hp_gain":0,"max_hp_loss":0,"event_name":"WeMeetAgain","floor":2,"gold_loss":82},{"cards_removed":["Strike_MRS"],"damage_healed":0,"gold_gain":0,"player_choice":"Card Removal","damage_taken":0,"max_hp_gain":0,"max_hp_loss":0,"event_name":"The Cleric","floor":11,"gold_loss":50},{"damage_healed":25,"gold_gain":0,"player_choice":"Banana","damage_taken":0,"max_hp_gain":0,"max_hp_loss":0,"event_name":"Big Fish","floor":13,"gold_loss":0},{"damage_healed":0,"gold_gain":0,"player_choice":"Left Gold","damage_taken":0,"max_hp_gain":0,"max_hp_loss":0,"event_name":"World of Goop","floor":14,"gold_loss":42}],"is_beta":false,"boss_relics":[],"items_purged_floors":[],"is_endless":false,"potions_floor_spawned":[4,7],"killed_by":"The Guardian","ascension_level":0}}