{"host":"2brg86hfzr3u5cix","time":1612174154,"event":{"mods":["AchievementEnabler","Ascension Unlocker","BaseMod","CapriCore","DeckTracker","Highlight Path","Keyboard Shortcuts","Minty Spire (QoL Compilation)","Permanent Neow","Relic Stats","StSLib","Twitch Utils","Uncapped","UnlockEverythingMod"],"gold_per_floor":[115,131,56,131,131,131,156,156,156,167,195,209,243,243,243,317,317,333,333,333,258,273,273,303,321,345,345,378,393,393,412,412,412,412],"floor_reached":33,"language":"KOR","playtime":1202,"items_purged":["Strike_R"],"score":606,"play_id":"440fb760-e7f7-448f-9ffa-6371d474366e","local_time":"20210201190914","is_ascension_mode":true,"campfire_choices":[{"data":"Berserk","floor":6.0,"key":"SMITH"},{"data":"Spot Weakness","floor":8.0,"key":"SMITH"},{"floor":15.0,"key":"REST"},{"floor":23.0,"key":"REST"},{"floor":27,"key":"REST"},{"floor":30,"key":"REST"},{"floor":32,"key":"REST"}],"circlet_count":0,"master_deck":["AscendersBane","Strike_R","Strike_R","Strike_R","Defend_R","Defend_R","Defend_R","Defend_R+1","Bash","Berserk+1","Shrug It Off+1","Uppercut+1","Spot Weakness+1","Fire Breathing","Twin Strike","Iron Wave","Seeing Red","Feed","CurseOfTheBell","Armaments+1","Inflame","Pommel Strike","Body Slam","Impervious","Havoc"],"relics":["Burning Blood","Shuriken","Self Forming Clay","Bag of Marbles","Pocketwatch","Calling Bell","Nunchaku","White Beast Statue","Du-Vu Doll","Nilry\u0027s Codex","Bag of Preparation","Red Skull","War Paint"],"acts_visited":["Exordium","TheCity"],"potions_floor_usage":[24,24,29,29,33,33],"damage_taken":[{"damage":12.0,"enemies":"Jaw Worm","floor":1.0,"turns":3.0},{"damage":7.0,"enemies":"Small Slimes","floor":2.0,"turns":4.0},{"damage":19.0,"enemies":"Lagavulin","floor":7.0,"turns":9.0},{"damage":6.0,"enemies":"2 Louse","floor":10.0,"turns":3.0},{"damage":23.0,"enemies":"Gremlin Nob","floor":11.0,"turns":4.0},{"damage":12.0,"enemies":"Exordium Wildlife","floor":12.0,"turns":4.0},{"damage":13.0,"enemies":"3 Sentries","floor":13.0,"turns":4.0},{"damage":15.0,"enemies":"The Guardian","floor":16.0,"turns":8.0},{"damage":16.0,"enemies":"Shell Parasite","floor":18.0,"turns":4.0},{"damage":12.0,"enemies":"2 Thieves","floor":22.0,"turns":3.0},{"damage":40,"enemies":"Slavers","floor":24,"turns":5},{"damage":23,"enemies":"Centurion and Healer","floor":25,"turns":5},{"damage":40,"enemies":"Book of Stabbing","floor":28,"turns":5},{"damage":2,"enemies":"Snecko","floor":29,"turns":3},{"damage":35,"enemies":"Shelled Parasite and Fungi","floor":31,"turns":5},{"damage":51,"enemies":"Automaton","floor":33,"turns":6}],"seed_played":"6794905543341839390","potions_obtained":[{"floor":7.0,"key":"Swift Potion"},{"floor":10.0,"key":"Regen Potion"},{"floor":12.0,"key":"Swift Potion"},{"floor":18.0,"key":"Swift Potion"},{"floor":22.0,"key":"Dexterity Potion"},{"floor":24,"key":"BloodPotion"},{"floor":25,"key":"Weak Potion"},{"floor":28,"key":"ColorlessPotion"},{"floor":29,"key":"Strength Potion"},{"floor":31,"key":"ColorlessPotion"}],"is_trial":false,"path_per_floor":["M","M","$","?","?","R","E","R","T","M","E","M","E","?","R","B",null,"M","?","?","?","M","R","E","M","T","R","E","M","R","M","R","B"],"character_chosen":"IRONCLAD","items_purchased":[],"campfire_rested":5,"item_purchase_floors":[],"current_hp_per_floor":[62,61,61,50,50,50,37,37,37,37,32,26,19,19,41,32,64,57,57,36,36,33,57,42,25,25,50,16,23,49,23,50,0,0],"gold":412,"neow_bonus":"ONE_RANDOM_RARE_CARD","is_daily":false,"chose_seed":false,"campfire_upgraded":2,"win_rate":0.0,"timestamp":1612174154,"path_taken":["M","M","$","?","?","R","E","R","T","M","E","M","E","?","R","BOSS","M","?","?","?","M","R","E","M","T","R","E","M","R","M","R","BOSS"],"items_purchased_type":[],"build_version":"2020-12-22","purchased_purges":1,"victory":false,"max_hp_per_floor":[75,75,75,75,75,75,75,75,75,75,75,75,75,75,75,75,75,78,78,78,78,81,81,84,84,84,84,84,87,87,90,90,90,90],"relic_stats":{"Nunchaku":[5],"counters":[16,75],"Shuriken":[7],"Self Forming Clay":[111],"Bag of Preparation":[10],"War Paint":["Shrug It Off","Defend_R"],"obtain_stats":[{"Self Forming Clay":9,"Nilry\u0027s Codex":20,"Bag of Preparation":24,"War Paint":28,"Burning Blood":0,"White Beast Statue":17,"Calling Bell":17,"Du-Vu Doll":17,"Nunchaku":17,"Shuriken":7,"Bag of Marbles":11,"Red Skull":26,"Pocketwatch":13},{"Self Forming Clay":3,"Nilry\u0027s Codex":9,"Bag of Preparation":11,"War Paint":13,"Burning Blood":0,"White Beast Statue":8,"Calling Bell":8,"Du-Vu Doll":8,"Nunchaku":8,"Shuriken":3,"Bag of Marbles":5,"Red Skull":12,"Pocketwatch":7},{"Self Forming Clay":16,"Nilry\u0027s Codex":43,"Bag of Preparation":51,"War Paint":61,"Burning Blood":0,"White Beast Statue":39,"Calling Bell":39,"Du-Vu Doll":39,"Nunchaku":39,"Shuriken":16,"Bag of Marbles":23,"Red Skull":56,"Pocketwatch":31}],"Burning Blood":90,"Pocketwatch":[57]},"card_choices":[{"not_picked":["Pommel Strike","Armaments"],"picked":"Shrug It Off","floor":1.0},{"not_picked":["Wild Strike","Power Through"],"picked":"Uppercut","floor":2.0},{"not_picked":["Bloodletting","Iron Wave"],"picked":"Spot Weakness","floor":7.0},{"not_picked":["Uppercut","Wild Strike"],"picked":"Fire Breathing","floor":10.0},{"not_picked":["Spot Weakness","Disarm"],"picked":"Twin Strike","floor":11.0},{"not_picked":["Perfected Strike","Clash"],"picked":"Iron Wave","floor":12.0},{"not_picked":["Searing Blow","Combust"],"picked":"Seeing Red","floor":13.0},{"not_picked":["Barricade","Exhume"],"picked":"Feed","floor":16.0},{"not_picked":["Headbutt","Warcry"],"picked":"Armaments+1","floor":18.0},{"not_picked":["Sword Boomerang","Clothesline"],"picked":"Inflame","floor":22.0},{"not_picked":["Bloodletting+1","Entrench","Warcry"],"picked":"SKIP","floor":24},{"not_picked":["Bloodletting+1","Entrench","Warcry"],"picked":"SKIP","floor":24},{"not_picked":["Spot Weakness","Clash"],"picked":"Pommel Strike","floor":25},{"not_picked":["Headbutt","Cleave"],"picked":"Body Slam","floor":28},{"not_picked":["Havoc","Armaments"],"picked":"Impervious","floor":29},{"not_picked":["Uppercut","Clash"],"picked":"Havoc","floor":31}],"player_experience":350085,"relics_obtained":[{"floor":7.0,"key":"Shuriken"},{"floor":9.0,"key":"Self Forming Clay"},{"floor":11.0,"key":"Bag of Marbles"},{"floor":13.0,"key":"Pocketwatch"},{"floor":17.0,"key":"Nunchaku"},{"floor":17.0,"key":"White Beast Statue"},{"floor":17.0,"key":"Du-Vu Doll"},{"floor":20.0,"key":"Nilry\u0027s Codex"},{"floor":24,"key":"Bag of Preparation"},{"floor":26,"key":"Red Skull"},{"floor":28,"key":"War Paint"}],"event_choices":[{"damage_healed":0.0,"max_hp_gain":0.0,"max_hp_loss":0.0,"gold_gain":75.0,"event_name":"World of Goop","player_choice":"Gather Gold","floor":4.0,"gold_loss":0.0,"damage_taken":11.0},{"damage_healed":0.0,"max_hp_gain":0.0,"max_hp_loss":0.0,"gold_gain":0.0,"event_name":"Living Wall","player_choice":"Grow","floor":5.0,"gold_loss":0.0,"damage_taken":0.0,"cards_upgraded":["Uppercut"]},{"damage_healed":0.0,"max_hp_gain":0.0,"max_hp_loss":0.0,"gold_gain":0.0,"event_name":"Liars Game","player_choice":"Ignored","floor":14.0,"gold_loss":0.0,"damage_taken":0.0},{"damage_healed":0.0,"max_hp_gain":0.0,"max_hp_loss":0.0,"gold_gain":0.0,"event_name":"Vampires","player_choice":"Ignored","floor":19.0,"gold_loss":0.0,"damage_taken":0.0},{"damage_healed":0.0,"max_hp_gain":0.0,"max_hp_loss":0.0,"gold_gain":0.0,"event_name":"Cursed Tome","player_choice":"Obtained Book","floor":20.0,"gold_loss":0.0,"damage_taken":21.0},{"cards_removed":["Strike_R"],"damage_healed":0.0,"max_hp_gain":0.0,"max_hp_loss":0.0,"gold_gain":0.0,"event_name":"Beggar","player_choice":"Gave Gold","floor":21.0,"gold_loss":75.0,"damage_taken":0.0}],"is_beta":false,"boss_relics":[{"not_picked":["Busted Crown","Snecko Eye"],"picked":"Calling Bell"}],"items_purged_floors":[3],"is_endless":false,"potions_floor_spawned":[7,10,12,18,22,24,25,28,29,31],"killed_by":"Automaton","ascension_level":20}}