{"host":"x3688v8yj57o2b0e","time":1612139600,"event":{"mods":["BaseMod","Minty Spire (QoL Compilation)"],"gold_per_floor":[113,65,83,93,106,106,139,157,183,194,212,227,227,6,6,108,108,153,142,160,11,11,11,11],"floor_reached":23,"language":"ENG","playtime":1617,"items_purged":[],"score":207,"play_id":"9ac533e1-76fe-4b19-bfb0-72aa7be511aa","local_time":"20210131193320","is_ascension_mode":true,"campfire_choices":[{"data":"EmptyFist","floor":6,"key":"SMITH"},{"data":"CutThroughFate","floor":13,"key":"SMITH"},{"floor":15,"key":"REST"}],"circlet_count":0,"master_deck":["Strike_P","Strike_P","Defend_P","Defend_P","Defend_P","Eruption","Vigilance","Crescendo","Crescendo","EmptyBody","EmptyFist+1","JustLucky","MentalFortress","BattleHymn","InnerPeace","EmptyFist","CutThroughFate+1","Wallop","Wish","EmptyFist","FlurryOfBlows","Conclude","Adaptation","DevaForm","FlurryOfBlows+1","CutThroughFate+1","Tantrum","Vengeance"],"relics":["Empty Cage","Gambling Chip","Potion Belt","ClockworkSouvenir","VioletLotus","Orrery"],"acts_visited":["Exordium","TheCity"],"potions_floor_usage":[7,16,16],"damage_taken":[{"damage":0,"enemies":"Cultist","floor":1,"turns":3},{"damage":2,"enemies":"Small Slimes","floor":3,"turns":5},{"damage":3,"enemies":"Jaw Worm","floor":4,"turns":6},{"damage":4,"enemies":"3 Louse","floor":5,"turns":4},{"damage":4,"enemies":"3 Sentries","floor":7,"turns":5},{"damage":17,"enemies":"2 Fungi Beasts","floor":8,"turns":3},{"damage":3,"enemies":"Exordium Wildlife","floor":10,"turns":3},{"damage":3,"enemies":"Looter","floor":11,"turns":2},{"damage":3,"enemies":"3 Louse","floor":12,"turns":3},{"damage":32,"enemies":"The Guardian","floor":16,"turns":8},{"damage":17,"enemies":"Chosen","floor":18,"turns":5},{"damage":16,"enemies":"2 Thieves","floor":19,"turns":4},{"damage":37,"enemies":"Snake Plant","floor":20,"turns":4},{"damage":6,"enemies":"Slavers","floor":23,"turns":1}],"seed_played":"8014905104770225710","potions_obtained":[{"floor":3,"key":"AttackPotion"},{"floor":5,"key":"Swift Potion"},{"floor":10,"key":"Fire Potion"},{"floor":11,"key":"BlessingOfTheForge"},{"floor":18,"key":"SpeedPotion"}],"is_trial":false,"path_per_floor":["M","$","M","M","M","R","E","M","T","M","M","M","R","$","R","B",null,"M","M","M","$","?","E"],"character_chosen":"WATCHER","items_purchased":["Crescendo","Wallop","ClockworkSouvenir","Orrery"],"campfire_rested":1,"item_purchase_floors":[2,14,14,21],"current_hp_per_floor":[72,72,70,67,63,63,59,42,42,39,36,33,33,33,54,22,72,55,39,2,2,2,0,0],"gold":11,"neow_bonus":"BOSS_RELIC","is_daily":false,"chose_seed":false,"campfire_upgraded":2,"win_rate":0.0,"timestamp":1612139600,"path_taken":["M","$","M","?","M","R","E","M","T","M","M","M","R","$","R","BOSS","M","M","M","$","?","E"],"items_purchased_type":["Card","Card","Relic","Relic"],"build_version":"2020-12-22","purchased_purges":0,"victory":false,"max_hp_per_floor":[72,72,72,72,72,72,72,72,72,72,72,72,72,72,72,72,72,72,72,72,72,72,72,72],"card_choices":[{"not_picked":["Wireheading","LikeWater"],"picked":"Crescendo","floor":1},{"not_picked":["Nirvana","Pray"],"picked":"EmptyBody","floor":3},{"not_picked":["Perseverance","FollowUp"],"picked":"EmptyFist","floor":4},{"not_picked":["PathToVictory","Swivel"],"picked":"JustLucky","floor":5},{"not_picked":["JustLucky","Evaluate"],"picked":"MentalFortress","floor":7},{"not_picked":["WindmillStrike","Sanctity"],"picked":"BattleHymn","floor":8},{"not_picked":["Collect","ThirdEye"],"picked":"InnerPeace","floor":10},{"not_picked":["Prostrate","Worship"],"picked":"EmptyFist","floor":11},{"not_picked":["Vengeance","Wireheading"],"picked":"CutThroughFate","floor":12},{"not_picked":["LessonLearned","Judgement"],"picked":"Wish","floor":16},{"not_picked":["EmptyBody","ThirdEye+1"],"picked":"EmptyFist","floor":18},{"not_picked":["FollowUp","EmptyBody"],"picked":"Prostrate+1","floor":19},{"not_picked":["Prostrate","SashWhip"],"picked":"FlurryOfBlows","floor":20},{"not_picked":["EmptyFist","Nirvana"],"picked":"Conclude","floor":21},{"not_picked":["Prostrate","LessonLearned"],"picked":"Adaptation","floor":21},{"not_picked":["EmptyBody+1","Crescendo"],"picked":"DevaForm","floor":21},{"not_picked":["Crescendo+1","LikeWater"],"picked":"FlurryOfBlows+1","floor":21},{"not_picked":["Sanctity","JustLucky"],"picked":"CutThroughFate+1","floor":21}],"player_experience":190209,"relics_obtained":[{"floor":7,"key":"Gambling Chip"},{"floor":9,"key":"Potion Belt"}],"event_choices":[{"damage_healed":0,"gold_gain":0,"cards_transformed":["Prostrate","Defend_P"],"player_choice":"Became Test Subject","damage_taken":0,"max_hp_gain":0,"max_hp_loss":0,"event_name":"Drug Dealer","floor":22,"gold_loss":0,"cards_obtained":["Tantrum","Vengeance"]}],"is_beta":false,"boss_relics":[{"not_picked":["Tiny House","Philosopher\u0027s Stone"],"picked":"VioletLotus"}],"items_purged_floors":[],"is_endless":false,"potions_floor_spawned":[3,5,10,11,18],"killed_by":"Slavers","ascension_level":1}}