{"host":"d52brwsy6af8zvaq","time":1612211594,"event":{"mods":["AchievementEnabler","BaseMod","Bestiary","Highlight Path","Minty Spire (QoL Compilation)","Quick Restart","Relic Stats","ojb\u0027s Better Paths Mod"],"gold_per_floor":[116,73,73,83,93,93,124,124,124,151,151,169,169,169,169,243,243,255,255,273,273,114,114,144,144,144,177,197,197,214,228,228,228,228],"floor_reached":33,"language":"ENG","playtime":1294,"items_purged":["Strike_G+1"],"score":586,"play_id":"9f480191-8af1-4337-b597-ad2a31318ab7","local_time":"20210201133314","is_ascension_mode":true,"campfire_choices":[{"data":"Predator","floor":6.0,"key":"SMITH"},{"data":"Venomology","floor":8.0,"key":"SMITH"},{"data":"Dagger Spray","floor":13.0,"key":"SMITH"},{"floor":15.0,"key":"REST"},{"data":"Predator","floor":23.0,"key":"SMITH"},{"data":"Envenom","floor":25.0,"key":"SMITH"},{"floor":29.0,"key":"REST"},{"data":"Noxious Fumes","floor":32.0,"key":"SMITH"}],"circlet_count":0,"master_deck":["AscendersBane","Strike_G+1","Defend_G+1","Defend_G+1","Defend_G+1","Defend_G+1","Defend_G+1","Survivor","Neutralize","Predator+1","Terror","PiercingWail","Underhanded Strike","Venomology+1","Dagger Spray+1","Endless Agony","Blade Dance","Envenom+1","Crippling Poison+1","Bane+1","Slice+1","Blade Dance","Prepared","Predator+1","Deflect+1","Backflip","Blade Dance+1","Catalyst","Noxious Fumes+1"],"relics":["Ring of the Snake","HornCleat","Potion Belt","Question Card","Dream Catcher","Astrolabe","Ninja Scroll","Nunchaku","Paper Crane"],"acts_visited":["Exordium","TheCity"],"potions_floor_usage":[33,33],"damage_taken":[{"damage":6.0,"enemies":"Cultist","floor":1.0,"turns":5.0},{"damage":3.0,"enemies":"2 Louse","floor":4.0,"turns":3.0},{"damage":0.0,"enemies":"Small Slimes","floor":5.0,"turns":3.0},{"damage":15.0,"enemies":"3 Sentries","floor":7.0,"turns":13.0},{"damage":12.0,"enemies":"Lagavulin","floor":10.0,"turns":5.0},{"damage":0.0,"enemies":"Red Slaver","floor":12.0,"turns":3.0},{"damage":22.0,"enemies":"Slime Boss","floor":16.0,"turns":8.0},{"damage":0.0,"enemies":"Shell Parasite","floor":18.0,"turns":4.0},{"damage":0.0,"enemies":"Chosen","floor":20.0,"turns":4.0},{"damage":28.0,"enemies":"Book of Stabbing","floor":24.0,"turns":6.0},{"damage":21.0,"enemies":"Gremlin Leader","floor":27.0,"turns":6.0},{"damage":0.0,"enemies":"3 Cultists","floor":28.0,"turns":4.0},{"damage":1.0,"enemies":"Snake Plant","floor":30.0,"turns":4.0},{"damage":0.0,"enemies":"Centurion and Healer","floor":31.0,"turns":5.0},{"damage":34,"enemies":"Automaton","floor":33,"turns":6}],"seed_played":"-3283868248160246860","potions_obtained":[{"floor":7.0,"key":"Fire Potion"},{"floor":12.0,"key":"EntropicBrew"},{"floor":16.0,"key":"Block Potion"},{"floor":18.0,"key":"LiquidMemories"},{"floor":27.0,"key":"FearPotion"}],"is_trial":false,"path_per_floor":["M","$","?","M","M","R","E","R","T","E","?","M","R","?","R","B",null,"M","?","M","?","$","R","E","R","T","E","M","R","M","M","R","B"],"character_chosen":"THE_SILENT","items_purchased":["Terror","Predator"],"campfire_rested":2,"item_purchase_floors":[2,22],"current_hp_per_floor":[59,59,41,38,38,38,23,23,23,11,35,35,35,35,56,34,63,63,63,63,63,63,63,35,35,35,14,14,35,34,34,34,0,0],"gold":228,"neow_bonus":"TEN_PERCENT_HP_BONUS","is_daily":false,"chose_seed":false,"campfire_upgraded":6,"win_rate":0.0,"timestamp":1612211594,"path_taken":["M","?","?","M","M","R","E","R","T","E","?","M","R","?","R","BOSS","M","?","M","?","$","R","E","R","T","E","?","R","M","M","R","BOSS"],"items_purchased_type":["Card","Card"],"build_version":"2020-12-22","purchased_purges":1,"victory":false,"max_hp_per_floor":[72,72,72,72,72,72,72,72,72,72,72,72,72,72,72,72,72,72,72,72,72,72,72,72,72,72,72,72,72,72,72,72,72,72],"relic_stats":{"Dream Catcher":2,"Nunchaku":[7],"counters":[15,79],"Astrolabe":["Crippling Poison","Bane","Slice"],"Question Card":12,"obtain_stats":[{"Potion Belt":7,"Dream Catcher":10,"Nunchaku":24,"HornCleat":3,"Ninja Scroll":21,"Astrolabe":17,"Paper Crane":27,"Question Card":9,"Ring of the Snake":0},{"Potion Belt":4,"Dream Catcher":5,"Nunchaku":10,"HornCleat":1,"Ninja Scroll":9,"Astrolabe":7,"Paper Crane":11,"Question Card":4,"Ring of the Snake":0},{"Potion Belt":24,"Dream Catcher":29,"Nunchaku":54,"HornCleat":5,"Ninja Scroll":48,"Astrolabe":40,"Paper Crane":60,"Question Card":24,"Ring of the Snake":0}],"Ring of the Snake":[30]},"card_choices":[{"not_picked":["Deadly Poison","Poisoned Stab"],"picked":"Predator","floor":1.0},{"not_picked":["Slice","Choke"],"picked":"PiercingWail","floor":4.0},{"not_picked":["Outmaneuver","Well Laid Plans"],"picked":"Underhanded Strike","floor":5.0},{"not_picked":["Quick Slash","Backflip"],"picked":"Venomology","floor":7.0},{"not_picked":["Infinite Blades","All Out Attack","Dodge and Roll"],"picked":"Dagger Spray","floor":10.0},{"not_picked":["Acrobatics","Deflect","Bane"],"picked":"Endless Agony","floor":12.0},{"not_picked":["Prepared","Slice","Dodge and Roll"],"picked":"Blade Dance","floor":15.0},{"not_picked":["Doppelganger","Storm of Steel","Venomology"],"picked":"Envenom","floor":16.0},{"not_picked":["Caltrops","Slice","Infinite Blades"],"picked":"Blade Dance","floor":18.0},{"not_picked":["Quick Slash","Underhanded Strike","Dodge and Roll"],"picked":"Prepared","floor":20.0},{"not_picked":["Slice","Infinite Blades","Expertise","Tactician"],"picked":"SKIP","floor":24.0},{"not_picked":["Blade Dance","Backflip","Outmaneuver+1"],"picked":"Deflect+1","floor":27.0},{"not_picked":["Crippling Poison","Dagger Throw","Caltrops"],"picked":"Backflip","floor":28.0},{"not_picked":["Slice","Unload","Flying Knee"],"picked":"Blade Dance+1","floor":29.0},{"not_picked":["Acrobatics","Dagger Spray","Bane"],"picked":"Catalyst","floor":30.0},{"not_picked":["Backflip","Blade Dance+1","Slice+1"],"picked":"Noxious Fumes","floor":31.0}],"player_experience":2102222,"relics_obtained":[{"floor":7.0,"key":"Potion Belt"},{"floor":9.0,"key":"Question Card"},{"floor":10.0,"key":"Dream Catcher"},{"floor":24.0,"key":"Nunchaku"},{"floor":27.0,"key":"Paper Crane"}],"event_choices":[{"damage_healed":0.0,"max_hp_gain":0.0,"max_hp_loss":0.0,"gold_gain":0.0,"event_name":"Scrap Ooze","player_choice":"Success","floor":3.0,"gold_loss":0.0,"damage_taken":18.0,"relics_obtained":["HornCleat"]},{"damage_healed":24.0,"max_hp_gain":0.0,"max_hp_loss":0.0,"gold_gain":0.0,"event_name":"Big Fish","player_choice":"Banana","floor":11.0,"gold_loss":0.0,"damage_taken":0.0},{"damage_healed":0.0,"max_hp_gain":0.0,"max_hp_loss":0.0,"gold_gain":0.0,"event_name":"Liars Game","player_choice":"Ignored","floor":14.0,"gold_loss":0.0,"damage_taken":0.0},{"damage_healed":0.0,"max_hp_gain":0.0,"max_hp_loss":0.0,"gold_gain":0.0,"event_name":"Back to Basics","player_choice":"Simplicity","floor":19.0,"gold_loss":0.0,"damage_taken":0.0,"cards_upgraded":["Strike_G","Strike_G","Defend_G","Defend_G","Defend_G","Defend_G","Defend_G"]},{"damage_healed":0.0,"max_hp_gain":0.0,"max_hp_loss":0.0,"gold_gain":0.0,"event_name":"WeMeetAgain","player_choice":"Gave Potion","floor":21.0,"gold_loss":0.0,"damage_taken":0.0,"relics_obtained":["Ninja Scroll"]}],"is_beta":false,"boss_relics":[{"not_picked":["Philosopher\u0027s Stone","SacredBark"],"picked":"Astrolabe"}],"items_purged_floors":[22],"is_endless":false,"potions_floor_spawned":[7,12,16,18,27,30],"killed_by":"Automaton","ascension_level":20}}