{"host":"815dqs41i1y8uxms","time":1612207765,"event":{"mods":["A Penny For Your Troubles","Act Like it!","BaseMod","Elementarium","Fox Events","Jorbs\u0027s Wanderer Trilogy","Minty Spire (QoL Compilation)","Rare Cards Sparkle","Shop Mod","Spire Arcade","StSLib","The Marked"],"gold_per_floor":[111,29,49,27,27,67,81,81,81,55,78,106,106,119,119,222,222,239,239,252,252,252,252,277,277,277,313,313,12,12,26,26,136,136,150,8,28,78,78,113,125,137,137],"floor_reached":42,"language":"ENG","playtime":3939,"items_purged":[],"score":504,"play_id":"bba4e37c-678b-4500-91fe-68db0e348284","local_time":"20210201202925","is_ascension_mode":false,"campfire_choices":[{"floor":13,"key":"REST"},{"data":"stsjorbsmod:Patron","floor":15,"key":"SMITH"},{"floor":23,"key":"RECALL"},{"data":"stsjorbsmod:Rediscovery","floor":30,"key":"SMITH"},{"data":"stsjorbsmod:DeathThroes","floor":32,"key":"SMITH"}],"circlet_count":0,"master_deck":["stsjorbsmod:ForbiddenGrimoire+1","stsjorbsmod:FreshAdventure+1","stsjorbsmod:EyeOfTheStorm","stsjorbsmod:ChainLightning","stsjorbsmod:BookOfTongues","stsjorbsmod:BurningFlask","stsjorbsmod:Will","stsjorbsmod:Materialize","stsjorbsmod:Patron+1","stsjorbsmod:TrueStrike+1","stsjorbsmod:Fear","stsjorbsmod:Mending","stsjorbsmod:ChatteringStrike","stsjorbsmod:Rediscovery+1","stsjorbsmod:SiphonEnergy","stsjorbsmod:Rest+1","stsjorbsmod:Will","stsjorbsmod:WanderingMind","stsjorbsmod:Thorns","stsjorbsmod:RayOfFrost+1","stsjorbsmod:FracturedMind","stsjorbsmod:TinyHut+1","stsjorbsmod:FranticSearch","stsjorbsmod:Prestidigitation+1","stsjorbsmod:ScorchingRay+1","stsjorbsmod:Firebolt","Elementarium:WindblessedBlade","Injury","stsjorbsmod:DeathThroes+1","stsjorbsmod:Inferno","stsjorbsmod:HoldMonster","stsjorbsmod:Mending+1","stsjorbsmod:FlameWard+1","stsjorbsmod:Materialize+1","Writhe","stsjorbsmod:UnseenServant+1"],"relics":["stsjorbsmod:GrimoireRelic","NeowsBlessing","Mummified Hand","Ornamental Fan","Odd Mushroom","StrikeDummy","Gremlin Horn","MerchantsRug","Elementarium:ElementariumTrophy","Black Star","Oddly Smooth Stone","Du-Vu Doll","MawBank","Bronze Scales"],"acts_visited":["Exordium","Elementarium:Elementarium","TheBeyond"],"potions_floor_usage":[12,14,33,33,41],"damage_taken":[{"damage":0,"enemies":"Small Slimes","floor":1,"turns":1},{"damage":0,"enemies":"Cultist","floor":3,"turns":1},{"damage":0,"enemies":"Gremlin Nob","floor":6,"turns":1},{"damage":6,"enemies":"Jaw Worm","floor":7,"turns":3},{"damage":9,"enemies":"The Mushroom Lair","floor":11,"turns":4},{"damage":9,"enemies":"Lagavulin","floor":12,"turns":5},{"damage":9,"enemies":"Exordium Thugs","floor":14,"turns":3},{"damage":28,"enemies":"The Guardian","floor":16,"turns":10},{"damage":2,"enemies":"Elementarium:Cyclone","floor":18,"turns":6},{"damage":0,"enemies":"Elementarium:2_ELEMENTALS","floor":20,"turns":4},{"damage":0,"enemies":"Elementarium:STONE_GOLEMS","floor":21,"turns":5},{"damage":0,"enemies":"Elementarium:RubyGolem","floor":24,"turns":4},{"damage":9,"enemies":"Elementarium:FIRE_NOBILITY","floor":25,"turns":3},{"damage":14,"enemies":"Elementarium:CYCLONE_AND_LIVING_STORMCLOUD","floor":27,"turns":5},{"damage":0,"enemies":"Elementarium:STONE_GOLEMS","floor":31,"turns":4},{"damage":11,"enemies":"Elementarium:GolemEmperor","floor":33,"turns":6},{"damage":7,"enemies":"Orb Walker","floor":35,"turns":5},{"damage":12,"enemies":"3 Darklings","floor":37,"turns":5},{"damage":9,"enemies":"Mind Bloom Boss Battle","floor":38,"turns":7},{"damage":46,"enemies":"Giant Head","floor":40,"turns":8},{"damage":33,"enemies":"Transient","floor":41,"turns":3},{"damage":7,"enemies":"Jaw Worm Horde","floor":42,"turns":1}],"seed_played":"-7886990120027469086","potions_obtained":[{"floor":1,"key":"SpeedPotion"},{"floor":11,"key":"LiquidMemories"},{"floor":16,"key":"CultistPotion"},{"floor":18,"key":"AttackPotion"},{"floor":27,"key":"SmokeBomb"},{"floor":40,"key":"ColorlessPotion"}],"is_trial":false,"path_per_floor":["M","$","M","$","?","E","M","?","T","$","?","E","R","M","R","B",null,"M","?","M","M","?","R","M","E","T","M","?","$","R","M","R","B",null,"M","$","M","?","?","E","M","M"],"character_chosen":"WANDERER","items_purchased":["stsjorbsmod:BookOfTongues","stsjorbsmod:Will","stsjorbsmod:TrueStrike","MerchantsRug","Lee\u0027s Waffle","stsjorbsmod:DeathThroes","Oddly Smooth Stone"],"campfire_rested":1,"item_purchase_floors":[2,4,10,29,29,29,36],"current_hp_per_floor":[68,68,68,68,68,68,64,64,64,64,56,49,68,59,59,33,68,68,68,68,68,68,68,68,63,63,60,60,75,75,75,75,69,75,71,71,62,57,75,29,5,0,0],"gold":137,"neow_bonus":"THREE_ENEMY_KILL","is_daily":false,"chose_seed":false,"campfire_upgraded":3,"win_rate":0.0,"timestamp":1612207765,"path_taken":["M","$","M","$","?","E","?","?","T","?","?","E","R","M","R","BOSS","M","?","M","M","?","R","M","E","T","M","?","?","R","?","R","BOSS","M","$","M","?","?","E","M","M"],"items_purchased_type":["Card","Card","Card","Relic","Relic","Card","Relic"],"build_version":"2020-12-22","purchased_purges":0,"victory":false,"max_hp_per_floor":[68,68,68,68,68,68,68,68,68,68,68,68,68,68,68,68,68,68,68,68,68,68,68,68,68,68,68,68,75,75,75,75,75,75,75,75,75,75,75,75,75,75,75],"card_choices":[{"not_picked":["stsjorbsmod:MagicMissiles","stsjorbsmod:BurningFlask"],"picked":"stsjorbsmod:ChainLightning","floor":1},{"not_picked":["stsjorbsmod:FlameWard","stsjorbsmod:UnseenServant"],"picked":"stsjorbsmod:BurningFlask","floor":3},{"not_picked":["stsjorbsmod:BurningFlask","stsjorbsmod:Rest"],"picked":"stsjorbsmod:Materialize","floor":6},{"not_picked":["stsjorbsmod:MagicMissiles","stsjorbsmod:TrueStrike"],"picked":"stsjorbsmod:Patron","floor":7},{"not_picked":["stsjorbsmod:ArcaneWeapon","stsjorbsmod:ColorSpray"],"picked":"stsjorbsmod:Fear","floor":11},{"not_picked":["stsjorbsmod:ChatteringStrike","stsjorbsmod:ParryingBlow"],"picked":"stsjorbsmod:Mending","floor":12},{"not_picked":["stsjorbsmod:RayOfFrost","stsjorbsmod:Channel"],"picked":"stsjorbsmod:ChatteringStrike","floor":14},{"not_picked":["stsjorbsmod:PurgeMind","stsjorbsmod:ArcaneForm"],"picked":"stsjorbsmod:Rediscovery","floor":16},{"not_picked":["stsjorbsmod:DisguiseSelf","stsjorbsmod:SmithingStrike"],"picked":"stsjorbsmod:TinyHut+1","floor":18},{"not_picked":["stsjorbsmod:Hibernate","stsjorbsmod:UnseenServant+1"],"picked":"stsjorbsmod:Prestidigitation+1","floor":20},{"not_picked":["stsjorbsmod:FranticSearch","stsjorbsmod:MagicMirror"],"picked":"stsjorbsmod:ScorchingRay+1","floor":24},{"not_picked":["stsjorbsmod:DoubleCheck+1","stsjorbsmod:Channel"],"picked":"stsjorbsmod:Firebolt","floor":27},{"not_picked":["stsjorbsmod:Introspection+1","stsjorbsmod:FaerieFire"],"picked":"stsjorbsmod:Inferno","floor":31},{"not_picked":["stsjorbsmod:GatherPower","stsjorbsmod:ThirstingSword"],"picked":"stsjorbsmod:HoldMonster","floor":33},{"not_picked":["stsjorbsmod:Prepare","stsjorbsmod:ChatteringStrike"],"picked":"stsjorbsmod:Mending+1","floor":35},{"not_picked":["stsjorbsmod:Inferno+1","stsjorbsmod:Index+1"],"picked":"stsjorbsmod:FlameWard+1","floor":37},{"not_picked":["stsjorbsmod:Rest","stsjorbsmod:Mania+1"],"picked":"stsjorbsmod:Materialize+1","floor":38},{"not_picked":["stsjorbsmod:TrueStrike+1","stsjorbsmod:Mindworm"],"picked":"stsjorbsmod:UnseenServant+1","floor":40}],"player_experience":3849041,"relics_obtained":[{"floor":6,"key":"Mummified Hand"},{"floor":9,"key":"Ornamental Fan"},{"floor":11,"key":"Odd Mushroom"},{"floor":12,"key":"StrikeDummy"},{"floor":26,"key":"Gremlin Horn"},{"floor":38,"key":"Du-Vu Doll"},{"floor":40,"key":"MawBank"},{"floor":40,"key":"Bronze Scales"}],"event_choices":[{"cards_removed":["stsjorbsmod:Strike_Wanderer"],"damage_healed":0,"gold_gain":0,"player_choice":"Offered Basic","damage_taken":0,"max_hp_gain":0,"max_hp_loss":0,"event_name":"Bonfire Elementals","floor":5,"gold_loss":0},{"damage_healed":0,"gold_gain":0,"player_choice":"Leave","damage_taken":0,"max_hp_gain":0,"max_hp_loss":0,"event_name":"The Cleric","floor":8,"gold_loss":0},{"damage_healed":0,"gold_gain":0,"player_choice":"Fought Mushrooms","damage_taken":0,"max_hp_gain":0,"max_hp_loss":0,"event_name":"Mushrooms","floor":11,"gold_loss":0},{"damage_healed":0,"gold_gain":0,"player_choice":"Read","damage_taken":0,"max_hp_gain":0,"max_hp_loss":0,"event_name":"Elementarium:LostScrolls","floor":19,"gold_loss":0,"cards_obtained":["stsjorbsmod:FranticSearch"]},{"damage_healed":0,"gold_gain":0,"player_choice":"Meditate","damage_taken":0,"max_hp_gain":0,"max_hp_loss":0,"event_name":"Elementarium:SculptureGarden","floor":22,"gold_loss":0,"cards_upgraded":["stsjorbsmod:FreshAdventure","stsjorbsmod:TrueStrike","stsjorbsmod:Rest","stsjorbsmod:RayOfFrost"]},{"damage_healed":0,"gold_gain":0,"player_choice":"Take","damage_taken":0,"max_hp_gain":0,"max_hp_loss":0,"event_name":"Elementarium:BladeSeller","floor":28,"gold_loss":0,"cards_obtained":["Elementarium:WindblessedBlade","Injury"]},{"damage_healed":0,"gold_gain":0,"player_choice":"Fight","damage_taken":0,"max_hp_gain":0,"max_hp_loss":0,"event_name":"MindBloom","floor":38,"gold_loss":0},{"damage_healed":19,"gold_gain":0,"player_choice":"Writhe","damage_taken":0,"max_hp_gain":0,"max_hp_loss":0,"event_name":"Winding Halls","floor":39,"gold_loss":0,"cards_obtained":["Writhe"]}],"is_beta":false,"boss_relics":[{"not_picked":["Fusion Hammer","Tiny House"],"picked":"Pandora\u0027s Box"},{"not_picked":["Runic Pyramid","Sozu"],"picked":"Black Star"}],"items_purged_floors":[],"is_endless":false,"potions_floor_spawned":[1,11,16,18,21,25,27,40],"killed_by":"Jaw Worm Horde","ascension_level":0}}