{"host":"cz96naaoibjp08st","time":1612175810,"event":{"mods":["Act Like it!","BaseMod","BetterRewards","Downfall","Duelist Mod","GifTheSpireLib","Hermit","Minty Spire (QoL Compilation)","Quick Restart","READ ME - Guardian Mod","Replay The Spire","Robot Space Explorer","Shop Mod","StSLib","Stuff the Spire","SuperFastMode"],"gold_per_floor":[99,119,119,11,22,22,45,45,45,58,77,90,90,125,136,136,154,256,256,330,343,353,353,55,55,55,55,90,115,127,151,195,222,253,265,265,265],"floor_reached":35,"language":"ZHS","playtime":1783,"items_purged":["StuffTheSpire:CuriosityCurse"],"score":301,"play_id":"4bc14bc1-48a3-4c5b-a877-720d16cf2996","local_time":"20210201183650","is_ascension_mode":false,"campfire_choices":[{"data":"bronze:Replicate","floor":1,"key":"SMITH"},{"data":"bronze:Frontload","floor":6,"key":"SMITH"},{"data":"bronze:Flail","floor":13,"key":"SMITH"},{"data":"expansioncontent:DashGenerateEvil","floor":25,"key":"SMITH"},{"data":"bronze:AlphaBuild","floor":27,"key":"SMITH"}],"circlet_count":0,"master_deck":["bronze:Strike","bronze:Defend","bronze:Defend","bronze:Defend","bronze:Defend","bronze:Replicate+1","bronze:Goto","bronze:ChildClass","bronze:Frontload+1","expansioncontent:InvincibleStrength","bronze:Flail+1","bronze:Philosophize","bronze:Optimize","bronze:WildBeam","bronze:WildBeam","bronze:AlphaBuild+1","bronze:FollowUp+1","expansioncontent:DashGenerateEvil+1","Parasite","bronze:CloningBeam","bronze:MaxOutput+1","bronze:FineTuning"],"relics":["bronze:BronzeCore","Simple Rune","Eternal Feather","ChewingGum","Replay:Accelerometer","Membership Card","Matryoshka","MawBank","Girya"],"acts_visited":["Exordium","TheCity"],"potions_floor_usage":[18,18,18,35],"damage_taken":[{"damage":4,"enemies":"Small Slimes","floor":2,"turns":5},{"damage":0,"enemies":"downfall:FleeingMerchant","floor":4,"turns":4},{"damage":1,"enemies":"2 Louse","floor":5,"turns":4},{"damage":9,"enemies":"Cultist","floor":10,"turns":4},{"damage":1,"enemies":"2 Fungi Beasts","floor":11,"turns":2},{"damage":15,"enemies":"Gremlin Gang","floor":12,"turns":5},{"damage":10,"enemies":"Gremlin Nob","floor":14,"turns":4},{"damage":0,"enemies":"Lots of Slimes","floor":15,"turns":1},{"damage":11,"enemies":"Exordium Wildlife","floor":17,"turns":2},{"damage":33,"enemies":"DF_ARCHETYPE_STREAMLINE","floor":18,"turns":9},{"damage":4,"enemies":"Spheric Guardian","floor":21,"turns":3},{"damage":7,"enemies":"Shell Parasite","floor":22,"turns":3},{"damage":0,"enemies":"downfall:FleeingMerchant","floor":24,"turns":4},{"damage":7,"enemies":"theDuelist:KaibaA2","floor":28,"turns":4},{"damage":0,"enemies":"Snecko","floor":29,"turns":4},{"damage":0,"enemies":"Sentry and Sphere","floor":31,"turns":4},{"damage":32,"enemies":"Replay:Snechameleon","floor":32,"turns":6},{"damage":10,"enemies":"Snake Plant","floor":33,"turns":3},{"damage":0,"enemies":"3 Cultists","floor":34,"turns":4},{"damage":33,"enemies":"IC_MUSHROOM_ARCHETYPE","floor":35,"turns":6}],"seed_played":"4334457701995889176","potions_obtained":[{"floor":5,"key":"BlessingOfTheForge"},{"floor":10,"key":"Cursed Concoction"},{"floor":11,"key":"Energy Potion"},{"floor":18,"key":"PowerPotion"},{"floor":21,"key":"SpeedPotion"},{"floor":29,"key":"PowerPotion"}],"is_trial":false,"path_per_floor":["R","M","?","$","M","R","T","PTL","PTL","M","M","M","R","E","M","?","M","B",null,"R","M","M","?","$","R","T","R","E","M","?","M","E","M","M","B"],"character_chosen":"THE_AUTOMATON","items_purchased":["expansioncontent:InvincibleStrength","Membership Card","expansioncontent:DashGenerateEvil"],"campfire_rested":0,"item_purchase_floors":[4,24,24],"current_hp_per_floor":[77,73,73,73,72,72,72,72,72,63,62,47,47,37,37,52,41,8,77,77,73,66,66,66,77,77,77,70,70,70,70,38,28,28,0,0,0],"gold":265,"neow_bonus":"TEN_PERCENT_HP_BONUS","is_daily":false,"chose_seed":false,"campfire_upgraded":5,"win_rate":0.0,"timestamp":1612175810,"path_taken":["R","M","?","$","M","R","T","PTL","PTL","M","M","M","R","E","M","?","M","BOSS","R","M","M","?","$","R","T","R","E","M","?","M","E","?","M","BOSS"],"items_purchased_type":["Card","Relic","Card"],"build_version":"2020-12-22","purchased_purges":1,"victory":false,"max_hp_per_floor":[77,77,77,77,77,77,77,77,77,77,77,77,77,77,77,77,77,77,77,77,77,77,77,77,77,77,77,77,77,77,77,77,77,77,77,77,77],"card_choices":[{"not_picked":["bronze:Iterate","bronze:ForLoop"],"picked":"bronze:ChildClass","floor":2},{"not_picked":["bronze:WhirlingStrike","bronze:OilSpill"],"picked":"bronze:Frontload","floor":4},{"not_picked":["bronze:Shell","bronze:CutThrough"],"picked":"bronze:Flail","floor":5},{"not_picked":["bronze:Overheat","bronze:BuggyMess"],"picked":"bronze:Philosophize","floor":10},{"not_picked":["bronze:MaxOutput","bronze:Deprecate"],"picked":"bronze:Optimize","floor":11},{"not_picked":["bronze:ChildClass","bronze:BuggyMess","bronze:CutThrough"],"picked":"SKIP","floor":12},{"not_picked":["bronze:Shell","bronze:SpaghettiCode","bronze:BronzeArmor"],"picked":"SKIP","floor":14},{"not_picked":["bronze:Frontload","bronze:Deprecate"],"picked":"bronze:WildBeam","floor":15},{"not_picked":["bronze:ForLoop","bronze:Allocate"],"picked":"bronze:WildBeam","floor":17},{"not_picked":["bronze:HyperBeam","bronze:Assembly"],"picked":"bronze:AlphaBuild","floor":18},{"not_picked":["bronze:CutThrough","bronze:WhirlingStrike","bronze:BuggyMess"],"picked":"SKIP","floor":21},{"not_picked":["bronze:Shield","bronze:Philosophize"],"picked":"bronze:FollowUp+1","floor":22},{"not_picked":["bronze:Turbo","bronze:ForceShield","bronze:CleanCode"],"picked":"SKIP","floor":24},{"not_picked":["bronze:OilSpill","bronze:BitShift","bronze:Allocate"],"picked":"SKIP","floor":28},{"not_picked":["bronze:OilSpill+1","bronze:Optimize","bronze:Deprecate"],"picked":"SKIP","floor":29},{"not_picked":["bronze:Turbo","bronze:WhirlingStrike","bronze:WildBeam"],"picked":"SKIP","floor":31},{"not_picked":["bronze:BitShift","bronze:Safeguard"],"picked":"bronze:CloningBeam","floor":32},{"not_picked":["bronze:Turbo+1","bronze:OilSpill"],"picked":"bronze:MaxOutput+1","floor":33},{"not_picked":["bronze:Deprecate+1","bronze:WildBeam"],"picked":"bronze:FineTuning","floor":34}],"player_experience":286867,"relics_obtained":[{"floor":7,"key":"Simple Rune"},{"floor":14,"key":"Eternal Feather"},{"floor":26,"key":"Matryoshka"},{"floor":28,"key":"MawBank"},{"floor":32,"key":"Girya"}],"event_choices":[],"is_beta":false,"boss_relics":[{"not_picked":["StuffTheSpire:RunicHypercube","Kintsugi"],"picked":"ChewingGum"}],"items_purged_floors":[24],"is_endless":false,"potions_floor_spawned":[5,10,11,18,21,29,31,34],"killed_by":"IC_MUSHROOM_ARCHETYPE","ascension_level":0}}