{"host":"6a9c3xws62y7efyw","time":1612164419,"event":{"mods":["BaseMod","Colored Map","Minty Spire (QoL Compilation)","Relic Stats","StSLib"],"gold_per_floor":[119,129,279,36,111,111,141,157,157,184,184,200,200,219,219,290,290,301,301,226,252,252,278,278,289,289,308,335,364,376,388,400,486,498,530,542,554,566,1577,1620,608,608,676,708,708,743,275,294,294,294,294,294,294,3,36,36],"floor_reached":57,"language":"ENG","playtime":2969,"items_purged":["Doubt","Normality"],"score":2988,"play_id":"b2d5672d-df5a-4d5a-a9f3-61a5a47d2ec5","local_time":"20210131232659","is_ascension_mode":true,"campfire_choices":[{"data":"Defragment","floor":6.0,"key":"SMITH"},{"data":"Static Discharge","floor":11.0,"key":"SMITH"},{"data":"1","floor":15.0,"key":"LIFT"},{"data":"2","floor":24.0,"key":"LIFT"},{"floor":30.0,"key":"REST"},{"floor":32.0,"key":"REST"},{"data":"3","floor":45.0,"key":"LIFT"},{"floor":49,"key":"RECALL"},{"floor":53,"key":"REST"}],"circlet_count":0,"master_deck":["AscendersBane","Strike_B","Defend_B","Defend_B","Defend_B","Defend_B","Zap","Dualcast","Static Discharge+1","Defragment+1","Ball Lightning","Hologram","Stack+1","Conserve Battery+1","Tempest+1","Coolheaded+1","Barrage","Biased Cognition+1","Stack+1","Reboot+1","Heatsinks","Genetic Algorithm+1","Glacier+1","Undo+1","Echo Form","Impatience+1","Deep Breath+1","Chrysalis+1","Undo+1","Defragment","Heatsinks","Hologram+1","Loop+1","Double Energy+1","All For One","Storm","Capacitor","Hello World","Stack+1","Hello World+1","Loop","Hologram+1"],"relics":["Cracked Core","NeowsBlessing","Toxic Egg 2","Matryoshka","Girya","FossilizedHelix","Fusion Hammer","Enchiridion","Ornamental Fan","Potion Belt","The Courier","Darkstone Periapt","MawBank","Snecko Eye","Toy Ornithopter","Bird Faced Urn","Lee\u0027s Waffle","Pantograph","Question Card","Spirit Poop","White Beast Statue","MealTicket","Cables","Toolbox","OrangePellets","Bag of Preparation"],"acts_visited":["Exordium","TheCity","TheBeyond","TheEnding"],"potions_floor_usage":[46,55,56,56,56],"damage_taken":[{"damage":0.0,"enemies":"Jaw Worm","floor":1.0,"turns":1.0},{"damage":0.0,"enemies":"2 Louse","floor":2.0,"turns":1.0},{"damage":0.0,"enemies":"Lagavulin","floor":7.0,"turns":1.0},{"damage":11.0,"enemies":"Small Slimes","floor":8.0,"turns":3.0},{"damage":7.0,"enemies":"3 Sentries","floor":10.0,"turns":6.0},{"damage":1.0,"enemies":"2 Fungi Beasts","floor":12.0,"turns":2.0},{"damage":0.0,"enemies":"Looter","floor":14.0,"turns":3.0},{"damage":0.0,"enemies":"The Guardian","floor":16.0,"turns":13.0},{"damage":0.0,"enemies":"Spheric Guardian","floor":18.0,"turns":4.0},{"damage":3.0,"enemies":"Gremlin Leader","floor":23.0,"turns":4.0},{"damage":0.0,"enemies":"Chosen","floor":25.0,"turns":4.0},{"damage":0.0,"enemies":"Sentry and Sphere","floor":27.0,"turns":4.0},{"damage":6.0,"enemies":"Slavers","floor":28.0,"turns":4.0},{"damage":0.0,"enemies":"Snecko","floor":29.0,"turns":4.0},{"damage":37.0,"enemies":"Automaton","floor":33.0,"turns":11.0},{"damage":0.0,"enemies":"3 Shapes","floor":35.0,"turns":8.0},{"damage":47.0,"enemies":"Reptomancer","floor":40.0,"turns":5.0},{"damage":41.0,"enemies":"Nemesis","floor":44.0,"turns":7.0},{"damage":4,"enemies":"Giant Head","floor":46,"turns":8},{"damage":0,"enemies":"Orb Walker","floor":48,"turns":3},{"damage":21,"enemies":"Donu and Deca","floor":50,"turns":6},{"damage":88,"enemies":"Awakened One","floor":51,"turns":10},{"damage":29,"enemies":"Shield and Spear","floor":55,"turns":6},{"damage":64,"enemies":"The Heart","floor":56,"turns":8}],"seed_played":"5491136180730685752","potions_obtained":[{"floor":7.0,"key":"SpeedPotion"},{"floor":8.0,"key":"Weak Potion"},{"floor":25.0,"key":"SmokeBomb"},{"floor":27.0,"key":"EntropicBrew"},{"floor":29.0,"key":"Ancient Potion"},{"floor":33.0,"key":"GamblersBrew"},{"floor":44.0,"key":"LiquidBronze"},{"floor":46,"key":"Strength Potion"},{"floor":48,"key":"SmokeBomb"},{"floor":55,"key":"Energy Potion"}],"is_trial":false,"path_per_floor":["M","M","?","$","?","R","E","M","T","E","R","M","?","M","R","B",null,"M","?","?","T","?","E","R","M","T","M","E","M","R","?","R","B",null,"M","?","?","?","?","E","$","?","T","E","R","E","$","M","R","B","B",null,"R","$","E","B",null],"character_chosen":"DEFECT","items_purchased":["Defragment","Ball Lightning","Hologram","Bird Faced Urn","Lee\u0027s Waffle","Pantograph","Defragment","Heatsinks","Question Card","Hologram+1","Toolbox","All For One","Storm","Capacitor","Hello World","Stack+1","OrangePellets","Loop","DuplicationPotion","Hologram+1"],"campfire_rested":3,"item_purchase_floors":[4,4,4,41,41,41,41,41,41,41,47,47,47,47,47,47,54,54,54,54],"current_hp_per_floor":[64,64,64,64,53,53,53,42,42,35,35,34,16,16,16,16,57,57,36,36,36,36,33,33,33,33,33,27,27,48,48,69,32,61,61,61,61,51,63,16,90,90,90,53,53,76,90,90,90,90,20,73,90,90,79,40],"gold":36,"neow_bonus":"THREE_ENEMY_KILL","is_daily":false,"chose_seed":false,"campfire_upgraded":2,"win_rate":0.0,"timestamp":1612164419,"path_taken":["M","M","?","$","?","R","E","M","T","E","R","M","?","M","R","BOSS","M","?","?","?","?","E","R","?","T","M","E","M","R","?","R","BOSS","M","?","?","?","?","E","$","?","T","E","R","E","$","M","R","BOSS","BOSS","R","$","E","BOSS"],"items_purchased_type":["Card","Card","Card","Relic","Relic","Relic","Card","Card","Relic","Card","Relic","Card","Card","Card","Card","Card","Relic","Card","Potion","Card"],"build_version":"2020-12-22","purchased_purges":2,"victory":true,"max_hp_per_floor":[71,71,71,71,71,71,71,71,71,71,71,71,71,71,71,71,71,71,71,71,71,71,71,71,71,71,71,71,71,71,71,71,71,71,71,71,71,71,83,83,90,90,90,90,90,90,90,90,90,90,90,90,90,90,90,90],"relic_stats":{"Darkstone Periapt":12,"Lee\u0027s Waffle":74,"counters":[24,126],"Bag of Preparation":[1],"MawBank":156,"Question Card":4,"Cables":[30,21,9,0,0],"OrangePellets":[7],"Ornamental Fan":[16],"Bird Faced Urn":[97],"Pantograph":11,"Snecko Eye":[91,94,84,107],"MealTicket":14,"obtain_stats":[{"Darkstone Periapt":26,"Enchiridion":19,"Spirit Poop":42,"Bag of Preparation":55,"Matryoshka":9,"Pantograph":41,"Toolbox":47,"MealTicket":44,"Fusion Hammer":17,"Toxic Egg 2":7,"Cracked Core":0,"Potion Belt":21,"Girya":10,"Lee\u0027s Waffle":41,"NeowsBlessing":0,"The Courier":23,"MawBank":28,"Question Card":41,"White Beast Statue":43,"Cables":46,"OrangePellets":54,"Ornamental Fan":21,"Bird Faced Urn":41,"Snecko Eye":34,"FossilizedHelix":13,"Toy Ornithopter":40},{"Darkstone Periapt":11,"Enchiridion":9,"Spirit Poop":17,"Bag of Preparation":23,"Matryoshka":4,"Pantograph":17,"Toolbox":19,"MealTicket":18,"Fusion Hammer":8,"Toxic Egg 2":3,"Cracked Core":0,"Potion Belt":9,"Girya":5,"Lee\u0027s Waffle":17,"NeowsBlessing":0,"The Courier":10,"MawBank":13,"Question Card":17,"White Beast Statue":17,"Cables":19,"OrangePellets":22,"Ornamental Fan":9,"Bird Faced Urn":17,"Snecko Eye":15,"FossilizedHelix":6,"Toy Ornithopter":17},{"Darkstone Periapt":42,"Enchiridion":34,"Spirit Poop":78,"Bag of Preparation":118,"Matryoshka":6,"Pantograph":78,"Toolbox":93,"MealTicket":85,"Fusion Hammer":30,"Toxic Egg 2":3,"Cracked Core":0,"Potion Belt":34,"Girya":12,"Lee\u0027s Waffle":78,"NeowsBlessing":0,"The Courier":38,"MawBank":50,"Question Card":78,"White Beast Statue":78,"Cables":93,"OrangePellets":112,"Ornamental Fan":34,"Bird Faced Urn":78,"Snecko Eye":65,"FossilizedHelix":14,"Toy Ornithopter":78}],"Toy Ornithopter":5},"card_choices":[{"not_picked":["Hologram","Reprogram"],"picked":"Static Discharge","floor":1.0},{"not_picked":["Turbo","Reprogram","Double Energy"],"picked":"SKIP","floor":2.0},{"not_picked":["Go for the Eyes","Steam+1"],"picked":"Stack+1","floor":7.0},{"not_picked":["Leap+1","Meteor Strike"],"picked":"Conserve Battery+1","floor":8.0},{"not_picked":["Rip and Tear","Turbo+1"],"picked":"Tempest+1","floor":10.0},{"not_picked":["Hologram+1","Auto Shields+1"],"picked":"Coolheaded+1","floor":12.0},{"not_picked":["Stack+1","Ball Lightning"],"picked":"Barrage","floor":14.0},{"not_picked":["Meteor Strike","All For One"],"picked":"Biased Cognition","floor":16.0},{"not_picked":["Rip and Tear","Steam+1"],"picked":"Stack+1","floor":18.0},{"not_picked":["Auto Shields+1","Ball Lightning"],"picked":"Reboot+1","floor":23.0},{"not_picked":["Rebound","Gash"],"picked":"Heatsinks","floor":25.0},{"not_picked":["Leap+1","Steam Power+1"],"picked":"Genetic Algorithm+1","floor":27.0},{"not_picked":["Gash","Multi-Cast+1"],"picked":"Glacier+1","floor":28.0},{"not_picked":["Steam Power+1","Redo+1"],"picked":"Undo+1","floor":29.0},{"not_picked":["Seek+1","Machine Learning"],"picked":"Echo Form","floor":33.0},{"not_picked":["Rip and Tear","Melter+1","Go for the Eyes"],"picked":"SKIP","floor":35.0},{"not_picked":["Mind Blast","Blind+1"],"picked":"Impatience+1","floor":38.0},{"not_picked":["Transmutation+1","Dramatic Entrance"],"picked":"Deep Breath+1","floor":38.0},{"not_picked":["Finesse+1","Bandage Up+1"],"picked":"Chrysalis+1","floor":38.0},{"not_picked":["Lockon","Barrage"],"picked":"Undo+1","floor":40.0},{"not_picked":["Conserve Battery+1","Go for the Eyes","Scrape+1"],"picked":"Loop+1","floor":44.0},{"not_picked":["Rebound+1","Gash+1","Sweeping Beam"],"picked":"Double Energy+1","floor":46},{"not_picked":["Ball Lightning","Leap+1","Stack+1"],"picked":"Hello World+1","floor":48},{"not_picked":["Steam+1","Stack+1","Go for the Eyes","Redo+1"],"picked":"SKIP","floor":55}],"player_experience":1455314,"relics_obtained":[{"floor":7.0,"key":"Toxic Egg 2"},{"floor":9.0,"key":"Matryoshka"},{"floor":10.0,"key":"Girya"},{"floor":19.0,"key":"Enchiridion"},{"floor":21.0,"key":"Ornamental Fan"},{"floor":21.0,"key":"Potion Belt"},{"floor":23.0,"key":"The Courier"},{"floor":26.0,"key":"Darkstone Periapt"},{"floor":28.0,"key":"MawBank"},{"floor":40.0,"key":"Toy Ornithopter"},{"floor":43.0,"key":"White Beast Statue"},{"floor":44.0,"key":"MealTicket"},{"floor":46,"key":"Cables"},{"floor":55,"key":"Bag of Preparation"}],"event_choices":[{"damage_healed":0.0,"max_hp_gain":0.0,"max_hp_loss":0.0,"gold_gain":150.0,"event_name":"Liars Game","player_choice":"AGREE","floor":3.0,"gold_loss":0.0,"damage_taken":0.0,"cards_obtained":["Doubt"]},{"damage_healed":0.0,"max_hp_gain":0.0,"max_hp_loss":0.0,"gold_gain":75.0,"event_name":"World of Goop","player_choice":"Gather Gold","floor":5.0,"gold_loss":0.0,"damage_taken":11.0},{"damage_healed":0.0,"max_hp_gain":0.0,"max_hp_loss":0.0,"gold_gain":0.0,"event_name":"Scrap Ooze","player_choice":"Success","floor":13.0,"gold_loss":0.0,"damage_taken":18.0,"relics_obtained":["FossilizedHelix"]},{"damage_healed":0.0,"max_hp_gain":0.0,"max_hp_loss":0.0,"gold_gain":0.0,"event_name":"Cursed Tome","player_choice":"Obtained Book","floor":19.0,"gold_loss":0.0,"damage_taken":21.0},{"cards_removed":["Strike_B"],"damage_healed":0.0,"max_hp_gain":0.0,"max_hp_loss":0.0,"gold_gain":0.0,"event_name":"Beggar","player_choice":"Gave Gold","floor":20.0,"gold_loss":75.0,"damage_taken":0.0},{"cards_removed":["Strike_B"],"damage_healed":0.0,"max_hp_gain":0.0,"max_hp_loss":0.0,"gold_gain":0.0,"event_name":"Back to Basics","player_choice":"Elegance","floor":22.0,"gold_loss":0.0,"damage_taken":0.0},{"damage_healed":0.0,"max_hp_gain":0.0,"max_hp_loss":0.0,"gold_gain":0.0,"event_name":"Accursed Blacksmith","player_choice":"Forge","floor":31.0,"gold_loss":0.0,"damage_taken":0.0,"cards_upgraded":["Biased Cognition"]},{"damage_healed":0.0,"max_hp_gain":0.0,"max_hp_loss":0.0,"gold_gain":0.0,"event_name":"Tomb of Lord Red Mask","player_choice":"Ignored","floor":36.0,"gold_loss":0.0,"damage_taken":0.0},{"cards_removed":["Strike_B"],"damage_healed":0.0,"max_hp_gain":0.0,"max_hp_loss":0.0,"gold_gain":0.0,"event_name":"Falling","player_choice":"Removed Attack","floor":37.0,"gold_loss":0.0,"damage_taken":0.0},{"damage_healed":0.0,"max_hp_gain":0.0,"max_hp_loss":0.0,"gold_gain":0.0,"event_name":"SensoryStone","player_choice":"Memory 3","floor":38.0,"gold_loss":0.0,"damage_taken":10.0},{"damage_healed":0.0,"max_hp_gain":0.0,"max_hp_loss":0.0,"gold_gain":999.0,"event_name":"MindBloom","player_choice":"Gold","floor":39.0,"gold_loss":0.0,"damage_taken":0.0,"cards_obtained":["Normality","Normality"]},{"cards_removed":["Normality"],"damage_healed":0.0,"max_hp_gain":0.0,"max_hp_loss":0.0,"gold_gain":0.0,"event_name":"Bonfire Elementals","player_choice":"Offered Curse","floor":42.0,"gold_loss":0.0,"damage_taken":0.0,"relics_obtained":["Spirit Poop"]}],"is_beta":false,"boss_relics":[{"not_picked":["Philosopher\u0027s Stone","Astrolabe"],"picked":"Fusion Hammer"},{"not_picked":["FrozenCore","Runic Dome"],"picked":"Snecko Eye"}],"items_purged_floors":[4,41],"is_endless":false,"potions_floor_spawned":[7,8,10,14,25,27,29,33,44,46,48,55],"ascension_level":20}}