{"host":"h2977v3ax51ohsow","time":1612160171,"event":{"mods":["Act Like it!","BaseMod","Colored Powertips","Gensokyo","Koishi","Lobotomy","Marisa£®ÏF”Í°°ƒß¿Ì…≥£©","Minty Spire (QoL Compilation)","Remilia£®¿Ÿ√◊¿Ú—«£©","Shop Mod","StSLib","The Bug Knight","The Servant 0.9.4"],"gold_per_floor":[114,114,126,11,27,52,52,287,287,302,2,2,2,12,12,112,112,112],"floor_reached":17,"language":"ZHS","playtime":864,"items_purged":[],"score":172,"play_id":"eecb2394-b8a1-4ff7-ae1a-aab42dae4468","local_time":"20210201141611","is_ascension_mode":true,"campfire_choices":[{"floor":7,"key":"REST"},{"floor":15,"key":"REST"}],"circlet_count":0,"master_deck":["HollowMod:NailStrikeStart","HollowMod:NailStrikeStart","HollowMod:NailStrikeStart","HollowMod:NailStrikeStart","HollowMod:QuickDashStart","HollowMod:QuickDashStart","HollowMod:QuickDashStart","HollowMod:PogoStrike","HollowMod:SharpenedShadows","HollowMod:CycloneSlash","HollowMod:SiblingsSouls","HollowMod:NewLastStag","Injury","HollowMod:DashSlash","HollowMod:SlysStrikes"],"relics":["Busted Crown","Toy Ornithopter","StoneCalendar","Unceasing Top","Gambling Chip","Black Star"],"acts_visited":["Gensokyo:Gensokyo","TheCity"],"potions_floor_usage":[8],"damage_taken":[{"damage":1,"enemies":"Gensokyo:2_Kodama","floor":1,"turns":3},{"damage":0,"enemies":"Gensokyo:3_Fairies","floor":3,"turns":4},{"damage":6,"enemies":"Gensokyo:Gryphon","floor":5,"turns":4},{"damage":40,"enemies":"Gensokyo:Aya","floor":6,"turns":9},{"damage":2,"enemies":"Gensokyo:Cirno","floor":8,"turns":5},{"damage":6,"enemies":"Gensokyo:2_Rabbits","floor":10,"turns":4},{"damage":0,"enemies":"Gensokyo:CorruptedTreant","floor":14,"turns":4},{"damage":32,"enemies":"Gensokyo:Reimu","floor":16,"turns":10}],"seed_played":"-3809248648152565296","potions_obtained":[{"floor":1,"key":"Weak Potion"},{"floor":5,"key":"Explosive Potion"},{"floor":8,"key":"SpeedPotion"},{"floor":16,"key":"Strength Potion"}],"is_trial":false,"path_per_floor":["M","$","M","COS","M","E","R","E","T","M","?","?","?","M","R","B",null],"character_chosen":"THE_BUGKNIGHT","items_purchased":[],"campfire_rested":2,"item_purchase_floors":[],"current_hp_per_floor":[74,74,74,74,68,28,50,53,53,47,47,32,32,32,54,22,75,75],"gold":112,"neow_bonus":"BOSS_RELIC","is_daily":false,"chose_seed":false,"campfire_upgraded":0,"win_rate":0.0,"timestamp":1612160171,"path_taken":["M","$","M","COS","M","E","R","E","T","M","?","?","?","M","R","BOSS"],"items_purchased_type":[],"build_version":"2020-12-22","purchased_purges":0,"victory":false,"max_hp_per_floor":[75,75,75,75,75,75,75,75,75,75,75,75,75,75,75,75,75,75],"card_choices":[{"not_picked":[],"picked":"HollowMod:SharpenedShadows","floor":1},{"not_picked":[],"picked":"HollowMod:CycloneSlash","floor":3},{"not_picked":["HollowMod:CrystalDash"],"picked":"SKIP","floor":5},{"not_picked":["HollowMod:HowlingWraiths"],"picked":"SKIP","floor":6},{"not_picked":[],"picked":"HollowMod:SiblingsSouls","floor":8},{"not_picked":["HollowMod:InfectedAttack"],"picked":"SKIP","floor":10},{"not_picked":[],"picked":"HollowMod:DashSlash","floor":14},{"not_picked":[],"picked":"HollowMod:SlysStrikes","floor":16}],"player_experience":116334,"relics_obtained":[{"floor":6,"key":"Toy Ornithopter"},{"floor":8,"key":"StoneCalendar"}],"event_choices":[],"is_beta":false,"boss_relics":[{"not_picked":["Coffee Dripper","Runic Pyramid"],"picked":"Black Star"}],"items_purged_floors":[],"is_endless":false,"potions_floor_spawned":[1,5,8,16],"ascension_level":1}}