{"host":"4frmwgfdu3ku469n","time":1612206192,"event":{"mods":["BaseMod","Minty Spire (QoL Compilation)","StSLib"],"gold_per_floor":[111,128,144,163,174,174,202,215,240,540,540,15,15,34,34,139,139,156,156,156,156,81,81,96,96,96,125,125,125,125],"floor_reached":29,"language":"ZHS","playtime":869,"items_purged":["Strike_R"],"score":294,"play_id":"e78c5517-0acc-446d-bedd-a8f2a423b011","local_time":"20210202030312","is_ascension_mode":true,"campfire_choices":[{"data":"Armaments","floor":6.0,"key":"SMITH"},{"floor":11.0,"key":"REST"},{"floor":13.0,"key":"REST"},{"data":"Apotheosis","floor":15.0,"key":"SMITH"},{"floor":23,"key":"REST"},{"data":"Spot Weakness","floor":25,"key":"SMITH"}],"circlet_count":0,"master_deck":["Strike_R","Strike_R","Strike_R","Strike_R","Defend_R","Defend_R","Defend_R","Defend_R","Bash","Sever Soul","Shrug It Off","Armaments+1","Battle Trance","Apotheosis+1","Reckless Charge","Core Surge","Spot Weakness+1","Acrobatics"],"relics":["Burning Blood","Happy Flower","Juzu Bracelet","Centennial Puzzle","Old Coin","PrismaticShard","Regal Pillow","SlaversCollar","MutagenicStrength","Nilry\u0027s Codex","Blue Candle","Oddly Smooth Stone"],"acts_visited":["TheCity"],"potions_floor_usage":[16,16,21,27],"damage_taken":[{"damage":6.0,"enemies":"Cultist","floor":1.0,"turns":4.0},{"damage":3.0,"enemies":"Small Slimes","floor":2.0,"turns":3.0},{"damage":7.0,"enemies":"Jaw Worm","floor":3.0,"turns":2.0},{"damage":9.0,"enemies":"Looter","floor":4.0,"turns":3.0},{"damage":9.0,"enemies":"2 Fungi Beasts","floor":5.0,"turns":3.0},{"damage":47.0,"enemies":"Lagavulin","floor":7.0,"turns":6.0},{"damage":0.0,"enemies":"3 Louse","floor":8.0,"turns":3.0},{"damage":9.0,"enemies":"Exordium Wildlife","floor":14.0,"turns":6.0},{"damage":19,"enemies":"Hexaghost","floor":16,"turns":9},{"damage":33,"enemies":"Shell Parasite","floor":18,"turns":6},{"damage":0,"enemies":"2 Thieves","floor":21,"turns":1},{"damage":14,"enemies":"Snecko","floor":24,"turns":7},{"damage":21,"enemies":"Book of Stabbing","floor":27,"turns":5},{"damage":26,"enemies":"Colosseum Slavers","floor":28,"turns":3},{"damage":45,"enemies":"Sentry and Sphere","floor":29,"turns":7}],"seed_played":"2518105990406796275","potions_obtained":[{"floor":2.0,"key":"SmokeBomb"},{"floor":3.0,"key":"SteroidPotion"},{"floor":8.0,"key":"EssenceOfSteel"},{"floor":24,"key":"Block Potion"}],"is_trial":false,"path_per_floor":["M","M","M","M","M","R","E","M","T","?","R","$","R","M","R","B",null,"M","?","?","M","$","R","M","R","T","E","?","M"],"character_chosen":"IRONCLAD","items_purchased":["Apotheosis","PrismaticShard","PowerPotion","Regal Pillow"],"campfire_rested":3,"item_purchase_floors":[12,12,12,12],"current_hp_per_floor":[80,80,79,76,73,73,32,38,38,13,37,37,76,73,73,60,80,53,53,37,43,43,80,72,72,72,57,37,0,0],"gold":125,"neow_bonus":"RANDOM_COMMON_RELIC","is_daily":false,"chose_seed":false,"campfire_upgraded":3,"win_rate":0.0,"timestamp":1612206192,"path_taken":["M","M","M","M","?","R","E","M","T","?","R","$","R","M","R","BOSS","M","?","?","M","$","R","M","R","T","E","?","M"],"items_purchased_type":["Card","Relic","Potion","Relic"],"build_version":"2020-12-22","purchased_purges":1,"victory":false,"max_hp_per_floor":[80,80,80,80,80,80,80,80,80,80,80,80,80,80,80,80,80,80,80,80,80,80,80,80,80,80,80,80,80,80],"card_choices":[{"not_picked":["True Grit","Clash"],"picked":"Sever Soul","floor":1.0},{"not_picked":["Warcry","Infernal Blade","Flex"],"picked":"SKIP","floor":2.0},{"not_picked":["Sword Boomerang","Disarm"],"picked":"Shrug It Off","floor":3.0},{"not_picked":["Sentinel","Iron Wave","Fire Breathing"],"picked":"SKIP","floor":4.0},{"not_picked":["Clothesline","Havoc"],"picked":"Armaments","floor":5.0},{"not_picked":["Rupture","Iron Wave"],"picked":"Battle Trance","floor":7.0},{"not_picked":["Pummel","Clash","Evolve"],"picked":"SKIP","floor":8.0},{"not_picked":["Choke","Tactician"],"picked":"Reckless Charge","floor":14.0},{"not_picked":["Fiend Fire","Phantasmal Killer"],"picked":"Core Surge","floor":16},{"not_picked":["Shockwave+1","Beam Cell","Stack"],"picked":"SKIP","floor":18},{"not_picked":["FollowUp","Armaments"],"picked":"Spot Weakness","floor":24},{"not_picked":["Dagger Throw","Redo"],"picked":"Acrobatics","floor":27}],"player_experience":667360,"relics_obtained":[{"floor":7.0,"key":"Juzu Bracelet"},{"floor":9.0,"key":"Centennial Puzzle"},{"floor":20,"key":"Nilry\u0027s Codex"},{"floor":26,"key":"Blue Candle"},{"floor":27,"key":"Oddly Smooth Stone"}],"event_choices":[{"damage_healed":0.0,"max_hp_gain":0.0,"max_hp_loss":0.0,"gold_gain":0.0,"event_name":"Scrap Ooze","player_choice":"Success","floor":10.0,"gold_loss":0.0,"damage_taken":25.0,"relics_obtained":["Old Coin"]},{"damage_healed":0,"gold_gain":0,"player_choice":"Inject Mutagens","damage_taken":0,"relics_obtained":["MutagenicStrength"],"max_hp_gain":0,"max_hp_loss":0,"event_name":"Drug Dealer","floor":19,"gold_loss":0},{"damage_healed":0,"gold_gain":0,"player_choice":"Obtained Book","damage_taken":16,"max_hp_gain":0,"max_hp_loss":0,"event_name":"Cursed Tome","floor":20,"gold_loss":0},{"damage_healed":0,"gold_gain":0,"player_choice":"Fight","damage_taken":0,"max_hp_gain":0,"max_hp_loss":0,"event_name":"Colosseum","floor":28,"gold_loss":0},{"damage_healed":0,"gold_gain":0,"player_choice":"Fled From Nobs","damage_taken":0,"max_hp_gain":0,"max_hp_loss":0,"event_name":"Colosseum","floor":28,"gold_loss":0}],"is_beta":false,"boss_relics":[{"not_picked":["Runic Dome","Cursed Key"],"picked":"SlaversCollar"}],"items_purged_floors":[22],"is_endless":false,"potions_floor_spawned":[2,3,8,14,24,28],"killed_by":"Sentry and Sphere","ascension_level":4}}