{"host":"bxn2em57qlx5u4i0","time":1612155140,"event":{"mods":["BaseMod","Colored Map","Colored Powertips","Highlight Path","Minty Spire (QoL Compilation)","Random Character Button","Relic Sorter","Relic Stats","StSLib","SuperFastMode"],"gold_per_floor":[369,369,100,124,124,164,164,164,164],"floor_reached":8,"language":"ENG","playtime":164,"items_purged":["Strike_G"],"score":108,"play_id":"fdae1734-8824-4ad3-862d-6bd2f474cc61","local_time":"20210131235220","is_ascension_mode":true,"campfire_choices":[],"circlet_count":0,"master_deck":["AscendersBane","Strike_G","Strike_G","Strike_G","Strike_G","Defend_G","Defend_G","Defend_G","Defend_G","Defend_G","Survivor","Neutralize","Dagger Spray","Crippling Poison","Quick Slash","Dodge and Roll","A Thousand Cuts+1"],"relics":["Ring of the Snake","Golden Idol","Tiny Chest"],"acts_visited":["Exordium"],"potions_floor_usage":[6,6],"damage_taken":[{"damage":0,"enemies":"2 Louse","floor":1,"turns":4},{"damage":9,"enemies":"Small Slimes","floor":4,"turns":4},{"damage":31,"enemies":"Gremlin Nob","floor":6,"turns":5},{"damage":32,"enemies":"Lagavulin","floor":8,"turns":7}],"seed_played":"762985611040570040","potions_obtained":[{"floor":4,"key":"SpeedPotion"}],"is_trial":false,"path_per_floor":["M","?","$","M","?","E","?","E"],"character_chosen":"THE_SILENT","items_purchased":["Crippling Poison","Poison Potion","Quick Slash"],"campfire_rested":0,"item_purchase_floors":[3,3,3],"current_hp_per_floor":[59,54,54,45,50,19,19,0,0],"gold":164,"neow_bonus":"TWO_FIFTY_GOLD","is_daily":false,"chose_seed":false,"campfire_upgraded":0,"win_rate":0.0,"timestamp":1612155140,"path_taken":["M","?","$","M","?","E","?","E"],"items_purchased_type":["Card","Potion","Card"],"build_version":"2020-12-22","purchased_purges":1,"victory":false,"max_hp_per_floor":[60,54,54,54,59,59,59,59,59],"relic_stats":{"counters":[4,20],"Golden Idol":13,"Tiny Chest":0,"obtain_stats":[{"Golden Idol":2,"Tiny Chest":6,"Ring of the Snake":0},{"Golden Idol":1,"Tiny Chest":3,"Ring of the Snake":0},{"Golden Idol":4,"Tiny Chest":13,"Ring of the Snake":0}],"Ring of the Snake":[8]},"card_choices":[{"not_picked":["Slice","Prepared"],"picked":"Dagger Spray","floor":1},{"not_picked":["Acrobatics","Slice"],"picked":"Dodge and Roll","floor":4},{"not_picked":["Dagger Throw","Flying Knee"],"picked":"A Thousand Cuts","floor":6}],"player_experience":2984171,"relics_obtained":[{"floor":6,"key":"Tiny Chest"}],"event_choices":[{"damage_healed":0,"gold_gain":0,"player_choice":"Lose Max HP","damage_taken":0,"relics_obtained":["Golden Idol"],"max_hp_gain":0,"max_hp_loss":6,"event_name":"Golden Idol","floor":2,"gold_loss":0},{"damage_healed":0,"gold_gain":0,"player_choice":"Donut","damage_taken":0,"max_hp_gain":5,"max_hp_loss":0,"event_name":"Big Fish","floor":5,"gold_loss":0},{"damage_healed":0,"gold_gain":0,"player_choice":"Grow","damage_taken":0,"max_hp_gain":0,"max_hp_loss":0,"event_name":"Living Wall","floor":7,"gold_loss":0,"cards_upgraded":["A Thousand Cuts"]}],"is_beta":false,"boss_relics":[],"items_purged_floors":[3],"is_endless":false,"potions_floor_spawned":[4],"killed_by":"Lagavulin","ascension_level":20}}