{"host":"xp5rvh2jwe2ejyfm","time":1612193596,"event":{"mods":["Aspiration","BaseMod","BetterRewards","Colored Powertips","Conspire","Downfall","Duelist Mod","GifTheSpireLib","Gremlin Mod","Hermit","Hubris","Minty Spire (QoL Compilation)","Robot Space Explorer","StSLib","The Blackbeard","The Clintock","The Construct","The Cursed","The Disciple","The Forsaken","The Hierophant","The Necromancer","The Runesmith","The Servant 0.9.4"],"gold_per_floor":[117,127,127,143,156,183,183,68,68,79,111,111,127,145,145,246,246,257,257,274,292,76,76,76],"floor_reached":23,"language":"ENG","playtime":1360,"items_purged":[],"score":205,"play_id":"d0b91c23-dfaf-41ca-9ef7-87bb0d92383d","local_time":"20210201103316","is_ascension_mode":false,"campfire_choices":[{"floor":12,"key":"RECALL"},{"floor":15,"key":"REST"}],"circlet_count":0,"master_deck":["TheCursedMod:Strike_TheCursed","TheCursedMod:Strike_TheCursed","TheCursedMod:Strike_TheCursed","TheCursedMod:Strike_TheCursed","TheCursedMod:Defend_TheCursed","TheCursedMod:Defend_TheCursed","TheCursedMod:Defend_TheCursed","TheCursedMod:Defend_TheCursed","TheCursedMod:CursedWand","TheCursedMod:CleanUpWorkshop","TheCursedMod:Dregs","TheCursedMod:CursedBlade","TheCursedMod:CircleOfBlood","TheCursedMod:VitalStrike","TheCursedMod:Obscuration","TheCursedMod:EmpowerCircles","TheCursedMod:CursedStaff","TheCursedMod:SpitefulPlan","TheCursedMod:SoulReap","TheCursedMod:CircleOfFlame","TheCursedMod:LuckyCharm","TheCursedMod:OutForBlood","TheCursedMod:SpreadPlague","TheCursedMod:CircleOfFlame","TheCursedMod:StingEye","TheCursedMod:HellfireBreathing","TheCursedMod:LuckyCharm","TheCursedMod:SpitefulPlan","TheCursedMod:CircleOfCorruption","TheCursedMod:VitalStrike","TheCursedMod:AbyssShockwave"],"relics":["TheCursedMod:BlackMagic101","aspiration:Nostalgia","hexamod:SpiritBrand","Mango","Dead Branch","hubris:PeanutButter","White Beast Statue","Fusion Hammer","Orrery"],"acts_visited":["Exordium","TheCity"],"potions_floor_usage":[11,16,16,16,20,23],"damage_taken":[{"damage":0,"enemies":"Small Slimes","floor":1,"turns":4},{"damage":1,"enemies":"Cultist","floor":2,"turns":4},{"damage":4,"enemies":"2 Louse","floor":4,"turns":2},{"damage":11,"enemies":"Lots of Slimes","floor":5,"turns":4},{"damage":26,"enemies":"3 Sentries","floor":6,"turns":8},{"damage":0,"enemies":"3 Louse","floor":10,"turns":3},{"damage":25,"enemies":"Gremlin Nob","floor":11,"turns":5},{"damage":0,"enemies":"Blue Slaver","floor":13,"turns":3},{"damage":0,"enemies":"2 Fungi Beasts","floor":14,"turns":2},{"damage":44,"enemies":"The Guardian","floor":16,"turns":12},{"damage":12,"enemies":"Shell Parasite","floor":18,"turns":4},{"damage":22,"enemies":"2 Thieves","floor":20,"turns":3},{"damage":44,"enemies":"Snake Plant","floor":21,"turns":4},{"damage":12,"enemies":"Slavers","floor":23,"turns":2}],"seed_played":"8430464575337477370","potions_obtained":[{"floor":2,"key":"BlessingOfTheForge"},{"floor":5,"key":"construct:ShiftPotion"},{"floor":11,"key":"Block Potion"},{"floor":13,"key":"FearPotion"},{"floor":14,"key":"hexamod:SoulburnPotion"},{"floor":16,"key":"BlessingOfTheForge"},{"floor":18,"key":"Dexterity Potion"},{"floor":20,"key":"Guardian:BlockOnCardUsePotion"},{"floor":21,"key":"SteroidPotion"}],"is_trial":false,"path_per_floor":["M","M","?","M","M","E","$","$","T","M","E","R","M","M","R","B",null,"M","?","M","M","$","E"],"character_chosen":"THE_CURSED","items_purchased":["Dead Branch","TheCursedMod:EmpowerCircles","TheCursedMod:CursedStaff","TheCursedMod:HellfireBreathing","Orrery"],"campfire_rested":1,"item_purchase_floors":[7,8,8,22,22],"current_hp_per_floor":[75,74,75,71,64,56,35,35,35,39,20,20,29,31,57,22,89,77,77,62,25,25,13,13],"gold":76,"neow_bonus":"NOSTALGIA","is_daily":false,"chose_seed":false,"campfire_upgraded":0,"win_rate":0.0,"timestamp":1612193596,"path_taken":["M","M","?","M","?","E","?","$","T","M","E","R","M","M","R","BOSS","M","?","M","M","$","E"],"items_purchased_type":["Relic","Card","Card","Card","Relic"],"build_version":"2020-12-22","purchased_purges":0,"victory":false,"max_hp_per_floor":[75,75,75,75,75,89,89,89,89,89,89,89,89,89,89,89,89,89,89,89,89,89,89,89],"card_choices":[{"not_picked":["TheCursedMod:FleshFromBone","TheCursedMod:RavingStaff"],"picked":"TheCursedMod:CursedBlade","floor":1},{"not_picked":["TheCursedMod:SurpriseAttack","TheCursedMod:Torture"],"picked":"TheCursedMod:Stigma","floor":2},{"not_picked":["TheCursedMod:FleshFromBone","TheCursedMod:TacticalStrike"],"picked":"TheCursedMod:CircleOfBlood","floor":4},{"not_picked":["TheCursedMod:PrepareRite","TheCursedMod:RavingStaff"],"picked":"TheCursedMod:VitalStrike","floor":5},{"not_picked":["TheCursedMod:Torture","TheCursedMod:LuckyCharm"],"picked":"TheCursedMod:Obscuration","floor":6},{"not_picked":["TheCursedMod:Stigma","TheCursedMod:DoubleShield"],"picked":"TheCursedMod:SpitefulPlan","floor":10},{"not_picked":["TheCursedMod:FleshFromBone","TheCursedMod:CursedSpellbook"],"picked":"TheCursedMod:SoulReap","floor":11},{"not_picked":["TheCursedMod:CircleOfCorruption","TheCursedMod:SmokeScreen"],"picked":"TheCursedMod:CircleOfFlame","floor":13},{"not_picked":["TheCursedMod:CursedMace","TheCursedMod:CursedAmulet"],"picked":"TheCursedMod:LuckyCharm","floor":14},{"not_picked":["TheCursedMod:VoidForm","TheCursedMod:DarkBarrier"],"picked":"TheCursedMod:OutForBlood","floor":16},{"not_picked":["TheCursedMod:LuckyCharm","TheCursedMod:WearCloak+1"],"picked":"TheCursedMod:SpreadPlague","floor":18},{"not_picked":["TheCursedMod:ManaBullet","TheCursedMod:PrepareRite"],"picked":"TheCursedMod:CircleOfFlame","floor":20},{"not_picked":["TheCursedMod:LuckyCharm","TheCursedMod:CircleOfCorruption"],"picked":"TheCursedMod:StingEye","floor":21},{"not_picked":["TheCursedMod:CursedMace","TheCursedMod:Obscuration"],"picked":"TheCursedMod:LuckyCharm","floor":22},{"not_picked":["TheCursedMod:DoubleShield+1","TheCursedMod:CircleOfFocus+1"],"picked":"TheCursedMod:SpitefulPlan","floor":22},{"not_picked":["TheCursedMod:CursedSpellbook+1","TheCursedMod:Torture"],"picked":"TheCursedMod:CircleOfCorruption","floor":22},{"not_picked":["TheCursedMod:SpitefulStrike","TheCursedMod:Stigma"],"picked":"TheCursedMod:VitalStrike","floor":22},{"not_picked":["TheCursedMod:CursedBoomerang","TheCursedMod:ManaBullet+1"],"picked":"TheCursedMod:AbyssShockwave","floor":22}],"player_experience":379097,"relics_obtained":[{"floor":6,"key":"Mango"},{"floor":9,"key":"hubris:PeanutButter"},{"floor":11,"key":"White Beast Statue"}],"event_choices":[{"cards_removed":["TheCursedMod:Stigma"],"damage_healed":5,"gold_gain":0,"player_choice":"Offered Common","damage_taken":0,"max_hp_gain":0,"max_hp_loss":0,"event_name":"Bonfire Elementals","floor":3,"gold_loss":0},{"cards_removed":["TheCursedMod:Stigma"],"damage_healed":5,"gold_gain":0,"player_choice":"Offered Special","damage_taken":0,"max_hp_gain":0,"max_hp_loss":0,"event_name":"Bonfire Elementals","floor":3,"gold_loss":0}],"is_beta":false,"boss_relics":[{"not_picked":["conspire:RoyalGoblet","Runic Pyramid"],"picked":"Fusion Hammer"}],"items_purged_floors":[],"is_endless":false,"potions_floor_spawned":[2,5,11,13,14,16,18,20,21],"killed_by":"Slavers","ascension_level":0}}