{"host":"4k1o517shm2ba6vh","time":1612192670,"event":{"mods":["AchievementEnabler","BaseMod","Downfall","Minty Spire (QoL Compilation)","Smile Girya","StSLib","The Poker Player","everything is the same but u backflip on backflip"],"gold_per_floor":[110,124,124,124,144,169,179,179,179,195,230,246,258,292,292,365,365,384,344,361,361,25,54,67,92,146,162,162,192,205,220,220,299,299,316,147,147,147,70,105,105,135,204,221,221,238,40,56,56,56,56,56,4,34,34,34],"floor_reached":55,"language":"ENG","playtime":4038,"items_purged":["downfall:Bewildered","Apotheosis+1"],"score":1372,"play_id":"fafa646b-3b8d-4bd2-a27f-a7c516dec0bd","local_time":"20210201091750","is_ascension_mode":true,"campfire_choices":[{"data":"1","floor":8.0,"key":"LIFT"},{"data":"2","floor":15.0,"key":"LIFT"},{"data":"3","floor":28.0,"key":"LIFT"},{"data":"Neutralize","floor":32.0,"key":"SMITH"},{"data":"Dash","floor":41,"key":"SMITH"},{"floor":45,"key":"RECALL"},{"data":"Dagger Spray","floor":49,"key":"SMITH"},{"floor":52,"key":"REST"}],"circlet_count":0,"master_deck":["AscendersBane","Survivor+1","Neutralize+1","Sucker Punch","Backflip+1","Dash+1","Dagger Spray+1","Quick Slash","Bouncing Flask+1","Catalyst+1","Deflect+1","Malaise+1","PiercingWail+1","Well Laid Plans+1","Deadly Poison+1","Footwork+1","Backflip+1","Infinite Blades+1","Venomology+1","Blade Dance+1","Prepared+1","Madness+1","Madness+1","Madness+1","Noxious Fumes+1","PiercingWail+1","Terror+1","Corpse Explosion+1","Blade Dance+1","Prepared+1"],"relics":["Ring of the Snake","Incense Burner","Girya","Toxic Egg 2","Pantograph","Frozen Egg 2","Pandora\u0027s Box","sneckomod:BabySnecko","Meat on the Bone","Letter Opener","War Paint","Bottled Flame","Black Star","Oddly Smooth Stone","Potion Belt","Blood Vial","MealTicket","Pear","Membership Card","Lizard Tail","Orichalcum"],"acts_visited":["TheCity","TheBeyond","TheEnding"],"potions_floor_usage":[35,40,40,42,46,48,50,50,50,50,53,55,55,55],"damage_taken":[{"damage":5.0,"enemies":"Small Slimes","floor":1.0,"turns":7.0},{"damage":4.0,"enemies":"Jaw Worm","floor":2.0,"turns":6.0},{"damage":0.0,"enemies":"Cultist","floor":5.0,"turns":5.0},{"damage":15.0,"enemies":"3 Sentries","floor":6.0,"turns":13.0},{"damage":1.0,"enemies":"2 Fungi Beasts","floor":7.0,"turns":4.0},{"damage":0.0,"enemies":"Large Slime","floor":10.0,"turns":5.0},{"damage":9.0,"enemies":"Gremlin Nob","floor":11.0,"turns":5.0},{"damage":0.0,"enemies":"3 Louse","floor":12.0,"turns":2.0},{"damage":14.0,"enemies":"Exordium Thugs","floor":13.0,"turns":5.0},{"damage":6.0,"enemies":"Lagavulin","floor":14.0,"turns":5.0},{"damage":2.0,"enemies":"The Guardian","floor":16.0,"turns":7.0},{"damage":0.0,"enemies":"Spheric Guardian","floor":18.0,"turns":3.0},{"damage":0.0,"enemies":"3 Byrds","floor":20.0,"turns":4.0},{"damage":5.0,"enemies":"Gremlin Leader","floor":23.0,"turns":5.0},{"damage":3.0,"enemies":"Snake Plant","floor":24.0,"turns":4.0},{"damage":11.0,"enemies":"Book of Stabbing","floor":25.0,"turns":4.0},{"damage":0.0,"enemies":"Cultist and Chosen","floor":27.0,"turns":4.0},{"damage":30.0,"enemies":"Gremlin Leader","floor":29.0,"turns":5.0},{"damage":7.0,"enemies":"3 Cultists","floor":30.0,"turns":4.0},{"damage":4.0,"enemies":"Shelled Parasite and Fungi","floor":31.0,"turns":4.0},{"damage":16,"enemies":"Collector","floor":33,"turns":6},{"damage":2,"enemies":"3 Shapes","floor":35,"turns":5},{"damage":18,"enemies":"Reptomancer","floor":40,"turns":4},{"damage":15,"enemies":"Nemesis","floor":42,"turns":5},{"damage":10,"enemies":"3 Darklings","floor":44,"turns":4},{"damage":11,"enemies":"Sphere and 2 Shapes","floor":46,"turns":3},{"damage":1,"enemies":"Jaw Worm Horde","floor":48,"turns":2},{"damage":72,"enemies":"Awakened One","floor":50,"turns":11},{"damage":78,"enemies":"Shield and Spear","floor":54,"turns":6},{"damage":88,"enemies":"The Heart","floor":55,"turns":5}],"seed_played":"-7841112348247976781","potions_obtained":[{"floor":0.0,"key":"GhostInAJar"},{"floor":0.0,"key":"Guardian:BlockOnCardUsePotion"},{"floor":13.0,"key":"Slimebound:ThreeZeroPotion"},{"floor":23.0,"key":"GamblersBrew"},{"floor":25.0,"key":"Dexterity Potion"},{"floor":29.0,"key":"Energy Potion"},{"floor":33,"key":"Strength Potion"},{"floor":40,"key":"Weak Potion"},{"floor":42,"key":"EssenceOfSteel"}],"is_trial":false,"path_per_floor":["M","M","?","T","M","E","M","R","T","M","E","M","M","E","R","B",null,"M","$","M","?","$","E","M","E","T","M","R","E","M","M","R","B",null,"M","$","?","?","$","E","R","E","T","M","R","M","$","M","R","B",null,"R","$","E","B"],"character_chosen":"THE_SILENT","items_purchased":["Well Laid Plans+1","Apotheosis+1","Footwork+1","Oddly Smooth Stone","Prepared+1","Noxious Fumes+1","Membership Card","Fruit Juice"],"campfire_rested":1,"item_purchase_floors":[19,22,22,36,36,39,47,53],"current_hp_per_floor":[54,50,50,50,50,35,34,34,34,34,25,25,11,5,5,28,57,57,57,57,57,57,52,49,38,38,38,38,20,25,33,33,42,60,58,58,46,46,46,40,40,49,49,41,41,44,59,60,60,16,61,76,81,15,0,0],"gold":34,"neow_bonus":"THREE_SMALL_POTIONS","is_daily":false,"chose_seed":false,"campfire_upgraded":3,"win_rate":0.0,"timestamp":1612192670,"path_taken":["M","M","?","?","M","E","M","R","T","M","E","?","?","E","R","BOSS","M","$","M","?","$","E","M","E","T","M","R","E","M","M","R","BOSS","M","$","?","?","$","E","R","E","T","?","R","M","$","M","R","BOSS","R","$","E","BOSS"],"items_purchased_type":["Card","Card","Card","Relic","Card","Card","Relic","Potion"],"build_version":"2020-12-22","purchased_purges":2,"victory":false,"max_hp_per_floor":[66,66,66,66,66,66,66,66,66,66,66,66,66,66,66,66,66,66,66,66,66,66,66,66,66,66,66,66,66,66,66,66,66,66,66,66,66,66,66,66,66,76,76,76,76,76,76,76,76,76,76,76,81,81,81,81],"card_choices":[{"not_picked":["Deadly Poison","Dagger Throw"],"picked":"Sucker Punch","floor":1.0},{"not_picked":["Outmaneuver","Eviscerate"],"picked":"Backflip","floor":2.0},{"not_picked":["Flying Knee","Bouncing Flask"],"picked":"Dash","floor":5.0},{"not_picked":["Malaise","Dagger Throw"],"picked":"Dagger Spray","floor":6.0},{"not_picked":["Prepared","Quick Slash","Bane"],"picked":"SKIP","floor":7.0},{"not_picked":["Prepared","Bane"],"picked":"Quick Slash","floor":7.0},{"not_picked":["Poisoned Stab","Sucker Punch","Quick Slash"],"picked":"SKIP","floor":10.0},{"not_picked":["Terror+1","Deflect+1"],"picked":"Bouncing Flask+1","floor":11.0},{"not_picked":["Acrobatics+1","Poisoned Stab","Expertise+1"],"picked":"SKIP","floor":12.0},{"not_picked":["Deflect+1","Sucker Punch"],"picked":"Catalyst+1","floor":13.0},{"not_picked":["Grand Finale","Prepared+1"],"picked":"Deflect+1","floor":14.0},{"not_picked":["Night Terror+1","Bullet Time+1"],"picked":"Malaise+1","floor":16.0},{"not_picked":["Escape Plan+1","Underhanded Strike"],"picked":"PiercingWail+1","floor":18.0},{"not_picked":["All Out Attack","Flying Knee"],"picked":"Deadly Poison+1","floor":20.0},{"not_picked":["Bane","Deadly Poison+1","Poisoned Stab"],"picked":"SKIP","floor":23.0},{"not_picked":["Eviscerate","Underhanded Strike","Flying Knee"],"picked":"SKIP","floor":24.0},{"not_picked":["Phantasmal Killer+1","Sucker Punch"],"picked":"Backflip+1","floor":25.0},{"not_picked":["Flying Knee","Slice","Choke+1"],"picked":"SKIP","floor":27.0},{"not_picked":["Flying Knee+1","Deadly Poison+1"],"picked":"Infinite Blades+1","floor":29.0},{"not_picked":["Flying Knee","Underhanded Strike","Setup+1"],"picked":"SKIP","floor":30.0},{"not_picked":["Dash","Backflip+1","Acrobatics+1"],"picked":"SKIP","floor":31.0},{"not_picked":["Malaise+1","Storm of Steel+1"],"picked":"Venomology+1","floor":33},{"not_picked":["Dodge and Roll+1","Skewer"],"picked":"Blade Dance+1","floor":35},{"not_picked":["Outmaneuver+1","Leg Sweep+1"],"picked":"PiercingWail+1","floor":40},{"not_picked":["Blur+1","Blade Dance+1"],"picked":"Terror+1","floor":42},{"not_picked":["Heel Hook","Finisher"],"picked":"Corpse Explosion+1","floor":44},{"not_picked":["Backflip+1","Finisher","Bane+1"],"picked":"SKIP","floor":46},{"not_picked":["Slice","Poisoned Stab"],"picked":"Blade Dance+1","floor":48},{"not_picked":["Poisoned Stab+1","Expertise+1"],"picked":"Prepared+1","floor":54}],"player_experience":452757,"relics_obtained":[{"floor":4.0,"key":"Incense Burner"},{"floor":6.0,"key":"Girya"},{"floor":9.0,"key":"Toxic Egg 2"},{"floor":11.0,"key":"Pantograph"},{"floor":14.0,"key":"Frozen Egg 2"},{"floor":23.0,"key":"Meat on the Bone"},{"floor":25.0,"key":"Letter Opener"},{"floor":26.0,"key":"War Paint"},{"floor":29.0,"key":"Bottled Flame"},{"floor":40,"key":"Potion Belt"},{"floor":40,"key":"Blood Vial"},{"floor":42,"key":"MealTicket"},{"floor":42,"key":"Pear"},{"floor":54,"key":"Lizard Tail"},{"floor":54,"key":"Orichalcum"}],"event_choices":[{"damage_healed":0.0,"max_hp_gain":0.0,"max_hp_loss":0.0,"gold_gain":0.0,"event_name":"Liars Game","player_choice":"Ignored","floor":3.0,"gold_loss":0.0,"damage_taken":0.0},{"damage_healed":0,"gold_gain":0,"player_choice":"Embrace Madness","damage_taken":12,"max_hp_gain":0,"max_hp_loss":0,"event_name":"Winding Halls","floor":37,"gold_loss":0,"cards_obtained":["Madness","Madness"]},{"damage_healed":0,"gold_gain":0,"player_choice":"Copied","damage_taken":0,"max_hp_gain":0,"max_hp_loss":0,"event_name":"Duplicator","floor":38,"gold_loss":0,"cards_obtained":["Madness"]}],"is_beta":false,"boss_relics":[{"not_picked":["Astrolabe","WristBlade"],"picked":"Pandora\u0027s Box"},{"not_picked":["Snecko Eye","Coffee Dripper"],"picked":"Black Star"}],"items_purged_floors":[22,47],"is_endless":false,"potions_floor_spawned":[6,7,11,13,23,25,29,33,40,42,46],"killed_by":"The Heart","ascension_level":15}}