{"host":"uv5ws9rdk87e8i5k","time":1612197475,"event":{"mods":["AchievementEnabler","BaseMod","Colored Map","Minty Spire (QoL Compilation)","Permanent Neow","Quick Restart","StSLib","SuperFastMode","The Necromancer"],"gold_per_floor":[109,109,125,125,143,174,190,234,287,302,302,302,302],"floor_reached":12,"language":"ENG","playtime":281,"items_purged":[],"score":131,"play_id":"63fd3de8-67cc-48e5-8c53-f1c0ac2bf680","local_time":"20210201103755","is_ascension_mode":true,"campfire_choices":[],"circlet_count":0,"master_deck":["Strike_G","Strike_G","Strike_G","Strike_G","Defend_G","Defend_G","Defend_G","Defend_G","Defend_G","Survivor","Neutralize","Clumsy","Corpse Explosion","Backflip","Wraith Form v2","Distraction"],"relics":["Ring of the Snake","Juzu Bracelet","Golden Idol","Potion Belt","Bag of Marbles","Blood Vial"],"acts_visited":["Exordium"],"potions_floor_usage":[],"damage_taken":[{"damage":3.0,"enemies":"Cultist","floor":1.0,"turns":4.0},{"damage":0.0,"enemies":"2 Louse","floor":3.0,"turns":4.0},{"damage":3.0,"enemies":"Jaw Worm","floor":5.0,"turns":4.0},{"damage":18.0,"enemies":"Gremlin Nob","floor":6.0,"turns":4.0},{"damage":5.0,"enemies":"Looter","floor":7.0,"turns":4.0},{"damage":25.0,"enemies":"Lagavulin","floor":8.0,"turns":10.0},{"damage":8.0,"enemies":"Exordium Thugs","floor":10.0,"turns":7.0},{"damage":0,"enemies":"Gremlin Nob","floor":12,"turns":2}],"seed_played":"9065872613640946949","potions_obtained":[{"floor":3.0,"key":"LiquidMemories"},{"floor":5.0,"key":"FearPotion"},{"floor":6.0,"key":"AttackPotion"}],"is_trial":false,"path_per_floor":["M","T","M","?","M","E","M","E","T","M","?","E"],"character_chosen":"THE_SILENT","items_purchased":[],"campfire_rested":0,"item_purchase_floors":[],"current_hp_per_floor":[60,60,60,60,57,39,34,9,9,3,3,5,5],"gold":302,"neow_bonus":"THREE_RARE_CARDS","is_daily":false,"chose_seed":false,"campfire_upgraded":0,"win_rate":0.0,"timestamp":1612197475,"path_taken":["M","?","M","?","M","E","M","E","T","M","?","E"],"items_purchased_type":[],"build_version":"2020-12-22","purchased_purges":0,"victory":false,"max_hp_per_floor":[70,70,70,65,65,65,65,65,65,65,65,65,65],"card_choices":[{"not_picked":["Storm of Steel","Malaise"],"picked":"Corpse Explosion","floor":0.0},{"not_picked":["Underhanded Strike","Sucker Punch","Endless Agony"],"picked":"SKIP","floor":1.0},{"not_picked":["Finisher","Dagger Spray","Underhanded Strike"],"picked":"SKIP","floor":3.0},{"not_picked":["Deflect","Sucker Punch"],"picked":"Backflip","floor":5.0},{"not_picked":["Slice","Expertise","Masterful Stab"],"picked":"SKIP","floor":6.0},{"not_picked":["Sucker Punch","Choke","Expertise"],"picked":"SKIP","floor":7.0},{"not_picked":["Cloak And Dagger","Outmaneuver"],"picked":"Wraith Form v2","floor":8.0},{"not_picked":["Sucker Punch","Dagger Throw","Outmaneuver"],"picked":"SKIP","floor":10.0}],"player_experience":326783,"relics_obtained":[{"floor":2.0,"key":"Juzu Bracelet"},{"floor":6.0,"key":"Potion Belt"},{"floor":8.0,"key":"Bag of Marbles"},{"floor":9.0,"key":"Blood Vial"}],"event_choices":[{"damage_healed":0.0,"max_hp_gain":0.0,"max_hp_loss":5.0,"gold_gain":0.0,"event_name":"Golden Idol","player_choice":"Lose Max HP","floor":4.0,"gold_loss":0.0,"damage_taken":0.0,"relics_obtained":["Golden Idol"]},{"damage_healed":0.0,"max_hp_gain":0.0,"max_hp_loss":0.0,"gold_gain":0.0,"cards_transformed":["Strike_G"],"event_name":"Transmorgrifier","player_choice":"Transformed","floor":11.0,"gold_loss":0.0,"damage_taken":0.0,"cards_obtained":["Distraction"]}],"is_beta":false,"boss_relics":[],"items_purged_floors":[],"is_endless":false,"potions_floor_spawned":[3,5,6],"killed_by":"Gremlin Nob","ascension_level":9}}