{"host":"cfv8orgc8997ql4r","time":1612193251,"event":{"mods":["AchievementEnabler","BaseMod","DeckTracker","Keyboard Shortcuts","Lobotomy","Minty Spire (QoL Compilation)"],"gold_per_floor":[110,120,139,139,153,153,153],"floor_reached":6,"language":"KOR","playtime":266,"items_purged":[],"score":46,"play_id":"73326348-dcc7-436d-9fb4-0207310e4201","local_time":"20210202002731","is_ascension_mode":true,"campfire_choices":[],"circlet_count":0,"master_deck":["Strike_R","Strike_R","Strike_R","Strike_R","Strike_R","Defend_R","Defend_R","Defend_R","Defend_R","Bash","WallGazer","Flex","CrumblingArmor","Seeing Red","Body Slam","Injury","MeatLantern","Perfected Strike"],"relics":["Burning Blood","CogitoBucket","Golden Idol"],"acts_visited":["Exordium"],"potions_floor_usage":[6,6],"damage_taken":[{"damage":18.0,"enemies":"Jaw Worm","floor":1.0,"turns":4.0},{"damage":7.0,"enemies":"Small Slimes","floor":2.0,"turns":4.0},{"damage":4.0,"enemies":"Cultist","floor":3.0,"turns":4.0},{"damage":22,"enemies":"Red Slaver","floor":5,"turns":6},{"damage":59,"enemies":"Gremlin Nob","floor":6,"turns":3}],"seed_played":"6551763836878321619","potions_obtained":[{"floor":3,"key":"Swift Potion"},{"floor":5,"key":"AttackPotion"}],"is_trial":false,"path_per_floor":["M","M","M","?","M","E"],"character_chosen":"IRONCLAD","items_purchased":[],"campfire_rested":0,"item_purchase_floors":[],"current_hp_per_floor":[68,67,69,69,53,0,0],"gold":153,"neow_bonus":"","is_daily":false,"chose_seed":false,"campfire_upgraded":0,"win_rate":0.0,"timestamp":1612193251,"path_taken":["M","M","M","?","M","E"],"items_purchased_type":[],"build_version":"2020-12-22","purchased_purges":0,"victory":false,"max_hp_per_floor":[80,80,80,80,80,80,80],"card_choices":[{"not_picked":["Mercenary","CherryBlossoms"],"picked":"WallGazer","floor":1.0},{"not_picked":["Blood for Blood","Combust"],"picked":"Flex","floor":1.0},{"not_picked":["Mercenary","ShyLook"],"picked":"CrumblingArmor","floor":2.0},{"not_picked":["Clash","Metallicize"],"picked":"Seeing Red","floor":2.0},{"not_picked":["Wild Strike","Sever Soul"],"picked":"Body Slam","floor":3},{"not_picked":["PunishingBird","Bloodbath","LaLuna"],"picked":"Singing Bowl","floor":5},{"not_picked":["PunishingBird","Wellcheers"],"picked":"MeatLantern","floor":5},{"not_picked":["Shrug It Off","Shockwave"],"picked":"Perfected Strike","floor":5}],"player_experience":189251,"relics_obtained":[],"event_choices":[{"damage_healed":0,"gold_gain":0,"player_choice":"Take Wound","damage_taken":0,"relics_obtained":["Golden Idol"],"max_hp_gain":0,"max_hp_loss":0,"event_name":"Golden Idol","floor":4,"gold_loss":0,"cards_obtained":["Injury"]}],"is_beta":false,"boss_relics":[],"items_purged_floors":[],"is_endless":false,"potions_floor_spawned":[3,5],"killed_by":"Gremlin Nob","ascension_level":4}}