{"host":"y087t2reloz9bi43","time":1612196077,"event":{"mods":["2.2 Compatiblity","AchievementEnabler","Arknights","Aspiration","BaseMod","Beaked The Cultist","Bestiary","Better Note","Better Vampires","BetterRewards","ChefMod","Clockwork Mod","Colored Map","Colored Powertips","Conspire","Downfall","Ekko","Fireblade Mod","Friendly Minions","GifTheSpireLib","Gold Saver","Gremlin Mod","Halation","Hermit","Hubris","Infinite Spire","Jedi Mod","JesterMod","Jorbs\u0027s Wanderer Trilogy","Mad Scientist","Marisa????????","Mimic Mod","Minty Spire (QoL Compilation)","Permanent Neow","Potionbrewer","Rare Cards Sparkle","Relic Stats","Reliquary","Replay The Spire","Robot Space Explorer","Shade Mod","Shop Mod","Spire Arcade","StSLib","The Alterego","The Blackbeard","The Bug Knight","The Construct","The Cursed","The Disciple","The Dragon Tamer","The Elementalist","The Exalted","The Hierophant","The Jungle","The Marked","The Mystic","The Necromancer","The Runesmith","The Senshi","The Servant 0.9.4","TheBandit","TheFirefly","TheHero","TheVacant","Transform Curses","Uncapped","everything is the same but u backflip on backflip","thorton"],"gold_per_floor":[509,609,225,245,263,263,277,308,308,308,308,337,337,354,354,449,449,462,480,480,480,380,380,407,420,444,444,455,160,188,201,201,304,304,323,323,323,337,353,409,450,512,538,602,658,723,723,786,786,788,788,788,459,524,595],"floor_reached":56,"language":"ENG","playtime":5673,"items_purged":["Strike_R","Bash","Strike_R","Strike_R","Strike_R","Strike_R"],"score":1786,"play_id":"a51159a2-817f-4490-8c63-a31294d2c197","local_time":"20210201161437","is_ascension_mode":true,"campfire_choices":[{"data":"infinitespire:OneForAll","floor":6,"key":"SMITH"},{"data":"hubris:EnhanceAbility","floor":10,"key":"SMITH"},{"data":"True Grit","floor":13,"key":"SMITH"},{"data":"Exhume","floor":15,"key":"SMITH"},{"data":"Barricade","floor":23,"key":"SMITH"},{"data":"Exhume","floor":32,"key":"SMITH"},{"floor":49,"key":"RECALL"},{"data":"Exhume","floor":52,"key":"SMITH"}],"circlet_count":0,"master_deck":["Defend_R","Defend_R","Defend_R","Defend_R","stsjorbsmod:SpiritShield_Cull","hubris:EnhanceAbility+1","True Grit+1","infinitespire:OneForAll+1","Exhume+1","Barricade+1","Sentinel","hexamod:TimeOfNeed+1","ReplayReversal+1","ReplayReversal+1","Exhume+1","Chrysalis","Rampage","hubris:StunningStrike","Body Slam","Purity","Pommel Strike+1","ReplayTheSpireMod:Strike From Hell+1","Exhume+1","Body Slam+1"],"relics":["Burning Blood","reliquary:PrincelyHelmet","potionbrewer:Torch","Ice Cream","aspiration:FutureDiary","Lizard Tail","Replay:Rubber Ducky","reliquary:RoseTintedGlasses","hubris:Towel","Bronze Scales","Ooze Armor","Mark of Pain","infinitespire:EvilPickle","Bromod:ArcanePistoleer","halation:IllGainedPizza","infinitespire:PuzzleCube","ReplayFunnel","MerchantsRug","reliquary:Aerogel"],"acts_visited":["Exordium","TheCity","TheBeyond","TheEnding"],"potions_floor_usage":[8,8,16,16,38,39,54],"damage_taken":[{"damage":4,"enemies":"Jaw Worm","floor":1,"turns":4},{"damage":5,"enemies":"Cultist","floor":4,"turns":5},{"damage":4,"enemies":"2 Louse","floor":5,"turns":3},{"damage":26,"enemies":"Exordium Wildlife","floor":7,"turns":10},{"damage":55,"enemies":"Lagavulin","floor":8,"turns":9},{"damage":28,"enemies":"Gremlin Nob","floor":12,"turns":6},{"damage":0,"enemies":"Looter","floor":14,"turns":3},{"damage":39,"enemies":"Slime Boss","floor":16,"turns":15},{"damage":15,"enemies":"3 Byrds","floor":18,"turns":6},{"damage":0,"enemies":"Spheric Guardian","floor":19,"turns":1},{"damage":63,"enemies":"Gremlin Leader","floor":24,"turns":12},{"damage":0,"enemies":"Cultist and Chosen","floor":25,"turns":7},{"damage":0,"enemies":"Snecko","floor":28,"turns":3},{"damage":0,"enemies":"Replay:Snechameleon","floor":30,"turns":3},{"damage":0,"enemies":"Shelled Parasite and Fungi","floor":31,"turns":5},{"damage":0,"enemies":"Pondfish","floor":33,"turns":9},{"damage":0,"enemies":"3 Shapes","floor":35,"turns":6},{"damage":0,"enemies":"Orb Walker","floor":38,"turns":3},{"damage":11,"enemies":"Jaw Worm Horde","floor":39,"turns":4},{"damage":15,"enemies":"Nemesis","floor":40,"turns":6},{"damage":18,"enemies":"Transient","floor":41,"turns":5},{"damage":0,"enemies":"Reptomancer","floor":42,"turns":1},{"damage":0,"enemies":"Giant Head","floor":44,"turns":6},{"damage":2,"enemies":"Writhing Mass","floor":45,"turns":2},{"damage":0,"enemies":"Jaw Worm Horde","floor":46,"turns":5},{"damage":0,"enemies":"Spire Growth","floor":48,"turns":2},{"damage":4,"enemies":"Donu and Deca","floor":50,"turns":3},{"damage":0,"enemies":"Shield and Spear","floor":54,"turns":2},{"damage":18,"enemies":"The Heart","floor":55,"turns":9}],"seed_played":"4985434558710272451","potions_obtained":[{"floor":1,"key":"Explosive Potion"},{"floor":7,"key":"potionbrewer:CleansingPotion"},{"floor":12,"key":"PowerPotion"},{"floor":14,"key":"AttackPotion"},{"floor":24,"key":"Reflective Coating"},{"floor":33,"key":"Dexterity Potion"},{"floor":35,"key":"ColorlessPotion"},{"floor":39,"key":"Milkshake"},{"floor":45,"key":"Adrenaline Potion"}],"is_trial":false,"path_per_floor":["M","?","$","M","M","R","M","E","T","R","?","E","R","M","R","B",null,"M","M","AVR","?","$","R","E","M","T","?","M","$","E","M","R","B",null,"M","?","AVR","M","M","E","M","E","T","E","M","M","?","M","R","B",null,"R","$","E","B",null],"character_chosen":"IRONCLAD","items_purchased":["True Grit","reliquary:PrincelyHelmet","Chrysalis","ReplayFunnel","MerchantsRug"],"campfire_rested":0,"item_purchase_floors":[3,3,29,53,53],"current_hp_per_floor":[80,80,80,80,80,80,60,11,62,62,62,40,40,46,46,13,80,71,77,77,77,77,77,20,26,26,26,32,32,38,44,44,50,80,80,80,80,80,75,66,54,60,60,66,70,76,76,80,80,80,80,80,80,80,68],"gold":595,"neow_bonus":"RANDOM_COLORLESS_2","is_daily":false,"chose_seed":false,"campfire_upgraded":7,"win_rate":0.0,"timestamp":1612196077,"path_taken":["M","?","$","M","?","R","M","E","T","R","?","E","R","M","R","BOSS","M","M","AVR","?","$","R","E","M","T","?","M","$","E","?","R","BOSS","M","?","AVR","M","M","E","M","E","T","E","M","M","?","M","R","BOSS","R","$","E","BOSS"],"items_purchased_type":["Card","Relic","Card","Relic","Relic"],"build_version":"2020-12-22","purchased_purges":6,"victory":true,"max_hp_per_floor":[80,80,80,80,80,80,80,80,80,80,80,80,80,80,80,80,80,80,80,80,80,80,80,80,80,80,80,80,80,80,80,80,80,80,80,80,80,80,80,80,80,80,80,80,80,80,80,80,80,80,80,80,80,80,80],"relic_stats":{"Lizard Tail":0,"counters":[29,155],"Bronze Scales":[233],"obtain_stats":[{"Ice Cream":16,"ReplayFunnel":53,"MerchantsRug":53,"reliquary:PrincelyHelmet":3,"reliquary:Aerogel":54,"halation:IllGainedPizza":42,"Bromod:ArcanePistoleer":40,"aspiration:SeaSaltIceCream":42,"hubris:Towel":27,"Burning Blood":0,"reliquary:FerryPass":12,"Replay:Rubber Ducky":24,"potionbrewer:Torch":8,"halation:Pancakes":9,"infinitespire:EvilPickle":39,"Lizard Tail":20,"Ooze Armor":34,"Bronze Scales":30,"reliquary:RoseTintedGlasses":26,"Mark of Pain":37,"aspiration:FutureDiary":17,"infinitespire:PuzzleCube":44},{"Ice Cream":8,"ReplayFunnel":27,"MerchantsRug":27,"reliquary:PrincelyHelmet":1,"reliquary:Aerogel":28,"halation:IllGainedPizza":22,"Bromod:ArcanePistoleer":20,"aspiration:SeaSaltIceCream":22,"hubris:Towel":12,"Burning Blood":0,"reliquary:FerryPass":6,"Replay:Rubber Ducky":11,"potionbrewer:Torch":5,"halation:Pancakes":5,"infinitespire:EvilPickle":19,"Lizard Tail":10,"Ooze Armor":16,"Bronze Scales":14,"reliquary:RoseTintedGlasses":12,"Mark of Pain":17,"aspiration:FutureDiary":8,"infinitespire:PuzzleCube":23},{"Ice Cream":55,"ReplayFunnel":144,"MerchantsRug":144,"reliquary:PrincelyHelmet":4,"reliquary:Aerogel":146,"halation:IllGainedPizza":126,"Bromod:ArcanePistoleer":120,"aspiration:SeaSaltIceCream":126,"hubris:Towel":81,"Burning Blood":0,"reliquary:FerryPass":37,"Replay:Rubber Ducky":74,"potionbrewer:Torch":31,"halation:Pancakes":31,"infinitespire:EvilPickle":114,"Lizard Tail":62,"Ooze Armor":101,"Bronze Scales":87,"reliquary:RoseTintedGlasses":81,"Mark of Pain":107,"aspiration:FutureDiary":55,"infinitespire:PuzzleCube":132}],"Burning Blood":147},"card_choices":[{"not_picked":["Midas Touch","jedi:LeechingStrike"],"picked":"hubris:EnhanceAbility","floor":0},{"not_picked":["Run Through","jedi:fear","Pommel Strike"],"picked":"SKIP","floor":1},{"not_picked":["Run Through","Pommel Strike"],"picked":"infinitespire:OneForAll","floor":4},{"not_picked":["Body Slam","Cleave","Demon Form"],"picked":"SKIP","floor":5},{"not_picked":["Flex","Run Through","Sword Boomerang"],"picked":"SKIP","floor":7},{"not_picked":["Clash","Warcry"],"picked":"Exhume","floor":8},{"not_picked":["True Grit","Headbutt","Iron Wave"],"picked":"SKIP","floor":12},{"not_picked":["True Grit","Cleave","Spot Weakness"],"picked":"SKIP","floor":14},{"not_picked":["Demon Form","jedi:harder"],"picked":"Barricade","floor":16},{"not_picked":["True Grit+1","Rupture"],"picked":"Sentinel","floor":18},{"not_picked":["Combust","Clash+1","Pommel Strike"],"picked":"SKIP","floor":19},{"not_picked":["Anger+1","Dark Embrace+1"],"picked":"ReplayReversal+1","floor":24},{"not_picked":["Headbutt+1","Iron Wave"],"picked":"ReplayReversal+1","floor":25},{"not_picked":["Sword Boomerang+1","Heavy Blade"],"picked":"Exhume","floor":28},{"not_picked":["Inflame","Dropkick","hubris:CleavingFinish"],"picked":"SKIP","floor":30},{"not_picked":["Fire Breathing+1","Carnage"],"picked":"Rampage","floor":31},{"not_picked":["Limit Break","jedi:bloodyhammer"],"picked":"hubris:StunningStrike","floor":33},{"not_picked":["Perfected Strike","ReplayReversal+1"],"picked":"Body Slam","floor":35},{"not_picked":["HandOfGreed","Dramatic Entrance"],"picked":"Purity","floor":36},{"not_picked":["Flex","conspire:ExplosiveBarrier+1","Anger"],"picked":"SKIP","floor":38},{"not_picked":["Anger+1","Flex"],"picked":"Pommel Strike+1","floor":39},{"not_picked":["hubris:SharpeningStone","Heavy Blade"],"picked":"ReplayTheSpireMod:Strike From Hell+1","floor":40},{"not_picked":["Anger+1","Headbutt","conspire:ExplosiveBarrier+1"],"picked":"SKIP","floor":41},{"not_picked":["Flex+1","Feel No Pain+1","Pummel"],"picked":"SKIP","floor":42},{"not_picked":["Barricade","infinitespire:OneForAll+1"],"picked":"Exhume","floor":44},{"not_picked":["Flex+1","Clothesline","Twin Strike"],"picked":"SKIP","floor":45},{"not_picked":["Cleave+1","Carnage","Rage"],"picked":"SKIP","floor":46},{"not_picked":["Disarm+1","jedi:fear+1","Rupture+1"],"picked":"SKIP","floor":48},{"not_picked":["Reckless Charge","Sword Boomerang"],"picked":"Body Slam+1","floor":54}],"player_experience":459460,"relics_obtained":[{"floor":8,"key":"potionbrewer:Torch"},{"floor":9,"key":"halation:Pancakes"},{"floor":12,"key":"reliquary:FerryPass"},{"floor":16,"key":"Ice Cream"},{"floor":24,"key":"Replay:Rubber Ducky"},{"floor":26,"key":"reliquary:RoseTintedGlasses"},{"floor":30,"key":"Bronze Scales"},{"floor":40,"key":"Bromod:ArcanePistoleer"},{"floor":42,"key":"aspiration:SeaSaltIceCream"},{"floor":44,"key":"infinitespire:PuzzleCube"},{"floor":54,"key":"reliquary:Aerogel"}],"event_choices":[{"damage_healed":0,"gold_gain":100,"player_choice":"Pray","damage_taken":0,"max_hp_gain":0,"max_hp_loss":0,"event_name":"Golden Shrine","floor":2,"gold_loss":0},{"cards_removed":["hubris:EnhanceAbility"],"damage_healed":0,"gold_gain":0,"player_choice":"Take \u0026 Give","damage_taken":0,"max_hp_gain":0,"max_hp_loss":0,"event_name":"betterNote:BetterNote","floor":21,"gold_loss":0,"cards_obtained":["hexamod:TimeOfNeed"]},{"damage_healed":0,"gold_gain":0,"player_choice":"Memory 1","damage_taken":0,"max_hp_gain":0,"max_hp_loss":0,"event_name":"SensoryStone","floor":36,"gold_loss":0}],"is_beta":false,"boss_relics":[{"not_picked":["hubris:VirtuousBlindfold","ReplayTheSpireMod:SealedPack"],"picked":"aspiration:FutureDiary"},{"not_picked":["hubris:TerracottaHorce","beaked:SacredDeck"],"picked":"Ooze Armor"}],"items_purged_floors":[3,20,22,29,37,53],"is_endless":false,"potions_floor_spawned":[1,7,12,14,24,33,35,39,45],"ascension_level":1}}