{"host":"vddnn8yddbh0df4g","time":1612152042,"event":{"mods":["Act Like it!","BaseMod","Beaked The Cultist","Bestiary","Clockwork Mod","Downfall","Minty Spire (QoL Compilation)","Shop Mod","StSLib","SuperFastMode","The Construct","The Runesmith"],"gold_per_floor":[99,114,128,144,244,279,302,202,202,202,202,237,53,70,83,188,188,188,205,223,133,144,173,173,201,101,121,121,121,47,47,65,160,160,160,216,267,324,14,14,14,74,129,29,82,135,135,194,253,293,293,365,114,114,114,114],"floor_reached":57,"language":"ENG","playtime":3718,"items_purged":["Guardian:Strike_Guardian","Guardian:Defend_Guardian","Guardian:Strike_Guardian"],"score":1306,"play_id":"6b8bfddc-49ae-46a7-9c87-2bcca9bfef1e","local_time":"20210131230042","is_ascension_mode":true,"campfire_choices":[{"data":"Guardian:TwinSlam","floor":1.0,"key":"SMITH"},{"floor":8.0,"key":"REST"},{"data":"Guardian:PiercingHide","floor":11.0,"key":"SMITH"},{"data":"Guardian:Repulse","floor":18.0,"key":"SMITH"},{"data":"Guardian:Orbwalk","floor":29.0,"key":"SMITH"},{"floor":35.0,"key":"RECALL"},{"data":"Guardian:StasisEngine","floor":40.0,"key":"SMITH"},{"data":"Panache","floor":44.0,"key":"SMITH"},{"data":"Guardian:RefractedBeam","floor":47.0,"key":"SMITH"},{"data":"Guardian:TimeCapacitor","floor":54.0,"key":"SMITH"}],"circlet_count":0,"master_deck":["Guardian:Defend_Guardian","Guardian:Defend_Guardian","Guardian:Defend_Guardian","Guardian:CurlUp","Guardian:TwinSlam+1","Guardian:RevengeProtocol+1","Guardian:RefractedBeam+1","Guardian:PiercingHide+1","Guardian:TwinSlam+1","Guardian:ShieldCharger+1","Guardian:Repulse+1","Apotheosis+1","Guardian:MultiBeam","Guardian:Orbwalk+1","Guardian:AncientConstruct","Guardian:VentSteam+1","Guardian:PrismaticBarrier+1","Guardian:SentryBeam+1","Guardian:StasisEngine+1","Guardian:Planning+1","Guardian:BronzeArmor+1","Panache+1","Guardian:Recover+1","Guardian:Gem_Fragmented","Guardian:StasisEngine","Guardian:TimeCapacitor+1","expansioncontent:Chronoboost","Guardian:PiercingHide+1"],"relics":["Guardian:ModeShifter","Bag of Marbles","downfall:HeartBlessingGreen","construct:ClawGrip","downfall:HeartBlessingBlue","MutagenicStrength","Nunchaku","downfall:KnowingSkull","SacredBark","Letter Opener","downfall:HeartBlessingRed","Centennial Puzzle","MerchantsRug","Medical Kit"],"acts_visited":["Exordium","TheCity","TheBeyond","TheEnding"],"potions_floor_usage":[55,56,56,56],"damage_taken":[{"damage":20.0,"enemies":"Small Slimes","floor":2.0,"turns":4.0},{"damage":2.0,"enemies":"2 Louse","floor":3.0,"turns":3.0},{"damage":1.0,"enemies":"Cultist","floor":4.0,"turns":3.0},{"damage":36.0,"enemies":"downfall:Heads","floor":5.0,"turns":9.0},{"damage":23.0,"enemies":"Lagavulin","floor":6.0,"turns":8.0},{"damage":6.0,"enemies":"3 Sentries","floor":12.0,"turns":8.0},{"damage":0.0,"enemies":"downfall:FleeingMerchant","floor":13.0,"turns":4.0},{"damage":0.0,"enemies":"Large Slime","floor":14.0,"turns":5.0},{"damage":0.0,"enemies":"Red Slaver","floor":15.0,"turns":1.0},{"damage":17.0,"enemies":"SI_SHIV_ARCHETYPE","floor":16.0,"turns":8.0},{"damage":3.0,"enemies":"Shell Parasite","floor":19.0,"turns":6.0},{"damage":0.0,"enemies":"3 Cultists","floor":20.0,"turns":4.0},{"damage":0.0,"enemies":"downfall:FleeingMerchant","floor":21.0,"turns":4.0},{"damage":9.0,"enemies":"Cultist and Chosen","floor":22.0,"turns":7.0},{"damage":42.0,"enemies":"Gremlin Leader","floor":23.0,"turns":7.0},{"damage":15.0,"enemies":"Book of Stabbing","floor":25.0,"turns":4.0},{"damage":1.0,"enemies":"Chosen and Byrds","floor":27.0,"turns":6.0},{"damage":3.0,"enemies":"downfall:FleeingMerchant","floor":30.0,"turns":4.0},{"damage":8.0,"enemies":"Centurion and Healer","floor":32.0,"turns":4.0},{"damage":0.0,"enemies":"WA_ARCHETYPE_CALM","floor":33.0,"turns":9.0},{"damage":4.0,"enemies":"3 Shapes","floor":36.0,"turns":5.0},{"damage":10.0,"enemies":"3 Darklings","floor":37.0,"turns":5.0},{"damage":6.0,"enemies":"Maw","floor":38.0,"turns":4.0},{"damage":3.0,"enemies":"Sphere and 2 Shapes","floor":42.0,"turns":3.0},{"damage":3.0,"enemies":"Transient","floor":43.0,"turns":5.0},{"damage":7.0,"enemies":"Spire Growth","floor":45.0,"turns":4.0},{"damage":13.0,"enemies":"Writhing Mass","floor":46.0,"turns":3.0},{"damage":10.0,"enemies":"3 Darklings","floor":48.0,"turns":4.0},{"damage":3.0,"enemies":"Spire Growth","floor":49.0,"turns":3.0},{"damage":21.0,"enemies":"IC_BLOCK_ARCHETYPE","floor":50.0,"turns":7.0},{"damage":4.0,"enemies":"downfall:CharBossMerchant","floor":52.0,"turns":7.0},{"damage":15,"enemies":"downfall:NeowBoss","floor":55,"turns":10},{"damage":29,"enemies":"downfall:NeowBossFinal","floor":56,"turns":7}],"seed_played":"5652664982832046580","potions_obtained":[{"floor":2.0,"key":"Fire Potion"},{"floor":12.0,"key":"FearPotion"},{"floor":14.0,"key":"FearPotion"},{"floor":19.0,"key":"PowerPotion"},{"floor":20.0,"key":"ColorlessPotion"},{"floor":25.0,"key":"Ancient Potion"},{"floor":27.0,"key":"LiquidBronze"},{"floor":30.0,"key":"Strength Potion"},{"floor":32.0,"key":"SkillPotion"},{"floor":33.0,"key":"sneckomod:MuddlingPotion"},{"floor":36.0,"key":"SteroidPotion"},{"floor":37.0,"key":"champ:CounterPotion"},{"floor":38.0,"key":"champ:CounterPotion"},{"floor":42.0,"key":"Energy Potion"},{"floor":43.0,"key":"SteroidPotion"},{"floor":45.0,"key":"EntropicBrew"},{"floor":46.0,"key":"sneckomod:MuddlingPotion"},{"floor":48.0,"key":"BlessingOfTheForge"},{"floor":49.0,"key":"DistilledChaos"},{"floor":52.0,"key":"LiquidMemories"}],"is_trial":false,"path_per_floor":["R","M","M","M","?","E","T","R","?","?","R","E","$","M","M","B",null,"R","M","M","$","M","E","T","E","R","M","?","R","$","?","M","B",null,"R","M","M","M","$","R","T","M","M","R","M","M","R","M","M","B",null,"E","$","R","B","B",null],"character_chosen":"GUARDIAN","items_purchased":["Apotheosis+1","Omamori","Nunchaku","Panache","MerchantsRug","Medical Kit","Guardian:TimeCapacitor","expansioncontent:Chronoboost","Guardian:PiercingHide+1"],"campfire_rested":1,"item_purchase_floors":[13,30,30,39,53,53,53,53,53],"current_hp_per_floor":[88,68,66,65,29,6,6,32,32,32,32,26,26,26,26,9,88,88,85,85,85,76,34,34,19,29,28,28,28,25,17,9,9,98,98,94,84,78,78,78,78,75,72,72,65,52,52,42,39,18,98,94,94,94,79,50],"gold":114,"neow_bonus":"TEN_PERCENT_HP_BONUS","is_daily":false,"chose_seed":false,"campfire_upgraded":8,"win_rate":0.0,"timestamp":1612152042,"path_taken":["R","M","M","M","?","E","T","R","?","?","R","E","$","M","M","BOSS","R","M","M","$","M","E","T","E","R","?","?","R","$","?","M","BOSS","R","M","M","M","$","R","T","M","M","R","M","M","R","M","M","BOSS","E","$","R","BOSS","BOSS"],"items_purchased_type":["Card","Relic","Relic","Card","Relic","Relic","Card","Card","Card"],"build_version":"2020-12-22","purchased_purges":3,"victory":true,"max_hp_per_floor":[88,88,88,88,88,88,88,88,88,88,88,88,88,88,88,88,88,88,88,88,88,88,88,88,88,98,98,98,98,98,98,98,98,98,98,98,98,98,98,98,98,98,98,98,98,98,98,98,98,98,98,98,98,98,98,98],"card_choices":[{"not_picked":["Guardian:Gem_Green","Guardian:PrimingBeam"],"picked":"Guardian:Gem_Red","floor":2.0},{"not_picked":["Guardian:Planning","Guardian:VentSteam"],"picked":"Guardian:Gem_White","floor":3.0},{"not_picked":["Guardian:CrystalBeam","Guardian:TemporalShield"],"picked":"Guardian:RevengeProtocol","floor":4.0},{"not_picked":["Guardian:PrismaticBeam","Guardian:GuardianWhirl"],"picked":"Guardian:RefractedBeam","floor":5.0},{"not_picked":["Guardian:BronzeOrb","Guardian:Harden"],"picked":"Guardian:PiercingHide","floor":6.0},{"not_picked":["Guardian:VentSteam+1","Guardian:TemporalShield+1"],"picked":"Guardian:ShieldCharger+1","floor":12.0},{"not_picked":["Guardian:Gem_White","Guardian:TemporalStrike"],"picked":"Guardian:Repulse","floor":13.0},{"not_picked":["Guardian:ShieldSpikes+1","Guardian:SentryBeam"],"picked":"Guardian:MultiBeam","floor":14.0},{"not_picked":["Guardian:TimeCapacitor","Guardian:CrystalBeam"],"picked":"Guardian:Orbwalk","floor":15.0},{"not_picked":["Guardian:FastForward+1","Guardian:FierceBash"],"picked":"Guardian:AncientConstruct","floor":16.0},{"not_picked":["Guardian:TemporalStrike","Guardian:WalkerClaw","Guardian:Gem_Red"],"picked":"SKIP","floor":19.0},{"not_picked":["Guardian:Gem_Red","Guardian:Incinerate"],"picked":"Guardian:VentSteam+1","floor":20.0},{"not_picked":["Guardian:Incinerate","Guardian:ShieldCharger+1"],"picked":"Guardian:Gem_Yellow","floor":21.0},{"not_picked":["Guardian:RollAttack","Guardian:PiercingHide+1"],"picked":"Guardian:PrismaticBarrier+1","floor":22.0},{"not_picked":["Guardian:GuardianWhirl","Guardian:PiercingHide+1"],"picked":"Guardian:SentryBeam+1","floor":23.0},{"not_picked":["Guardian:GuardianWhirl+1","Guardian:ShieldCharger+1","Guardian:EvasiveProtocol+1"],"picked":"SKIP","floor":25.0},{"not_picked":["Guardian:FastForward+1","Guardian:WalkerClaw+1"],"picked":"Guardian:Gem_Red","floor":27.0},{"not_picked":["Guardian:TimeCapacitor","Guardian:TimeBomb+1"],"picked":"Guardian:Gem_Lightblue","floor":30.0},{"not_picked":["Guardian:Gem_Lightblue","Guardian:ArmoredProtocol","Guardian:VentSteam+1"],"picked":"SKIP","floor":32.0},{"not_picked":["Guardian:RevengeProtocol","Guardian:Gem_Synthetic"],"picked":"Guardian:StasisEngine","floor":33.0},{"not_picked":["Guardian:TemporalStrike+1","Guardian:Gem_Crimson"],"picked":"Guardian:Planning+1","floor":36.0},{"not_picked":["Guardian:ShieldCharger+1","Guardian:RefractedBeam+1"],"picked":"Guardian:BronzeArmor+1","floor":37.0},{"not_picked":["Guardian:Recover+1","Guardian:RollAttack+1"],"picked":"Guardian:Gem_Cyan","floor":38.0},{"not_picked":["Guardian:Reroute+1","Guardian:Incinerate+1","Guardian:CrystalBeam+1"],"picked":"SKIP","floor":42.0},{"not_picked":["Guardian:ShieldCharger+1","Guardian:Orbwalk"],"picked":"Guardian:Recover+1","floor":43.0},{"not_picked":["Guardian:PolyBeam+1","Guardian:DecasProtection+1","Guardian:PiercingHide+1"],"picked":"SKIP","floor":45.0},{"not_picked":["Guardian:Gem_Red","Guardian:ArmoredProtocol"],"picked":"Guardian:Gem_Cyan","floor":46.0},{"not_picked":["Guardian:Gem_Lightblue","Guardian:Gem_Red"],"picked":"Guardian:Gem_Fragmented","floor":48.0},{"not_picked":["Guardian:GuardianWhirl+1","Guardian:PrimingBeam+1"],"picked":"Guardian:StasisEngine","floor":49.0},{"not_picked":["Guardian:Recover+1","Guardian:PiercingHide+1"],"picked":"Guardian:Gem_Yellow","floor":52.0}],"player_experience":719568,"relics_obtained":[{"floor":6.0,"key":"Guardian:PickAxe"},{"floor":7.0,"key":"Bag of Marbles"},{"floor":12.0,"key":"Toxic Egg 2"},{"floor":23.0,"key":"White Beast Statue"},{"floor":25.0,"key":"Molten Egg 2"},{"floor":41.0,"key":"Letter Opener"},{"floor":52.0,"key":"Centennial Puzzle"}],"event_choices":[{"damage_healed":0.0,"max_hp_gain":0.0,"max_hp_loss":0.0,"gold_gain":0.0,"event_name":"Drug Dealer","player_choice":"Inject Mutagens","floor":28.0,"gold_loss":0.0,"damage_taken":0.0,"relics_obtained":["MutagenicStrength"]}],"is_beta":false,"boss_relics":[{"not_picked":["beaked:MawFillet","Velvet Choker"],"picked":"construct:ClawGrip"},{"not_picked":["Runesmith:UraniumAnvil","SlaversCollar"],"picked":"SacredBark"}],"items_purged_floors":[21,30,39],"is_endless":false,"potions_floor_spawned":[2,12,14,19,20,25,27,30,32,33,36,37,38,42,43,45,46,48,49,52],"ascension_level":1}}