{"host":"d5i1qeb9dejicw1z","time":1612144516,"event":{"mods":["AchievementEnabler","BaseMod","Better Note","BetterRewards","Evolution","Gold Saver","Minty Spire (QoL Compilation)","Permanent Neow","Relic Filter Mod","Reliquary","StSLib"],"gold_per_floor":[790,488,488,499,424,424,452,452,452,484,503,529,604,54,54,130,130,144,144,144,36,46,46,46,46,46,65,97,97,116,130,130,130,130],"floor_reached":33,"language":"ENG","playtime":1333,"items_purged":["Rebound","Rebound"],"score":578,"play_id":"c59cbf44-993e-4dc8-80af-eb18adda4982","local_time":"20210131175516","is_ascension_mode":true,"campfire_choices":[{"data":"Zap","floor":6,"key":"SMITH"},{"data":"Leap","floor":8,"key":"SMITH"},{"floor":15,"key":"REST"},{"data":"Leap","floor":23,"key":"SMITH"},{"data":"Leap","floor":25,"key":"SMITH"},{"floor":29,"key":"REST"},{"floor":32,"key":"REST"}],"circlet_count":0,"master_deck":["AscendersBane","Rebound","Leap+1","Leap+1","Leap+1","Leap","Zap+1","Gash","Gash","Gash","Gash","Gash","Streamline","Gash","Gash"],"relics":["Cracked Core","EVO:Axolotl","Happy Flower","Gremlin Horn","Nunchaku","Ancient Tea Set","Omamori","Lantern","PreservedInsect","SacredBark","Thread and Needle","Strawberry"],"acts_visited":["Exordium","TheCity"],"potions_floor_usage":[7,7,16,18,28,28],"damage_taken":[{"damage":0,"enemies":"Cultist","floor":1,"turns":3},{"damage":0,"enemies":"Small Slimes","floor":4,"turns":3},{"damage":13,"enemies":"Lagavulin","floor":7,"turns":4},{"damage":16,"enemies":"Gremlin Nob","floor":10,"turns":4},{"damage":3,"enemies":"Jaw Worm","floor":11,"turns":3},{"damage":4,"enemies":"The Guardian","floor":16,"turns":7},{"damage":14,"enemies":"3 Byrds","floor":18,"turns":5},{"damage":10,"enemies":"Spheric Guardian","floor":22,"turns":4},{"damage":12,"enemies":"Chosen and Byrds","floor":27,"turns":6},{"damage":8,"enemies":"Gremlin Leader","floor":28,"turns":4},{"damage":7,"enemies":"Sentry and Sphere","floor":30,"turns":4},{"damage":35,"enemies":"Snecko","floor":31,"turns":7},{"damage":37,"enemies":"Collector","floor":33,"turns":6}],"seed_played":"-776373547552799650","potions_obtained":[{"floor":3,"key":"SteroidPotion"},{"floor":3,"key":"Fire Potion"},{"floor":16,"key":"SteroidPotion"},{"floor":18,"key":"Energy Potion"},{"floor":22,"key":"Strength Potion"}],"is_trial":false,"path_per_floor":["M","$","?","M","?","R","E","R","T","E","M","T","?","$","R","B",null,"M","?","?","$","M","R","?","R","T","M","E","R","M","M","R","B"],"character_chosen":"DEFECT","items_purchased":["Gash","Happy Flower","Lantern","PreservedInsect","EssenceOfDarkness","Gash","Streamline"],"campfire_rested":3,"item_purchase_floors":[2,2,14,14,14,21,21],"current_hp_per_floor":[66,66,66,66,66,66,53,53,53,37,34,34,23,23,44,40,65,51,51,51,51,41,41,41,41,41,29,28,52,45,10,34,0,0],"gold":130,"neow_bonus":"THREE_CARDS","is_daily":false,"chose_seed":false,"campfire_upgraded":4,"win_rate":0.0,"timestamp":1612144516,"path_taken":["M","?","?","?","?","R","E","R","T","E","M","?","?","$","R","BOSS","M","?","?","?","M","R","?","R","T","M","E","R","M","M","R","BOSS"],"items_purchased_type":["Card","Relic","Relic","Relic","Potion","Card","Card"],"build_version":"2020-12-22","purchased_purges":2,"victory":false,"max_hp_per_floor":[73,73,73,73,73,73,73,73,73,73,73,73,73,73,73,73,73,73,73,73,73,73,73,73,73,73,73,80,80,80,80,80,80,80],"card_choices":[{"not_picked":["Sweeping Beam","Streamline"],"picked":"Gash","floor":0},{"not_picked":["Barrage","Redo","Sweeping Beam"],"picked":"SKIP","floor":1},{"not_picked":["Hologram","Consume"],"picked":"Gash","floor":4},{"not_picked":["Buffer","Defragment"],"picked":"Gash","floor":7},{"not_picked":["Conserve Battery","Lockon","Steam"],"picked":"SKIP","floor":10},{"not_picked":["Compile Driver","Redo","Ball Lightning"],"picked":"SKIP","floor":11},{"not_picked":["Heatsinks","Undo","Lockon"],"picked":"SKIP","floor":18},{"not_picked":["Rebound","Sweeping Beam+1","Turbo+1"],"picked":"SKIP","floor":22},{"not_picked":["Double Energy","Consume"],"picked":"Gash","floor":27},{"not_picked":["Barrage","Steam"],"picked":"Gash","floor":28},{"not_picked":["Turbo","Ball Lightning","Heatsinks+1"],"picked":"SKIP","floor":30},{"not_picked":["Hyperbeam","Sweeping Beam","Redo"],"picked":"SKIP","floor":31}],"player_experience":1209658,"relics_obtained":[{"floor":7,"key":"Gremlin Horn"},{"floor":9,"key":"Nunchaku"},{"floor":10,"key":"Ancient Tea Set"},{"floor":12,"key":"Omamori"},{"floor":26,"key":"Thread and Needle"},{"floor":28,"key":"Strawberry"}],"event_choices":[{"damage_healed":0,"gold_gain":0,"player_choice":"Got Potions","damage_taken":0,"max_hp_gain":0,"max_hp_loss":0,"event_name":"Lab","floor":3,"gold_loss":0},{"cards_removed":["Rebound"],"damage_healed":0,"gold_gain":0,"player_choice":"Card Removal","damage_taken":0,"max_hp_gain":0,"max_hp_loss":0,"event_name":"The Cleric","floor":5,"gold_loss":75},{"damage_healed":0,"gold_gain":75,"player_choice":"Gather Gold","damage_taken":11,"max_hp_gain":0,"max_hp_loss":0,"event_name":"World of Goop","floor":13,"gold_loss":0},{"damage_healed":0,"gold_gain":0,"player_choice":"Ignored","damage_taken":0,"max_hp_gain":0,"max_hp_loss":0,"event_name":"Transmorgrifier","floor":19,"gold_loss":0},{"cards_removed":["Dualcast"],"damage_healed":0,"gold_gain":0,"player_choice":"Offered Basic","damage_taken":0,"max_hp_gain":0,"max_hp_loss":0,"event_name":"Bonfire Elementals","floor":20,"gold_loss":0},{"cards_removed":["Zap"],"damage_healed":0,"gold_gain":0,"player_choice":"Give","damage_taken":0,"max_hp_gain":0,"max_hp_loss":0,"event_name":"betterNote:BetterNote","floor":24,"gold_loss":0,"cards_obtained":["None"]}],"is_beta":false,"boss_relics":[{"not_picked":["reliquary:WritOfMandamus","Coffee Dripper"],"picked":"SacredBark"}],"items_purged_floors":[2,14],"is_endless":false,"potions_floor_spawned":[4,16,18,22],"killed_by":"Collector","ascension_level":19}}