{"host":"0k696jvpnlqjk4gh","time":1612190459,"event":{"mods":["AchievementEnabler","BaseMod","Colored Map","Colored Powertips","Minty Spire (QoL Compilation)","Quick Restart"],"gold_per_floor":[115,115,115,290,307,339,339,35,35,35,35,35,54,69,69,174,174,189,288,288,203,203,183,198,218,218,157,157,0,0,11,11,108,108,119,119,133,133,133],"floor_reached":38,"language":"ENG","playtime":1775,"items_purged":["Clumsy"],"score":479,"play_id":"485847ae-c397-4209-aade-a79ffa61712f","local_time":"20210201144059","is_ascension_mode":true,"campfire_choices":[{"data":"Loop","floor":7.0,"key":"SMITH"},{"data":"Loop","floor":12.0,"key":"SMITH"},{"data":"Redo","floor":15.0,"key":"SMITH"},{"floor":30.0,"key":"REST"},{"floor":32.0,"key":"REST"}],"circlet_count":0,"master_deck":["Strike_B","Strike_B","Strike_B","Defend_B","Defend_B","Defend_B","Defend_B","Zap","Dualcast","Conserve Battery","Meteor Strike","Sweeping Beam","Loop+1","Loop+1","Glacier","Conserve Battery","Redo+1","Seek","Self Repair+1","Go for the Eyes","Creative AI","Leap+1"],"relics":["Cracked Core","NeowsBlessing","Mango","Membership Card","Anchor","Pen Nib","Inserter","StoneCalendar","Nilry\u0027s Codex","Meat on the Bone","Bottled Lightning","Runic Pyramid"],"acts_visited":["Exordium","TheCity","TheBeyond"],"potions_floor_usage":[37,37,38],"damage_taken":[{"damage":0.0,"enemies":"Small Slimes","floor":1.0,"turns":1.0},{"damage":0.0,"enemies":"Cultist","floor":5.0,"turns":1.0},{"damage":0.0,"enemies":"Lagavulin","floor":6.0,"turns":1.0},{"damage":0.0,"enemies":"2 Louse","floor":13.0,"turns":2.0},{"damage":9.0,"enemies":"Exordium Wildlife","floor":14.0,"turns":6.0},{"damage":8.0,"enemies":"Slime Boss","floor":16.0,"turns":15.0},{"damage":22.0,"enemies":"Spheric Guardian","floor":18.0,"turns":6.0},{"damage":1.0,"enemies":"3 Byrds","floor":24.0,"turns":4.0},{"damage":19.0,"enemies":"Snake Plant","floor":25.0,"turns":6.0},{"damage":26.0,"enemies":"Chosen and Byrds","floor":31.0,"turns":7.0},{"damage":72.0,"enemies":"Automaton","floor":33.0,"turns":13.0},{"damage":75.0,"enemies":"3 Darklings","floor":35.0,"turns":6.0},{"damage":16,"enemies":"Orb Walker","floor":37,"turns":6},{"damage":63,"enemies":"Sphere and 2 Shapes","floor":38,"turns":3}],"seed_played":"-3547007055228117079","potions_obtained":[{"floor":5.0,"key":"DuplicationPotion"},{"floor":6.0,"key":"Ancient Potion"},{"floor":14.0,"key":"SpeedPotion"},{"floor":16.0,"key":"FocusPotion"},{"floor":23.0,"key":"LiquidMemories"},{"floor":24.0,"key":"FocusPotion"},{"floor":25.0,"key":"LiquidBronze"},{"floor":31.0,"key":"EssenceOfSteel"},{"floor":35.0,"key":"EntropicBrew"},{"floor":37,"key":"Explosive Potion"}],"is_trial":false,"path_per_floor":["M","?","$","?","M","E","R","$","T","?","$","R","M","M","R","B",null,"M","?","?","?","?","?","M","M","T","$","T","?","R","M","R","B",null,"M","?","M","M"],"character_chosen":"DEFECT","items_purchased":["Membership Card","Anchor","Loop","Glacier","Go for the Eyes"],"campfire_rested":2,"item_purchase_floors":[8,8,8,8,27],"current_hp_per_floor":[75,75,75,75,75,89,89,89,89,89,89,89,89,80,80,72,89,67,67,50,50,34,34,33,34,34,34,34,34,62,58,86,36,94,41,41,56,0,0],"gold":133,"neow_bonus":"THREE_ENEMY_KILL","is_daily":false,"chose_seed":false,"campfire_upgraded":3,"win_rate":0.0,"timestamp":1612190459,"path_taken":["M","?","?","?","M","E","R","$","T","?","$","R","M","M","R","BOSS","M","?","?","?","?","?","?","M","T","$","?","?","R","M","R","BOSS","M","?","M","M"],"items_purchased_type":["Relic","Relic","Card","Card","Card"],"build_version":"2020-12-22","purchased_purges":1,"victory":false,"max_hp_per_floor":[75,75,75,75,75,89,89,89,89,89,89,89,89,89,89,89,89,89,89,94,94,94,94,94,94,94,94,94,94,94,94,94,94,94,94,94,94,94,94],"card_choices":[{"not_picked":["Barrage","Turbo"],"picked":"Conserve Battery","floor":1.0},{"not_picked":["Blizzard","Stack"],"picked":"Sweeping Beam","floor":5.0},{"not_picked":["Streamline","Turbo"],"picked":"Loop","floor":6.0},{"not_picked":["Gash","Steam Power"],"picked":"Conserve Battery","floor":13.0},{"not_picked":["Streamline","Heatsinks"],"picked":"Redo","floor":14.0},{"not_picked":["Multi-Cast","Meteor Strike"],"picked":"Seek","floor":16.0},{"not_picked":["Scrape+1","Go for the Eyes","Steam"],"picked":"SKIP","floor":18.0},{"not_picked":["Ball Lightning","Undo"],"picked":"Self Repair+1","floor":24.0},{"not_picked":["Rebound","Blizzard+1","Go for the Eyes"],"picked":"SKIP","floor":25.0},{"not_picked":["Redo","Aggregate","Reinforced Body"],"picked":"SKIP","floor":31.0},{"not_picked":["Reboot","Echo Form"],"picked":"Creative AI","floor":33.0},{"not_picked":["Steam+1","Conserve Battery+1","Undo+1"],"picked":"SKIP","floor":35.0},{"not_picked":["Undo","Ball Lightning+1"],"picked":"Leap+1","floor":37}],"player_experience":91740,"relics_obtained":[{"floor":6.0,"key":"Mango"},{"floor":9.0,"key":"Pen Nib"},{"floor":22.0,"key":"Nilry\u0027s Codex"},{"floor":26.0,"key":"Meat on the Bone"},{"floor":28.0,"key":"Bottled Lightning"}],"event_choices":[{"damage_healed":0.0,"max_hp_gain":0.0,"max_hp_loss":0.0,"gold_gain":0.0,"cards_transformed":["Strike_B"],"event_name":"Transmorgrifier","player_choice":"Transformed","floor":2.0,"gold_loss":0.0,"damage_taken":0.0,"cards_obtained":["Meteor Strike"]},{"damage_healed":0.0,"max_hp_gain":0.0,"max_hp_loss":0.0,"gold_gain":175.0,"event_name":"Liars Game","player_choice":"AGREE","floor":4.0,"gold_loss":0.0,"damage_taken":0.0,"cards_obtained":["Doubt"]},{"damage_healed":0.0,"max_hp_gain":0.0,"max_hp_loss":0.0,"gold_gain":0.0,"cards_transformed":["Doubt"],"event_name":"Living Wall","player_choice":"Change","floor":10.0,"gold_loss":0.0,"damage_taken":0.0,"cards_obtained":["Clumsy"]},{"damage_healed":0.0,"max_hp_gain":0.0,"max_hp_loss":0.0,"gold_gain":99.0,"event_name":"Nest","player_choice":"Stole From Cult","floor":19.0,"gold_loss":0.0,"damage_taken":0.0},{"damage_healed":0.0,"max_hp_gain":5.0,"max_hp_loss":0.0,"gold_gain":0.0,"event_name":"Forgotten Altar","player_choice":"Shed Blood","floor":20.0,"gold_loss":0.0,"damage_taken":22.0},{"damage_healed":0.0,"max_hp_gain":0.0,"max_hp_loss":0.0,"gold_gain":0.0,"event_name":"Addict","player_choice":"Obtained Relic","floor":21.0,"gold_loss":85.0,"damage_taken":0.0,"relics_obtained":["StoneCalendar"]},{"damage_healed":0.0,"max_hp_gain":0.0,"max_hp_loss":0.0,"gold_gain":0.0,"event_name":"Cursed Tome","player_choice":"Obtained Book","floor":22.0,"gold_loss":0.0,"damage_taken":16.0},{"damage_healed":0.0,"max_hp_gain":0.0,"max_hp_loss":0.0,"gold_gain":0.0,"event_name":"The Woman in Blue","player_choice":"Bought 1 Potion","floor":23.0,"gold_loss":0.0,"damage_taken":0.0},{"damage_healed":0.0,"max_hp_gain":0.0,"max_hp_loss":0.0,"gold_gain":0.0,"event_name":"Masked Bandits","player_choice":"Paid Fearfully","floor":29.0,"gold_loss":157.0,"damage_taken":0.0},{"damage_healed":0.0,"max_hp_gain":0.0,"max_hp_loss":0.0,"gold_gain":0.0,"event_name":"Mysterious Sphere","player_choice":"Ignored","floor":36.0,"gold_loss":0.0,"damage_taken":0.0}],"is_beta":false,"boss_relics":[{"not_picked":["Ectoplasm","FrozenCore"],"picked":"Inserter"},{"not_picked":["SlaversCollar","Nuclear Battery"],"picked":"Runic Pyramid"}],"items_purged_floors":[27],"is_endless":false,"potions_floor_spawned":[5,6,14,16,24,25,31,35,37],"killed_by":"Sphere and 2 Shapes","ascension_level":3}}