{"host":"v2nniiiz7kpx7fwo","time":1612201220,"event":{"mods":["2.2 Compatiblity","AchievementEnabler","BaseMod","Colored Map","Colored Powertips","DeckTracker","Highlight Path","KOR Keyword Fix","Minty Spire (QoL Compilation)","Permanent Neow","Quick Restart","Rare Cards Sparkle","SuperFastMode"],"gold_per_floor":[114,127,140,140,153,153,180,180,180,180,205,220,248,312,312,415,415,432,412,423,433,53,87,102,102,102,102,28,28,56,56,56],"floor_reached":31,"language":"KOR","playtime":1353,"items_purged":["Strike_B"],"score":509,"play_id":"7fb31d13-4cc4-4f34-af92-1b664b42be3c","local_time":"20210202024020","is_ascension_mode":true,"campfire_choices":[{"data":"Sunder","floor":6.0,"key":"SMITH"},{"data":"Dualcast","floor":8.0,"key":"SMITH"},{"floor":15.0,"key":"REST"},{"floor":25.0,"key":"REST"},{"floor":29.0,"key":"REST"}],"circlet_count":0,"master_deck":["AscendersBane","Strike_B","Strike_B","Strike_B","Defend_B","Defend_B","Defend_B","Defend_B","Zap+1","Dualcast+1","Conserve Battery","Ball Lightning","Sweeping Beam","Sunder+1","Auto Shields","Redo","Coolheaded","Echo Form","Hologram+1","Capacitor","Creative AI"],"relics":["Cracked Core","White Beast Statue","InkBottle","Art of War","Blood Vial","TungstenRod","Philosopher\u0027s Stone","Emotion Chip","Bird Faced Urn","Mercury Hourglass","Prayer Wheel"],"acts_visited":["Exordium","TheCity"],"potions_floor_usage":[31],"damage_taken":[{"damage":1.0,"enemies":"Cultist","floor":1.0,"turns":3.0},{"damage":2.0,"enemies":"Jaw Worm","floor":2.0,"turns":3.0},{"damage":5.0,"enemies":"Small Slimes","floor":3.0,"turns":3.0},{"damage":1.0,"enemies":"Looter","floor":5.0,"turns":2.0},{"damage":0.0,"enemies":"Gremlin Nob","floor":7.0,"turns":3.0},{"damage":18.0,"enemies":"Lagavulin","floor":11.0,"turns":5.0},{"damage":26.0,"enemies":"Lots of Slimes","floor":12.0,"turns":3.0},{"damage":4.0,"enemies":"Gremlin Nob","floor":13.0,"turns":3.0},{"damage":0.0,"enemies":"Gremlin Nob","floor":14.0,"turns":2.0},{"damage":40.0,"enemies":"Slime Boss","floor":16.0,"turns":9.0},{"damage":8.0,"enemies":"3 Byrds","floor":18.0,"turns":4.0},{"damage":1.0,"enemies":"Chosen","floor":20.0,"turns":5.0},{"damage":23.0,"enemies":"Snecko","floor":21.0,"turns":5.0},{"damage":24.0,"enemies":"Book of Stabbing","floor":23.0,"turns":4.0},{"damage":5.0,"enemies":"Shelled Parasite and Fungi","floor":24.0,"turns":6.0},{"damage":46.0,"enemies":"Gremlin Leader","floor":30.0,"turns":5.0},{"damage":30,"enemies":"Chosen and Byrds","floor":31,"turns":4}],"seed_played":"5717876978078392271","potions_obtained":[{"floor":2.0,"key":"Block Potion"},{"floor":3.0,"key":"FocusPotion"},{"floor":10.0,"key":"PotionOfCapacity"},{"floor":10.0,"key":"BlessingOfTheForge"},{"floor":12.0,"key":"Weak Potion"},{"floor":13.0,"key":"LiquidMemories"},{"floor":14.0,"key":"SpeedPotion"},{"floor":16.0,"key":"LiquidMemories"},{"floor":18.0,"key":"EntropicBrew"},{"floor":19.0,"key":"FearPotion"},{"floor":20.0,"key":"Energy Potion"},{"floor":21.0,"key":"SteroidPotion"},{"floor":23.0,"key":"SteroidPotion"},{"floor":24.0,"key":"PowerPotion"},{"floor":30.0,"key":"Weak Potion"}],"is_trial":false,"path_per_floor":["M","M","M","?","M","R","E","R","T","?","E","M","E","?","R","B",null,"M","?","M","M","$","E","M","R","T","?","$","R","E","M"],"character_chosen":"DEFECT","items_purchased":["Emotion Chip","Capacitor"],"campfire_rested":3,"item_purchase_floors":[22,28],"current_hp_per_floor":[67,65,60,65,64,64,64,64,64,64,46,20,16,18,42,4,61,55,55,56,35,35,13,12,36,36,36,36,60,22,0,0],"gold":56,"neow_bonus":"UPGRADE_CARD","is_daily":false,"chose_seed":false,"campfire_upgraded":2,"win_rate":0.0,"timestamp":1612201220,"path_taken":["M","M","M","?","M","R","E","R","T","?","E","?","E","?","R","BOSS","M","?","M","M","$","E","?","R","T","?","$","R","E","M"],"items_purchased_type":["Relic","Card"],"build_version":"2020-12-22","purchased_purges":1,"victory":false,"max_hp_per_floor":[75,75,75,80,80,80,80,80,80,80,80,80,80,80,80,80,80,80,80,80,80,80,80,80,80,80,80,80,80,80,80,80],"card_choices":[{"not_picked":["Redo","Steam"],"picked":"Conserve Battery","floor":1.0},{"not_picked":["Streamline","Stack"],"picked":"Ball Lightning","floor":2.0},{"not_picked":["Lockon","Steam"],"picked":"Sweeping Beam","floor":3.0},{"not_picked":["Melter","Recycle"],"picked":"Sunder","floor":5.0},{"not_picked":["Buffer","Turbo"],"picked":"Auto Shields","floor":7.0},{"not_picked":["Skim","Sweeping Beam"],"picked":"Redo","floor":11.0},{"not_picked":["Recycle","Conserve Battery","Compile Driver"],"picked":"SKIP","floor":12.0},{"not_picked":["Beam Cell","Rebound"],"picked":"Coolheaded","floor":13.0},{"not_picked":["Buffer","Hyperbeam"],"picked":"Echo Form","floor":16.0},{"not_picked":["Conserve Battery","Beam Cell","Tempest"],"picked":"SKIP","floor":18.0},{"not_picked":["Leap","Streamline+1","Go for the Eyes"],"picked":"SKIP","floor":20.0},{"not_picked":["Lockon","Leap","Reprogram"],"picked":"SKIP","floor":21.0},{"not_picked":["Storm","Consume"],"picked":"Hologram+1","floor":23.0},{"not_picked":["Turbo","Reprogram","Recycle"],"picked":"SKIP","floor":24.0},{"not_picked":["Stack","Go for the Eyes"],"picked":"Creative AI","floor":30.0}],"player_experience":485743,"relics_obtained":[{"floor":7.0,"key":"White Beast Statue"},{"floor":9.0,"key":"InkBottle"},{"floor":11.0,"key":"Art of War"},{"floor":13.0,"key":"Blood Vial"},{"floor":14.0,"key":"TungstenRod"},{"floor":23.0,"key":"Bird Faced Urn"},{"floor":30.0,"key":"Prayer Wheel"}],"event_choices":[{"damage_healed":0.0,"max_hp_gain":5.0,"max_hp_loss":0.0,"gold_gain":0.0,"event_name":"Big Fish","player_choice":"Donut","floor":4.0,"gold_loss":0.0,"damage_taken":0.0},{"damage_healed":0.0,"max_hp_gain":0.0,"max_hp_loss":0.0,"gold_gain":0.0,"event_name":"Lab","player_choice":"Got Potions","floor":10.0,"gold_loss":0.0,"damage_taken":0.0},{"damage_healed":0.0,"max_hp_gain":0.0,"max_hp_loss":0.0,"gold_gain":0.0,"event_name":"Dead Adventurer","player_choice":"Searched \u00271\u0027 times","floor":14.0,"gold_loss":0.0,"damage_taken":0.0},{"damage_healed":0.0,"max_hp_gain":0.0,"max_hp_loss":0.0,"gold_gain":0.0,"event_name":"The Woman in Blue","player_choice":"Bought 1 Potion","floor":19.0,"gold_loss":0.0,"damage_taken":0.0},{"damage_healed":0.0,"max_hp_gain":0.0,"max_hp_loss":0.0,"gold_gain":0.0,"event_name":"The Mausoleum","player_choice":"Opened","floor":27.0,"gold_loss":0.0,"damage_taken":0.0,"relics_obtained":["Mercury Hourglass"]}],"is_beta":false,"boss_relics":[{"not_picked":["SlaversCollar","Coffee Dripper"],"picked":"Philosopher\u0027s Stone"}],"items_purged_floors":[22],"is_endless":false,"potions_floor_spawned":[2,3,11,12,13,14,16,18,20,21,23,24,30],"killed_by":"Chosen and Byrds","ascension_level":12}}