{"host":"cnq91ghfhf6lz0gv","time":1612138532,"event":{"mods":["BaseMod","Clockwork Mod","Colored Map","Colored Powertips","Conspire","Downfall","Googly Eyes","Highlight Path","Minty Spire (QoL Compilation)","Replay The Spire","StSLib","SuperFastMode","The IronCluck","The Showman","slay the spire mod where everything is the same but ironclad has a cowboy hat"],"gold_per_floor":[109,212,225,245,53,53,67,167,214,227,259,259,47,77,77,174,174,187,199,199,27,47,74,84,84,84,99,125,125,125,125,142,167,167,263,263,277,288,288,303,303,303,303,319,343,354,304,304,179,192,192,192,192,192,70,104,104],"floor_reached":58,"language":"ENG","playtime":2795,"items_purged":["theShowman:BasicDefend","theShowman:BasicStrike","theShowman:ReappearingTrick+1","theShowman:SpeechCard+1","downfall:Icky","Master of Strategy+1"],"score":1366,"play_id":"99a46071-6cb6-415e-b858-8673af021ac5","local_time":"20210131191532","is_ascension_mode":true,"campfire_choices":[{"data":"theShowman:VanishingStrike","floor":6,"key":"SMITH"},{"data":"theShowman:ParlorTrick","floor":15,"key":"SMITH"},{"floor":31,"key":"RECALL"},{"data":"theShowman:ParlorTrick","floor":34,"key":"SMITH"},{"data":"Master of Strategy","floor":42,"key":"SMITH"},{"floor":51,"key":"DIG"},{"data":"theShowman:Columbify","floor":54,"key":"SMITH"}],"circlet_count":0,"master_deck":["theShowman:CardPickup52","theShowman:ParlorTrick+1","theShowman:BlackJack+1","theShowman:ParlorTrick+1","theShowman:CurtainCall+1","theShowman:Columbify+1","Pot Of Greed"],"relics":["theShowman:ThirdTimeCharm","Membership Card","Smiling Mask","Boot","Anchor","Replay:Wax Seal","Astrolabe","Iron Hammer","Replay:Mystery Machine","conspire:Dentures","Nunchaku","Oddly Smooth Stone","Runic Dome","Blue Candle","ReplayTheSpireMod:Ring of Exchange","Medical Kit","ReplayTheSpireMod:TigerMarble","Lee\u0027s Waffle","Grinning Jar"],"acts_visited":["Exordium","TheCity","TheBeyond","TheEnding"],"potions_floor_usage":[11,14],"damage_taken":[{"damage":0,"enemies":"Jaw Worm","floor":1,"turns":4},{"damage":2,"enemies":"Cultist","floor":3,"turns":4},{"damage":0,"enemies":"2 Louse","floor":4,"turns":2},{"damage":0,"enemies":"Red Slaver","floor":7,"turns":4},{"damage":0,"enemies":"Exordium Wildlife","floor":10,"turns":3},{"damage":18,"enemies":"Lagavulin","floor":11,"turns":8},{"damage":3,"enemies":"Gremlin Nob","floor":14,"turns":3},{"damage":0,"enemies":"Hexaghost","floor":16,"turns":8},{"damage":0,"enemies":"Spheric Guardian","floor":18,"turns":1},{"damage":0,"enemies":"Chosen","floor":19,"turns":1},{"damage":0,"enemies":"Centurion and Healer","floor":22,"turns":1},{"damage":0,"enemies":"Gremlin Leader","floor":23,"turns":1},{"damage":0,"enemies":"Shelled Parasite and Fungi","floor":24,"turns":1},{"damage":0,"enemies":"Cultist and Chosen","floor":27,"turns":1},{"damage":0,"enemies":"Book of Stabbing","floor":28,"turns":1},{"damage":0,"enemies":"Snecko","floor":32,"turns":1},{"damage":0,"enemies":"conspire:SneckoGhost","floor":33,"turns":1},{"damage":0,"enemies":"Pondfish","floor":35,"turns":2},{"damage":0,"enemies":"3 Darklings","floor":37,"turns":1},{"damage":0,"enemies":"Orb Walker","floor":38,"turns":1},{"damage":0,"enemies":"Jaw Worm Horde","floor":40,"turns":1},{"damage":0,"enemies":"Spire Growth","floor":44,"turns":1},{"damage":0,"enemies":"3 Darklings","floor":46,"turns":1},{"damage":0,"enemies":"Maw","floor":50,"turns":1},{"damage":0,"enemies":"Time Eater","floor":52,"turns":1},{"damage":0,"enemies":"Shield and Spear","floor":56,"turns":1},{"damage":0,"enemies":"The Heart","floor":57,"turns":1}],"seed_played":"-3197117416530701506","potions_obtained":[{"floor":3,"key":"Milkshake"},{"floor":7,"key":"Strength Potion"},{"floor":11,"key":"ColorlessPotion"},{"floor":16,"key":"Guardian:BlockOnCardUsePotion"},{"floor":19,"key":"hexamod:SoulburnPotion"},{"floor":22,"key":"Explosive Potion"},{"floor":37,"key":"Reflective Coating"}],"is_trial":false,"path_per_floor":["M","?","M","M","$","R","M","?","T","M","E","?","$","E","R","B",null,"M","M","?","$","M","E","M","?","T","M","E","PTL","PTL","R","M","E","R","B",null,"M","M","?","M","?","R","?","M","T","M","$","?","$","M","R_BF","B",null,"R","$","E","B",null],"character_chosen":"THE_SHOWMAN","items_purchased":["Membership Card","Anchor","Master of Strategy","Iron Hammer","Medical Kit","Lee\u0027s Waffle"],"campfire_rested":0,"item_purchase_floors":[5,13,13,21,49,55],"current_hp_per_floor":[68,50,48,48,48,48,48,48,48,48,30,30,30,27,27,27,63,63,63,63,63,63,63,63,63,63,63,63,63,63,63,63,63,63,63,72,72,72,71,71,66,66,66,66,66,66,66,66,66,66,66,66,70,70,78,78,78],"gold":104,"neow_bonus":"UPGRADE_CARD","is_daily":false,"chose_seed":false,"campfire_upgraded":5,"win_rate":0.0,"timestamp":1612138532,"path_taken":["M","?","?","M","$","R","M","?","T","?","E","?","$","E","R","BOSS","M","M","?","$","M","E","M","?","T","?","E","PTL","PTL","R","M","E","R","BOSS","M","M","?","M","?","R","?","?","T","M","$","?","$","M","R_BF","BOSS","R","$","E","BOSS"],"items_purchased_type":["Relic","Relic","Card","Relic","Relic","Relic"],"build_version":"2020-12-22","purchased_purges":6,"victory":true,"max_hp_per_floor":[75,75,75,75,75,75,75,75,75,75,75,75,75,75,75,75,75,75,75,75,75,75,75,75,75,75,75,75,75,75,75,75,75,75,75,75,75,75,71,71,71,71,71,71,71,71,71,71,71,71,71,71,71,71,78,78,78],"card_choices":[{"not_picked":["theShowman:Prestidigitation","theShowman:FistFullOfCards","theShowman:BlackJack"],"picked":"SKIP","floor":1},{"not_picked":["theShowman:Toro","theShowman:NowYouDont","theShowman:ThrowingCards"],"picked":"SKIP","floor":3},{"not_picked":["theShowman:ExaggeratedArmSweeps","theShowman:ObjectPermanence","theShowman:NowYouSeeMe"],"picked":"SKIP","floor":4},{"not_picked":["theShowman:SubtleMisdirections","theShowman:Prestidigitation","theShowman:NowYouSeeMe"],"picked":"SKIP","floor":7},{"not_picked":["theShowman:ThrowingCards","theShowman:OneUp","theShowman:Stupefy"],"picked":"SKIP","floor":10},{"not_picked":["theShowman:Toro","theShowman:OneUp","theShowman:GotYourNose"],"picked":"SKIP","floor":11},{"not_picked":["theShowman:ObjectPermanence","theShowman:SleightedHand"],"picked":"theShowman:ParlorTrick","floor":14},{"not_picked":["theShowman:PerfectedPerformance","theShowman:Columbify"],"picked":"theShowman:VanishingAct","floor":16},{"not_picked":["theShowman:FullHouse+1","theShowman:SleeveStash+1","theShowman:StartlingShowmanship"],"picked":"SKIP","floor":18},{"not_picked":["theShowman:DapperFlourish+1","theShowman:OpenTheCurtain","theShowman:PocketSand"],"picked":"SKIP","floor":19},{"not_picked":["theShowman:Toro","theShowman:VanDeGraaffsRevenge","theShowman:FlashyFlourish"],"picked":"SKIP","floor":22},{"not_picked":["theShowman:CurtainCall","theShowman:StackTheDeck+1","theShowman:OpenTheCurtain"],"picked":"SKIP","floor":23},{"not_picked":["theShowman:CurtainCall","theShowman:StackTheDeck+1","theShowman:OpenTheCurtain"],"picked":"SKIP","floor":23},{"not_picked":["theShowman:Presto","theShowman:GotYourNose","theShowman:RazzleDazzle"],"picked":"SKIP","floor":24},{"not_picked":["theShowman:FlashyFlourish+1","theShowman:ImpromptuFlourish","theShowman:FistFullOfCards+1"],"picked":"SKIP","floor":27},{"not_picked":["theShowman:NowYouDont","theShowman:NowYouSeeMe+1","theShowman:SleightedFlourish"],"picked":"SKIP","floor":28},{"not_picked":["theShowman:FullHouse+1","theShowman:OneUp","theShowman:WardrobeWarding"],"picked":"SKIP","floor":32},{"not_picked":["theShowman:StartlingShowmanship","theShowman:SleightedHand","theShowman:UpMySleeve"],"picked":"SKIP","floor":33},{"not_picked":["theShowman:SleightedHand+1","theShowman:MirrorMirror","theShowman:SleeveStash+1"],"picked":"SKIP","floor":37},{"not_picked":["theShowman:SleightedHand","theShowman:ExaggeratedArmSweeps+1"],"picked":"theShowman:CurtainCall+1","floor":38},{"not_picked":["theShowman:RaptMisdirection+1","theShowman:Toro+1","theShowman:PocketSand+1"],"picked":"SKIP","floor":40},{"not_picked":["theShowman:FlashyFlourish+1","theShowman:FullHouse+1","theShowman:ExtraWideSleeves"],"picked":"SKIP","floor":44},{"not_picked":["theShowman:FullHouse+1","theShowman:SleeveStash+1"],"picked":"theShowman:Columbify","floor":46},{"not_picked":["theShowman:FullHouse","theShowman:TroublingTrope","theShowman:ItsShowtime"],"picked":"SKIP","floor":50},{"not_picked":["theShowman:NowYouSeeMe","theShowman:ItsShowtime","theShowman:SleightedFlourish"],"picked":"SKIP","floor":56}],"player_experience":209230,"relics_obtained":[{"floor":9,"key":"Smiling Mask"},{"floor":11,"key":"Boot"},{"floor":14,"key":"Replay:Wax Seal"},{"floor":23,"key":"Replay:Mystery Machine"},{"floor":26,"key":"conspire:Dentures"},{"floor":28,"key":"Nunchaku"},{"floor":33,"key":"Oddly Smooth Stone"},{"floor":48,"key":"ReplayTheSpireMod:Ring of Exchange"},{"floor":51,"key":"ReplayTheSpireMod:TigerMarble"},{"floor":56,"key":"Grinning Jar"}],"event_choices":[{"damage_healed":0,"gold_gain":100,"player_choice":"Pray","damage_taken":0,"max_hp_gain":0,"max_hp_loss":0,"event_name":"Golden Shrine","floor":8,"gold_loss":0},{"damage_healed":0,"gold_gain":0,"player_choice":"Upgraded","damage_taken":0,"max_hp_gain":0,"max_hp_loss":0,"event_name":"Upgrade Shrine","floor":12,"gold_loss":0,"cards_upgraded":["theShowman:StageHook"]},{"damage_healed":0,"gold_gain":0,"player_choice":"Read","damage_taken":0,"max_hp_gain":0,"max_hp_loss":0,"event_name":"The Library","floor":20,"gold_loss":0,"cards_obtained":["theShowman:ParlorTrick"]},{"damage_healed":0,"gold_gain":0,"player_choice":"Bought 0 Potions","damage_taken":0,"max_hp_gain":0,"max_hp_loss":0,"event_name":"The Woman in Blue","floor":25,"gold_loss":0},{"damage_healed":0,"gold_gain":0,"player_choice":"Max HP","damage_taken":0,"max_hp_gain":0,"max_hp_loss":4,"event_name":"Winding Halls","floor":39,"gold_loss":0},{"cards_removed":["theShowman:StageHook"],"damage_healed":0,"gold_gain":0,"player_choice":"Purged","damage_taken":0,"max_hp_gain":0,"max_hp_loss":0,"event_name":"Purifier","floor":43,"gold_loss":0}],"is_beta":false,"boss_relics":[{"not_picked":["Abe\u0027s Treasure","Honey Jar"],"picked":"Astrolabe"},{"not_picked":["Coffee Dripper","ReplayTheSpireMod:DimensionalGlitch"],"picked":"Runic Dome"}],"items_purged_floors":[5,13,21,47,49,55],"is_endless":false,"potions_floor_spawned":[3,7,11,16,19,22,24,32,33,37,46,50,56],"ascension_level":8}}