{"host":"nx6t4q2fc0vdue7l","time":1612218249,"event":{"mods":["2.2 Compatiblity","BaseMod","Minty Spire (QoL Compilation)"],"gold_per_floor":[118,128,145,320,290,318,318,162,162,181,181,194,194,194],"floor_reached":13,"language":"ENG","playtime":452,"items_purged":["Strike_B"],"score":94,"play_id":"ac6bf3b4-65ed-42f6-b700-7f583f71fa22","local_time":"20210201232409","is_ascension_mode":true,"campfire_choices":[{"data":"Zap","floor":7,"key":"SMITH"},{"floor":11,"key":"REST"}],"circlet_count":0,"master_deck":["Strike_B","Strike_B","Strike_B","Defend_B","Defend_B","Defend_B","Defend_B","Zap+1","Dualcast","Leap","Capacitor","Darkness","Doubt","Rip and Tear","Darkness","Loop+1","Rip and Tear"],"relics":["Cracked Core","NeowsBlessing","Frozen Egg 2","StrikeDummy"],"acts_visited":["Exordium"],"potions_floor_usage":[13,13],"damage_taken":[{"damage":0,"enemies":"Jaw Worm","floor":1,"turns":1},{"damage":0,"enemies":"2 Louse","floor":2,"turns":1},{"damage":0,"enemies":"Cultist","floor":3,"turns":1},{"damage":2,"enemies":"Looter","floor":5,"turns":4},{"damage":43,"enemies":"Gremlin Nob","floor":6,"turns":6},{"damage":11,"enemies":"2 Fungi Beasts","floor":10,"turns":4},{"damage":15,"enemies":"3 Louse","floor":12,"turns":3},{"damage":26,"enemies":"3 Sentries","floor":13,"turns":4}],"seed_played":"-5833925123108020118","potions_obtained":[{"floor":6,"key":"PotionOfCapacity"},{"floor":12,"key":"Swift Potion"}],"is_trial":false,"path_per_floor":["M","M","M","?","M","E","R","$","T","M","R","M","E"],"character_chosen":"DEFECT","items_purchased":["Loop+1"],"campfire_rested":1,"item_purchase_floors":[8],"current_hp_per_floor":[75,75,75,75,73,30,30,30,30,19,41,26,0,0],"gold":194,"neow_bonus":"THREE_ENEMY_KILL","is_daily":false,"chose_seed":false,"campfire_upgraded":1,"win_rate":0.0,"timestamp":1612218249,"path_taken":["M","M","M","?","M","E","R","$","T","M","R","M","E"],"items_purchased_type":["Card"],"build_version":"2020-12-22","purchased_purges":1,"victory":false,"max_hp_per_floor":[75,75,75,75,75,75,75,75,75,75,75,75,75,75],"card_choices":[{"not_picked":["Beam Cell","Rebound"],"picked":"Leap","floor":1},{"not_picked":["Chaos","Stack"],"picked":"Capacitor","floor":2},{"not_picked":["Sweeping Beam","Leap"],"picked":"Darkness","floor":3},{"not_picked":["Beam Cell","Melter"],"picked":"Rip and Tear","floor":5},{"not_picked":["All For One","Force Field"],"picked":"Darkness","floor":6},{"not_picked":["Barrage","Blizzard"],"picked":"Rip and Tear","floor":10},{"not_picked":["Compile Driver","Doom and Gloom","Rebound"],"picked":"SKIP","floor":12}],"player_experience":333856,"relics_obtained":[{"floor":6,"key":"Frozen Egg 2"},{"floor":9,"key":"StrikeDummy"}],"event_choices":[{"damage_healed":0,"gold_gain":175,"player_choice":"AGREE","damage_taken":0,"max_hp_gain":0,"max_hp_loss":0,"event_name":"Liars Game","floor":4,"gold_loss":0,"cards_obtained":["Doubt"]}],"is_beta":false,"boss_relics":[],"items_purged_floors":[8],"is_endless":false,"potions_floor_spawned":[6,12],"killed_by":"3 Sentries","ascension_level":2}}