{"host":"eswokialmqjd9jwx","time":1612193157,"event":{"mods":["AchievementEnabler","BaseMod","Colored Map","DeckTracker","KOR Keyword Fix","Minty Spire (QoL Compilation)","StSLib","SuperFastMode"],"gold_per_floor":[114,127,127,202,48,75,90,110,179,179,179,179],"floor_reached":11,"language":"KOR","playtime":142,"items_purged":["Strike_G"],"score":196,"play_id":"ffaefde6-b391-4bea-953a-9389fa65c932","local_time":"20210202002557","is_ascension_mode":true,"campfire_choices":[],"circlet_count":0,"master_deck":["AscendersBane","Strike_G","Strike_G","Strike_G","Strike_G","Defend_G","Defend_G","Defend_G","Defend_G","Defend_G","Survivor","Neutralize","Tactician","Prepared","All Out Attack","A Thousand Cuts","Acrobatics","Prepared"],"relics":["Ring of the Snake","NeowsBlessing","Pocketwatch","Regal Pillow","Pear","InkBottle"],"acts_visited":["Exordium"],"potions_floor_usage":[8,8],"damage_taken":[{"damage":0,"enemies":"2 Louse","floor":1,"turns":1},{"damage":0,"enemies":"Jaw Worm","floor":2,"turns":1},{"damage":0,"enemies":"Gremlin Nob","floor":6,"turns":1},{"damage":5,"enemies":"Cultist","floor":7,"turns":5},{"damage":5,"enemies":"3 Louse","floor":8,"turns":2},{"damage":0,"enemies":"3 Sentries","floor":11,"turns":2}],"seed_played":"-3116239818636345688","potions_obtained":[{"floor":1,"key":"LiquidMemories"},{"floor":2,"key":"SkillPotion"},{"floor":6,"key":"LiquidMemories"}],"is_trial":false,"path_per_floor":["M","M","?","?","$","E","M","M","T","T","E"],"character_chosen":"THE_SILENT","items_purchased":["All Out Attack"],"campfire_rested":0,"item_purchase_floors":[5],"current_hp_per_floor":[59,59,24,13,13,13,8,3,13,13,13,13],"gold":179,"neow_bonus":"THREE_ENEMY_KILL","is_daily":false,"chose_seed":false,"campfire_upgraded":0,"win_rate":0.0,"timestamp":1612193157,"path_taken":["M","M","?","?","$","E","M","M","T","?","E"],"items_purchased_type":["Card"],"build_version":"2020-12-22","purchased_purges":1,"victory":false,"max_hp_per_floor":[66,66,66,66,66,66,66,66,76,76,76,76],"card_choices":[{"not_picked":["Terror","Flechettes"],"picked":"Tactician","floor":1},{"not_picked":["Backflip","Underhanded Strike"],"picked":"Prepared","floor":2},{"not_picked":["Finisher","Cloak And Dagger"],"picked":"A Thousand Cuts","floor":6},{"not_picked":["Dagger Spray","Catalyst"],"picked":"Acrobatics","floor":7},{"not_picked":["PiercingWail","Bane"],"picked":"Prepared","floor":8}],"player_experience":1175395,"relics_obtained":[{"floor":6,"key":"Regal Pillow"},{"floor":9,"key":"Pear"},{"floor":10,"key":"InkBottle"}],"event_choices":[{"damage_healed":0,"gold_gain":0,"player_choice":"Success","damage_taken":35,"relics_obtained":["Pocketwatch"],"max_hp_gain":0,"max_hp_loss":0,"event_name":"Scrap Ooze","floor":3,"gold_loss":0},{"damage_healed":0,"gold_gain":75,"player_choice":"Gather Gold","damage_taken":11,"max_hp_gain":0,"max_hp_loss":0,"event_name":"World of Goop","floor":4,"gold_loss":0}],"is_beta":false,"boss_relics":[],"items_purged_floors":[5],"is_endless":false,"potions_floor_spawned":[1,2,6],"killed_by":"3 Sentries","ascension_level":20}}