{"host":"3uci9gpt6cwo3y1o","time":1612167468,"event":{"mods":["Aspiration","BaseMod","Energized Spire","Minty Spire (QoL Compilation)","MostiFishMod","Reliquary","StSLib","TestMod"],"gold_per_floor":[117,117,117,42,42,76,96,123,146,146,178,178,190,215,215,286,286,303,316,327,277,293,318,318,347,427,457,457,483,502,127,127,199,499,518,518,537,537,550,578,597,597,645,660,695,59,73,106,106,106,106],"floor_reached":52,"language":"ZHS","playtime":3087,"items_purged":["Strike_R","Strike_R","Strike_R","Shrug It Off"],"score":2246,"play_id":"98dce644-83e8-469f-96dc-0b31aa1ff4e5","local_time":"20210201161748","is_ascension_mode":true,"campfire_choices":[{"floor":10.0,"key":"REST"},{"data":"Disarm","floor":12.0,"key":"SMITH"},{"data":"Burning Pact","floor":15.0,"key":"SMITH"},{"data":"Pommel Strike","floor":24.0,"key":"SMITH"},{"floor":32.0,"key":"REST"},{"floor":42,"key":"REST"},{"floor":49,"key":"REST"}],"circlet_count":0,"master_deck":["AscendersBane","Defend_R","Defend_R","Defend_R","Defend_R","Bash+1","Uppercut","Disarm+1","Flame Barrier","Whirlwind+1","Dark Embrace","Burning Pact+1","MostiFishMod:ChineseTea+1","Metallicize","Reaper","Pommel Strike+1","Bloodletting","MostiFishMod:NewArrival+1","Seeing Red+1","Power Through+1","Feed","CurseOfTheBell","Barricade","Pummel+1","Shrug It Off+1","Shrug It Off+1","MostiFishMod:RacingGame+1","MostiFishMod:StoryBook+1","Evolve","Offering+1","MostiFishMod:#F4004+1"],"relics":["Burning Blood","DaveBox","testmod-TestBox","HaiYi:Twilight","testmod-BouquetWithThorns","SynthV:TestCard","Ancient Tea Set","aspiration:ChemicalBlood","Smiling Mask","Akabeko","Vajra","testmod-HarvestTotem","Strawberry","Toxic Egg 2","Mercury Hourglass","reliquary:Knoch","Dream Catcher","testmod-BlackFramedGlasses","Calling Bell","Toy Ornithopter","testmod-ArcanaOfDestiny","Whetstone","testmod-Muramasa","Bag of Preparation","aspiration:FrozenJewel"],"acts_visited":["Exordium","TheCity","TheBeyond"],"potions_floor_usage":[39,40,40,40,41,41,45,45,47,50,51],"damage_taken":[{"damage":14.0,"enemies":"Jaw Worm","floor":1.0,"turns":4.0},{"damage":30.0,"enemies":"Gremlin Nob","floor":6.0,"turns":4.0},{"damage":5.0,"enemies":"2 Louse","floor":7.0,"turns":3.0},{"damage":36.0,"enemies":"3 Sentries","floor":8.0,"turns":6.0},{"damage":8.0,"enemies":"Lagavulin","floor":11.0,"turns":8.0},{"damage":0.0,"enemies":"Cultist","floor":13.0,"turns":3.0},{"damage":42.0,"enemies":"Gremlin Nob","floor":14.0,"turns":5.0},{"damage":3.0,"enemies":"Hexaghost","floor":16.0,"turns":9.0},{"damage":0.0,"enemies":"3 Byrds","floor":18.0,"turns":1.0},{"damage":16.0,"enemies":"2 Thieves","floor":19.0,"turns":5.0},{"damage":18.0,"enemies":"Chosen and Byrds","floor":20.0,"turns":5.0},{"damage":34.0,"enemies":"Centurion and Healer","floor":22.0,"turns":10.0},{"damage":39.0,"enemies":"Slavers","floor":23.0,"turns":3.0},{"damage":70.0,"enemies":"Gremlin Leader","floor":25.0,"turns":7.0},{"damage":33.0,"enemies":"Slavers","floor":27.0,"turns":3.0},{"damage":53.0,"enemies":"Gremlin Leader","floor":29.0,"turns":7.0},{"damage":7.0,"enemies":"3 Cultists","floor":30.0,"turns":3.0},{"damage":107.0,"enemies":"Collector","floor":33.0,"turns":13.0},{"damage":38.0,"enemies":"Orb Walker","floor":35.0,"turns":5.0},{"damage":66.0,"enemies":"3 Shapes","floor":37.0,"turns":3.0},{"damage":25,"enemies":"Maw","floor":39,"turns":7},{"damage":111,"enemies":"Reptomancer","floor":40,"turns":6},{"damage":56,"enemies":"Writhing Mass","floor":41,"turns":5},{"damage":16,"enemies":"3 Darklings","floor":44,"turns":4},{"damage":75,"enemies":"Nemesis","floor":45,"turns":9},{"damage":71,"enemies":"Transient","floor":47,"turns":6},{"damage":12,"enemies":"Reptomancer","floor":48,"turns":3},{"damage":64,"enemies":"Time Eater","floor":50,"turns":10},{"damage":50,"enemies":"Donu and Deca","floor":51,"turns":4}],"seed_played":"-4437672191034708297","potions_obtained":[{"floor":1.0,"key":"LiquidMemories"},{"floor":5.0,"key":"ColorlessPotion"},{"floor":6.0,"key":"testmod-TimePotion"},{"floor":8.0,"key":"BlessingOfTheForge"},{"floor":14.0,"key":"Explosive Potion"},{"floor":19.0,"key":"SkillPotion"},{"floor":20.0,"key":"Fire Potion"},{"floor":22.0,"key":"EntropicBrew"},{"floor":22.0,"key":"AttackPotion"},{"floor":29.0,"key":"Strength Potion"},{"floor":35.0,"key":"Strength Potion"},{"floor":37.0,"key":"Regen Potion"},{"floor":39,"key":"BlessingOfTheForge"},{"floor":40,"key":"DuplicationPotion"},{"floor":40,"key":"ColorlessPotion"},{"floor":47,"key":"Dexterity Potion"},{"floor":51,"key":"HeartOfIron"}],"is_trial":false,"path_per_floor":["M","?","?","$","?","E","M","E","T","R","E","R","M","E","R","B",null,"M","M","M","$","M","E","R","E","T","E","?","E","M","$","R","B",null,"M","?","M","?","M","E","M","R","T","M","E","$","M","E","R","B","B",null],"character_chosen":"IRONCLAD","items_purchased":["testmod-BlackFramedGlasses","MostiFishMod:StoryBook+1","Evolve","aspiration:FrozenJewel"],"campfire_rested":4,"item_purchase_floors":[31,46,46,46],"current_hp_per_floor":[60,65,58,58,58,34,35,15,15,39,37,37,43,7,7,10,160,160,160,160,160,160,174,174,163,163,142,142,143,148,148,174,150,174,174,174,134,152,174,174,172,174,174,174,152,152,134,174,174,180,172],"gold":106,"neow_bonus":"REMOVE_CARD","is_daily":false,"chose_seed":false,"campfire_upgraded":3,"win_rate":0.0,"timestamp":1612167468,"path_taken":["M","?","?","$","?","E","M","E","T","R","E","R","M","E","R","BOSS","M","?","M","$","M","E","R","E","T","E","?","E","?","?","R","BOSS","M","?","M","?","M","E","?","R","T","M","E","$","M","E","R","BOSS","BOSS"],"items_purchased_type":["Relic","Card","Card","Relic"],"build_version":"2020-12-22","purchased_purges":4,"victory":true,"max_hp_per_floor":[75,80,80,80,80,80,80,80,80,80,80,80,80,80,80,80,160,160,160,160,160,160,174,174,174,174,174,174,174,174,174,174,174,174,174,174,174,174,174,174,174,174,174,174,174,174,174,174,174,180,186],"card_choices":[{"not_picked":["Sword Boomerang","Rampage"],"picked":"Uppercut","floor":1.0},{"not_picked":["Anger","Twin Strike","Havoc","Searing Blow"],"picked":"Disarm","floor":6.0},{"not_picked":["Havoc","Disarm","True Grit","Sword Boomerang","Clothesline"],"picked":"SKIP","floor":7.0},{"not_picked":["Body Slam","Cleave","Thunderclap","MostiFishMod:BrandingRite"],"picked":"Flame Barrier","floor":8.0},{"not_picked":["Sword Boomerang","Disarm","Rupture","Thunderclap"],"picked":"Whirlwind","floor":11.0},{"not_picked":["Bludgeon","Heavy Blade","Clothesline","Spot Weakness"],"picked":"Dark Embrace","floor":13.0},{"not_picked":["Sword Boomerang","Spot Weakness","Sever Soul","Disarm"],"picked":"Burning Pact","floor":14.0},{"not_picked":["Demon Form","MostiFishMod:RainCloud","MostiFishMod:Chiaki","Berserk"],"picked":"MostiFishMod:ChineseTea","floor":16.0},{"not_picked":["Havoc","Anger","Body Slam","Second Wind"],"picked":"Metallicize","floor":18.0},{"not_picked":["Headbutt","Body Slam","Ghostly Armor","Entrench"],"picked":"Shrug It Off","floor":19.0},{"not_picked":["Cleave","Clash","Shrug It Off+1","Twin Strike"],"picked":"Reaper","floor":20.0},{"not_picked":["Uppercut","Heavy Blade","Body Slam","Cleave"],"picked":"Pommel Strike","floor":22.0},{"not_picked":["Burning Pact+1","Dark Embrace","Rupture","Sword Boomerang"],"picked":"Bloodletting","floor":23.0},{"not_picked":["True Grit+1","Anger","Rage+1","Burning Pact+1","Armaments+1"],"picked":"SKIP","floor":25.0},{"not_picked":["Armaments+1","Second Wind+1","Brutality","Sword Boomerang"],"picked":"MostiFishMod:NewArrival+1","floor":27.0},{"not_picked":["Flex+1","Inflame","Clothesline","Dark Embrace"],"picked":"Seeing Red+1","floor":29.0},{"not_picked":["Burning Pact+1","Headbutt+1","Thunderclap","Armaments+1","Sword Boomerang"],"picked":"SKIP","floor":30.0},{"not_picked":["Rupture","Feel No Pain","Havoc+1","Sword Boomerang"],"picked":"Power Through+1","floor":32.0},{"not_picked":["Fiend Fire","Impervious+1","MostiFishMod:TemporaryOutbreak","Double Tap+1"],"picked":"Feed","floor":33.0},{"not_picked":["Infernal Blade+1","Twin Strike+1","Armaments+1","Sword Boomerang","Searing Blow"],"picked":"SKIP","floor":35.0},{"not_picked":["Shrug It Off+1","Body Slam+1","Carnage+1","Thunderclap+1"],"picked":"Barricade","floor":37.0},{"not_picked":["Armaments+1","Blood for Blood","Warcry+1","Twin Strike","Cleave"],"picked":"SKIP","floor":39},{"not_picked":["Headbutt","MostiFishMod:PerfectStrikeMKII","Rampage+1","Clothesline"],"picked":"Pummel+1","floor":40},{"not_picked":["Headbutt+1","Perfected Strike+1","True Grit+1","Body Slam","Wild Strike"],"picked":"SKIP","floor":41},{"not_picked":["Heavy Blade","Pummel","Flex+1","Headbutt"],"picked":"Shrug It Off+1","floor":42},{"not_picked":["Combust","Cleave+1","True Grit+1","Body Slam"],"picked":"Shrug It Off+1","floor":44},{"not_picked":["Shrug It Off+1","Dropkick","Intimidate+1","Pommel Strike"],"picked":"MostiFishMod:RacingGame+1","floor":45},{"not_picked":["Iron Wave","Shrug It Off+1","Heavy Blade","True Grit+1","Power Through+1"],"picked":"SKIP","floor":47},{"not_picked":["Inflame+1","True Grit+1","Havoc+1","Twin Strike"],"picked":"Offering+1","floor":48},{"not_picked":["Second Wind+1","Iron Wave","Battle Trance+1","Clothesline"],"picked":"MostiFishMod:#F4004+1","floor":49}],"player_experience":897270,"relics_obtained":[{"floor":1.0,"key":"SynthV:TestCard"},{"floor":6.0,"key":"Ancient Tea Set"},{"floor":8.0,"key":"aspiration:ChemicalBlood"},{"floor":9.0,"key":"Smiling Mask"},{"floor":11.0,"key":"Akabeko"},{"floor":14.0,"key":"Vajra"},{"floor":23.0,"key":"Strawberry"},{"floor":25.0,"key":"Toxic Egg 2"},{"floor":26.0,"key":"Mercury Hourglass"},{"floor":27.0,"key":"reliquary:Knoch"},{"floor":29.0,"key":"Dream Catcher"},{"floor":34.0,"key":"Toy Ornithopter"},{"floor":34.0,"key":"testmod-ArcanaOfDestiny"},{"floor":34.0,"key":"Old Coin"},{"floor":40,"key":"testmod-Muramasa"},{"floor":45,"key":"Bag of Preparation"}],"event_choices":[{"damage_healed":0.0,"max_hp_gain":5.0,"max_hp_loss":0.0,"gold_gain":0.0,"event_name":"Big Fish","player_choice":"Donut","floor":2.0,"gold_loss":0.0,"damage_taken":0.0},{"cards_removed":["Strike_R"],"damage_healed":0.0,"max_hp_gain":0.0,"max_hp_loss":0.0,"gold_gain":0.0,"event_name":"Golden Wing","player_choice":"Card Removal","floor":3.0,"gold_loss":0.0,"damage_taken":7.0},{"damage_healed":0.0,"max_hp_gain":0.0,"max_hp_loss":0.0,"gold_gain":0.0,"event_name":"Lab","player_choice":"Got Potions","floor":5.0,"gold_loss":0.0,"damage_taken":0.0},{"damage_healed":0.0,"max_hp_gain":0.0,"max_hp_loss":0.0,"gold_gain":0.0,"event_name":"Accursed Blacksmith","player_choice":"Forge","floor":28.0,"gold_loss":0.0,"damage_taken":0.0,"cards_upgraded":["MostiFishMod:ChineseTea"]},{"damage_healed":0.0,"max_hp_gain":0.0,"max_hp_loss":0.0,"gold_gain":0.0,"event_name":"给自己的盒子","player_choice":"Swap Relic","floor":36.0,"relics_lost":["Old Coin"],"gold_loss":0.0,"damage_taken":0.0,"relics_obtained":["Whetstone"]}],"is_beta":false,"boss_relics":[{"not_picked":["testmod-TimeTraveler","energizedSpire:RedRose"],"picked":"testmod-HarvestTotem"},{"not_picked":["Transparent","testmod-StringDisintegrator"],"picked":"Calling Bell"}],"items_purged_floors":[4,21,31,46],"is_endless":false,"potions_floor_spawned":[1,6,8,14,19,20,22,29,37,39,40,47],"ascension_level":20}}