{"host":"126yiuos2nq86se7","time":1612153027,"event":{"mods":["AchievementEnabler","Act Like it!","BaseMod","Colored Map","Colored Powertips","Friendly Minions","Highlight Path","Minty Spire (QoL Compilation)","Reimu??????","StSLib","SuperFastMode"],"gold_per_floor":[112,127,3,3,19,19,47,47,71,71,81,92,42,55,55,151,151,170,185,6,18,18,18],"floor_reached":22,"language":"ENG","playtime":1216,"items_purged":["Strike_Lin:ReiMu","Strike_Lin:ReiMu"],"score":238,"play_id":"5cea18ce-bd51-421a-ad69-69f7b97584a1","local_time":"20210201151707","is_ascension_mode":false,"campfire_choices":[{"floor":6,"key":"REST"},{"floor":8,"key":"REST"},{"data":"OctopathBindingBorder2:ReiMu","floor":10,"key":"SMITH"},{"floor":15,"key":"REST"}],"circlet_count":0,"master_deck":["Strike_Lin:ReiMu","Defend_Lin:ReiMu","Defend_Lin:ReiMu","Defend_Lin:ReiMu","Defend_Lin:ReiMu+1","NB:ReiMu","Stagnation:ReiMu","OctopathBindingBorder2:ReiMu+1","YinYangSign:ReiMu","WonderfulDomain:ReiMu+1","Amulet:ReiMu","SafetyPray:ReiMu","MikOfLucky:ReiMu","AirManeuver:ReiMu","Gathering:ReiMu","KamiRite:ReiMu","TightArray:ReiMu","InherentArray:ReiMu","PrayRite:ReiMu"],"relics":["FlyPower:ReiMu","War Paint","Dream Catcher","Philosopher\u0027s Stone"],"acts_visited":["Exordium","TheCity"],"potions_floor_usage":[7,16,16,16],"damage_taken":[{"damage":12,"enemies":"Cultist","floor":1,"turns":5},{"damage":12,"enemies":"Small Slimes","floor":2,"turns":4},{"damage":0,"enemies":"2 Louse","floor":5,"turns":5},{"damage":41,"enemies":"Gremlin Nob","floor":7,"turns":6},{"damage":2,"enemies":"Blue Slaver","floor":11,"turns":6},{"damage":6,"enemies":"Gremlin Gang","floor":12,"turns":5},{"damage":3,"enemies":"Exordium Wildlife","floor":14,"turns":5},{"damage":0,"enemies":"Slime Boss","floor":16,"turns":9},{"damage":12,"enemies":"Chosen","floor":18,"turns":9},{"damage":0,"enemies":"Shell Parasite","floor":19,"turns":6},{"damage":53,"enemies":"Chosen and Byrds","floor":21,"turns":9},{"damage":7,"enemies":"Snake Plant","floor":22,"turns":2}],"seed_played":"7468162016826343857","potions_obtained":[{"floor":1,"key":"SpeedPotion"},{"floor":2,"key":"Block Potion"},{"floor":7,"key":"DuplicationPotion"},{"floor":11,"key":"Explosive Potion"},{"floor":19,"key":"EssenceOfSteel"}],"is_trial":false,"path_per_floor":["M","M","$","?","M","R","E","R","T","R","M","M","?","M","R","B",null,"M","M","$","M","M"],"character_chosen":"REIMU","items_purchased":["WonderfulDomain:ReiMu","InherentArray:ReiMu"],"campfire_rested":3,"item_purchase_floors":[3,20],"current_hp_per_floor":[59,47,47,47,47,68,27,48,48,48,46,40,40,37,58,58,71,59,59,59,6,0,0],"gold":18,"neow_bonus":"TEN_PERCENT_HP_BONUS","is_daily":false,"chose_seed":false,"campfire_upgraded":1,"win_rate":0.0,"timestamp":1612153027,"path_taken":["M","?","$","?","M","R","E","R","T","R","M","M","?","M","R","BOSS","M","M","$","M","M"],"items_purchased_type":["Card","Card"],"build_version":"2020-12-22","purchased_purges":2,"victory":false,"max_hp_per_floor":[71,71,71,71,71,71,71,71,71,71,71,71,71,71,71,71,71,71,71,71,71,71,71],"card_choices":[{"not_picked":["RainPray2:ReiMu","TightArray:ReiMu"],"picked":"OctopathBindingBorder2:ReiMu","floor":1},{"not_picked":["Conquer:ReiMu","Meditation:ReiMu"],"picked":"YinYangSign:ReiMu","floor":2},{"not_picked":["Determination:ReiMu","LearningPray:ReiMu"],"picked":"Amulet:ReiMu","floor":5},{"not_picked":["AirStrike:ReiMu","Intuition:ReiMu"],"picked":"SafetyPray:ReiMu","floor":7},{"not_picked":["InherentArray:ReiMu","SubcavityInstant:ReiMu"],"picked":"MikOfLucky:ReiMu","floor":11},{"not_picked":["Meditation:ReiMu","SubcavityInstant:ReiMu","FantasyBorder:ReiMu"],"picked":"SKIP","floor":12},{"not_picked":["Conquer:ReiMu","MountainWay:ReiMu"],"picked":"AirManeuver:ReiMu","floor":14},{"not_picked":["FineLineFantasy:ReiMu","Crusade:ReiMu"],"picked":"Gathering:ReiMu","floor":15},{"not_picked":["Determination:ReiMu","BlastKick2:ReiMu"],"picked":"KamiRite:ReiMu","floor":16},{"not_picked":["Crusade:ReiMu","Amulet:ReiMu","Intuition:ReiMu"],"picked":"SKIP","floor":18},{"not_picked":["RainPray2:ReiMu","AirStrike:ReiMu"],"picked":"TightArray:ReiMu","floor":19},{"not_picked":["Dreaming2:ReiMu","Intuition:ReiMu+1"],"picked":"PrayRite:ReiMu","floor":21}],"player_experience":1470804,"relics_obtained":[{"floor":7,"key":"War Paint"},{"floor":9,"key":"Dream Catcher"}],"event_choices":[{"cards_removed":["Strike_Lin:ReiMu"],"damage_healed":0,"gold_gain":0,"player_choice":"Card Removal","damage_taken":0,"max_hp_gain":0,"max_hp_loss":0,"event_name":"The Cleric","floor":13,"gold_loss":50}],"is_beta":false,"boss_relics":[{"not_picked":["Astrolabe","Black Star"],"picked":"Philosopher\u0027s Stone"}],"items_purged_floors":[3,20],"is_endless":false,"potions_floor_spawned":[1,2,7,11,19],"killed_by":"Snake Plant","ascension_level":0}}