{"host":"61y0z9o9vf3ujftj","time":1612153526,"event":{"mods":["BaseMod","Colored Map","Colored Powertips","GifTheSpireLib","HexUI Lib","Highlight Path","Minty Spire (QoL Compilation)","Relic Stats","StSLib","ojb\u0027s Info Mod"],"gold_per_floor":[116,126,137,148,73,98,48,148,148,148,178,198,233,217,217,316,316,334,334,353,109,128,153,172,207,207,207,207],"floor_reached":27,"language":"ENG","playtime":16871,"items_purged":["Defend_B","Strike_B"],"score":426,"play_id":"fefd8800-82fe-4d9c-8a13-3cc449a8bff8","local_time":"20210131222526","is_ascension_mode":true,"campfire_choices":[{"data":"Hologram","floor":10.0,"key":"SMITH"},{"data":"Multi-Cast","floor":15.0,"key":"SMITH"}],"circlet_count":0,"master_deck":["AscendersBane","Strike_B","Defend_B","Zap","Dualcast","Go for the Eyes","Glacier","Hologram+1","Go for the Eyes","Capacitor","Multi-Cast+1","Blizzard","Reinforced Body","Capacitor","Echo Form","Rip and Tear+1","Streamline+1","Sunder+1","Compile Driver+1","Leap","Ball Lightning+1","Self Repair","Beam Cell+1"],"relics":["Cursed Key","Pen Nib","Centennial Puzzle","MealTicket","Astrolabe","PreservedInsect","Torii","Smiling Mask"],"acts_visited":["Exordium","TheCity"],"potions_floor_usage":[25],"damage_taken":[{"damage":0.0,"enemies":"Cultist","floor":1.0,"turns":4.0},{"damage":0.0,"enemies":"Jaw Worm","floor":2.0,"turns":4.0},{"damage":0.0,"enemies":"Small Slimes","floor":3.0,"turns":3.0},{"damage":0.0,"enemies":"2 Fungi Beasts","floor":4.0,"turns":4.0},{"damage":10.0,"enemies":"Gremlin Nob","floor":6.0,"turns":5.0},{"damage":11.0,"enemies":"3 Sentries","floor":11.0,"turns":12.0},{"damage":2.0,"enemies":"Lots of Slimes","floor":12.0,"turns":7.0},{"damage":18.0,"enemies":"Gremlin Nob","floor":13.0,"turns":4.0},{"damage":7.0,"enemies":"Exordium Thugs","floor":14.0,"turns":4.0},{"damage":20.0,"enemies":"The Guardian","floor":16.0,"turns":17.0},{"damage":19.0,"enemies":"2 Thieves","floor":18.0,"turns":3.0},{"damage":9.0,"enemies":"Shell Parasite","floor":20.0,"turns":4.0},{"damage":1.0,"enemies":"Shelled Parasite and Fungi","floor":22.0,"turns":7.0},{"damage":36.0,"enemies":"Slavers","floor":23.0,"turns":4.0},{"damage":1,"enemies":"Snecko","floor":24,"turns":4},{"damage":1,"enemies":"Book of Stabbing","floor":25,"turns":6},{"damage":19,"enemies":"Gremlin Leader","floor":27,"turns":1}],"seed_played":"187675070501932159","potions_obtained":[{"floor":2.0,"key":"EntropicBrew"},{"floor":3.0,"key":"FairyPotion"},{"floor":12.0,"key":"FearPotion"},{"floor":14.0,"key":"SteroidPotion"},{"floor":16.0,"key":"Fire Potion"},{"floor":20.0,"key":"Explosive Potion"},{"floor":25,"key":"SteroidPotion"}],"is_trial":false,"path_per_floor":["M","M","M","M","$","E","?","?","T","R","E","M","E","M","R","B",null,"M","?","M","$","M","E","M","E","T","E"],"character_chosen":"DEFECT","items_purchased":["PreservedInsect"],"campfire_rested":0,"item_purchase_floors":[21],"current_hp_per_floor":[68,68,68,68,68,58,58,58,58,58,47,45,27,20,20,22,62,43,43,34,49,48,12,11,17,17,0,0],"gold":207,"neow_bonus":"BOSS_RELIC","is_daily":false,"chose_seed":false,"campfire_upgraded":2,"win_rate":0.0,"timestamp":1612153526,"path_taken":["M","M","M","M","$","E","?","?","T","R","E","?","E","?","R","BOSS","M","?","M","$","M","E","M","E","T","E"],"items_purchased_type":["Relic"],"build_version":"2020-12-22","purchased_purges":2,"victory":false,"max_hp_per_floor":[75,75,75,75,75,75,75,75,75,75,75,75,75,75,75,75,75,75,75,75,75,75,75,75,75,75,75,75],"relic_stats":{"Centennial Puzzle":[33],"Torii":9,"counters":[17,93],"Astrolabe":["Rip and Tear","Streamline","Sunder"],"MealTicket":15,"Pen Nib":[12],"PreservedInsect":130,"Cursed Key":0,"Smiling Mask":0,"obtain_stats":[{"Centennial Puzzle":11,"Torii":23,"Astrolabe":17,"MealTicket":13,"Pen Nib":6,"PreservedInsect":21,"Cracked Core":0,"Cursed Key":0,"Smiling Mask":25},{"Centennial Puzzle":6,"Torii":14,"Astrolabe":10,"MealTicket":8,"Pen Nib":5,"PreservedInsect":12,"Cracked Core":0,"Cursed Key":0,"Smiling Mask":16},{"Centennial Puzzle":32,"Torii":82,"Astrolabe":64,"MealTicket":43,"Pen Nib":20,"PreservedInsect":71,"Cracked Core":0,"Cursed Key":0,"Smiling Mask":92}]},"card_choices":[{"not_picked":["Leap","Barrage"],"picked":"Go for the Eyes","floor":1.0},{"not_picked":["Chill","Sunder"],"picked":"Glacier","floor":2.0},{"not_picked":["FTL","Static Discharge"],"picked":"Hologram","floor":3.0},{"not_picked":["Force Field","Gash"],"picked":"Go for the Eyes","floor":4.0},{"not_picked":["Reprogram","Beam Cell"],"picked":"Capacitor","floor":6.0},{"not_picked":["Ball Lightning","Go for the Eyes"],"picked":"Multi-Cast","floor":11.0},{"not_picked":["Streamline","Recycle"],"picked":"Blizzard","floor":12.0},{"not_picked":["Compile Driver","Chaos"],"picked":"Reinforced Body","floor":13.0},{"not_picked":["Streamline","Ball Lightning"],"picked":"Capacitor","floor":14.0},{"not_picked":["All For One","Rainbow"],"picked":"Echo Form","floor":16.0},{"not_picked":["Ball Lightning","Streamline"],"picked":"Compile Driver+1","floor":18.0},{"not_picked":["Rebound","Blizzard+1"],"picked":"Leap","floor":20.0},{"not_picked":["Recycle","Fusion+1","Compile Driver"],"picked":"SKIP","floor":22.0},{"not_picked":["Force Field","Compile Driver"],"picked":"Ball Lightning+1","floor":23.0},{"not_picked":["Stack","Barrage"],"picked":"Self Repair","floor":24},{"not_picked":["Doom and Gloom","Aggregate"],"picked":"Beam Cell+1","floor":25}],"player_experience":444940,"relics_obtained":[{"floor":6.0,"key":"Pen Nib"},{"floor":11.0,"key":"Centennial Puzzle"},{"floor":13.0,"key":"MealTicket"},{"floor":23.0,"key":"Torii"},{"floor":25,"key":"Smiling Mask"}],"event_choices":[{"cards_removed":["Strike_B"],"damage_healed":0.0,"max_hp_gain":0.0,"max_hp_loss":0.0,"gold_gain":0.0,"event_name":"The Cleric","player_choice":"Card Removal","floor":7.0,"gold_loss":50.0,"damage_taken":0.0},{"damage_healed":0.0,"max_hp_gain":0.0,"max_hp_loss":0.0,"gold_gain":100.0,"event_name":"Golden Shrine","player_choice":"Pray","floor":8.0,"gold_loss":0.0,"damage_taken":0.0},{"damage_healed":0.0,"max_hp_gain":0.0,"max_hp_loss":0.0,"gold_gain":0.0,"event_name":"Vampires","player_choice":"Ignored","floor":19.0,"gold_loss":0.0,"damage_taken":0.0}],"is_beta":false,"boss_relics":[{"not_picked":["Inserter","Nuclear Battery"],"picked":"Astrolabe"}],"items_purged_floors":[5,21],"is_endless":false,"potions_floor_spawned":[2,3,12,14,16,20,22,25],"killed_by":"Gremlin Leader","ascension_level":11}}