{"host":"f9ntswufr8mq3t4y","time":1612211650,"event":{"mods":["AchievementEnabler","BaseMod","Best Route Mod","Block Reminder","Colored Map","Colored Powertips","Curses Come First","DeckTracker","Displayed Cursed Tome","Highlight Path","Minty Spire (QoL Compilation)","Permanent Neow","Quick Restart","Slay-I","StSLib"],"gold_per_floor":[114,189,189,203,222,222,222,222,222,247,263,297,297,7,7,110,110,130,142,162,176,101,101,130,130,130,164,263,279,279,308,308,403,403,403,403],"floor_reached":35,"language":"ENG","playtime":1320,"items_purged":[],"score":508,"play_id":"2c4843c5-74a2-4b4b-adf8-b6ed2d227d4a","local_time":"20210201233410","is_ascension_mode":true,"campfire_choices":[{"data":"Lockon","floor":6.0,"key":"SMITH"},{"data":"Thunder Strike","floor":8.0,"key":"SMITH"},{"floor":13.0,"key":"REST"},{"floor":15.0,"key":"REST"},{"floor":23,"key":"REST"},{"floor":25,"key":"REST"},{"floor":30,"key":"REST"},{"floor":32,"key":"REST"}],"circlet_count":0,"master_deck":["Strike_B","Strike_B","Defend_B","Defend_B","Defend_B","Defend_B","Zap","Dualcast","Lockon+1","Loop","Coolheaded","Ball Lightning","Thunder Strike+1","Streamline+1","Streamline+1","Lockon+1","Seek","Beam Cell+1","Streamline+1","Coolheaded+1","White Noise+1","Storm+1","Gash+1","Go for the Eyes+1","Core Surge+1"],"relics":["Cracked Core","TungstenRod","Molten Egg 2","Potion Belt","Regal Pillow","Symbiotic Virus","SlaversCollar","Vajra","Frozen Egg 2","Toy Ornithopter","Bronze Scales","Busted Crown"],"acts_visited":["Exordium","TheCity","TheBeyond"],"potions_floor_usage":[21,24,31,31],"damage_taken":[{"damage":0.0,"enemies":"Small Slimes","floor":1.0,"turns":2.0},{"damage":6.0,"enemies":"Jaw Worm","floor":4.0,"turns":2.0},{"damage":0.0,"enemies":"Cultist","floor":5.0,"turns":3.0},{"damage":15.0,"enemies":"Lagavulin","floor":10.0,"turns":6.0},{"damage":7.0,"enemies":"3 Louse","floor":11.0,"turns":2.0},{"damage":29.0,"enemies":"3 Sentries","floor":12.0,"turns":6.0},{"damage":39.0,"enemies":"The Guardian","floor":16.0,"turns":6.0},{"damage":0.0,"enemies":"Spheric Guardian","floor":18.0,"turns":3.0},{"damage":28.0,"enemies":"Shell Parasite","floor":19.0,"turns":4.0},{"damage":31.0,"enemies":"Centurion and Healer","floor":20.0,"turns":5.0},{"damage":0,"enemies":"Snecko","floor":21,"turns":3},{"damage":40,"enemies":"Slavers","floor":24,"turns":4},{"damage":13,"enemies":"Gremlin Leader","floor":27,"turns":4},{"damage":22,"enemies":"Shelled Parasite and Fungi","floor":29,"turns":3},{"damage":35,"enemies":"Slavers","floor":31,"turns":4},{"damage":30,"enemies":"Collector","floor":33,"turns":7},{"damage":43,"enemies":"3 Darklings","floor":35,"turns":4}],"seed_played":"-9198664299710331662","potions_obtained":[{"floor":1.0,"key":"GamblersBrew"},{"floor":4.0,"key":"Dexterity Potion"},{"floor":5.0,"key":"EssenceOfSteel"},{"floor":16.0,"key":"BlessingOfTheForge"},{"floor":24,"key":"GamblersBrew"},{"floor":29,"key":"FearPotion"}],"is_trial":false,"path_per_floor":["M","?","?","M","M","R","?","R","T","E","M","E","R","$","R","B",null,"M","M","M","M","?","R","E","R","T","E","?","M","R","E","R","B",null,"M"],"character_chosen":"DEFECT","items_purchased":["Symbiotic Virus","Lockon+1"],"campfire_rested":6,"item_purchase_floors":[14,14],"current_hp_per_floor":[68,58,58,52,52,52,52,52,52,37,30,1,36,36,68,29,68,68,40,9,9,9,44,4,39,39,26,26,4,39,14,49,19,68,25,25],"gold":403,"neow_bonus":"ONE_RARE_RELIC","is_daily":false,"chose_seed":false,"campfire_upgraded":2,"win_rate":0.0,"timestamp":1612211650,"path_taken":["M","?","?","M","?","R","?","R","T","E","?","E","R","$","R","BOSS","M","M","M","M","?","R","E","R","T","E","?","M","R","E","R","BOSS","M"],"items_purchased_type":["Relic","Card"],"build_version":"2020-12-22","purchased_purges":0,"victory":false,"max_hp_per_floor":[68,68,68,68,68,68,68,68,68,68,68,68,68,68,68,68,68,68,68,68,68,68,68,68,68,68,68,68,68,68,68,68,68,68,68,68],"card_choices":[{"not_picked":["Beam Cell","Rebound"],"picked":"Lockon","floor":1.0},{"not_picked":["Redo","Sweeping Beam"],"picked":"Coolheaded","floor":4.0},{"not_picked":["Gash","Aggregate"],"picked":"Ball Lightning","floor":5.0},{"not_picked":["Conserve Battery","Compile Driver+1"],"picked":"Streamline+1","floor":10.0},{"not_picked":["Conserve Battery","Stack","Redo"],"picked":"SKIP","floor":11.0},{"not_picked":["Turbo","Rainbow"],"picked":"Streamline+1","floor":12.0},{"not_picked":["Biased Cognition","Echo Form"],"picked":"Seek","floor":16.0},{"not_picked":["Double Energy","Steam","Aggregate"],"picked":"SKIP","floor":18.0},{"not_picked":["Barrage+1","Hologram"],"picked":"Beam Cell+1","floor":19.0},{"not_picked":["Leap+1","Compile Driver+1"],"picked":"Streamline+1","floor":20},{"not_picked":["Sunder+1","Rainbow"],"picked":"Coolheaded+1","floor":21},{"not_picked":["Gash+1","Streamline+1"],"picked":"White Noise+1","floor":24},{"not_picked":["Barrage+1","Turbo"],"picked":"Storm+1","floor":27},{"not_picked":["Double Energy+1","Streamline+1"],"picked":"Gash+1","floor":29},{"not_picked":["Rebound+1","Ball Lightning+1"],"picked":"Go for the Eyes+1","floor":31},{"not_picked":["Buffer+1","Rainbow"],"picked":"Core Surge+1","floor":33}],"player_experience":383820,"relics_obtained":[{"floor":9.0,"key":"Molten Egg 2"},{"floor":10.0,"key":"Potion Belt"},{"floor":12.0,"key":"Regal Pillow"},{"floor":24,"key":"Vajra"},{"floor":26,"key":"Frozen Egg 2"},{"floor":27,"key":"Toy Ornithopter"},{"floor":31,"key":"Bronze Scales"}],"event_choices":[{"damage_healed":0.0,"max_hp_gain":0.0,"max_hp_loss":0.0,"gold_gain":75.0,"event_name":"World of Goop","player_choice":"Gather Gold","floor":2.0,"gold_loss":0.0,"damage_taken":11.0},{"damage_healed":0.0,"max_hp_gain":0.0,"max_hp_loss":0.0,"gold_gain":0.0,"cards_transformed":["Strike_B"],"event_name":"Transmorgrifier","player_choice":"Transformed","floor":3.0,"gold_loss":0.0,"damage_taken":0.0,"cards_obtained":["Loop"]},{"damage_healed":0.0,"max_hp_gain":0.0,"max_hp_loss":0.0,"gold_gain":0.0,"event_name":"Match and Keep!","player_choice":"1 cards matched","floor":7.0,"gold_loss":0.0,"damage_taken":0.0,"cards_obtained":["Thunder Strike"]},{"cards_removed":["Strike_B"],"damage_healed":0,"gold_gain":0,"player_choice":"Gave Gold","damage_taken":0,"max_hp_gain":0,"max_hp_loss":0,"event_name":"Beggar","floor":22,"gold_loss":75},{"damage_healed":0,"gold_gain":99,"player_choice":"Stole From Cult","damage_taken":0,"max_hp_gain":0,"max_hp_loss":0,"event_name":"Nest","floor":28,"gold_loss":0}],"is_beta":false,"boss_relics":[{"not_picked":["Coffee Dripper","Snecko Eye"],"picked":"SlaversCollar"},{"not_picked":["Velvet Choker","Runic Dome"],"picked":"Busted Crown"}],"items_purged_floors":[],"is_endless":false,"potions_floor_spawned":[1,4,5,16,24,29],"killed_by":"3 Darklings","ascension_level":4}}