{"host":"a3oe3gstxz77c7qu","time":1612191031,"event":{"mods":["2.2 Compatiblity","Act Like it!","Astrologer","BaseMod","Bestiary","Better Altar","Better Match","Better Note","Better Skull","Better Third Choice","Block Reminder","Curses Come First","Custom Start","Dark Map","Downfall","Friendly Minions","GifTheSpireLib","Hallownest","Hermit","Jorbs\u0027s Wanderer Trilogy","Lobotomy","LobotomyExtend","Marisa????????","Minty Spire (QoL Compilation)","Morshu Shopkeeper - ENHANCED","Permanent Neow","Quick Restart","Relic Filter Mod","Relic Stats","Reliquary","Replay The Spire","Smile Girya","Spire Arcade","StSLib","The Bug Knight","The Cursed","The Disciple","The Jungle","Uncapped","Unknown Chances","Wandering Minibosses","Wide Potions"],"gold_per_floor":[115,176,176,176,188,282,282,207,285,314,314,364,364,394,394,511,511,540,573,615,647,562,619,648,696,696,745,745,745,745,757,757,878,878,897,897,906,915,929,984,993,1037,1037,1866,1923,1946,1946,1946,1946,1985,1985,1985,1985],"floor_reached":54,"language":"ENG","playtime":4052,"items_purged":[],"score":1684,"play_id":"a40c8abf-fe1b-4284-83ae-3ae14cd57a90","local_time":"20210201145031","is_ascension_mode":true,"campfire_choices":[{"data":"CollectingQuirk","floor":7.0,"key":"SMITH"},{"floor":13.0,"key":"REST"},{"floor":28.0,"key":"REST"},{"data":"WitchOfGreed","floor":30.0,"key":"SMITH"},{"floor":32,"key":"REST"},{"floor":47,"key":"REST"},{"data":"CollectingQuirk","floor":51,"key":"SMITH"}],"circlet_count":0,"master_deck":["Strike_MRS+1","Strike_MRS","Defend_MRS","Defend_MRS","Defend_MRS","Defend_MRS","MasterSpark","UpSweep+1","AsteroidBelt","MachineGunSpark+1","NonDirectionalLaser","CollectingQuirk+1","Funeral","MillisecondPulsars","Blind+1","WitchOfGreed+1","MeatLantern","FairyFestival","OortCloud+1","MagicAbsorber+1","TreasureHunter+1","CurseOfTheBell","Looming Evil","CollectingQuirk+1","Master of Strategy","CollectingQuirk+1","Parasite"],"relics":["MiniHakkero","CogitoBucket","RabbitCall","LetterFromLob","reliquary:PartyBalloon","Smiling Mask","hexamod:BolsterEngine","Chameleon Ring","reliquary:HotPoker","Whetstone","AspirationHeart","Black Star","Red Mask","reliquary:PurpleTingedLeaf","Onion Ring","ReplayTheSpireMod:Shallot","reliquary:TatteredRug","Akabeko","reliquary:RoseTintedGlasses","Juzu Bracelet","Replay:Rubber Ducky","hexamod:CandleOfCauterizing","reliquary:TridentHead","Nunchaku","AtMidnight","BehaviorAdjustment","Calling Bell","CeramicFish","Iron Hammer","hexamod:Sixitude","Heaven_r","InspiredRelic","Moonlight_r","Ring of Peace","Ring of Panic","Art of War","Replay:Bottled Flurry","Meat on the Bone","wanderingMiniBosses:MasterThiefsPresence","Divine Protection","ReplayTheSpireMod:Lightbulb","Guardian:PocketSentry"],"acts_visited":["Exordium","TheCity","TheBeyond"],"potions_floor_usage":[31,52,52,52,52],"damage_taken":[{"damage":2.0,"enemies":"Jaw Worm","floor":1.0,"turns":3.0},{"damage":4.0,"enemies":"Small Slimes","floor":5.0,"turns":4.0},{"damage":4.0,"enemies":"3 Sentries","floor":6.0,"turns":7.0},{"damage":22.0,"enemies":"Gremlin Nob","floor":10.0,"turns":5.0},{"damage":5.0,"enemies":"3 Sentries","floor":12.0,"turns":4.0},{"damage":2.0,"enemies":"2 Louse","floor":14.0,"turns":3.0},{"damage":16.0,"enemies":"The Guardian","floor":16.0,"turns":10.0},{"damage":15.0,"enemies":"3 Byrds","floor":18.0,"turns":8.0},{"damage":0.0,"enemies":"Chosen","floor":19.0,"turns":4.0},{"damage":0.0,"enemies":"Masked Bandits","floor":20.0,"turns":4.0},{"damage":18.0,"enemies":"Sentry and Sphere","floor":21.0,"turns":3.0},{"damage":25.0,"enemies":"Slavers","floor":23.0,"turns":6.0},{"damage":0.0,"enemies":"Centurion and Healer","floor":24.0,"turns":3.0},{"damage":13.0,"enemies":"Gremlin Leader","floor":25.0,"turns":8.0},{"damage":47.0,"enemies":"Book of Stabbing","floor":27.0,"turns":11.0},{"damage":0,"enemies":"3 Cultists","floor":31,"turns":1},{"damage":1,"enemies":"Pondfish","floor":33,"turns":7},{"damage":0,"enemies":"3 Darklings","floor":35,"turns":1},{"damage":1,"enemies":"3 Darklings","floor":36,"turns":4},{"damage":0,"enemies":"3 Shapes","floor":39,"turns":1},{"damage":42,"enemies":"R_Hoarder","floor":40,"turns":13},{"damage":1,"enemies":"Spire Growth","floor":42,"turns":4},{"damage":7,"enemies":"4 Shapes","floor":44,"turns":4},{"damage":8,"enemies":"Nemesis","floor":45,"turns":7},{"damage":0,"enemies":"Writhing Mass","floor":46,"turns":2},{"damage":0,"enemies":"Sphere and 2 Shapes","floor":50,"turns":1},{"damage":0,"enemies":"Time Eater","floor":52,"turns":3}],"seed_played":"8925644136919486951","potions_obtained":[{"floor":1.0,"key":"Flashbang"},{"floor":2.0,"key":"ColorlessPotion"},{"floor":2.0,"key":"Toxic Potion"},{"floor":6.0,"key":"Strength Potion"},{"floor":12.0,"key":"Dexterity Potion"},{"floor":14.0,"key":"hexamod:SoulburnPotion"},{"floor":16.0,"key":"BlessingOfTheForge"},{"floor":18.0,"key":"Explosive Potion"},{"floor":19.0,"key":"Fire Potion"},{"floor":20.0,"key":"FearPotion"},{"floor":21.0,"key":"sneckomod:MuddlingPotion"},{"floor":23.0,"key":"AttackPotion"},{"floor":24.0,"key":"Block Potion"},{"floor":25.0,"key":"ColorlessPotion"},{"floor":27.0,"key":"Weak Potion"},{"floor":31,"key":"Flashbang"},{"floor":33,"key":"Elixir"},{"floor":33,"key":"DistilledChaos"}],"is_trial":false,"path_per_floor":["M","?","?","?","M","E","R","?","T","E","?","E","R","M","R","B",null,"M","M","?","M","?","E","M","E","T","E","R","?","R","M","R","B",null,"M","?","?","?","M","E","?","M","T","M","E","M","R","PTL","PTL","M","R","B",null,null],"character_chosen":"MARISA","items_purchased":[],"campfire_rested":4,"item_purchase_floors":[],"current_hp_per_floor":[66,66,66,49,45,41,41,41,41,21,21,18,40,49,74,61,79,66,71,74,56,56,39,42,41,41,11,36,36,36,36,61,70,81,81,46,46,46,46,15,15,15,15,21,36,39,58,58,58,58,58,61,61],"gold":1985,"neow_bonus":"","is_daily":false,"chose_seed":false,"campfire_upgraded":3,"win_rate":0.0,"timestamp":1612191031,"path_taken":["M","?","?","?","?","E","R","?","T","E","?","E","R","?","R","BOSS","M","M","?","M","?","E","M","E","T","E","R","?","R","M","R","BOSS","M","?","?","?","M","E","?","M","T","M","E","M","R","PTL","PTL","M","R","BOSS"],"items_purchased_type":[],"build_version":"2020-12-22","purchased_purges":0,"victory":true,"max_hp_per_floor":[75,75,75,75,75,75,75,75,75,75,75,75,75,85,85,85,85,85,85,85,85,85,85,85,85,85,85,85,85,85,85,85,85,85,85,65,65,65,65,65,65,65,65,65,65,65,65,65,65,65,65,65,65],"relic_stats":{"Nunchaku":[4],"counters":[31,135],"CeramicFish":45,"Black Star":5,"Juzu Bracelet":1,"Art of War":[8],"Whetstone":["UpSweep","Strike_MRS"],"Smiling Mask":0,"obtain_stats":[{"RabbitCall":0,"Divine Protection":45,"reliquary:PartyBalloon":2,"CeramicFish":34,"Juzu Bracelet":25,"Whetstone":12,"Smiling Mask":4,"Replay:Rubber Ducky":26,"reliquary:TridentHead":27,"CogitoBucket":0,"reliquary:HotPoker":10,"Nunchaku":27,"Chameleon Ring":9,"Ring of Peace":37,"reliquary:RoseTintedGlasses":25,"Iron Hammer":34,"Red Mask":20,"Replay:Bottled Flurry":40,"Ring of Panic":37,"BackwardClock":21,"hexamod:CandleOfCauterizing":27,"AspirationHeart":14,"hexamod:Sixitude":34,"wanderingMiniBosses:MasterThiefsPresence":44,"reliquary:TatteredRug":23,"Guardian:PocketSentry":45,"Akabeko":25,"Calling Bell":34,"Heaven_r":36,"Moonlight_r":36,"ReplayTheSpireMod:Shallot":23,"AtMidnight":31,"Onion Ring":23,"BehaviorAdjustment":31,"LetterFromLob":1,"Black Star":17,"Art of War":40,"MiniHakkero":0,"hexamod:BolsterEngine":6,"InspiredRelic":36,"ReplayTheSpireMod:Lightbulb":45,"reliquary:PurpleTingedLeaf":22,"Meat on the Bone":43},{"RabbitCall":0,"Divine Protection":27,"reliquary:PartyBalloon":1,"CeramicFish":20,"Juzu Bracelet":16,"Whetstone":5,"Smiling Mask":1,"Replay:Rubber Ducky":16,"reliquary:TridentHead":17,"CogitoBucket":0,"reliquary:HotPoker":4,"Nunchaku":17,"Chameleon Ring":3,"Ring of Peace":22,"reliquary:RoseTintedGlasses":16,"Iron Hammer":20,"Red Mask":11,"Replay:Bottled Flurry":24,"Ring of Panic":22,"BackwardClock":13,"hexamod:CandleOfCauterizing":17,"AspirationHeart":7,"hexamod:Sixitude":20,"wanderingMiniBosses:MasterThiefsPresence":26,"reliquary:TatteredRug":14,"Guardian:PocketSentry":27,"Akabeko":16,"Calling Bell":20,"Heaven_r":22,"Moonlight_r":22,"ReplayTheSpireMod:Shallot":14,"AtMidnight":19,"Onion Ring":14,"BehaviorAdjustment":19,"LetterFromLob":1,"Black Star":8,"Art of War":24,"MiniHakkero":0,"hexamod:BolsterEngine":3,"InspiredRelic":22,"ReplayTheSpireMod:Lightbulb":27,"reliquary:PurpleTingedLeaf":13,"Meat on the Bone":25},{"RabbitCall":0,"Divine Protection":128,"reliquary:PartyBalloon":3,"CeramicFish":94,"Juzu Bracelet":74,"Whetstone":23,"Smiling Mask":3,"Replay:Rubber Ducky":74,"reliquary:TridentHead":85,"CogitoBucket":0,"reliquary:HotPoker":19,"Nunchaku":85,"Chameleon Ring":14,"Ring of Peace":99,"reliquary:RoseTintedGlasses":74,"Iron Hammer":94,"Red Mask":53,"Replay:Bottled Flurry":113,"Ring of Panic":99,"BackwardClock":57,"hexamod:CandleOfCauterizing":85,"AspirationHeart":27,"hexamod:Sixitude":94,"wanderingMiniBosses:MasterThiefsPresence":121,"reliquary:TatteredRug":63,"Guardian:PocketSentry":128,"Akabeko":74,"Calling Bell":94,"Heaven_r":99,"Moonlight_r":99,"ReplayTheSpireMod:Shallot":63,"AtMidnight":87,"Onion Ring":63,"BehaviorAdjustment":87,"LetterFromLob":3,"Black Star":37,"Art of War":113,"MiniHakkero":0,"hexamod:BolsterEngine":14,"InspiredRelic":99,"ReplayTheSpireMod:Lightbulb":128,"reliquary:PurpleTingedLeaf":57,"Meat on the Bone":117}],"Meat on the Bone":24},"card_choices":[{"not_picked":["MHz","Murderer","CherryBlossoms"],"picked":"Singing Bowl","floor":1.0},{"not_picked":["LuminesStrike","SatelliteIllusion"],"picked":"AsteroidBelt","floor":1.0},{"not_picked":["DC","DragonMeteor"],"picked":"MachineGunSpark","floor":2.0},{"not_picked":["GrandCross","GravityBeat"],"picked":"NonDirectionalLaser","floor":5.0},{"not_picked":["WallGazer","OldLady","ShyLook"],"picked":"Singing Bowl","floor":5.0},{"not_picked":["WitchLeyline","DragonMeteor"],"picked":"CollectingQuirk","floor":6.0},{"not_picked":["BeautyBeast","Bloodbath","Porccubus"],"picked":"Singing Bowl","floor":6.0},{"not_picked":["MeatLantern","DreamingCurrent"],"picked":"Funeral","floor":6.0},{"not_picked":["EscapeVelocity","BinaryStars"],"picked":"MillisecondPulsars","floor":8.0},{"not_picked":["Specialist","Replay:BasicMightCard"],"picked":"Blind","floor":8.0},{"not_picked":["Alriune","CherryBlossoms","Bloodbath"],"picked":"Singing Bowl","floor":10.0},{"not_picked":["GasGiant","LuminesStrike"],"picked":"WitchOfGreed","floor":10.0},{"not_picked":["Wellcheers","MHz","OldLady"],"picked":"Singing Bowl","floor":12.0},{"not_picked":["PowerUp","Acceleration","NonDirectionalLaser"],"picked":"SKIP","floor":12.0},{"not_picked":["LaLuna","UniverseFragment","Scorched"],"picked":"Singing Bowl","floor":14.0},{"not_picked":["DreamingCurrent","HappyTeddy"],"picked":"MeatLantern","floor":14.0},{"not_picked":["BigCrunch","FairyDestructionRay","NonDirectionalLaser"],"picked":"SKIP","floor":14.0},{"not_picked":["SatelliteIllusion","BlazingStar"],"picked":"TreasureHunter","floor":16.0},{"not_picked":["Wellcheers","ShyLook","NakedNest"],"picked":"Singing Bowl","floor":16.0},{"not_picked":["Singularity","GrandCross"],"picked":"MagicAbsorber+1","floor":18.0},{"not_picked":["LongBird","DreamingCurrent"],"picked":"FairyFestival","floor":18.0},{"not_picked":["DreamingCurrent","GalaxyChild","LaLuna"],"picked":"Singing Bowl","floor":19.0},{"not_picked":["GrandCross+1","GasGiant","EarthLightRay"],"picked":"SKIP","floor":19.0},{"not_picked":["AsteroidBelt","ShootingEcho+1"],"picked":"OortCloud+1","floor":20.0},{"not_picked":["Scorched","Porccubus","OSAHOGD"],"picked":"Singing Bowl","floor":20.0},{"not_picked":["OSAHOGD","Bloodbath","SpiderBud"],"picked":"Singing Bowl","floor":21.0},{"not_picked":["JA","MysteriousBeam+1","AsteroidBelt"],"picked":"SKIP","floor":21.0},{"not_picked":["Scarecrow","UniverseFragment","LongBird"],"picked":"Singing Bowl","floor":23.0},{"not_picked":["BlazeAway","Occultation+1","MysteriousBeam+1"],"picked":"SKIP","floor":23.0},{"not_picked":["SnowQueen","MHz","VoidDream"],"picked":"Singing Bowl","floor":24.0},{"not_picked":["ShootingEcho","ShootTheMoon","EarthLightRay"],"picked":"SKIP","floor":24.0},{"not_picked":["WhiteNight","LittlePrince","CENSORED"],"picked":"Singing Bowl","floor":25.0},{"not_picked":["Occultation","StarBarrage+1","BlazingStar"],"picked":"SKIP","floor":25.0},{"not_picked":["Occultation","Orbital"],"picked":"MagicAbsorber+1","floor":27.0},{"not_picked":["Scarecrow","WhiteNight","BigBird"],"picked":"Singing Bowl","floor":27.0},{"not_picked":["Laetitia","MHz","Freischutz"],"picked":"Singing Bowl","floor":31},{"not_picked":["UnstableBomb+1","6A","DoubleSpark"],"picked":"SKIP","floor":31},{"not_picked":["FinalSpark","CasketOfStar"],"picked":"TreasureHunter","floor":33},{"not_picked":["Murderer","Laetitia","CrumblingArmor"],"picked":"Singing Bowl","floor":33},{"not_picked":["Freischutz","BlueStar","CENSORED"],"picked":"Singing Bowl","floor":35},{"not_picked":["NonDirectionalLaser+1","BlazingStar","DC"],"picked":"SKIP","floor":35},{"not_picked":["WallGazer","BlackArmy","GreedKing"],"picked":"Singing Bowl","floor":39},{"not_picked":["ManaConvection","DC+1","ShootingEcho+1"],"picked":"SKIP","floor":39},{"not_picked":["CENSORED","BigBadWolf","HappyTeddy"],"picked":"Singing Bowl","floor":40},{"not_picked":["Acceleration","MeteoricShower+1","NonDirectionalLaser+1"],"picked":"SKIP","floor":40},{"not_picked":["Replay:Sssssssssstrike","Purity"],"picked":"Master of Strategy","floor":41},{"not_picked":["WallGazer","Alriune","SilentOrchestra"],"picked":"Singing Bowl","floor":42},{"not_picked":["NonDirectionalLaser+1","ChargingUp+1","DoubleSpark"],"picked":"SKIP","floor":42},{"not_picked":["ManaConvection","SporeBomb+1"],"picked":"CollectingQuirk","floor":44},{"not_picked":["LongBird","BlueStar","Murderer"],"picked":"Singing Bowl","floor":44},{"not_picked":["VoidDream","Porccubus","LittlePrince"],"picked":"Singing Bowl","floor":45},{"not_picked":["GravityBeat+1","PowerUp+1","OpenUniverse"],"picked":"SKIP","floor":45},{"not_picked":["BlackSwan","SilentOrchestra","Variant"],"picked":"Singing Bowl","floor":46},{"not_picked":["WitchOfGreed+1","Acceleration","NonDirectionalLaser+1"],"picked":"SKIP","floor":46},{"not_picked":["BlackSwan","Rudolta","BlueStar"],"picked":"Singing Bowl","floor":50},{"not_picked":["AlicesGift+1","MachineGunSpark","FinalSpark"],"picked":"SKIP","floor":50}],"player_experience":1131607,"relics_obtained":[{"floor":1.0,"key":"LetterFromLob"},{"floor":2.0,"key":"reliquary:PartyBalloon"},{"floor":6.0,"key":"hexamod:BolsterEngine"},{"floor":9.0,"key":"Chameleon Ring"},{"floor":10.0,"key":"reliquary:HotPoker"},{"floor":12.0,"key":"Whetstone"},{"floor":20.0,"key":"Red Mask"},{"floor":23.0,"key":"Onion Ring"},{"floor":23.0,"key":"ReplayTheSpireMod:Shallot"},{"floor":23.0,"key":"reliquary:TatteredRug"},{"floor":25.0,"key":"Akabeko"},{"floor":25.0,"key":"reliquary:RoseTintedGlasses"},{"floor":25.0,"key":"Juzu Bracelet"},{"floor":26.0,"key":"Replay:Rubber Ducky"},{"floor":27.0,"key":"hexamod:CandleOfCauterizing"},{"floor":27.0,"key":"reliquary:TridentHead"},{"floor":27.0,"key":"Nunchaku"},{"floor":31,"key":"AtMidnight"},{"floor":34,"key":"CeramicFish"},{"floor":34,"key":"Iron Hammer"},{"floor":34,"key":"hexamod:Sixitude"},{"floor":37,"key":"Ring of Peace"},{"floor":37,"key":"Ring of Panic"},{"floor":40,"key":"Art of War"},{"floor":40,"key":"Replay:Bottled Flurry"},{"floor":43,"key":"Meat on the Bone"},{"floor":44,"key":"wanderingMiniBosses:MasterThiefsPresence"},{"floor":45,"key":"Divine Protection"},{"floor":45,"key":"ReplayTheSpireMod:Lightbulb"},{"floor":45,"key":"Guardian:PocketSentry"}],"event_choices":[{"damage_healed":0.0,"max_hp_gain":0.0,"max_hp_loss":0.0,"gold_gain":0.0,"event_name":"betterSkull:BetterSkull","player_choice":"RE ","floor":4.0,"gold_loss":0.0,"damage_taken":19.0,"cards_upgraded":[],"relics_obtained":["Smiling Mask"]},{"damage_healed":0.0,"max_hp_gain":0.0,"max_hp_loss":0.0,"gold_gain":0.0,"event_name":"betterMatch:BetterMatch","player_choice":"1","floor":8.0,"gold_loss":0.0,"damage_taken":0.0,"cards_obtained":["betterMatch:CommonCard","betterMatch:RareCard","betterMatch:ColorlessUncommonCard"]},{"cards_removed":["Strike_MRS"],"damage_healed":0.0,"max_hp_gain":0.0,"max_hp_loss":0.0,"gold_gain":0.0,"event_name":"Wheel of Change","player_choice":"Card Removal","floor":11.0,"gold_loss":0.0,"damage_taken":0.0},{"damage_healed":0.0,"max_hp_gain":0.0,"max_hp_loss":0.0,"gold_gain":0.0,"event_name":"Masked Bandits","player_choice":"Fought Bandits","floor":20.0,"gold_loss":0.0,"damage_taken":0.0},{"damage_healed":0.0,"max_hp_gain":0.0,"max_hp_loss":0.0,"gold_gain":0.0,"event_name":"Addict","player_choice":"Obtained Relic","floor":22.0,"gold_loss":85.0,"damage_taken":0.0,"relics_obtained":["reliquary:PurpleTingedLeaf"]},{"damage_healed":0.0,"max_hp_gain":0.0,"max_hp_loss":0.0,"gold_gain":0.0,"event_name":"Ghosts","player_choice":"Ignored","floor":29.0,"gold_loss":0.0,"damage_taken":0.0},{"damage_healed":0,"gold_gain":0,"player_choice":"Copied","damage_taken":0,"max_hp_gain":0,"max_hp_loss":0,"event_name":"Duplicator","floor":38,"gold_loss":0,"cards_obtained":["CollectingQuirk"]},{"damage_healed":0,"gold_gain":0,"player_choice":"Memory 1","damage_taken":0,"max_hp_gain":0,"max_hp_loss":0,"event_name":"SensoryStone","floor":41,"gold_loss":0}],"is_beta":false,"boss_relics":[{"not_picked":["SacredBark","RampagingMagicTools"],"picked":"Black Star"},{"not_picked":["BewitchedHakkero","ChewingGum"],"picked":"Calling Bell"}],"items_purged_floors":[],"is_endless":false,"potions_floor_spawned":[1,6,12,19,24,27,31,33,35,39,44],"ascension_level":7}}