{"host":"65a95dzim48ko8ke","time":1612160161,"event":{"mods":["Aspiration","BaseMod","Block Reminder","Colored Powertips","Conspire","Curses Come First","DeckTracker","Energized Spire","Halation","Hubris","Jedi Mod","Minty Spire (QoL Compilation)","Permanent Neow","Quick Restart","Rare Cards Sparkle","Reliquary","Replay The Spire","Spicy Shops","StSLib","Synergy Search","TestMod","Trackpad","Åy?ï®?îvÅzREMEMod"],"gold_per_floor":[115,13,29,48,66,101,51,51,97,97,128,142,172,322,322,420,420,435,350,366,466,483,483,515,533,533,204,216,216,248,248,248,352,352,368,23,39,39,50,75,88,88,88,122,135,135,145,74,74,74],"floor_reached":51,"language":"ENG","playtime":4690,"items_purged":["Pain","Zap","Strike_B"],"score":1218,"play_id":"5a0313ff-bb85-4db1-a989-a6ffbe580609","local_time":"20210201151601","is_ascension_mode":true,"campfire_choices":[{"data":"Reprogram","floor":8.0,"key":"SMITH"},{"data":"Stack","floor":10.0,"key":"SMITH"},{"data":"Genetic Algorithm","floor":15.0,"key":"SMITH"},{"data":"Hologram","floor":23.0,"key":"SMITH"},{"data":"Massacre","floor":32.0,"key":"SMITH"},{"floor":49,"key":"REST"}],"circlet_count":0,"master_deck":["Strike_B","Strike_B","Strike_B","Defend_B","Defend_B","Defend_B","Defend_B","Reprogram+1","Gash","Steam Power","Genetic Algorithm+1","Stack+1","Skim","ReplayGash","hubris:Prefetch","REME_Shoggoth","Hologram+1","Body Slam+1","Sunder+1","Body Slam","Gash","Conserve Battery","Sword Boomerang","Iron Wave","Massacre+1","Reprogram+1","hubris:DoWhile","AbeCurse","REME_Scribble+1","Intimidate+1","Reprogram","Replay:Undeath\u0027s Touch","jedi:unlimitedpower","Anger+1","Sweeping Beam+1","conspire:SharedLibrary"],"relics":["testmod-TestBox","REME_ComplimentaryCards","Nuclear Battery","testmod-CrystalShield","Du-Vu Doll","jedi:angrymask","Pen Nib","Turnip","jedi:archwizardhat","ReplayTheSpireMod:CursedCoin","halation:LostSnail","hubris:EvacipatedBox","trackpad:SappingStone","aspiration:IroncladSkillbook","conspire:Dentures","Replay:Rubber Ducky","hubris:SlimyHat","Replay:Mystery Machine","Red Mask","Abe\u0027s Treasure","Shuriken","Shuriken","Singing Bowl"],"acts_visited":["Exordium","TheCity","TheBeyond"],"potions_floor_usage":[47],"damage_taken":[{"damage":0.0,"enemies":"conspire:RoseBush","floor":1.0,"turns":6.0},{"damage":2.0,"enemies":"Jaw Worm","floor":3.0,"turns":5.0},{"damage":2.0,"enemies":"Cultist","floor":4.0,"turns":4.0},{"damage":1.0,"enemies":"3 Louse","floor":5.0,"turns":5.0},{"damage":21.0,"enemies":"Lagavulin","floor":6.0,"turns":10.0},{"damage":0.0,"enemies":"Replay:BlueRogue","floor":11.0,"turns":8.0},{"damage":0.0,"enemies":"Looter","floor":12.0,"turns":4.0},{"damage":0.0,"enemies":"Lagavulin","floor":13.0,"turns":7.0},{"damage":9.0,"enemies":"Fading Forest","floor":16.0,"turns":11.0},{"damage":0.0,"enemies":"Spheric Guardian","floor":18.0,"turns":4.0},{"damage":0.0,"enemies":"conspire:FuzzyDice","floor":20.0,"turns":7.0},{"damage":27.0,"enemies":"Snecko","floor":22.0,"turns":7.0},{"damage":0.0,"enemies":"Gremlin Leader","floor":24.0,"turns":8.0},{"damage":0.0,"enemies":"Cultist and Chosen","floor":25.0,"turns":7.0},{"damage":0.0,"enemies":"Snake Plant","floor":28.0,"turns":3.0},{"damage":0.0,"enemies":"Masked Bandits","floor":30.0,"turns":2.0},{"damage":0.0,"enemies":"Automaton","floor":33.0,"turns":6.0},{"damage":0.0,"enemies":"3 Darklings","floor":35.0,"turns":3.0},{"damage":0.0,"enemies":"Orb Walker","floor":37.0,"turns":2.0},{"damage":0.0,"enemies":"Jaw Worm Horde","floor":39.0,"turns":2.0},{"damage":37.0,"enemies":"Reptomancer","floor":40.0,"turns":3.0},{"damage":17.0,"enemies":"3 Darklings","floor":41.0,"turns":4.0},{"damage":10.0,"enemies":"Giant Head","floor":44.0,"turns":3.0},{"damage":0,"enemies":"Writhing Mass","floor":45,"turns":3},{"damage":0,"enemies":"Transient","floor":47,"turns":2},{"damage":9,"enemies":"hubris:GrandSnecko","floor":50,"turns":3}],"seed_played":"-3243642584436038746","potions_obtained":[{"floor":3.0,"key":"Energy Potion"},{"floor":12.0,"key":"Dexterity Potion"},{"floor":16.0,"key":"Languid Potion"},{"floor":18.0,"key":"Reflective Coating"},{"floor":20.0,"key":"Weak Potion"},{"floor":25.0,"key":"PowerPotion"},{"floor":28.0,"key":"jedi:tentaclejuice"},{"floor":37.0,"key":"jedi:holywater"},{"floor":41.0,"key":"Milkshake"},{"floor":45,"key":"Fire Potion"}],"is_trial":false,"path_per_floor":["M","?","M","M","M","E","?","R","T","R","E","M","E","$","R","B",null,"M","?","M","?","M","R","E","M","T","$","M","?","?","?","R","B",null,"M","$","M","?","M","E","M","?","T","E","M","?","M","$","R","B",null],"character_chosen":"DEFECT","items_purchased":["ReplayTheSpireMod:CursedCoin","halation:LostSnail","hubris:EvacipatedBox","trackpad:SappingStone","Conserve Battery","Sword Boomerang","Replay:Mystery Machine","Shuriken","conspire:SharedLibrary"],"campfire_rested":1,"item_purchase_floors":[14,14,14,14,27,27,27,36,48],"current_hp_per_floor":[68,68,66,64,63,42,42,42,42,42,42,42,42,3,3,2,57,61,61,65,65,42,42,46,50,50,50,54,54,58,58,58,62,72,75,75,75,75,75,45,35,35,35,32,36,36,40,40,64,59],"gold":74,"neow_bonus":"BOSS_RELIC","is_daily":false,"chose_seed":false,"campfire_upgraded":5,"win_rate":0.0,"timestamp":1612160161,"path_taken":["M","?","M","?","M","E","?","R","T","R","E","M","E","?","R","BOSS","M","?","M","?","M","R","E","M","T","$","?","?","?","?","R","BOSS","M","$","?","?","M","E","M","?","T","E","M","?","?","?","R","BOSS"],"items_purchased_type":["Relic","Relic","Relic","Relic","Card","Card","Relic","Relic","Card"],"build_version":"2020-12-22","purchased_purges":3,"victory":true,"max_hp_per_floor":[75,75,75,75,75,75,75,75,75,75,75,75,75,75,75,75,75,75,75,75,75,75,75,75,75,75,75,75,75,75,75,75,75,75,75,75,75,75,75,78,81,77,77,80,80,80,80,80,80,80],"card_choices":[{"not_picked":["Ball Lightning","Stack"],"picked":"Gash","floor":1.0},{"not_picked":["jedi:BurstFrost","Chaos"],"picked":"Steam Power","floor":3.0},{"not_picked":["Leap","Streamline"],"picked":"Genetic Algorithm","floor":4.0},{"not_picked":["Barrage","Compile Driver","Capacitor"],"picked":"SKIP","floor":5.0},{"not_picked":["Streamline","Rebound"],"picked":"Stack","floor":6.0},{"not_picked":["Compile Driver","FIFO Queue"],"picked":"Skim","floor":11.0},{"not_picked":["Rebound","Genetic Algorithm"],"picked":"ReplayGash","floor":12.0},{"not_picked":["Beam Cell","Compile Driver"],"picked":"hubris:Prefetch","floor":13.0},{"not_picked":["Mirror Shield","Meteor Strike"],"picked":"REME_Shoggoth","floor":16.0},{"not_picked":["Turbo+1","Leap","Reckless Charge+1"],"picked":"Hologram","floor":18.0},{"not_picked":["conspire:Charge","Gash","Perfected Strike+1"],"picked":"Body Slam","floor":20.0},{"not_picked":["jedi:fear","Panic Button","jedi:BurstLightning+1"],"picked":"Sunder+1","floor":22.0},{"not_picked":["Compile Driver","Electrodynamics","Melter"],"picked":"Body Slam","floor":24.0},{"not_picked":["Tempest","Lockon","Run Through+1"],"picked":"Gash","floor":25.0},{"not_picked":["Warcry","Turbo","Sweeping Beam"],"picked":"Iron Wave","floor":28.0},{"not_picked":["Undo","Body Slam","conspire:ExplosiveBarrier"],"picked":"Massacre","floor":30.0},{"not_picked":["Brutality","REME_TheLastStrike","Multi-Cast"],"picked":"hubris:DoWhile","floor":33.0},{"not_picked":["Rebound","Wild Strike","hubris:ReadiedAction"],"picked":"REME_Scribble+1","floor":35.0},{"not_picked":["Barrage+1","Chill+1","Sunder+1"],"picked":"Intimidate+1","floor":37.0},{"not_picked":["Fusion+1","Havoc+1","Beam Cell"],"picked":"Reprogram","floor":39.0},{"not_picked":["Sever Soul","Compile Driver+1","Hemokinesis+1"],"picked":"Replay:Undeath\u0027s Touch","floor":40.0},{"not_picked":["Storm+1","Perfected Strike","Body Slam","jedi:BurstFrost+1"],"picked":"SKIP","floor":41.0},{"not_picked":["Blizzard","Perfected Strike","Thunderclap+1"],"picked":"jedi:unlimitedpower","floor":44.0},{"not_picked":["Disarm+1","Sentinel","Conserve Battery"],"picked":"Anger+1","floor":45},{"not_picked":["Beam Cell+1","jedi:hex","jedi:reiji"],"picked":"Sweeping Beam+1","floor":47}],"player_experience":350625,"relics_obtained":[{"floor":6.0,"key":"jedi:angrymask"},{"floor":9.0,"key":"Pen Nib"},{"floor":11.0,"key":"Turnip"},{"floor":13.0,"key":"jedi:archwizardhat"},{"floor":24.0,"key":"Replay:Rubber Ducky"},{"floor":26.0,"key":"hubris:SlimyHat"},{"floor":30.0,"key":"Red Mask"},{"floor":40.0,"key":"reliquary:SculptingSteel"},{"floor":44.0,"key":"Singing Bowl"}],"event_choices":[{"damage_healed":0.0,"max_hp_gain":0.0,"max_hp_loss":0.0,"gold_gain":0.0,"event_name":"WeMeetAgain","player_choice":"Paid Gold","floor":2.0,"gold_loss":102.0,"damage_taken":0.0,"relics_obtained":["Du-Vu Doll"]},{"cards_removed":["Dualcast"],"damage_healed":0.0,"max_hp_gain":0.0,"max_hp_loss":0.0,"gold_gain":0.0,"event_name":"The Cleric","player_choice":"Card Removal","floor":7.0,"gold_loss":50.0,"damage_taken":0.0},{"damage_healed":0.0,"max_hp_gain":0.0,"max_hp_loss":0.0,"gold_gain":0.0,"event_name":"Addict","player_choice":"Obtained Relic","floor":19.0,"gold_loss":85.0,"damage_taken":0.0,"relics_obtained":["conspire:Dentures"]},{"damage_healed":0.0,"max_hp_gain":0.0,"max_hp_loss":0.0,"gold_gain":100.0,"event_name":"Golden Shrine","player_choice":"Pray","floor":21.0,"gold_loss":0.0,"damage_taken":0.0},{"damage_healed":0.0,"max_hp_gain":0.0,"max_hp_loss":0.0,"gold_gain":0.0,"event_name":"Masked Bandits","player_choice":"Fought Bandits","floor":30.0,"gold_loss":0.0,"damage_taken":0.0},{"damage_healed":0.0,"max_hp_gain":0.0,"max_hp_loss":0.0,"gold_gain":0.0,"event_name":"Duplicator","player_choice":"Copied","floor":31.0,"gold_loss":0.0,"damage_taken":0.0,"cards_obtained":["Reprogram"]},{"damage_healed":0.0,"max_hp_gain":0.0,"max_hp_loss":4.0,"gold_gain":0.0,"event_name":"Winding Halls","player_choice":"Max HP","floor":42.0,"gold_loss":0.0,"damage_taken":0.0},{"damage_healed":0,"gold_gain":0,"player_choice":"Ignored","damage_taken":0,"max_hp_gain":0,"max_hp_loss":0,"event_name":"Box For Yourself","floor":46,"gold_loss":0}],"is_beta":false,"boss_relics":[{"not_picked":["Kintsugi","testmod-HarvestTotem","energizedSpire:RedRose"],"picked":"aspiration:IroncladSkillbook"},{"not_picked":["testmod-EnergyCheck","Philosopher\u0027s Stone","aspiration:FutureDiary"],"picked":"Abe\u0027s Treasure"}],"items_purged_floors":[14,27,36],"is_endless":false,"potions_floor_spawned":[3,12,16,18,20,25,28,37,41,45],"ascension_level":7}}