{"host":"knspyp6dy614fx6e","time":1612155396,"event":{"mods":["ATMod(阿瑾Mod)","Aspiration","BaseMod","Better Altar","Better Skull","Better Third Choice","Card Filter","DeckTracker","Dota2Spire","Energized Spire","Jedi Mod","Minty Spire (QoL Compilation)","Quick Restart","Relic Filter Mod","Relic Stats","Reliquary","Shop Mod","Spicy Shops","StSLib","TestMod","Waifu the Spire","【遗物卡牌】REMEMod"],"gold_per_floor":[113,133,143,157,157,157,173,173,173,173,173,173,21,32,32,134,134,147,147,166,166,166,197,215,246,271,302,302,330,346,346,346,450,450,463,480,880,880,905,917,949,949,949,164,196,196,215,230,230,230,230,230,50,84,84],"floor_reached":56,"language":"ZHS","playtime":1820,"items_purged":["Pain","Defend_G","Defend_G"],"score":2335,"play_id":"3a25f6a0-890a-4e41-baba-16421b9e5a54","local_time":"20210201125636","is_ascension_mode":true,"campfire_choices":[{"data":"Neutralize","floor":6.0,"key":"SMITH"},{"data":"Calculated Gamble","floor":8.0,"key":"SMITH"},{"data":"AT_ShadowStep","floor":10.0,"key":"SMITH"},{"data":"jedi:pocketpoison","floor":12.0,"key":"SMITH"},{"data":"AT_WindFlip","floor":15.0,"key":"SMITH"},{"data":"AT_EssenceShift","floor":32.0,"key":"SMITH"},{"data":"Reflex","floor":42.0,"key":"SMITH"},{"data":"Expertise","floor":46.0,"key":"SMITH"},{"floor":49,"key":"RECALL"},{"data":"Storm of Steel","floor":52,"key":"SMITH"}],"circlet_count":0,"master_deck":["Defend_G","Defend_G","Survivor","Neutralize+1","AT_ShadowStep+1","jedi:pocketpoison+1","AT_WindFlip+1","Calculated Gamble+1","Deflect","AT_EssenceShift+1","Flying Knee","Terror","Well Laid Plans","Quick Slash","Reflex+1","Expertise+1","Escape Plan+1","Storm of Steel+1","Dagger Spray+1","Outmaneuver"],"relics":["Ring of the Snake","testmod-TestBox","REME_ComplimentaryCards","PureWater","WarpedTongs","testmod-ObsoleteBoomerang","testmod-Maize","reliquary:RedPaperclip","jedi:crownofsimplicity","Bag of Preparation","testmod-TurbochargingSystem","Pear","Strawberry","testmod-IndustrialRevolution","NeowsBlessing","testmod-IntensifyImprint","jedi:HeartOfTheCards","Toolbox","reliquary:RoseTintedGlasses","reliquary:Knoch","reliquary:WeakTea","MerchantsRug","Snake Skull"],"acts_visited":["Exordium","TheCity","TheBeyond","TheEnding"],"potions_floor_usage":[55],"damage_taken":[{"damage":13.0,"enemies":"Jaw Worm","floor":1.0,"turns":5.0},{"damage":0.0,"enemies":"Cultist","floor":2.0,"turns":4.0},{"damage":1.0,"enemies":"Small Slimes","floor":3.0,"turns":4.0},{"damage":1.0,"enemies":"Exordium Wildlife","floor":4.0,"turns":4.0},{"damage":1.0,"enemies":"3 Louse","floor":7.0,"turns":1.0},{"damage":0.0,"enemies":"Gremlin Gang","floor":14.0,"turns":1.0},{"damage":0.0,"enemies":"Slime Boss","floor":16.0,"turns":3.0},{"damage":0.0,"enemies":"Spheric Guardian","floor":18.0,"turns":3.0},{"damage":0.0,"enemies":"Chosen","floor":20.0,"turns":3.0},{"damage":0.0,"enemies":"Gremlin Leader","floor":23.0,"turns":4.0},{"damage":11.0,"enemies":"Centurion and Healer","floor":24.0,"turns":3.0},{"damage":15.0,"enemies":"Slavers","floor":25.0,"turns":2.0},{"damage":5.0,"enemies":"Gremlin Leader","floor":27.0,"turns":3.0},{"damage":0.0,"enemies":"Book of Stabbing","floor":29.0,"turns":2.0},{"damage":0.0,"enemies":"Snecko","floor":30.0,"turns":3.0},{"damage":0.0,"enemies":"Champ","floor":33.0,"turns":5.0},{"damage":5.0,"enemies":"3 Darklings","floor":35.0,"turns":3.0},{"damage":0.0,"enemies":"3 Shapes","floor":36.0,"turns":2.0},{"damage":4.0,"enemies":"Sphere and 2 Shapes","floor":40.0,"turns":1.0},{"damage":0.0,"enemies":"Reptomancer","floor":41.0,"turns":1.0},{"damage":0.0,"enemies":"Giant Head","floor":45.0,"turns":1.0},{"damage":0.0,"enemies":"Jaw Worm Horde","floor":47.0,"turns":1.0},{"damage":0,"enemies":"3 Darklings","floor":48,"turns":2},{"damage":0,"enemies":"Donu and Deca","floor":50,"turns":2},{"damage":0,"enemies":"Shield and Spear","floor":54,"turns":1},{"damage":5,"enemies":"The Heart","floor":55,"turns":1}],"seed_played":"5138634883535483103","potions_obtained":[{"floor":2.0,"key":"jedi:mysterypotion"},{"floor":4.0,"key":"CunningPotion"},{"floor":25.0,"key":"Strength Potion"},{"floor":27.0,"key":"DistilledChaos"},{"floor":29.0,"key":"DistilledChaos"}],"is_trial":false,"path_per_floor":["M","M","M","M","?","R","M","R","T","R","?","R","$","M","R","B",null,"M","?","M","?","?","E","M","E","T","E","T","E","M","?","R","B",null,"M","M","?","?","T","M","E","R","T","$","E","R","M","M","R","B",null,"R","$","E","B",null],"character_chosen":"THE_SILENT","items_purchased":["testmod-Maize","Toolbox","reliquary:Sideboard","reliquary:RoseTintedGlasses","reliquary:Knoch","Expertise","MerchantsRug"],"campfire_rested":0,"item_purchase_floors":[13,44,44,44,44,44,53],"current_hp_per_floor":[50,50,49,48,48,48,47,47,47,47,35,35,35,35,35,35,61,61,61,61,61,70,70,59,44,44,49,56,56,56,56,56,56,79,74,74,74,74,74,70,70,70,70,70,70,70,70,70,70,70,83,83,83,83,78],"gold":84,"neow_bonus":"NOSTALGIA","is_daily":false,"chose_seed":false,"campfire_upgraded":9,"win_rate":0.0,"timestamp":1612155396,"path_taken":["M","M","M","M","?","R","?","R","T","R","?","R","$","M","R","BOSS","M","?","M","?","?","E","?","E","T","E","?","E","M","?","R","BOSS","M","M","?","?","?","M","E","R","T","$","E","R","M","M","R","BOSS","R","$","E","BOSS"],"items_purchased_type":["Relic","Relic","Relic","Relic","Relic","Card","Relic"],"build_version":"2020-12-22","purchased_purges":3,"victory":true,"max_hp_per_floor":[70,70,70,70,70,70,70,70,70,70,70,70,70,70,70,70,70,70,70,70,70,70,70,70,70,70,80,87,87,87,87,87,87,87,87,87,87,87,87,87,87,87,87,87,87,87,87,87,87,87,87,87,87,87,87],"relic_stats":{"counters":[26,65],"Snake Skull":[1],"Bag of Preparation":[22],"obtain_stats":[{"AT_ATBox":0,"reliquary:Aerogel":11,"Snake Skull":54,"Bag of Preparation":25,"testmod-KeyOfTheVoid":34,"Strawberry":28,"Toolbox":44,"testmod-ObsoleteBoomerang":9,"Tiny Chest":19,"reliquary:RoseTintedGlasses":44,"Ring of the Snake":0,"testmod-Maize":13,"testmod-IntensifyImprint":41,"MerchantsRug":53,"testmod-TestBox":0,"Pear":27,"NeowsBlessing":38,"aspiration:Nostalgia":0,"reliquary:Sideboard":44,"jedi:crownofsimplicity":23,"testmod-TurbochargingSystem":26,"reliquary:WeakTea":45,"testmod-IndustrialRevolution":29,"jedi:HeartOfTheCards":43,"WarpedTongs":5,"reliquary:RedPaperclip":17,"reliquary:Knoch":44,"PureWater":0,"REME_ComplimentaryCards":0},{"AT_ATBox":0,"reliquary:Aerogel":5,"Snake Skull":25,"Bag of Preparation":12,"testmod-KeyOfTheVoid":16,"Strawberry":13,"Toolbox":20,"testmod-ObsoleteBoomerang":5,"Tiny Chest":8,"reliquary:RoseTintedGlasses":20,"Ring of the Snake":0,"testmod-Maize":5,"testmod-IntensifyImprint":20,"MerchantsRug":24,"testmod-TestBox":0,"Pear":13,"NeowsBlessing":18,"aspiration:Nostalgia":0,"reliquary:Sideboard":20,"jedi:crownofsimplicity":10,"testmod-TurbochargingSystem":12,"reliquary:WeakTea":21,"testmod-IndustrialRevolution":14,"jedi:HeartOfTheCards":20,"WarpedTongs":4,"reliquary:RedPaperclip":7,"reliquary:Knoch":20,"PureWater":0,"REME_ComplimentaryCards":0},{"AT_ATBox":0,"reliquary:Aerogel":18,"Snake Skull":64,"Bag of Preparation":37,"testmod-KeyOfTheVoid":50,"Strawberry":40,"Toolbox":57,"testmod-ObsoleteBoomerang":18,"Tiny Chest":25,"reliquary:RoseTintedGlasses":57,"Ring of the Snake":0,"testmod-Maize":18,"testmod-IntensifyImprint":57,"MerchantsRug":63,"testmod-TestBox":0,"Pear":40,"NeowsBlessing":55,"aspiration:Nostalgia":0,"reliquary:Sideboard":57,"jedi:crownofsimplicity":32,"testmod-TurbochargingSystem":37,"reliquary:WeakTea":58,"testmod-IndustrialRevolution":42,"jedi:HeartOfTheCards":57,"WarpedTongs":17,"reliquary:RedPaperclip":22,"reliquary:Knoch":57,"PureWater":0,"REME_ComplimentaryCards":0}],"Ring of the Snake":[52],"WarpedTongs":[48]},"card_choices":[{"not_picked":["Underhanded Strike","Poisoned Stab"],"picked":"AT_ShadowStep","floor":1.0},{"not_picked":["Skewer","Blade Dance"],"picked":"jedi:pocketpoison","floor":2.0},{"not_picked":["Slice","Dash"],"picked":"AT_WindFlip","floor":3.0},{"not_picked":["Prepared","Quick Slash"],"picked":"Calculated Gamble","floor":4.0},{"not_picked":["Outmaneuver","Poisoned Stab","Infinite Blades"],"picked":"SKIP","floor":7.0},{"not_picked":["Dodge and Roll","Masterful Stab"],"picked":"Deflect","floor":14.0},{"not_picked":["REME_LeechingPoison","Envenom"],"picked":"AT_EssenceShift","floor":16.0},{"not_picked":["Outmaneuver","jedi:poisonivy+1"],"picked":"Flying Knee","floor":18.0},{"not_picked":["Heel Hook","Dodge and Roll","Dagger Throw"],"picked":"SKIP","floor":20.0},{"not_picked":["Dagger Spray+1","Skewer","A Thousand Cuts"],"picked":"SKIP","floor":23.0},{"not_picked":["Dagger Spray+1","Skewer","A Thousand Cuts"],"picked":"SKIP","floor":23.0},{"not_picked":["Poisoned Stab+1","Quick Slash+1","PiercingWail+1"],"picked":"SKIP","floor":24.0},{"not_picked":["Flying Knee","Quick Slash+1","jedi:rejectivetoxin"],"picked":"SKIP","floor":25.0},{"not_picked":["Calculated Gamble","REME_GreenPollution","Bane+1"],"picked":"SKIP","floor":27.0},{"not_picked":["Well Laid Plans","Calculated Gamble+1","AT_WindFlip"],"picked":"SKIP","floor":29.0},{"not_picked":["Masterful Stab","Dodge and Roll","Calculated Gamble"],"picked":"SKIP","floor":30.0},{"not_picked":["Dagger Throw","Dodge and Roll+1"],"picked":"Quick Slash","floor":35.0},{"not_picked":["Dodge and Roll","REME_ShadowStrike"],"picked":"Reflex","floor":36.0},{"not_picked":["Poisoned Stab+1","Dagger Spray+1","Concentrate+1"],"picked":"SKIP","floor":40.0},{"not_picked":["Bane","Prepared","jedi:pocketpoison"],"picked":"SKIP","floor":41.0},{"not_picked":["Poisoned Stab+1","AT_WomanClash"],"picked":"Escape Plan+1","floor":45.0},{"not_picked":["Prepared","Flying Knee"],"picked":"Dagger Spray+1","floor":47},{"not_picked":["Outmaneuver+1","Slice+1"],"picked":"Storm of Steel","floor":48},{"not_picked":["Bane","AT_WindFlip+1"],"picked":"Outmaneuver","floor":54}],"player_experience":277158,"relics_obtained":[{"floor":9.0,"key":"testmod-ObsoleteBoomerang"},{"floor":19.0,"key":"Tiny Chest"},{"floor":23.0,"key":"jedi:crownofsimplicity"},{"floor":25.0,"key":"Bag of Preparation"},{"floor":26.0,"key":"testmod-TurbochargingSystem"},{"floor":27.0,"key":"Pear"},{"floor":28.0,"key":"Strawberry"},{"floor":29.0,"key":"testmod-IndustrialRevolution"},{"floor":41.0,"key":"testmod-IntensifyImprint"},{"floor":43.0,"key":"jedi:HeartOfTheCards"},{"floor":45.0,"key":"reliquary:WeakTea"},{"floor":54,"key":"Snake Skull"}],"event_choices":[{"damage_healed":0.0,"max_hp_gain":0.0,"max_hp_loss":0.0,"gold_gain":0.0,"event_name":"Accursed Blacksmith","player_choice":"Rummage","floor":5.0,"gold_loss":0.0,"damage_taken":0.0,"relics_obtained":["WarpedTongs"],"cards_obtained":["Pain"]},{"damage_healed":0.0,"max_hp_gain":0.0,"max_hp_loss":0.0,"gold_gain":0.0,"event_name":"betterThird:BetterScrap","player_choice":"Relic ","floor":11.0,"gold_loss":0.0,"damage_taken":12.0,"cards_obtained":["MasterReality"]},{"damage_healed":0.0,"max_hp_gain":0.0,"max_hp_loss":0.0,"gold_gain":0.0,"event_name":"Ghosts","player_choice":"Ignored","floor":21.0,"gold_loss":0.0,"damage_taken":0.0},{"damage_healed":9.0,"max_hp_gain":0.0,"max_hp_loss":0.0,"gold_gain":0.0,"event_name":"Wheel of Change","player_choice":"Full Heal","floor":22.0,"gold_loss":0.0,"damage_taken":0.0},{"damage_healed":0.0,"max_hp_gain":0.0,"max_hp_loss":0.0,"gold_gain":0.0,"cards_transformed":["Strike_G","Defend_G"],"event_name":"Drug Dealer","player_choice":"Became Test Subject","floor":31.0,"gold_loss":0.0,"damage_taken":0.0,"cards_obtained":["Terror","Well Laid Plans"]},{"damage_healed":0.0,"max_hp_gain":0.0,"max_hp_loss":0.0,"gold_gain":400.0,"event_name":"恩洛斯的盘子","player_choice":"Sell","floor":37.0,"relics_lost":["AT_ATBox"],"gold_loss":0.0,"damage_taken":0.0},{"damage_healed":0.0,"max_hp_gain":0.0,"max_hp_loss":0.0,"gold_gain":0.0,"event_name":"给自己的盒子","player_choice":"Swap Relic","floor":38.0,"relics_lost":["testmod-KeyOfTheVoid"],"gold_loss":0.0,"damage_taken":0.0,"relics_obtained":["NeowsBlessing"]}],"is_beta":false,"boss_relics":[{"not_picked":["testmod-SaigiyounoYou","WristBlade"],"picked":"reliquary:RedPaperclip"},{"not_picked":["Cursed Key","testmod-Nine"],"picked":"testmod-KeyOfTheVoid"}],"items_purged_floors":[13,44,53],"is_endless":false,"potions_floor_spawned":[2,4,14,25,27,29,33,35,36,45,54],"ascension_level":9}}