{"host":"jumrmhf584hajrnz","time":1612221730,"event":{"mods":["BaseMod","Duelist Mod","GifTheSpireLib","Minty Spire (QoL Compilation)","Quick Restart","StSLib"],"gold_per_floor":[135,147,147,161,178,178,205,205,232,261,276,86,86,86,86,159,159,171,171,171,86,86,86,86,86,86,11,36,49,99,112,112,112,112],"floor_reached":33,"language":"ENG","playtime":1694,"items_purged":[],"score":542,"play_id":"20f8e5df-e4da-4d4c-93af-abf9229d0010","local_time":"20210202002210","is_ascension_mode":true,"campfire_choices":[{"floor":6,"key":"RECALL"},{"floor":8,"key":"REST"},{"floor":13,"key":"REST"},{"data":"theDuelist:PredaplantFlytrap","floor":15,"key":"SMITH"},{"data":"theDuelist:PredaplantDrosophyllum","floor":23,"key":"SMITH"},{"data":"theDuelist:SilverApples","floor":25,"key":"SMITH"},{"floor":32,"key":"REST"}],"circlet_count":0,"master_deck":["theDuelist:AngelTrumpeter","AscendersBane","theDuelist:CactusBouncer","theDuelist:CastleWalls","theDuelist:CastleWalls","theDuelist:DarkworldThorns","theDuelist:Inmato","theDuelist:JerryBeansMan","theDuelist:JerryBeansMan","theDuelist:Sparks","theDuelist:Sparks","theDuelist:PredaplantFlytrap+1","theDuelist:BloomingDarkestRose+1","theDuelist:DeltaMagnet","theDuelist:Predaponics","theDuelist:Inmato","theDuelist:WorldCarrot","theDuelist:SilverApples+1","theDuelist:Mudora","theDuelist:BlackRoseMoonlight","theDuelist:PredaplantDrosophyllum+1","Ghostly","Ghostly","Ghostly","theDuelist:SuperSolarNutrient","theDuelist:EarthquakeGiant","theDuelist:WhiteRoseDragon"],"relics":["theDuelist:MillenniumPuzzle","theDuelist:CardPoolRelic","theDuelist:CardPoolBasicRelic","theDuelist:BoosterPackPoolRelic","theDuelist:CardPoolAddRelic","theDuelist:CardPoolMinusRelic","theDuelist:CardPoolSaveRelic","theDuelist:CardPoolOptionsRelic","NeowsBlessing","Akabeko","theDuelist:MillenniumRod","Bag of Preparation","theDuelist:MillenniumRod","Bottled Lightning","Runic Dome","Nunchaku","Potion Belt","theDuelist:MonsterEggRelic"],"acts_visited":["Exordium","TheCity"],"potions_floor_usage":[7,10,33,33],"damage_taken":[{"damage":0,"enemies":"2 Louse","floor":1,"turns":2},{"damage":0,"enemies":"Small Slimes","floor":2,"turns":1},{"damage":0,"enemies":"Jaw Worm","floor":4,"turns":1},{"damage":7,"enemies":"Looter","floor":5,"turns":3},{"damage":20,"enemies":"Gremlin Nob","floor":7,"turns":4},{"damage":15,"enemies":"3 Sentries","floor":10,"turns":7},{"damage":14,"enemies":"Large Slime","floor":11,"turns":5},{"damage":48,"enemies":"Slime Boss","floor":16,"turns":8},{"damage":34,"enemies":"3 Byrds","floor":18,"turns":3},{"damage":11,"enemies":"Book of Stabbing","floor":28,"turns":5},{"damage":1,"enemies":"Chosen","floor":29,"turns":4},{"damage":6,"enemies":"Shelled Parasite and Fungi","floor":31,"turns":5},{"damage":29,"enemies":"Champ","floor":33,"turns":7}],"seed_played":"1903997435187923544","potions_obtained":[{"floor":1,"key":"theDuelist:MegaupgradePotion"},{"floor":4,"key":"Explosive Potion"},{"floor":5,"key":"theDuelist:CoolBottle"},{"floor":18,"key":"theDuelist:CoolBottle"},{"floor":28,"key":"FearPotion"},{"floor":31,"key":"theDuelist:SolderPotionB"}],"is_trial":false,"path_per_floor":["M","M","?","M","M","R","E","R","T","E","M","?","R","T","R","B",null,"M","?","?","?","?","R","?","R","T","?","E","M","?","M","R","B"],"character_chosen":"THE_DUELIST","items_purchased":[],"campfire_rested":3,"item_purchase_floors":[],"current_hp_per_floor":[63,63,63,63,56,56,36,57,57,42,28,28,49,49,49,1,53,19,19,19,19,33,33,33,33,33,33,22,21,21,15,29,0,0],"gold":112,"neow_bonus":"THREE_ENEMY_KILL","is_daily":false,"chose_seed":false,"campfire_upgraded":3,"win_rate":0.0,"timestamp":1612221730,"path_taken":["M","M","?","M","M","R","E","R","T","E","M","?","R","?","R","BOSS","M","?","?","?","?","R","?","R","T","?","E","?","?","M","R","BOSS"],"items_purchased_type":[],"build_version":"2020-12-22","purchased_purges":0,"victory":false,"max_hp_per_floor":[70,70,70,70,70,70,70,70,70,70,70,70,70,70,70,70,70,70,35,35,35,49,49,49,49,49,49,49,49,49,49,49,49,49],"card_choices":[{"not_picked":["theDuelist:BotanicalLion","theDuelist:JerryBeansMan","theDuelist:DarkworldThorns","theDuelist:PredaplantChlamydosundew"],"picked":"theDuelist:PredaplantFlytrap","floor":1},{"not_picked":["theDuelist:WorldTree+1","theDuelist:VioletCrystal+1","theDuelist:SplendidRose+1","theDuelist:PredaplantSarraceniant+1"],"picked":"theDuelist:BloomingDarkestRose+1","floor":2},{"not_picked":["theDuelist:VenomShot","theDuelist:WorldTree","theDuelist:VioletCrystal","theDuelist:PotDuality"],"picked":"theDuelist:Predaponics","floor":4},{"not_picked":["theDuelist:CactusBouncer","theDuelist:BotanicalLion","theDuelist:Spore","theDuelist:MiracleFertilizer"],"picked":"theDuelist:Inmato","floor":5},{"not_picked":["theDuelist:AngelTrumpeter","theDuelist:CrystalRose","theDuelist:DarkworldThorns","theDuelist:PredaplantSpinodionaea"],"picked":"theDuelist:WorldCarrot","floor":7},{"not_picked":["theDuelist:Reinforcements","theDuelist:BottomlessTrapHole","theDuelist:AcidTrapHole","theDuelist:BloomingDarkestRose"],"picked":"theDuelist:SilverApples","floor":10},{"not_picked":["theDuelist:DarklordSuperbia","theDuelist:DestroyerGolem","theDuelist:GilfordLegend","theDuelist:Fissure"],"picked":"theDuelist:Mudora","floor":11},{"not_picked":["theDuelist:SeedCannon","theDuelist:BlossomBombardment","theDuelist:HeartUnderdog","theDuelist:Gigaplant"],"picked":"theDuelist:BlackRoseMoonlight","floor":16},{"not_picked":["theDuelist:BotanicalLion","theDuelist:CrystalRose+1","theDuelist:BlueRoseDragon","theDuelist:Predapruning"],"picked":"theDuelist:PredaplantDrosophyllum","floor":18},{"not_picked":["theDuelist:BotanicalLion","theDuelist:WormApocalypse","theDuelist:CactusBouncer","theDuelist:Invigoration"],"picked":"theDuelist:SuperSolarNutrient","floor":28},{"not_picked":["theDuelist:RainbowLife","theDuelist:PowerGiant","theDuelist:HeavyStorm+1","theDuelist:ShardGreed"],"picked":"theDuelist:EarthquakeGiant","floor":29},{"not_picked":["theDuelist:JerryBeansMan","theDuelist:Spore","theDuelist:Invigoration","theDuelist:CheerfulCoffin"],"picked":"theDuelist:WhiteRoseDragon","floor":31}],"player_experience":1664758,"relics_obtained":[{"floor":7,"key":"Akabeko"},{"floor":9,"key":"theDuelist:MillenniumRod"},{"floor":10,"key":"Bag of Preparation"},{"floor":14,"key":"Bottled Lightning"},{"floor":28,"key":"theDuelist:MonsterEggRelic"}],"event_choices":[{"damage_healed":0,"gold_gain":0,"player_choice":"Delta Electro","duelist":true,"damage_taken":0,"max_hp_gain":0,"max_hp_loss":0,"event_name":"Egyptian Village","floor":3,"gold_loss":0,"cards_obtained":["Delta Electromagnet Warrior"]},{"damage_healed":0,"gold_gain":0,"player_choice":"Duplicated Relic - Millennium Rod","duelist":true,"damage_taken":0,"max_hp_gain":0,"max_hp_loss":0,"event_name":"Relic Duplicator","floor":12,"gold_loss":0},{"damage_healed":0,"gold_gain":0,"player_choice":"Became a Ghost","damage_taken":0,"max_hp_gain":0,"max_hp_loss":35,"event_name":"Ghosts","floor":19,"gold_loss":0,"cards_obtained":["Ghostly","Ghostly","Ghostly"]},{"damage_healed":0,"gold_gain":0,"player_choice":"Opened","damage_taken":0,"relics_obtained":["Nunchaku"],"max_hp_gain":0,"max_hp_loss":0,"event_name":"The Mausoleum","floor":20,"gold_loss":0,"cards_obtained":["Writhe"]},{"damage_healed":0,"gold_gain":0,"player_choice":"Obtained Relic","damage_taken":0,"relics_obtained":["Potion Belt"],"max_hp_gain":0,"max_hp_loss":0,"event_name":"Addict","floor":21,"gold_loss":85},{"total_magic_score":64,"gold_gain":0,"duelist":true,"damage_taken":0,"relics_obtained":[],"points":4,"max_hp_gain":14,"max_hp_loss":0,"spent_points":{"magic":0,"greed":0,"war":0,"power":0,"hunger":4},"event_name":"Nameless Tomb","hunger_reward":4,"floor":22,"gold_loss":0,"cards_obtained":[]},{"damage_healed":0,"gold_gain":0,"player_choice":"Leave","duelist":true,"damage_taken":0,"max_hp_gain":0,"max_hp_loss":0,"event_name":"Tomb of the Nameless","floor":24,"gold_loss":0},{"cards_removed":["Writhe"],"damage_healed":0,"gold_gain":0,"player_choice":"Gave Gold","damage_taken":0,"max_hp_gain":0,"max_hp_loss":0,"event_name":"Beggar","floor":27,"gold_loss":75},{"damage_healed":0,"gold_gain":50,"player_choice":"Stole From Cult","damage_taken":0,"max_hp_gain":0,"max_hp_loss":0,"event_name":"Nest","floor":30,"gold_loss":0}],"is_beta":false,"boss_relics":[{"not_picked":["theDuelist:HauntedRelic","SlaversCollar"],"picked":"Runic Dome"}],"items_purged_floors":[],"is_endless":false,"potions_floor_spawned":[1,4,5,18,28,31],"killed_by":"Champ","ascension_level":20}}