{"host":"v6bx4j78sqvho3ll","time":1612211799,"event":{"mods":["AchievementEnabler","BaseMod","Colored Map","Colored Powertips","Minty Spire (QoL Compilation)","Relic Stats","StSLib"],"gold_per_floor":[117,46,46,64,138,171,171,187,187,201,235,257,257,257,257,360,410,427,440,467,467,467,467,485,485,485,504,523,295,69,88,88,193,193,207,218,218,218,244,244,259,290,290,63,63,94,104,154,154,154],"floor_reached":51,"language":"ENG","playtime":3880,"items_purged":["Strike_P","Defend_P"],"score":815,"play_id":"d1daad03-5cd1-4d59-a133-580b7e926576","local_time":"20210201213639","is_ascension_mode":false,"campfire_choices":[{"data":"LessonLearned","floor":7,"key":"SMITH"},{"floor":15,"key":"REST"},{"floor":23,"key":"REST"},{"floor":32,"key":"REST"},{"data":"ClearTheMind","floor":40,"key":"SMITH"},{"data":"Fasting2","floor":45,"key":"SMITH"},{"floor":49,"key":"REST"}],"circlet_count":0,"master_deck":["Strike_P+1","Strike_P+1","Strike_P+1","Defend_P+1","Defend_P+1","Defend_P+1","Eruption+1","Vigilance+1","FlurryOfBlows+1","FearNoEvil+1","Fasting2+1","LessonLearned+1","ClearTheMind+1","EmptyBody+1","DevaForm+1","FlurryOfBlows+1","Omniscience+1","EmptyBody+1","PathToVictory+1","EmptyFist+1","PathToVictory+1","CutThroughFate+1","Halt+1","FlurryOfBlows+1","Ragnarok+1","Omniscience+1","BattleHymn","Omniscience+1","Worship+1","PathToVictory+1","Fasting2+1","CutThroughFate+1","DeusExMachina+1","Worship+1"],"relics":["HolyWater","NeowsBlessing","Sundial","Tiny Chest","Toxic Egg 2","Bag of Marbles","Odd Mushroom","Molten Egg 2","Tiny House","Red Mask","Ornamental Fan","White Beast Statue","Meat on the Bone","Melange","DollysMirror","Centennial Puzzle","Damaru","Mango","Du-Vu Doll","Calipers"],"acts_visited":["Exordium","TheCity","TheBeyond"],"potions_floor_usage":[16,20,21,33,36,46,46],"damage_taken":[{"damage":0,"enemies":"2 Louse","floor":1,"turns":1},{"damage":0,"enemies":"Jaw Worm","floor":4,"turns":1},{"damage":0,"enemies":"Lagavulin","floor":6,"turns":1},{"damage":0,"enemies":"Cultist","floor":8,"turns":2},{"damage":23,"enemies":"Large Slime","floor":10,"turns":7},{"damage":18,"enemies":"3 Sentries","floor":11,"turns":8},{"damage":34,"enemies":"The Mushroom Lair","floor":12,"turns":6},{"damage":20,"enemies":"Slime Boss","floor":16,"turns":9},{"damage":15,"enemies":"Chosen","floor":18,"turns":6},{"damage":24,"enemies":"3 Byrds","floor":19,"turns":5},{"damage":33,"enemies":"Masked Bandits","floor":20,"turns":5},{"damage":0,"enemies":"Snake Plant","floor":21,"turns":2},{"damage":0,"enemies":"Snecko","floor":24,"turns":2},{"damage":12,"enemies":"Centurion and Healer","floor":27,"turns":6},{"damage":0,"enemies":"Cultist and Chosen","floor":28,"turns":4},{"damage":0,"enemies":"Snecko","floor":31,"turns":2},{"damage":24,"enemies":"Champ","floor":33,"turns":4},{"damage":0,"enemies":"Orb Walker","floor":35,"turns":1},{"damage":8,"enemies":"3 Darklings","floor":36,"turns":3},{"damage":6,"enemies":"4 Shapes","floor":41,"turns":1},{"damage":9,"enemies":"Giant Head","floor":42,"turns":6},{"damage":34,"enemies":"Reptomancer","floor":46,"turns":3},{"damage":0,"enemies":"Jaw Worm Horde","floor":47,"turns":2},{"damage":0,"enemies":"Mind Bloom Boss Battle","floor":48,"turns":1},{"damage":0,"enemies":"Donu and Deca","floor":50,"turns":3}],"seed_played":"1515421010155078586","potions_obtained":[{"floor":8,"key":"SmokeBomb"},{"floor":11,"key":"SteroidPotion"},{"floor":17,"key":"BlessingOfTheForge"},{"floor":18,"key":"GamblersBrew"},{"floor":19,"key":"Dexterity Potion"},{"floor":24,"key":"Explosive Potion"},{"floor":27,"key":"ColorlessPotion"},{"floor":33,"key":"Dexterity Potion"},{"floor":35,"key":"PowerPotion"},{"floor":36,"key":"Dexterity Potion"},{"floor":46,"key":"SpeedPotion"},{"floor":47,"key":"EssenceOfSteel"},{"floor":48,"key":"Block Potion"}],"is_trial":false,"path_per_floor":["M","$","?","M","T","E","R","M","T","M","E","?","?","T","R","B",null,"M","M","?","M","?","R","M","T","T","M","M","$","$","M","R","B",null,"M","M","?","?","T","R","M","E","T","$","R","E","M","?","R","B",null],"character_chosen":"WATCHER","items_purchased":["FearNoEvil","Melange","Ragnarok+1","DollysMirror","Fasting2","CutThroughFate+1"],"campfire_rested":4,"item_purchase_floors":[2,29,30,30,44,44],"current_hp_per_floor":[72,72,77,77,77,77,77,77,77,54,36,2,2,2,25,5,82,67,43,10,10,10,34,34,34,34,34,46,46,46,46,70,46,82,82,74,74,74,74,74,68,59,73,73,73,51,51,51,78,78],"gold":154,"neow_bonus":"THREE_ENEMY_KILL","is_daily":false,"chose_seed":false,"campfire_upgraded":3,"win_rate":0.0,"timestamp":1612211799,"path_taken":["M","$","?","M","?","E","R","M","T","?","E","?","?","?","R","BOSS","M","?","?","M","?","R","M","?","T","M","M","?","$","M","R","BOSS","M","M","?","?","?","R","?","E","T","$","R","E","M","?","R","BOSS"],"items_purchased_type":["Card","Relic","Card","Relic","Card","Card"],"build_version":"2020-12-13","purchased_purges":2,"victory":true,"max_hp_per_floor":[72,72,77,77,77,77,77,77,77,77,77,77,77,77,77,77,82,82,82,82,82,82,82,82,82,82,82,82,82,82,82,82,82,82,82,82,78,78,78,78,78,78,92,92,92,92,92,92,92,92],"relic_stats":{"Centennial Puzzle":[9],"counters":[25,91],"Sundial":[8],"Ornamental Fan":[80],"Melange":[3],"Tiny Chest":3,"obtain_stats":[{"Tiny House":17,"Calipers":48,"NeowsBlessing":0,"Melange":29,"Damaru":42,"Mango":43,"Odd Mushroom":12,"White Beast Statue":25,"Du-Vu Doll":46,"Centennial Puzzle":39,"Sundial":5,"Ornamental Fan":22,"DollysMirror":30,"HolyWater":34,"Tiny Chest":6,"Molten Egg 2":14,"Bag of Marbles":11,"Red Mask":20,"PureWater":0,"Toxic Egg 2":9,"Meat on the Bone":26},{"Tiny House":8,"Calipers":24,"NeowsBlessing":0,"Melange":15,"Damaru":21,"Mango":21,"Odd Mushroom":7,"White Beast Statue":13,"Du-Vu Doll":22,"Centennial Puzzle":19,"Sundial":2,"Ornamental Fan":12,"DollysMirror":15,"HolyWater":17,"Tiny Chest":3,"Molten Egg 2":7,"Bag of Marbles":6,"Red Mask":11,"PureWater":0,"Toxic Egg 2":4,"Meat on the Bone":13},{"Tiny House":35,"Calipers":88,"NeowsBlessing":0,"Melange":65,"Damaru":82,"Mango":82,"Odd Mushroom":26,"White Beast Statue":55,"Du-Vu Doll":85,"Centennial Puzzle":75,"Sundial":2,"Ornamental Fan":53,"DollysMirror":65,"HolyWater":71,"Tiny Chest":3,"Molten Egg 2":26,"Bag of Marbles":20,"Red Mask":51,"PureWater":0,"Toxic Egg 2":5,"Meat on the Bone":55}],"Meat on the Bone":36},"card_choices":[{"not_picked":["Consecrate","FlyingSleeves"],"picked":"FlurryOfBlows","floor":1},{"not_picked":["FollowUp","EmptyBody"],"picked":"Fasting2","floor":4},{"not_picked":["Meditate","CrushJoints"],"picked":"LessonLearned","floor":6},{"not_picked":["Worship","Sanctity"],"picked":"ClearTheMind","floor":8},{"not_picked":["InnerPeace+1","Crescendo+1"],"picked":"EmptyBody+1","floor":10},{"not_picked":["Establishment","Fasting2"],"picked":"DevaForm","floor":11},{"not_picked":["Sanctity+1","ClearTheMind+1"],"picked":"FlurryOfBlows","floor":12},{"not_picked":["DeusExMachina+1","DevaForm"],"picked":"Omniscience+1","floor":16},{"not_picked":["WreathOfFlame+1","BowlingBash+1"],"picked":"EmptyBody+1","floor":17},{"not_picked":["JustLucky+1","CrushJoints+1"],"picked":"PathToVictory+1","floor":18},{"not_picked":["Sanctity+1","Establishment"],"picked":"EmptyFist+1","floor":19},{"not_picked":["SashWhip+1","ClearTheMind+1"],"picked":"PathToVictory+1","floor":20},{"not_picked":["EmptyFist+1","ClearTheMind+1"],"picked":"CutThroughFate+1","floor":24},{"not_picked":["SashWhip+1","Fasting2"],"picked":"Halt+1","floor":27},{"not_picked":["Consecrate+1","ClearTheMind+1"],"picked":"FlurryOfBlows+1","floor":28},{"not_picked":["CrushJoints+1","WreathOfFlame+1"],"picked":"BattleHymn","floor":31},{"not_picked":["LessonLearned+1","Judgement+1"],"picked":"Omniscience+1","floor":33},{"not_picked":["EmptyBody+1","Meditate+1","ClearTheMind+1"],"picked":"SKIP","floor":35},{"not_picked":["Indignation+1","Halt+1"],"picked":"Worship+1","floor":36},{"not_picked":["BowlingBash+1","FlurryOfBlows+1"],"picked":"PathToVictory+1","floor":41},{"not_picked":["EmptyFist+1","ClearTheMind+1","SashWhip+1"],"picked":"SKIP","floor":42},{"not_picked":["Consecrate+1","CutThroughFate+1"],"picked":"DeusExMachina+1","floor":46},{"not_picked":["FollowUp+1","Crescendo+1","Meditate+1"],"picked":"SKIP","floor":47},{"not_picked":["Protect+1","WaveOfTheHand+1"],"picked":"Worship+1","floor":48}],"player_experience":24923,"relics_obtained":[{"floor":5,"key":"Sundial"},{"floor":6,"key":"Tiny Chest"},{"floor":9,"key":"Toxic Egg 2"},{"floor":11,"key":"Bag of Marbles"},{"floor":12,"key":"Odd Mushroom"},{"floor":14,"key":"Molten Egg 2"},{"floor":20,"key":"Red Mask"},{"floor":25,"key":"White Beast Statue"},{"floor":26,"key":"Meat on the Bone"},{"floor":39,"key":"Centennial Puzzle"},{"floor":42,"key":"Damaru"},{"floor":43,"key":"Mango"},{"floor":46,"key":"Du-Vu Doll"},{"floor":48,"key":"Calipers"}],"event_choices":[{"damage_healed":0,"gold_gain":0,"player_choice":"Donut","damage_taken":0,"max_hp_gain":5,"max_hp_loss":0,"event_name":"Big Fish","floor":3,"gold_loss":0},{"damage_healed":0,"gold_gain":0,"player_choice":"Fought Mushrooms","damage_taken":0,"max_hp_gain":0,"max_hp_loss":0,"event_name":"Mushrooms","floor":12,"gold_loss":0},{"damage_healed":0,"gold_gain":0,"player_choice":"Upgraded","damage_taken":0,"max_hp_gain":0,"max_hp_loss":0,"event_name":"Upgrade Shrine","floor":13,"gold_loss":0,"cards_upgraded":["DevaForm"]},{"damage_healed":0,"gold_gain":0,"player_choice":"Fought Bandits","damage_taken":0,"max_hp_gain":0,"max_hp_loss":0,"event_name":"Masked Bandits","floor":20,"gold_loss":0},{"damage_healed":0,"gold_gain":0,"player_choice":"Opened","damage_taken":0,"relics_obtained":["Ornamental Fan"],"max_hp_gain":0,"max_hp_loss":0,"event_name":"The Mausoleum","floor":22,"gold_loss":0},{"damage_healed":0,"gold_gain":0,"player_choice":"Max HP","damage_taken":0,"max_hp_gain":0,"max_hp_loss":4,"event_name":"Winding Halls","floor":37,"gold_loss":0},{"damage_healed":0,"gold_gain":0,"player_choice":"Ignored","damage_taken":0,"max_hp_gain":0,"max_hp_loss":0,"event_name":"NoteForYourself","floor":38,"gold_loss":0},{"damage_healed":0,"gold_gain":0,"player_choice":"Fight","damage_taken":0,"max_hp_gain":0,"max_hp_loss":0,"event_name":"MindBloom","floor":48,"gold_loss":0}],"is_beta":false,"boss_relics":[{"not_picked":["SacredBark","Runic Dome"],"picked":"Tiny House"},{"not_picked":["Busted Crown","SlaversCollar"],"picked":"HolyWater"}],"items_purged_floors":[29,44],"is_endless":false,"potions_floor_spawned":[8,11,18,19,21,24,27,28,31,33,35,36,41,42,46,47,48],"ascension_level":0}}