{"host":"y2kfqdipa4rrljwb","time":1612178760,"event":{"mods":["ATMod(阿瑾Mod)","AchievementEnabler","Act Like it!","Aspiration","BaseMod","Energized Spire","Friendly Minions","Infinite Spire","Minty Spire (QoL Compilation)","Pale of the Ancients","Random Character Button","Random Character Mod","Relic Stats","Reliquary","Replay The Spire","RumiaBox-露米娅的神秘盒子","StSLib","TestMod","【功能Mod】混沌之环修复补丁","【遗物卡牌】REMEMod"],"gold_per_floor":[118,118,118,137,237,237,269,284,284,322,322,353,74,86,86,189,189,207,122,220,244,253,253,280,310,333,183,183,183,582,612,612,714,714,733,608,624,624,633,659,684,684,762,777,801,811,828,856,856,860,860,860,257,283,299],"floor_reached":56,"language":"ZHS","playtime":5161,"items_purged":["Strike_B","Strike_B","Strike_B","Defend_B","Dualcast+1"],"score":1861,"play_id":"5e9ed76e-24f6-4a7b-8805-d61e6a2abe35","local_time":"20210201192559","is_ascension_mode":true,"campfire_choices":[{"data":"ReplayTheSpireMod:Calculation Training","floor":6.0,"key":"SMITH"},{"data":"ReplayRNGCard","floor":11.0,"key":"SMITH"},{"data":"Coolheaded","floor":15.0,"key":"SMITH"},{"data":"Static Discharge","floor":23.0,"key":"SMITH"},{"data":"AT_StudyProgram","floor":28.0,"key":"SMITH"},{"data":"Strike_B","floor":32.0,"key":"PURGE"},{"floor":49,"key":"RECALL"},{"data":"Steam Power","floor":52,"key":"SMITH"}],"circlet_count":0,"master_deck":["Cold Snap","ReplayTheSpireMod:Calculation Training+1","Ball Lightning","ReplayRNGCard+1","Coolheaded+1","Turbo","Biased Cognition","Static Discharge+1","BasicCrystalCard+1","AT_StudyProgram+1","infinitespire:Fortify","FIFO Queue+1","Meteor Strike","Compile Driver+1","Steam Power+1","Skim+1","AT_EMC2+1","Recycle+1","Biased Cognition"],"relics":["Cracked Core","REME_ComplimentaryCards","AT_ATBox","NeowsBlessing","infinitespire:Midas Blood","Gremlin Horn","Omamori","reliquary:SilkGlove","testmod-Charity","Painkiller Herb","WingedGreaves","AT_SunfireAegis","testmod-AssaultLearning","Empty Cage","MagicDraw3","reliquary:RedPaperclip","Boot","REME_PuzzleBoxRelic","AT_RedNoBalance","Blue Doll","Oddly Smooth Stone","DollysMirror","AT_ChloranthyRing","infinitespire:PuzzleCube","Torii"],"acts_visited":["Exordium","TheCity","TheBeyond","TheEnding"],"potions_floor_usage":[55],"damage_taken":[{"damage":0.0,"enemies":"Jaw Worm","floor":1.0,"turns":1.0},{"damage":0.0,"enemies":"Small Slimes","floor":4.0,"turns":1.0},{"damage":0.0,"enemies":"Replay:BlueRogue","floor":7.0,"turns":1.0},{"damage":1.0,"enemies":"Cultist","floor":8.0,"turns":3.0},{"damage":12.0,"enemies":"3 Sentries","floor":10.0,"turns":7.0},{"damage":20.0,"enemies":"Lagavulin","floor":12.0,"turns":3.0},{"damage":5.0,"enemies":"2 Fungi Beasts","floor":14.0,"turns":3.0},{"damage":16.0,"enemies":"The Guardian","floor":16.0,"turns":9.0},{"damage":19.0,"enemies":"3 Byrds","floor":18.0,"turns":5.0},{"damage":0.0,"enemies":"Spheric Guardian","floor":22.0,"turns":3.0},{"damage":15.0,"enemies":"REME_1_Revenger","floor":24.0,"turns":4.0},{"damage":10.0,"enemies":"Replay:Snechameleon","floor":25.0,"turns":4.0},{"damage":5.0,"enemies":"Gremlin Leader","floor":31.0,"turns":4.0},{"damage":0.0,"enemies":"Collector","floor":33.0,"turns":5.0},{"damage":12.0,"enemies":"3 Shapes","floor":35.0,"turns":4.0},{"damage":27.0,"enemies":"3 Darklings","floor":37.0,"turns":3.0},{"damage":0.0,"enemies":"Transient","floor":39.0,"turns":5.0},{"damage":16.0,"enemies":"R_Hoarder","floor":40.0,"turns":3.0},{"damage":0.0,"enemies":"Reptomancer","floor":41.0,"turns":3.0},{"damage":0.0,"enemies":"Spire Growth","floor":44.0,"turns":2.0},{"damage":0.0,"enemies":"R_Hoarder","floor":45.0,"turns":2.0},{"damage":0,"enemies":"Maw","floor":46,"turns":2},{"damage":0,"enemies":"Sphere and 2 Shapes","floor":47,"turns":1},{"damage":21,"enemies":"Nemesis","floor":48,"turns":4},{"damage":14,"enemies":"infinitespire:MassOfShapes","floor":50,"turns":2},{"damage":0,"enemies":"Shield and Spear","floor":54,"turns":1},{"damage":16,"enemies":"The Heart","floor":55,"turns":3}],"seed_played":"-7882330111537370608","potions_obtained":[{"floor":4.0,"key":"testmod-TestPotion"},{"floor":8.0,"key":"Block Potion"},{"floor":12.0,"key":"REME_GoldPotion"},{"floor":16.0,"key":"Dexterity Potion"},{"floor":22.0,"key":"Ancient Potion"},{"floor":25.0,"key":"Swift Potion"},{"floor":37.0,"key":"PowerPotion"}],"is_trial":false,"path_per_floor":["M","?","?","M","?","R","E","M","T","E","R","E","$","M","R","B",null,"?","?","?","T","?","T","E","E","T","T","T","AVR","?","E","T","B",null,"?","T","?","?","?","E","E","?","T","?","E","?","?","E","T","B",null,"T","T","E","B",null],"character_chosen":"DEFECT","items_purchased":["Turbo","testmod-Charity","AT_StudyProgram","LiquidMemories","Languid Potion","Milkshake","DollysMirror","AT_ChloranthyRing","infinitespire:PuzzleCube"],"campfire_rested":0,"item_purchase_floors":[13,13,27,27,27,27,53,53,53],"current_hp_per_floor":[75,75,75,75,75,75,75,74,74,62,62,42,42,40,40,30,71,59,59,60,61,62,62,49,46,47,51,51,51,52,49,49,50,97,88,88,66,66,67,57,58,58,59,63,64,64,65,47,47,56,117,117,117,69,152],"gold":299,"neow_bonus":"THREE_ENEMY_KILL","is_daily":false,"chose_seed":false,"campfire_upgraded":6,"win_rate":0.0,"timestamp":1612178759,"path_taken":["M","?","?","?","?","R","E","M","T","E","R","E","?","M","R","BOSS","?","?","?","?","?","T","E","E","T","T","T","AVR","?","E","T","BOSS","?","T","?","?","?","E","E","?","T","?","E","?","?","E","T","BOSS","T","T","E","BOSS"],"items_purchased_type":["Card","Relic","Card","Potion","Potion","Potion","Relic","Relic","Relic"],"build_version":"2020-12-22","purchased_purges":5,"victory":true,"max_hp_per_floor":[75,75,75,75,75,75,75,75,75,75,75,75,75,78,78,84,84,91,91,92,93,94,94,96,103,104,108,108,108,109,111,111,112,112,115,115,120,120,121,123,124,124,125,126,127,128,129,133,133,137,137,137,137,138,154],"relic_stats":{"Gremlin Horn":[21,21],"Torii":0,"counters":[27,88],"Boot":[20],"obtain_stats":[{"AT_ATBox":0,"reliquary:SilkGlove":12,"Gremlin Horn":9,"Torii":54,"Painkiller Herb":17,"aspiration:TomeofQuesting":31,"Blue Doll":45,"Empty Cage":29,"MagicDraw3":29,"Boot":40,"testmod-Charity":13,"DollysMirror":53,"WingedGreaves":24,"AT_RedNoBalance":54,"Cracked Core":0,"AT_ChloranthyRing":53,"testmod-TestBox":0,"NeowsBlessing":0,"Oddly Smooth Stone":48,"reliquary:TatteredRug":19,"AT_SilverBalance":43,"Omamori":10,"reliquary:RedPaperclip":34,"testmod-AssaultLearning":26,"AT_SunfireAegis":25,"REME_PuzzleBoxRelic":41,"infinitespire:PuzzleCube":53,"REME_ComplimentaryCards":0,"infinitespire:Midas Blood":7},{"AT_ATBox":0,"reliquary:SilkGlove":6,"Gremlin Horn":4,"Torii":26,"Painkiller Herb":8,"aspiration:TomeofQuesting":13,"Blue Doll":21,"Empty Cage":12,"MagicDraw3":12,"Boot":18,"testmod-Charity":6,"DollysMirror":25,"WingedGreaves":11,"AT_RedNoBalance":26,"Cracked Core":0,"AT_ChloranthyRing":25,"testmod-TestBox":0,"NeowsBlessing":0,"Oddly Smooth Stone":24,"reliquary:TatteredRug":9,"AT_SilverBalance":19,"Omamori":5,"reliquary:RedPaperclip":14,"testmod-AssaultLearning":12,"AT_SunfireAegis":12,"REME_PuzzleBoxRelic":19,"infinitespire:PuzzleCube":25,"REME_ComplimentaryCards":0,"infinitespire:Midas Blood":3},{"AT_ATBox":0,"reliquary:SilkGlove":16,"Gremlin Horn":6,"Torii":85,"Painkiller Herb":28,"aspiration:TomeofQuesting":48,"Blue Doll":75,"Empty Cage":44,"MagicDraw3":44,"Boot":68,"testmod-Charity":16,"DollysMirror":84,"WingedGreaves":40,"AT_RedNoBalance":84,"Cracked Core":0,"AT_ChloranthyRing":84,"testmod-TestBox":0,"NeowsBlessing":0,"Oddly Smooth Stone":82,"reliquary:TatteredRug":33,"AT_SilverBalance":71,"Omamori":13,"reliquary:RedPaperclip":53,"testmod-AssaultLearning":44,"AT_SunfireAegis":44,"REME_PuzzleBoxRelic":71,"infinitespire:PuzzleCube":84,"REME_ComplimentaryCards":0,"infinitespire:Midas Blood":3}]},"card_choices":[{"not_picked":["Storm","Redo"],"picked":"Cold Snap","floor":1.0},{"not_picked":["Scrape","Leap"],"picked":"ReplayTheSpireMod:Calculation Training","floor":4.0},{"not_picked":["Compile Driver","Barrage"],"picked":"Ball Lightning","floor":7.0},{"not_picked":["Cold Snap","Ball Lightning","Streamline"],"picked":"SKIP","floor":8.0},{"not_picked":["Double Energy","Rebound"],"picked":"ReplayRNGCard","floor":10.0},{"not_picked":["Barrage","Melter"],"picked":"Coolheaded","floor":12.0},{"not_picked":["Coolheaded","Streamline","Turbo"],"picked":"SKIP","floor":14.0},{"not_picked":["Echo Form","Reboot"],"picked":"Biased Cognition","floor":16.0},{"not_picked":["Ball Lightning+1","ReplayTheSpireMod:GoodbyeWorld"],"picked":"Static Discharge","floor":18.0},{"not_picked":["Stack","Beam Cell"],"picked":"BasicCrystalCard+1","floor":22.0},{"not_picked":["Go for the Eyes","Rebound","Steam"],"picked":"SKIP","floor":24.0},{"not_picked":["Turbo","Compile Driver","Leap+1"],"picked":"SKIP","floor":25.0},{"not_picked":["Chaos","Reinforced Body+1"],"picked":"FIFO Queue+1","floor":31.0},{"not_picked":["Reboot","Buffer"],"picked":"Meteor Strike","floor":33.0},{"not_picked":["Melter+1","Barrage+1"],"picked":"Compile Driver+1","floor":35.0},{"not_picked":["Streamline","Stack","REME_Compress+1"],"picked":"SKIP","floor":37.0},{"not_picked":["Conserve Battery+1","Blizzard+1"],"picked":"Steam Power","floor":39.0},{"not_picked":["Go for the Eyes","Rip and Tear","Multi-Cast"],"picked":"SKIP","floor":40.0},{"not_picked":["Loop+1","Scrape"],"picked":"Skim+1","floor":41.0},{"not_picked":["Coolheaded","Aggregate"],"picked":"AT_EMC2+1","floor":44.0},{"not_picked":["AT_HeatAcrobatics","REME_SelfUpgrade+1"],"picked":"Recycle+1","floor":45.0},{"not_picked":["FIFO Queue","Leap","ReplayTheSpireMod:Repulse"],"picked":"SKIP","floor":46},{"not_picked":["Double Energy","AT_WarpDrive+1","Capacitor"],"picked":"SKIP","floor":47},{"not_picked":["Steam","Gash","Double Energy+1"],"picked":"SKIP","floor":48},{"not_picked":["Cold Snap","Streamline","BasicCrystalCard"],"picked":"SKIP","floor":54}],"player_experience":213241,"relics_obtained":[{"floor":7.0,"key":"infinitespire:Midas Blood"},{"floor":9.0,"key":"Gremlin Horn"},{"floor":10.0,"key":"Omamori"},{"floor":12.0,"key":"reliquary:SilkGlove"},{"floor":24.0,"key":"WingedGreaves"},{"floor":25.0,"key":"AT_SunfireAegis"},{"floor":26.0,"key":"testmod-AssaultLearning"},{"floor":31.0,"key":"aspiration:TomeofQuesting"},{"floor":40.0,"key":"Boot"},{"floor":41.0,"key":"REME_PuzzleBoxRelic"},{"floor":43.0,"key":"AT_SilverBalance"},{"floor":45.0,"key":"Blue Doll"},{"floor":48,"key":"Oddly Smooth Stone"},{"floor":54,"key":"Torii"}],"event_choices":[{"damage_healed":0.0,"max_hp_gain":0.0,"max_hp_loss":0.0,"gold_gain":0.0,"event_name":"Upgrade Shrine","player_choice":"Upgraded","floor":3.0,"gold_loss":0.0,"damage_taken":0.0,"cards_upgraded":["Dualcast"]},{"damage_healed":0.0,"max_hp_gain":0.0,"max_hp_loss":0.0,"gold_gain":100.0,"event_name":"Golden Shrine","player_choice":"Pray","floor":5.0,"gold_loss":0.0,"damage_taken":0.0},{"damage_healed":0.0,"max_hp_gain":0.0,"max_hp_loss":0.0,"gold_gain":0.0,"event_name":"Addict","player_choice":"Obtained Relic","floor":19.0,"gold_loss":85.0,"damage_taken":0.0,"relics_obtained":["reliquary:TatteredRug"]},{"damage_healed":0.0,"max_hp_gain":0.0,"max_hp_loss":0.0,"gold_gain":99.0,"event_name":"Nest","player_choice":"Stole From Cult","floor":20.0,"gold_loss":0.0,"damage_taken":0.0},{"damage_healed":0.0,"max_hp_gain":0.0,"max_hp_loss":0.0,"gold_gain":400.0,"event_name":"恩洛斯的盘子","player_choice":"Sell","floor":30.0,"relics_lost":["testmod-TestBox"],"gold_loss":0.0,"damage_taken":0.0},{"damage_healed":0.0,"max_hp_gain":0.0,"max_hp_loss":0.0,"gold_gain":0.0,"event_name":"给自己的盒子","player_choice":"Ignored","floor":38.0,"gold_loss":0.0,"damage_taken":0.0},{"cards_removed":["Zap"],"damage_healed":0.0,"max_hp_gain":0.0,"max_hp_loss":0.0,"gold_gain":0.0,"event_name":"Falling","player_choice":"Removed Skill","floor":42.0,"gold_loss":0.0,"damage_taken":0.0}],"is_beta":false,"boss_relics":[{"not_picked":["testmod-Prudence","REME_LowDesire"],"picked":"Painkiller Herb"},{"not_picked":["AddBug","REME_DuelDisc"],"picked":"reliquary:RedPaperclip"}],"items_purged_floors":[13,27,29,36,53],"is_endless":false,"potions_floor_spawned":[4,8,12,16,22,25,37,39,46,47,54],"ascension_level":5}}