{"host":"c3lc60y5x60jlt1y","time":1612171078,"event":{"mods":["AchievementEnabler","BaseMod","Bestiary","Colored Map","Minty Spire (QoL Compilation)","Quick Restart","StSLib","ojb\u0027s Info Mod"],"gold_per_floor":[110,126,144,144,144,144,164,164,164,203,216,216,216,231,231,361,361,380,396,419,419,42,83,96,26,26,50,50,50,50,50],"floor_reached":30,"language":"ENG","playtime":708,"items_purged":["Strike_R"],"score":252,"play_id":"908a20cd-6f5b-45e3-8ef1-335abfa69b11","local_time":"20210201111758","is_ascension_mode":false,"campfire_choices":[{"data":"Bash","floor":6,"key":"SMITH"},{"data":"Whirlwind","floor":13,"key":"SMITH"},{"data":"Flex","floor":15,"key":"SMITH"}],"circlet_count":0,"master_deck":["Strike_R","Strike_R","Strike_R","Defend_R","Defend_R","Defend_R","Defend_R+1","Bash+1","The Bomb+1","Heavy Blade","Flame Barrier+1","True Grit+1","Uppercut+1","Anger","Whirlwind+1","Flex+1","Offering","Double Tap","Thunderclap","Disarm+1","Rupture","Barricade","Flex","Combust","Dramatic Entrance"],"relics":["Burning Blood","Golden Idol","War Paint","Toy Ornithopter","Cursed Key","Turnip","StrikeDummy"],"acts_visited":["Exordium","TheCity"],"potions_floor_usage":[16,16,16],"damage_taken":[{"damage":0,"enemies":"2 Louse","floor":1,"turns":3},{"damage":1,"enemies":"Cultist","floor":2,"turns":3},{"damage":0,"enemies":"Small Slimes","floor":3,"turns":4},{"damage":3,"enemies":"3 Louse","floor":7,"turns":4},{"damage":24,"enemies":"Gremlin Nob","floor":10,"turns":4},{"damage":23,"enemies":"Exordium Thugs","floor":11,"turns":3},{"damage":0,"enemies":"Lots of Slimes","floor":14,"turns":1},{"damage":37,"enemies":"Hexaghost","floor":16,"turns":8},{"damage":6,"enemies":"Chosen","floor":18,"turns":4},{"damage":20,"enemies":"2 Thieves","floor":19,"turns":2},{"damage":17,"enemies":"Chosen and Byrds","floor":20,"turns":3},{"damage":15,"enemies":"Book of Stabbing","floor":23,"turns":5},{"damage":13,"enemies":"3 Cultists","floor":24,"turns":4},{"damage":27,"enemies":"Sentry and Sphere","floor":27,"turns":5},{"damage":12,"enemies":"Snake Plant","floor":30,"turns":2}],"seed_played":"-8408734169668784556","potions_obtained":[{"floor":1,"key":"Explosive Potion"},{"floor":3,"key":"DuplicationPotion"},{"floor":11,"key":"ColorlessPotion"},{"floor":19,"key":"Strength Potion"},{"floor":23,"key":"ColorlessPotion"},{"floor":27,"key":"EntropicBrew"}],"is_trial":false,"path_per_floor":["M","M","M","?","?","R","M","?","T","E","M","?","R","M","R","B",null,"M","M","M","?","$","E","M","$","T","M","$","?","M"],"character_chosen":"IRONCLAD","items_purchased":["Turnip","Combust"],"campfire_rested":0,"item_purchase_floors":[22,25],"current_hp_per_floor":[62,67,73,73,73,73,74,74,74,56,39,24,24,30,30,14,74,74,60,49,49,49,40,33,33,33,12,12,12,0,0],"gold":50,"neow_bonus":"RANDOM_COLORLESS_2","is_daily":false,"chose_seed":false,"campfire_upgraded":3,"win_rate":0.0,"timestamp":1612171078,"path_taken":["M","M","M","?","?","R","M","?","T","E","?","?","R","M","R","BOSS","M","M","M","?","?","E","M","$","T","M","$","?","?"],"items_purchased_type":["Relic","Card"],"build_version":"2020-12-22","purchased_purges":1,"victory":false,"max_hp_per_floor":[80,80,80,80,74,74,74,74,74,74,74,74,74,74,74,74,74,74,74,74,74,74,74,74,74,74,74,74,74,74,74],"card_choices":[{"not_picked":["Master of Strategy","Thinking Ahead"],"picked":"The Bomb","floor":0},{"not_picked":["Twin Strike","Searing Blow"],"picked":"Heavy Blade","floor":1},{"not_picked":["Rupture","Perfected Strike"],"picked":"Flame Barrier","floor":2},{"not_picked":["Sever Soul","Cleave"],"picked":"True Grit","floor":3},{"not_picked":["Havoc","Bloodletting"],"picked":"Uppercut","floor":7},{"not_picked":["Body Slam","Havoc"],"picked":"Whirlwind","floor":10},{"not_picked":["Shrug It Off","Sword Boomerang"],"picked":"Flex","floor":11},{"not_picked":["Rage","Headbutt"],"picked":"Offering","floor":14},{"not_picked":["Exhume","Offering"],"picked":"Double Tap","floor":16},{"not_picked":["Anger+1","Sever Soul"],"picked":"Thunderclap","floor":18},{"not_picked":["Warcry+1","Clash"],"picked":"Disarm+1","floor":19},{"not_picked":["Thunderclap","Clash"],"picked":"Rupture","floor":20},{"not_picked":["Whirlwind","Rampage"],"picked":"Barricade","floor":23},{"not_picked":["Cleave","Body Slam+1"],"picked":"Flex","floor":24},{"not_picked":["Cleave","Anger","Twin Strike"],"picked":"SKIP","floor":27}],"player_experience":8884888,"relics_obtained":[{"floor":9,"key":"War Paint"},{"floor":10,"key":"Toy Ornithopter"},{"floor":23,"key":"StrikeDummy"}],"event_choices":[{"damage_healed":0,"gold_gain":0,"player_choice":"Grow","damage_taken":0,"max_hp_gain":0,"max_hp_loss":0,"event_name":"Living Wall","floor":4,"gold_loss":0,"cards_upgraded":["The Bomb"]},{"damage_healed":0,"gold_gain":0,"player_choice":"Lose Max HP","damage_taken":0,"relics_obtained":["Golden Idol"],"max_hp_gain":0,"max_hp_loss":6,"event_name":"Golden Idol","floor":5,"gold_loss":0},{"damage_healed":0,"gold_gain":0,"cards_transformed":["Strike_R"],"player_choice":"Transformed","damage_taken":0,"max_hp_gain":0,"max_hp_loss":0,"event_name":"Transmorgrifier","floor":8,"gold_loss":0,"cards_obtained":["Anger"]},{"damage_healed":0,"gold_gain":0,"player_choice":"Entered Light","damage_taken":15,"max_hp_gain":0,"max_hp_loss":0,"event_name":"Shining Light","floor":12,"gold_loss":0,"cards_upgraded":["Flame Barrier","Uppercut"]},{"damage_healed":0,"gold_gain":0,"player_choice":"Ignored","damage_taken":0,"max_hp_gain":0,"max_hp_loss":0,"event_name":"NoteForYourself","floor":21,"gold_loss":0},{"damage_healed":0,"gold_gain":0,"player_choice":"1 cards matched","damage_taken":0,"max_hp_gain":0,"max_hp_loss":0,"event_name":"Match and Keep!","floor":29,"gold_loss":0,"cards_obtained":["Dramatic Entrance"]}],"is_beta":false,"boss_relics":[{"not_picked":["Calling Bell","SacredBark"],"picked":"Cursed Key"}],"items_purged_floors":[22],"is_endless":false,"potions_floor_spawned":[1,3,11,19,23,27],"killed_by":"Snake Plant","ascension_level":0}}