{"host":"5t6k5h959q0wkklw","time":1612147399,"event":{"mods":["BaseMod","BetterRewards","Conspire","Downfall","Hubris","Infinite Spire","Marisa????????","Minty Spire (QoL Compilation)","Replay The Spire","StSLib","The Necromancer","The Poker Player","The Servant 0.9.4"],"gold_per_floor":[119,119,119,131,148,148,183,183,206,206,245,277,306,306,306,418,418,450,479,479,504,9,9,59,59,85,111,111,111,111,111,111,212,212,226,250,272,272,272,272,315,315,342,342,101,136,165,185,185,201],"floor_reached":51,"language":"ENG","playtime":3763,"items_purged":["hubris:Greed"],"score":753,"play_id":"5144060a-a720-418e-a50b-047e3b7467b1","local_time":"20210131214319","is_ascension_mode":false,"metric_token":850,"campfire_choices":[{"data":"PokerPlayerMod:HotShotCut","floor":6,"key":"SMITH"},{"floor":8,"key":"REST"},{"data":"PokerPlayerMod:TrumpStrike","floor":15,"key":"SMITH"},{"data":"PokerPlayerMod:DartThrow","floor":23,"key":"SMITH"},{"floor":32,"key":"REST"},{"floor":40,"key":"REST"},{"floor":42,"key":"REST"},{"data":"PokerPlayerMod:ClubStrike","floor":44,"key":"SMITH"},{"floor":49,"key":"REST"}],"circlet_count":0,"master_deck":["PokerPlayerMod:Diamond1","PokerPlayerMod:Diamond2","PokerPlayerMod:Diamond3","PokerPlayerMod:Diamond4","PokerPlayerMod:Diamond5","PokerPlayerMod:Spade1","PokerPlayerMod:Spade2","PokerPlayerMod:Spade3","PokerPlayerMod:Spade4","PokerPlayerMod:Club2","PokerPlayerMod:Club2","PokerPlayerMod:Heart2","PokerPlayerMod:TrumpStrike+1","PokerPlayerMod:BadJoker","PokerPlayerMod:Mulligan","PokerPlayerMod:HotShotCut+1","PokerPlayerMod:SpadeStrike+1","PokerPlayerMod:Spade2","PokerPlayerMod:FlyingCard","PokerPlayerMod:Heart5","PokerPlayerMod:Fold","PokerPlayerMod:DartThrow+1","PokerPlayerMod:Spade1","PokerPlayerMod:Duplicate","PokerPlayerMod:Configure+1","PokerPlayerMod:ClubStrike+1","PokerPlayerMod:ClubsClub","PokerPlayerMod:Diamond1","PokerPlayerMod:RiskyBet","PokerPlayerMod:CardPrinter","PokerPlayerMod:ChangeRules","PokerPlayerMod:Spade5","ReplayTheSpireMod:Book of Names","infinitespire:NeuralNetwork","PokerPlayerMod:WildCard","PokerPlayerMod:Heart3","PokerPlayerMod:Heart4","PokerPlayerMod:ClubsClub+1","PokerPlayerMod:Club5","Enlightenment","PokerPlayerMod:Diamond4","PokerPlayerMod:Sharpen+1","PokerPlayerMod:Club1"],"relics":["PokerPlayerMod:DeckCase","hubris:Icosahedron","Replay:Bandana","MealTicket","hubris:Spice","Enchiridion","Replay:Baseball","ReplayTheSpireMod:CursedCoin","Strawberry","conspire:BottledYoYo","HornCleat","Ring of Searing","Ring of Fangs","Bottled Flame","Philosopher\u0027s Stone","Lantern"],"acts_visited":["Exordium","TheCity","TheBeyond"],"potions_floor_usage":[33,33,33],"damage_taken":[{"damage":0,"enemies":"Jaw Worm","floor":1,"turns":1},{"damage":2,"enemies":"conspire:RoseBush","floor":4,"turns":3},{"damage":0,"enemies":"2 Louse","floor":5,"turns":2},{"damage":25,"enemies":"Gremlin Nob","floor":7,"turns":6},{"damage":3,"enemies":"3 Sentries","floor":11,"turns":3},{"damage":0,"enemies":"Large Slime","floor":12,"turns":3},{"damage":0,"enemies":"3 Louse","floor":13,"turns":1},{"damage":0,"enemies":"Hexaghost","floor":16,"turns":9},{"damage":10,"enemies":"Shell Parasite","floor":18,"turns":3},{"damage":0,"enemies":"Spheric Guardian","floor":19,"turns":1},{"damage":23,"enemies":"Book of Stabbing","floor":24,"turns":5},{"damage":5,"enemies":"Shelled Parasite and Fungi","floor":27,"turns":3},{"damage":58,"enemies":"hubris:MusketHawk","floor":33,"turns":8},{"damage":15,"enemies":"Orb Walker","floor":35,"turns":4},{"damage":25,"enemies":"3 Darklings","floor":36,"turns":4},{"damage":18,"enemies":"Maw","floor":37,"turns":6},{"damage":21,"enemies":"Nemesis","floor":41,"turns":5},{"damage":27,"enemies":"Jaw Worm Horde","floor":46,"turns":3},{"damage":2,"enemies":"Spire Growth","floor":47,"turns":3},{"damage":7,"enemies":"3 Darklings","floor":48,"turns":2},{"damage":61,"enemies":"Time Eater","floor":50,"turns":6}],"seed_played":"5731444859340040424","potions_obtained":[{"floor":1,"key":"Fire Potion"},{"floor":4,"key":"Block Potion"},{"floor":11,"key":"Dexterity Potion"},{"floor":16,"key":"EntropicBrew"}],"is_trial":false,"path_per_floor":["M","?","?","M","M","R","E","R","T","T","E","M","M","?","R","B",null,"M","M","?","T","$","R","E","$","T","M","?","?","?","AVR","R","B",null,"M","M","M","?","?","R","E","R","T","R","$","M","M","M","R","B",null],"character_chosen":"THE_POKER_PLAYER","items_purchased":["ReplayTheSpireMod:CursedCoin","Strawberry","PokerPlayerMod:ClubsClub","PokerPlayerMod:Diamond1","PokerPlayerMod:RiskyBet","PokerPlayerMod:CardPrinter","conspire:BottledYoYo","Lantern","Enlightenment"],"campfire_rested":5,"item_purchase_floors":[22,22,22,22,22,22,22,45,45],"current_hp_per_floor":[52,52,52,52,52,52,31,46,46,54,65,65,65,65,65,68,68,68,68,52,52,74,74,57,72,72,72,72,67,55,55,72,26,72,67,42,41,41,41,61,47,67,67,67,68,47,49,48,68,19],"gold":201,"neow_bonus":"THREE_CARDS","is_daily":false,"chose_seed":false,"campfire_upgraded":4,"win_rate":0.0,"timestamp":1612147399,"path_taken":["M","?","?","M","M","R","E","R","T","?","E","M","M","?","R","BOSS","M","M","?","?","$","R","E","$","T","?","?","?","?","AVR","R","BOSS","M","M","M","?","?","R","E","R","T","R","$","M","M","M","R","BOSS"],"items_purchased_type":["Relic","Relic","Card","Card","Card","Card","Relic","Relic","Card"],"build_version":"2020-12-22","purchased_purges":1,"victory":true,"max_hp_per_floor":[52,52,52,52,52,52,52,52,52,60,68,68,68,68,68,68,68,68,68,68,68,75,75,75,75,75,75,75,67,72,72,72,72,72,72,72,72,72,68,68,68,68,68,68,68,68,68,68,68,68],"card_choices":[{"not_picked":["PokerPlayerMod:ClubsClub","PokerPlayerMod:CardBurn"],"picked":"PokerPlayerMod:HotShotCut","floor":0},{"not_picked":["PokerPlayerMod:DiamondStrike","PokerPlayerMod:Diamond2"],"picked":"PokerPlayerMod:SpadeStrike","floor":1},{"not_picked":["PokerPlayerMod:SpadeStrike","PokerPlayerMod:Heart2"],"picked":"PokerPlayerMod:Spade2","floor":4},{"not_picked":["PokerPlayerMod:Club8","PokerPlayerMod:Raise"],"picked":"PokerPlayerMod:FlyingCard","floor":5},{"not_picked":["PokerPlayerMod:SpadeStrike","PokerPlayerMod:DiamondStrike"],"picked":"PokerPlayerMod:Heart5","floor":7},{"not_picked":["PokerPlayerMod:ClubDance","PokerPlayerMod:Diamond3"],"picked":"PokerPlayerMod:Fold","floor":11},{"not_picked":["PokerPlayerMod:Heart1","PokerPlayerMod:Spade4"],"picked":"PokerPlayerMod:DartThrow","floor":12},{"not_picked":["PokerPlayerMod:Diamond3","PokerPlayerMod:Club7"],"picked":"PokerPlayerMod:Spade1","floor":13},{"not_picked":["PokerPlayerMod:Club9","PokerPlayerMod:Diamond9"],"picked":"PokerPlayerMod:Duplicate","floor":16},{"not_picked":["hubris:SpiceAddiction","PokerPlayerMod:DartThrow"],"picked":"PokerPlayerMod:Configure+1","floor":18},{"not_picked":["PokerPlayerMod:Diamond1","PokerPlayerMod:Diamond6"],"picked":"PokerPlayerMod:ClubStrike","floor":19},{"not_picked":["PokerPlayerMod:Diamond1","PokerPlayerMod:ClubsClub"],"picked":"PokerPlayerMod:ChangeRules","floor":24},{"not_picked":["PokerPlayerMod:DartThrow","PokerPlayerMod:Club1"],"picked":"PokerPlayerMod:Spade5","floor":27},{"not_picked":["PokerPlayerMod:Diamond7","PokerPlayerMod:Duplicate"],"picked":"PokerPlayerMod:WildCard","floor":33},{"not_picked":["PokerPlayerMod:Raise+1","PokerPlayerMod:HiddenCard"],"picked":"PokerPlayerMod:Heart3","floor":35},{"not_picked":["hubris:SpiceAddiction","PokerPlayerMod:Trickery+1"],"picked":"PokerPlayerMod:Heart4","floor":36},{"not_picked":["PokerPlayerMod:Diamond2","PokerPlayerMod:Diamond4"],"picked":"PokerPlayerMod:ClubsClub+1","floor":37},{"not_picked":["PokerPlayerMod:Raise","PokerPlayerMod:CardPrinter+1"],"picked":"PokerPlayerMod:Club5","floor":41},{"not_picked":["PokerPlayerMod:Club4","PokerPlayerMod:ClubsClub"],"picked":"PokerPlayerMod:Diamond4","floor":46},{"not_picked":["PokerPlayerMod:Club4","PokerPlayerMod:Manipulation+1"],"picked":"PokerPlayerMod:Sharpen+1","floor":47},{"not_picked":["PokerPlayerMod:MagicTrick+1","PokerPlayerMod:Diamond2"],"picked":"PokerPlayerMod:Club1","floor":48}],"player_experience":133601,"relics_obtained":[{"floor":7,"key":"Replay:Bandana"},{"floor":9,"key":"MealTicket"},{"floor":10,"key":"hubris:Spice"},{"floor":11,"key":"hubris:Spice"},{"floor":20,"key":"Enchiridion"},{"floor":21,"key":"Replay:Baseball"},{"floor":24,"key":"HornCleat"},{"floor":28,"key":"Ring of Searing"},{"floor":28,"key":"Ring of Fangs"}],"event_choices":[{"damage_healed":0,"gold_gain":0,"player_choice":"Obtained Book","damage_taken":16,"max_hp_gain":0,"max_hp_loss":0,"event_name":"Cursed Tome","floor":20,"gold_loss":0},{"damage_healed":0,"gold_gain":0,"player_choice":"Shed Blood","damage_taken":17,"max_hp_gain":5,"max_hp_loss":0,"event_name":"Forgotten Altar","floor":30,"gold_loss":0},{"damage_healed":0,"gold_gain":0,"player_choice":"Max HP","damage_taken":0,"max_hp_gain":0,"max_hp_loss":4,"event_name":"Winding Halls","floor":39,"gold_loss":0}],"is_beta":false,"boss_relics":[{"not_picked":["hubris:Spice","Ectoplasm","hubris:Spice"]},{"not_picked":["hubris:Spice","conspire:RunicOctahedron"],"picked":"Philosopher\u0027s Stone"}],"items_purged_floors":[22],"is_endless":false,"potions_floor_spawned":[1,4,11,16,35,37,47],"ascension_level":0}}