{"host":"ormi09wwzv7sq47a","time":1612221559,"event":{"mods":["2.2 Compatiblity","AchievementEnabler","Act Like it!","BaseMod","Bestiary","Better Altar","Better Note","Better Sensory Stone","Better Silent Start","Better Skull","Better Third Choice","Better Vampires","BetterRewards","Block Reminder","Card Forge","Colored Map","Colored Powertips","Curses Come First","DeckTracker","Downfall","Highlight Path","Minty Spire (QoL Compilation)","Permanent Neow","Quick Restart","Rare Cards Sparkle","Relic Stats","Shop Mod","StSLib","The Jungle"],"gold_per_floor":[39,59,72,91,91,91,111,111,111,111,111,136,153,12,12,88,88,106,19,19,19,34,59,59,59,84,117,117,150,150,150,150,224,224,238,258,258,13,32,32,32,32,32],"floor_reached":41,"language":"ENG","playtime":1977,"items_purged":["Guardian:Strike_Guardian","Guardian:Strike_Guardian"],"score":1174,"play_id":"4b459b91-c04a-4e24-a6dc-fc55d3549f58","local_time":"20210201211919","is_ascension_mode":true,"campfire_choices":[{"data":"Guardian:MultiBeam","floor":6.0,"key":"SMITH"},{"data":"Guardian:TwinSlam","floor":8.0,"key":"SMITH"},{"data":"Panache","floor":11.0,"key":"SMITH"},{"data":"Guardian:CurlUp","floor":15.0,"key":"SMITH"},{"floor":25.0,"key":"REST"},{"data":"Guardian:PrismaticBeam","floor":28.0,"key":"SMITH"},{"floor":30.0,"key":"REST"},{"data":"Guardian:CrystalBeam","floor":32.0,"key":"SMITH"},{"data":"Guardian:ArmoredProtocol","floor":40,"key":"SMITH"}],"circlet_count":0,"master_deck":["AscendersBane","Guardian:Strike_Guardian","Guardian:Defend_Guardian","Guardian:Defend_Guardian","Guardian:Defend_Guardian","Guardian:Defend_Guardian","Guardian:CurlUp+1","Guardian:TwinSlam+1","Panache+1","Guardian:MultiBeam+1","Guardian:Reroute","Guardian:Recover","Guardian:ArmoredProtocol+1","Guardian:PrismaticBeam+1","Guardian:FloatingOrbs+1","Guardian:RevengeProtocol+1","Guardian:SpikerProtocol+1","Guardian:FloatingOrbs+1","Guardian:CrystalBeam+1","Guardian:EvasiveProtocol+1","Decay","Guardian:ShieldSpikes","Guardian:RevengeProtocol+1","Writhe","Guardian:SpikerProtocol+1","Guardian:DonusPower+1"],"relics":["Guardian:ModeShifter","Hammer of Thor","Seething Fire","Anvil of the Gods","Lizard Tail","Lee\u0027s Waffle","Frozen Egg 2","Odd Mushroom","Philosopher\u0027s Stone","Boot","Akabeko","Nloth\u0027s Gift","SacredBark","ClockworkSouvenir"],"acts_visited":["Exordium","TheCity","TheBeyond"],"potions_floor_usage":[39,41],"damage_taken":[{"damage":6.0,"enemies":"Cultist","floor":1.0,"turns":5.0},{"damage":12.0,"enemies":"Small Slimes","floor":2.0,"turns":2.0},{"damage":0.0,"enemies":"2 Louse","floor":3.0,"turns":1.0},{"damage":5.0,"enemies":"Blue Slaver","floor":4.0,"turns":4.0},{"damage":2.0,"enemies":"2 Fungi Beasts","floor":7.0,"turns":4.0},{"damage":7.0,"enemies":"The Mushroom Lair","floor":12.0,"turns":3.0},{"damage":6.0,"enemies":"Large Slime","floor":13.0,"turns":4.0},{"damage":10.0,"enemies":"Hexaghost","floor":16.0,"turns":9.0},{"damage":6.0,"enemies":"Shell Parasite","floor":18.0,"turns":5.0},{"damage":5.0,"enemies":"Chosen","floor":22.0,"turns":3.0},{"damage":28.0,"enemies":"Gremlin Leader","floor":23.0,"turns":5.0},{"damage":20.0,"enemies":"Book of Stabbing","floor":27.0,"turns":5.0},{"damage":25.0,"enemies":"Gremlin Leader","floor":29.0,"turns":4.0},{"damage":30.0,"enemies":"Collector","floor":33.0,"turns":8.0},{"damage":9.0,"enemies":"3 Shapes","floor":35.0,"turns":6.0},{"damage":0,"enemies":"Orb Walker","floor":36,"turns":4},{"damage":9,"enemies":"Spire Growth","floor":39,"turns":5},{"damage":73,"enemies":"Giant Head","floor":41,"turns":8}],"seed_played":"-8032888516252919857","potions_obtained":[{"floor":1.0,"key":"hexamod:SoulburnPotion"},{"floor":7.0,"key":"Block Potion"},{"floor":13.0,"key":"Block Potion"},{"floor":22.0,"key":"GamblersBrew"},{"floor":33.0,"key":"bronze:BurnAndBuffPotion"},{"floor":35,"key":"Block Potion"}],"is_trial":false,"path_per_floor":["M","M","M","M","?","R","M","R","T","?","R","?","M","$","R","B",null,"M","$","?","?","M","E","?","R","T","E","R","E","R","?","R","B",null,"M","M","?","$","M","R","E"],"character_chosen":"GUARDIAN","items_purchased":["Lee\u0027s Waffle","Panache","Guardian:Gem_Yellow","Guardian:FloatingOrbs+1","Guardian:FloatingOrbs+1","Guardian:Gem_Red","ClockworkSouvenir","Guardian:SpikerProtocol+1"],"campfire_rested":2,"item_purchase_floors":[0,0,0,14,19,19,38,38],"current_hp_per_floor":[73,61,61,56,56,56,54,54,54,54,54,47,41,41,41,31,67,61,61,61,61,56,28,28,51,51,31,31,6,29,29,29,39,69,60,60,76,76,67,67,0,0,0],"gold":32,"neow_bonus":"","is_daily":false,"chose_seed":false,"campfire_upgraded":7,"win_rate":0.0,"timestamp":1612221559,"path_taken":["M","?","M","M","?","R","M","R","T","?","R","?","M","$","R","BOSS","M","$","?","?","M","E","?","R","T","E","R","E","R","?","R","BOSS","M","M","?","$","M","R","E"],"items_purchased_type":["Relic","Card","Card","Card","Card","Card","Relic","Card"],"build_version":"2020-12-22","purchased_purges":2,"victory":false,"max_hp_per_floor":[79,79,79,79,79,79,79,79,79,79,79,79,79,79,79,79,79,79,79,79,79,79,79,79,79,79,79,79,79,79,79,79,79,79,79,79,79,79,79,79,79,79,79],"relic_stats":{"Lizard Tail":39,"Lee\u0027s Waffle":21,"counters":[267,1244],"Nloth\u0027s Gift":0,"Boot":[111],"obtain_stats":[{"Ginger":54,"Whetstone":54,"Bottled Tornado":44,"Boot":9,"Guardian:PickAxe":3,"Blood Vial":43,"Sundial":42,"MealTicket":41,"Kunai":23,"MerchantsRug":53,"Blue Candle":40,"Eternal Feather":26,"Pen Nib":54,"Guardian:PocketSentry":8,"Akabeko":44,"Bird Faced Urn":0,"Pandora\u0027s Box":17,"StrikeDummy":48,"Unceasing Top":43,"Lantern":31,"Torii":0,"sneckomod:BlankCard":48,"Guardian:StasisCodex":9,"Bag of Preparation":20,"Ancient Tea Set":9,"Smiling Mask":24,"Matryoshka":20,"WingedGreaves":7,"Potion Belt":7,"Lee\u0027s Waffle":0,"Guardian:GemstoneGun":0,"bronze:DecasWashers":43,"Thread and Needle":0,"PreservedInsect":43,"The Courier":40,"champ:DeflectingBracers":0,"Omamori":7,"Seething Fire":0,"Frozen Egg 2":9,"MawBank":45,"bronze:BronzeIdol":11,"Ornamental Fan":7,"Art of War":40,"Bottled Lightning":20,"hexamod:BolsterEngine":30,"Ice Cream":37,"champ:DuelingGlove":29,"Gremlin Horn":0,"Nilry\u0027s Codex":19,"Hammer of Thor":0,"Sozu":17,"Lizard Tail":46,"Strawberry":26,"Philosopher\u0027s Stone":17,"Toxic Egg 2":6,"Guardian:BottledStasis":41,"Happy Flower":54,"Astrolabe":17,"Guardian:ModeShifter":0,"Oddly Smooth Stone":42,"War Paint":0,"sneckomod:SneckoTalon":34,"Du-Vu Doll":46,"OrangePellets":45,"Bottled Flame":54,"Anvil of the Gods":0,"Shuriken":12,"Bronze Scales":23,"Molten Egg 2":7,"Black Star":17,"Nloth\u0027s Gift":19,"Meat on the Bone":29,"Pocketwatch":39,"Darkstone Periapt":25,"Guardian:ModeShifterPlus":34,"SacredBark":34,"Mango":0,"Incense Burner":36,"Juzu Bracelet":29,"ClockworkSouvenir":0,"Dream Catcher":27,"Nunchaku":55,"Mummified Hand":37,"Gambling Chip":0,"Tiny Chest":26,"Red Mask":47,"bronze:DonusWashers":0,"hexamod:Sixitude":27,"Orichalcum":44,"Odd Mushroom":10,"White Beast Statue":14,"Peace Pipe":0,"Guardian:StasisUpgradeRelic":0,"CaptainsWheel":44,"Anchor":46,"Coffee Dripper":34,"Membership Card":20,"FossilizedHelix":0,"TungstenRod":30},{"Ginger":60,"Whetstone":87,"Bottled Tornado":21,"Boot":92,"Guardian:PickAxe":2,"Blood Vial":54,"Sundial":216,"MealTicket":54,"Kunai":12,"MerchantsRug":86,"Blue Candle":187,"Eternal Feather":48,"Pen Nib":60,"Guardian:PocketSentry":3,"Akabeko":55,"Bird Faced Urn":0,"Pandora\u0027s Box":124,"StrikeDummy":23,"Unceasing Top":111,"Lantern":16,"Torii":224,"sneckomod:BlankCard":220,"Guardian:StasisCodex":3,"Bag of Preparation":46,"Ancient Tea Set":39,"Smiling Mask":48,"Matryoshka":46,"WingedGreaves":30,"Potion Belt":92,"Lee\u0027s Waffle":249,"Guardian:GemstoneGun":194,"bronze:DecasWashers":216,"Thread and Needle":61,"PreservedInsect":21,"The Courier":110,"champ:DeflectingBracers":194,"Omamori":39,"Seething Fire":0,"Frozen Egg 2":254,"MawBank":137,"bronze:BronzeIdol":200,"Ornamental Fan":120,"Art of War":54,"Bottled Lightning":99,"hexamod:BolsterEngine":181,"Ice Cream":108,"champ:DuelingGlove":209,"Gremlin Horn":194,"Nilry\u0027s Codex":203,"Hammer of Thor":0,"Sozu":149,"Lizard Tail":57,"Strawberry":129,"Philosopher\u0027s Stone":7,"Toxic Egg 2":171,"Guardian:BottledStasis":20,"Happy Flower":167,"Astrolabe":69,"Guardian:ModeShifter":0,"Oddly Smooth Stone":21,"War Paint":26,"sneckomod:SneckoTalon":241,"Du-Vu Doll":57,"OrangePellets":188,"Bottled Flame":25,"Anvil of the Gods":0,"Shuriken":94,"Bronze Scales":101,"Molten Egg 2":228,"Black Star":44,"Nloth\u0027s Gift":125,"Meat on the Bone":104,"Pocketwatch":186,"Darkstone Periapt":102,"Guardian:ModeShifterPlus":17,"SacredBark":263,"Mango":26,"Incense Burner":19,"Juzu Bracelet":49,"ClockworkSouvenir":61,"Dream Catcher":103,"Nunchaku":223,"Mummified Hand":134,"Gambling Chip":224,"Tiny Chest":206,"Red Mask":22,"bronze:DonusWashers":224,"hexamod:Sixitude":261,"Orichalcum":112,"Odd Mushroom":147,"White Beast Statue":68,"Peace Pipe":88,"Guardian:StasisUpgradeRelic":34,"CaptainsWheel":55,"Anchor":114,"Coffee Dripper":78,"Membership Card":71,"FossilizedHelix":88,"TungstenRod":131},{"Ginger":315,"Whetstone":428,"Bottled Tornado":118,"Boot":452,"Guardian:PickAxe":6,"Blood Vial":291,"Sundial":988,"MealTicket":291,"Kunai":60,"MerchantsRug":424,"Blue Candle":852,"Eternal Feather":265,"Pen Nib":315,"Guardian:PocketSentry":9,"Akabeko":294,"Bird Faced Urn":0,"Pandora\u0027s Box":588,"StrikeDummy":135,"Unceasing Top":544,"Lantern":84,"Torii":1030,"sneckomod:BlankCard":1003,"Guardian:StasisCodex":9,"Bag of Preparation":258,"Ancient Tea Set":232,"Smiling Mask":265,"Matryoshka":258,"WingedGreaves":172,"Potion Belt":452,"Lee\u0027s Waffle":1159,"Guardian:GemstoneGun":896,"bronze:DecasWashers":988,"Thread and Needle":323,"PreservedInsect":118,"The Courier":540,"champ:DeflectingBracers":896,"Omamori":232,"Seething Fire":0,"Frozen Egg 2":1175,"MawBank":646,"bronze:BronzeIdol":923,"Ornamental Fan":575,"Art of War":291,"Bottled Lightning":488,"hexamod:BolsterEngine":822,"Ice Cream":532,"champ:DuelingGlove":953,"Gremlin Horn":896,"Nilry\u0027s Codex":934,"Hammer of Thor":0,"Sozu":700,"Lizard Tail":303,"Strawberry":609,"Philosopher\u0027s Stone":33,"Toxic Egg 2":784,"Guardian:BottledStasis":111,"Happy Flower":769,"Astrolabe":360,"Guardian:ModeShifter":0,"Oddly Smooth Stone":118,"War Paint":157,"sneckomod:SneckoTalon":1110,"Du-Vu Doll":303,"OrangePellets":858,"Bottled Flame":152,"Anvil of the Gods":0,"Shuriken":464,"Bronze Scales":497,"Molten Egg 2":1046,"Black Star":252,"Nloth\u0027s Gift":593,"Meat on the Bone":511,"Pocketwatch":845,"Darkstone Periapt":502,"Guardian:ModeShifterPlus":96,"SacredBark":1221,"Mango":157,"Incense Burner":108,"Juzu Bracelet":269,"ClockworkSouvenir":323,"Dream Catcher":506,"Nunchaku":1021,"Mummified Hand":634,"Gambling Chip":1030,"Tiny Chest":943,"Red Mask":126,"bronze:DonusWashers":1030,"hexamod:Sixitude":1209,"Orichalcum":549,"Odd Mushroom":693,"White Beast Statue":347,"Peace Pipe":437,"Guardian:StasisUpgradeRelic":201,"CaptainsWheel":294,"Anchor":555,"Coffee Dripper":393,"Membership Card":368,"FossilizedHelix":437,"TungstenRod":618}]},"card_choices":[{"not_picked":["Guardian:Gem_Blue","Guardian:Planning"],"picked":"Guardian:MultiBeam","floor":1.0},{"not_picked":["Guardian:Suspension","Guardian:SpikerProtocol"],"picked":"Guardian:Gem_Cyan","floor":2.0},{"not_picked":["Guardian:Gem_Cyan","Guardian:WalkerClaw"],"picked":"Guardian:Reroute","floor":3.0},{"not_picked":["Guardian:Reroute","Guardian:Gem_Green"],"picked":"Guardian:Recover","floor":4.0},{"not_picked":["Guardian:Gem_Red","Guardian:PiercingHide"],"picked":"Guardian:ArmoredProtocol","floor":7.0},{"not_picked":["Guardian:RollAttack","Guardian:Gem_Green"],"picked":"Guardian:Gem_Cyan","floor":12.0},{"not_picked":["Guardian:Gem_Red","Guardian:HyperBeam_Guardian"],"picked":"Guardian:PrismaticBeam","floor":13.0},{"not_picked":["Guardian:StasisEngine+1","Guardian:StasisStrike"],"picked":"Guardian:RevengeProtocol+1","floor":16.0},{"not_picked":["Guardian:PiercingHide","Guardian:TemporalStrike"],"picked":"Guardian:SpikerProtocol+1","floor":18.0},{"not_picked":["Guardian:ChargeUp+1","Guardian:TemporalShield"],"picked":"Guardian:CrystalBeam","floor":22.0},{"not_picked":["Guardian:Suspension","Guardian:Gem_Lightblue"],"picked":"Guardian:EvasiveProtocol+1","floor":23.0},{"not_picked":["Guardian:RollAttack","Guardian:PrimingBeam"],"picked":"Guardian:Gem_Yellow","floor":27.0},{"not_picked":["Guardian:VentSteam","Guardian:Clone"],"picked":"Guardian:ShieldSpikes","floor":29.0},{"not_picked":["Guardian:FierceBash","Guardian:TimeSifter+1"],"picked":"Guardian:RevengeProtocol+1","floor":33.0},{"not_picked":["Guardian:Harden","Guardian:VentSteam","Guardian:TemporalShield"],"picked":"SKIP","floor":35},{"not_picked":["Guardian:Reroute+1","Guardian:BodySlam","Guardian:TimeBomb+1"],"picked":"SKIP","floor":36},{"not_picked":["Guardian:SpikerProtocol+1","Guardian:Gem_Yellow"],"picked":"Guardian:DonusPower+1","floor":39}],"player_experience":999719,"relics_obtained":[{"floor":9.0,"key":"Frozen Egg 2"},{"floor":12.0,"key":"Odd Mushroom"},{"floor":23.0,"key":"Boot"},{"floor":27.0,"key":"hexamod:Sixitude"},{"floor":29.0,"key":"Akabeko"}],"event_choices":[{"damage_healed":0.0,"max_hp_gain":0.0,"max_hp_loss":0.0,"gold_gain":0.0,"event_name":"betterThird:BetterSerpent","player_choice":"Ignored","floor":10.0,"gold_loss":0.0,"damage_taken":111.0},{"damage_healed":0.0,"max_hp_gain":0.0,"max_hp_loss":0.0,"gold_gain":0.0,"event_name":"Mushrooms","player_choice":"Fought Mushrooms","floor":12.0,"gold_loss":0.0,"damage_taken":0.0},{"damage_healed":0.0,"max_hp_gain":0.0,"max_hp_loss":0.0,"gold_gain":0.0,"event_name":"Ghosts","player_choice":"Ignored","floor":20.0,"gold_loss":0.0,"damage_taken":0.0},{"damage_healed":0.0,"max_hp_gain":0.0,"max_hp_loss":0.0,"gold_gain":0.0,"event_name":"The Mausoleum","player_choice":"Ignored","floor":21.0,"gold_loss":0.0,"damage_taken":0.0},{"damage_healed":0.0,"max_hp_gain":0.0,"max_hp_loss":0.0,"gold_gain":0.0,"event_name":"betterAltar:BetterAltar","player_choice":" Defy","floor":24.0,"gold_loss":0.0,"damage_taken":0.0,"cards_obtained":["Decay"]},{"damage_healed":0.0,"max_hp_gain":0.0,"max_hp_loss":0.0,"gold_gain":0.0,"event_name":"N\u0027loth","player_choice":"Traded Relic","floor":31.0,"relics_lost":["hexamod:Sixitude"],"gold_loss":0.0,"damage_taken":0.0,"relics_obtained":["Nloth\u0027s Gift"]},{"damage_healed":16,"gold_gain":0,"player_choice":"Writhe","damage_taken":0,"max_hp_gain":0,"max_hp_loss":0,"event_name":"Winding Halls","floor":37,"gold_loss":0,"cards_obtained":["Writhe"]}],"is_beta":false,"boss_relics":[{"not_picked":["SlaversCollar","Astrolabe"],"picked":"Philosopher\u0027s Stone"},{"not_picked":["Tiny House","Runic Dome"],"picked":"SacredBark"}],"items_purged_floors":[0,14],"is_endless":false,"potions_floor_spawned":[1,7,13,22,33,35,36],"killed_by":"Giant Head","ascension_level":20}}