{"host":"8d3fefv2347kqkpz","time":1612199789,"event":{"mods":["AchievementEnabler","Act Like it!","Aspiration","BaseMod","Better Vampires","Colored Map","Colored Powertips","Conspire","GifTheSpireLib","Highlight Path","Hubris","Mimic Mod","Minty Spire (QoL Compilation)","Quick Restart","Rare Cards Sparkle","Relic Stats","Replay The Spire","Spicy Shops","StSLib","The Jungle","Waifu the Spire"],"gold_per_floor":[115,115,115,115,140,140,159,159,203,216,241,256,206,229,229,360,360,379,379,398,4,28,28,42,42,96,109,123,123,4,4,4,128,128,153,153,38,38,56,56,72,172,172,172,172],"floor_reached":44,"language":"ZHS","playtime":2393,"items_purged":[],"score":452,"play_id":"fb134cf7-8d58-43ac-ac8a-c7855f7833d8","local_time":"20210202011629","is_ascension_mode":false,"campfire_choices":[{"data":"Prostrate","floor":6.0,"key":"SMITH"},{"floor":15.0,"key":"REST"},{"data":"Establishment","floor":23.0,"key":"SMITH"},{"floor":29.0,"key":"REST"},{"floor":32.0,"key":"REST"},{"floor":40.0,"key":"REST"}],"circlet_count":0,"master_deck":["Strike_P","Strike_P","Strike_P","Defend_P","Defend_P","Defend_P","Defend_P","Eruption","Vigilance","Protect","Prostrate+1","Worship","FlyingSleeves+1","Pray","CrushJoints+1","Establishment+1","ClearTheMind","FlyingSleeves+1","FlyingSleeves+1","MasterReality+1","hubris:EnhanceAbility","BattleHymn","Brilliance+1","Ragnarok+1","Prostrate+1","ReplayUltimateDefense","Mayhem","Good Instincts","Omniscience","SandsOfTime+1","ClearTheMind","Protect","Prostrate","DeceiveReality+1","FlyingSleeves+1"],"relics":["PureWater","NeowsBlessing","hubris:Towel","Golden Idol","Molten Egg 2","Blue Doll","aspiration:Lifesprig","hubris:GrandSneckoEye","aspiration:ChemicalBlood","ReplayTheSpireMod:ShopPack","Philosopher\u0027s Stone","hubris:MysteriousPyramids"],"acts_visited":["Exordium","TheCity","TheBeyond"],"potions_floor_usage":[],"damage_taken":[{"damage":0.0,"enemies":"Cultist","floor":1.0,"turns":1.0},{"damage":0.0,"enemies":"Jaw Worm","floor":5.0,"turns":1.0},{"damage":0.0,"enemies":"2 Louse","floor":7.0,"turns":1.0},{"damage":0.0,"enemies":"Large Slime","floor":9.0,"turns":7.0},{"damage":15.0,"enemies":"Large Slime","floor":10.0,"turns":8.0},{"damage":8.0,"enemies":"Exordium Wildlife","floor":11.0,"turns":7.0},{"damage":7.0,"enemies":"2 Fungi Beasts","floor":12.0,"turns":8.0},{"damage":8.0,"enemies":"3 Louse","floor":14.0,"turns":4.0},{"damage":24.0,"enemies":"The Guardian","floor":16.0,"turns":12.0},{"damage":14.0,"enemies":"2 Thieves","floor":18.0,"turns":3.0},{"damage":0.0,"enemies":"Chosen","floor":20.0,"turns":6.0},{"damage":6.0,"enemies":"Snecko","floor":22.0,"turns":4.0},{"damage":28.0,"enemies":"Shelled Parasite and Fungi","floor":24.0,"turns":5.0},{"damage":7.0,"enemies":"Cultist and Chosen","floor":27.0,"turns":7.0},{"damage":23.0,"enemies":"Snake Plant","floor":28.0,"turns":4.0},{"damage":28.0,"enemies":"conspire:MysteriousRune","floor":33.0,"turns":8.0},{"damage":7.0,"enemies":"Orb Walker","floor":35.0,"turns":2.0},{"damage":29.0,"enemies":"3 Darklings","floor":39.0,"turns":5.0},{"damage":8,"enemies":"Maw","floor":41,"turns":7},{"damage":40,"enemies":"Reptomancer","floor":44,"turns":3}],"seed_played":"1571419890729518098","potions_obtained":[{"floor":5.0,"key":"Ancient Potion"},{"floor":7.0,"key":"ColorlessPotion"},{"floor":11.0,"key":"Strength Potion"},{"floor":24.0,"key":"DistilledChaos"},{"floor":27.0,"key":"DuplicationPotion"},{"floor":28.0,"key":"PowerPotion"},{"floor":44,"key":"PowerPotion"}],"is_trial":false,"path_per_floor":["M","T","?","?","M","R","M","?","MIM","M","M","M","?","M","R","B",null,"M","?","M","$","M","R","M","?","T","M","M","R","$","?","R","B",null,"M","?","$","?","M","R","M","?","T","E"],"character_chosen":"WATCHER","items_purchased":["MasterReality+1","hubris:EnhanceAbility","ReplayTheSpireMod:ShopPack","ClearTheMind","Protect"],"campfire_rested":4,"item_purchase_floors":[21,21,30,37,37],"current_hp_per_floor":[72,72,72,54,54,54,54,54,54,39,31,24,24,16,37,13,72,58,58,58,58,52,52,24,48,48,41,18,39,39,39,60,32,72,65,65,65,65,36,57,49,49,49,9,9],"gold":172,"neow_bonus":"THREE_ENEMY_KILL","is_daily":false,"chose_seed":false,"campfire_upgraded":2,"win_rate":0.0,"timestamp":1612199789,"path_taken":["M","?","?","?","M","R","M","?","MIM","M","M","M","?","M","R","BOSS","M","?","M","$","M","R","?","?","T","M","M","R","$","?","R","BOSS","M","?","$","?","M","R","M","?","T","E"],"items_purchased_type":["Card","Card","Relic","Card","Card"],"build_version":"2020-12-22","purchased_purges":0,"victory":false,"max_hp_per_floor":[72,72,72,72,72,72,72,72,72,72,72,72,72,72,72,72,72,72,72,72,72,72,72,72,72,72,72,72,72,72,72,72,72,72,72,72,72,72,72,72,72,72,72,72,72],"relic_stats":{"counters":[20,103],"Golden Idol":119,"obtain_stats":[{"aspiration:Lifesprig":9,"NeowsBlessing":0,"Golden Idol":4,"Molten Egg 2":8,"Blue Doll":9,"Philosopher\u0027s Stone":34,"hubris:GrandSneckoEye":17,"PureWater":0,"hubris:Towel":3,"hubris:MysteriousPyramids":43,"aspiration:ChemicalBlood":26,"ReplayTheSpireMod:ShopPack":30},{"aspiration:Lifesprig":4,"NeowsBlessing":0,"Golden Idol":1,"Molten Egg 2":3,"Blue Doll":4,"Philosopher\u0027s Stone":16,"hubris:GrandSneckoEye":9,"PureWater":0,"hubris:Towel":1,"hubris:MysteriousPyramids":19,"aspiration:ChemicalBlood":13,"ReplayTheSpireMod:ShopPack":15},{"aspiration:Lifesprig":10,"NeowsBlessing":0,"Golden Idol":1,"Molten Egg 2":3,"Blue Doll":10,"Philosopher\u0027s Stone":86,"hubris:GrandSneckoEye":49,"PureWater":0,"hubris:Towel":1,"hubris:MysteriousPyramids":100,"aspiration:ChemicalBlood":67,"ReplayTheSpireMod:ShopPack":78}]},"card_choices":[{"not_picked":["EmptyFist","Consecrate"],"picked":"Protect","floor":1.0},{"not_picked":["ClearTheMind","Fasting2"],"picked":"Prostrate","floor":5.0},{"not_picked":["SashWhip","ClearTheMind"],"picked":"Worship","floor":7.0},{"not_picked":["TalkToTheHand+1","WreathOfFlame"],"picked":"FlyingSleeves+1","floor":10.0},{"not_picked":["WaveOfTheHand","Meditate"],"picked":"Pray","floor":11.0},{"not_picked":["JustLucky+1","Replay:ManipulateFuture","ClearTheMind"],"picked":"SKIP","floor":12.0},{"not_picked":["JustLucky+1","Replay:ManipulateFuture","ClearTheMind"],"picked":"SKIP","floor":12.0},{"not_picked":["DeusExMachina","Wallop+1"],"picked":"CrushJoints+1","floor":14.0},{"not_picked":["Replay:AllIn","DevaForm"],"picked":"Establishment","floor":16.0},{"not_picked":["SashWhip+1","CrushJoints+1"],"picked":"ClearTheMind","floor":18.0},{"not_picked":["Evaluate","SashWhip+1"],"picked":"FlyingSleeves+1","floor":20.0},{"not_picked":["Replay:BluntJabs+1","ClearTheMind"],"picked":"BattleHymn","floor":22.0},{"not_picked":["PathToVictory","Tantrum+1"],"picked":"Brilliance+1","floor":24.0},{"not_picked":["EmptyBody","ClearTheMind"],"picked":"Ragnarok+1","floor":27.0},{"not_picked":["Consecrate+1","Replay:BluntJabs+1"],"picked":"Prostrate+1","floor":28.0},{"not_picked":["Master of Strategy","Secret Technique"],"picked":"ReplayUltimateDefense","floor":30.0},{"not_picked":["Blind","Replay:Parry"],"picked":"Mayhem","floor":30.0},{"not_picked":["hubris:Insight","Replay:Sssssssssshield"],"picked":"Good Instincts","floor":30.0},{"not_picked":["Replay:AllIn","ConjureBlade"],"picked":"Omniscience","floor":33.0},{"not_picked":["ClearTheMind","SignatureMove+1"],"picked":"SandsOfTime+1","floor":35.0},{"not_picked":["Vengeance+1","Tantrum+1"],"picked":"DeceiveReality+1","floor":39.0},{"not_picked":["ReachHeaven+1","Replay:AtTheReady"],"picked":"FlyingSleeves+1","floor":41}],"player_experience":237962,"relics_obtained":[{"floor":9.0,"key":"Blue Doll"},{"floor":9.0,"key":"aspiration:Lifesprig"},{"floor":26.0,"key":"aspiration:ChemicalBlood"},{"floor":43,"key":"hubris:MysteriousPyramids"}],"event_choices":[{"damage_healed":0.0,"max_hp_gain":0.0,"max_hp_loss":0.0,"gold_gain":0.0,"event_name":"Golden Idol","player_choice":"Take Damage","floor":4.0,"gold_loss":0.0,"damage_taken":18.0,"relics_obtained":["Golden Idol"]},{"cards_removed":["Injury"],"damage_healed":0.0,"max_hp_gain":0.0,"max_hp_loss":0.0,"gold_gain":0.0,"event_name":"The Cleric","player_choice":"Card Removal","floor":13.0,"gold_loss":50.0,"damage_taken":0.0},{"damage_healed":0.0,"max_hp_gain":0.0,"max_hp_loss":0.0,"gold_gain":0.0,"event_name":"Duplicator","player_choice":"Copied","floor":19.0,"gold_loss":0.0,"damage_taken":0.0,"cards_obtained":["FlyingSleeves"]},{"damage_healed":24.0,"max_hp_gain":0.0,"max_hp_loss":0.0,"gold_gain":0.0,"event_name":"The Library","player_choice":"Heal","floor":25.0,"gold_loss":0.0,"damage_taken":0.0},{"cards_removed":["Strike_P"],"damage_healed":0.0,"max_hp_gain":0.0,"max_hp_loss":0.0,"gold_gain":0.0,"event_name":"Back to Basics","player_choice":"Elegance","floor":31.0,"gold_loss":0.0,"damage_taken":0.0},{"damage_healed":0,"gold_gain":100,"player_choice":"Pray","damage_taken":0,"max_hp_gain":0,"max_hp_loss":0,"event_name":"Golden Shrine","floor":42,"gold_loss":0}],"is_beta":false,"boss_relics":[{"not_picked":["Calling Bell","aspiration:FutureDiary"],"picked":"hubris:GrandSneckoEye"},{"not_picked":["Ring of Chaos","Abe\u0027s Treasure"],"picked":"Philosopher\u0027s Stone"}],"items_purged_floors":[],"is_endless":false,"potions_floor_spawned":[5,7,11,12,16,24,27,28,33,35],"killed_by":"Reptomancer","ascension_level":0}}