{"host":"9vk21r6l9dtkpvh9","time":1612192334,"event":{"mods":["100% Spire Juice","2.2 Compatiblity","AchievementEnabler","Act Like it!","Astrologer","Bartender","BaseMod","Better Altar","Better Match","Better Note","Better Sensory Stone","Better Skull","Better Third Choice","BetterRewards","CapriCore","CatGirl Mod","Colored Map","Colored Powertips","Conspire","DeckTracker","Downfall","Energized Spire","Gensokyo","GifTheSpireLib","Hermit","Hubris","Infinite Spire","Jorbs\u0027s Wanderer Trilogy","Koishi","LagranYue(???·?)","Luminous","Mad Scientist","Marisa????????","Mimic Mod","Minty Spire (QoL Compilation)","Potionbrewer","Rare Cards Sparkle","Relic Stats","Replay The Spire","SOS???????","Shade Mod","Spicy Shops","StSLib","SuperFastMode","Td1madao Mod","The Animator","The Forsaken","The Gatherer","The Hierophant","The Immortal","The Jungle","The Marked","The Mystic","The Necromancer","The Runesmith","The Senshi","The Servant 0.9.4","The Valiant","The Wild Card","TheBandit","TheSwordswoman","TheWitcher","WarShipGirlsR/????R mod","???Mod??????Boss"],"gold_per_floor":[110,3,3,3,22,47,62,62,97,113,125,143,143,175,175,271,271,290,310,329,329,329,360,360,386,413,488,53,73,73,91,91,190,190,203,303,321,321,341,341,356,356,356,373,373,403,303,316,316,316],"floor_reached":51,"language":"ENG","playtime":2968,"items_purged":["Strike_R"],"score":965,"play_id":"66138609-9089-4e0c-a37e-f7557463169e","local_time":"20210201101214","is_ascension_mode":true,"campfire_choices":[{"data":"Uppercut","floor":8,"key":"SMITH"},{"data":"Shockwave","floor":13,"key":"SMITH"},{"data":"Hemogenesis","floor":15,"key":"SMITH"},{"data":"Feed","floor":24,"key":"SMITH"},{"data":"Juggernaut","floor":32,"key":"SMITH"},{"data":"Demon Form","floor":40,"key":"SMITH"},{"data":"Metallicize","floor":42,"key":"SMITH"},{"floor":49,"key":"REST"}],"circlet_count":0,"master_deck":["Strike_R","Strike_R","Strike_R","Defend_R","Defend_R","Defend_R","Defend_R","Bash","Shrug It Off","Metallicize+1","Intimidate","Shockwave+1","Uppercut+1","Hemokinesis","Hemogenesis+1","Clothesline","Juggernaut+1","Burning Pact","Wild Strike","Feed+1","Iron Wave+1","Demon Form+1","conspire:ExplosiveBarrier+1","ReplayTheSpireMod:Stacked+1","Barricade"],"relics":["Burning Blood","LagranYue:RandomDrawCardRelic","hubris:OldNail","Charon\u0027s Ashes","Bottled Tornado","Nunchaku","infinitespire:BottledMercury","Sozu","Smiling Mask","Anchor","Toy Ornithopter","Strawberry","infinitespire:EmpoweringShard","ReplayFunnel","Mark of Pain","hubris:PeanutButter","hubris:Towel","infinitespire:Lucky Rock"],"acts_visited":["Exordium","TheCity","TheBeyond"],"potions_floor_usage":[],"damage_taken":[{"damage":7,"enemies":"2 Louse","floor":1,"turns":4},{"damage":1,"enemies":"Cultist","floor":5,"turns":5},{"damage":26,"enemies":"Lagavulin","floor":6,"turns":10},{"damage":1,"enemies":"Jaw Worm","floor":7,"turns":4},{"damage":0,"enemies":"3 Louse","floor":9,"turns":8},{"damage":10,"enemies":"3 Louse","floor":10,"turns":3},{"damage":2,"enemies":"Exordium Wildlife","floor":11,"turns":3},{"damage":6,"enemies":"Lots of Slimes","floor":12,"turns":5},{"damage":21,"enemies":"Gremlin Nob","floor":14,"turns":4},{"damage":15,"enemies":"The Guardian","floor":16,"turns":13},{"damage":17,"enemies":"Shell Parasite","floor":18,"turns":6},{"damage":12,"enemies":"Spheric Guardian","floor":19,"turns":4},{"damage":2,"enemies":"conspire:HollyBat","floor":20,"turns":8},{"damage":42,"enemies":"conspire:Head Lice","floor":23,"turns":10},{"damage":6,"enemies":"Replay:Snechameleon","floor":25,"turns":7},{"damage":4,"enemies":"Snecko","floor":29,"turns":4},{"damage":19,"enemies":"3 Cultists","floor":31,"turns":5},{"damage":50,"enemies":"hubris:MusketHawk","floor":33,"turns":9},{"damage":21,"enemies":"Orb Walker","floor":35,"turns":5},{"damage":15,"enemies":"3 Shapes","floor":37,"turns":5},{"damage":8,"enemies":"Spire Growth","floor":39,"turns":5},{"damage":36,"enemies":"Transient","floor":41,"turns":5},{"damage":9,"enemies":"3 Darklings","floor":44,"turns":4},{"damage":32,"enemies":"Reptomancer","floor":46,"turns":8},{"damage":0,"enemies":"Maw","floor":48,"turns":5},{"damage":57,"enemies":"hubris:GrandSnecko","floor":50,"turns":7}],"seed_played":"-6467963690433964634","potions_obtained":[{"floor":5,"key":"infinitespire:BlackPotion"},{"floor":7,"key":"Fire Potion"}],"is_trial":false,"path_per_floor":["M","$","?","?","M","E","M","R","MIM","M","M","M","R","E","R","B",null,"M","M","M","?","?","E","R","E","T","?","$","M","?","M","R","B",null,"M","?","M","?","M","R","M","R","T","M","?","E","NS","M","R","B",null],"character_chosen":"IRONCLAD","items_purchased":["Shrug It Off","Metallicize","hubris:OldNail","Charon\u0027s Ashes","Shockwave","Strawberry","infinitespire:EmpoweringShard"],"campfire_rested":1,"item_purchase_floors":[0,0,0,0,2,28,28],"current_hp_per_floor":[71,71,71,75,80,60,65,65,71,67,71,78,78,68,68,70,80,77,71,80,80,76,48,48,56,56,49,56,69,69,67,67,31,83,76,76,75,75,85,85,63,63,63,64,64,50,50,64,92,44],"gold":316,"neow_bonus":"","is_daily":false,"chose_seed":false,"campfire_upgraded":7,"win_rate":0.0,"timestamp":1612192334,"path_taken":["M","$","?","?","?","E","M","R","MIM","M","M","M","R","E","R","BOSS","M","M","M","?","?","E","R","E","T","?","$","?","?","M","R","BOSS","M","?","?","?","M","R","M","R","T","M","?","E","NS","M","R","BOSS"],"items_purchased_type":["Card","Card","Relic","Relic","Card","Relic","Relic"],"build_version":"2020-12-22","purchased_purges":1,"victory":true,"max_hp_per_floor":[80,80,80,80,80,80,80,80,80,80,80,80,80,80,80,80,80,80,80,80,80,76,76,76,76,76,76,83,83,83,83,83,83,83,83,83,83,83,87,87,87,87,87,91,91,95,95,95,95,95],"relic_stats":{"Sozu":7,"Nunchaku":[18],"counters":[26,156],"Charon\u0027s Ashes":[281],"Smiling Mask":25,"obtain_stats":[{"ReplayFunnel":30,"infinitespire:BottledMercury":14,"LagranYue:RandomDrawCardRelic":0,"Charon\u0027s Ashes":0,"infinitespire:Lucky Rock":46,"Bottled Tornado":6,"hubris:Towel":45,"Smiling Mask":21,"Burning Blood":0,"Sozu":17,"Nunchaku":9,"Anchor":23,"Strawberry":28,"hubris:PeanutButter":43,"Mark of Pain":34,"infinitespire:EmpoweringShard":28,"hubris:OldNail":0,"Toy Ornithopter":25,"infinitespire:Cupcake":0},{"ReplayFunnel":16,"infinitespire:BottledMercury":9,"LagranYue:RandomDrawCardRelic":0,"Charon\u0027s Ashes":0,"infinitespire:Lucky Rock":24,"Bottled Tornado":3,"hubris:Towel":23,"Smiling Mask":13,"Burning Blood":0,"Sozu":10,"Nunchaku":5,"Anchor":14,"Strawberry":15,"hubris:PeanutButter":22,"Mark of Pain":18,"infinitespire:EmpoweringShard":15,"hubris:OldNail":0,"Toy Ornithopter":15,"infinitespire:Cupcake":0},{"ReplayFunnel":98,"infinitespire:BottledMercury":46,"LagranYue:RandomDrawCardRelic":0,"Charon\u0027s Ashes":0,"infinitespire:Lucky Rock":144,"Bottled Tornado":19,"hubris:Towel":136,"Smiling Mask":77,"Burning Blood":0,"Sozu":59,"Nunchaku":31,"Anchor":87,"Strawberry":94,"hubris:PeanutButter":132,"Mark of Pain":112,"infinitespire:EmpoweringShard":94,"hubris:OldNail":0,"Toy Ornithopter":94,"infinitespire:Cupcake":0}],"Burning Blood":150,"Toy Ornithopter":0},"card_choices":[{"not_picked":["Perfected Strike","Reckless Charge"],"picked":"Intimidate","floor":1},{"not_picked":["Body Slam","Havoc","Thunderclap"],"picked":"SKIP","floor":5},{"not_picked":["Evolve","Clash"],"picked":"Uppercut","floor":6},{"not_picked":["ReplayTheSpireMod:Corrosion Curse","Twin Strike","Cleave"],"picked":"SKIP","floor":7},{"not_picked":["Massacre","True Grit"],"picked":"Hemokinesis","floor":9},{"not_picked":["Havoc","Body Slam","ReplayReversal"],"picked":"SKIP","floor":10},{"not_picked":["Clash","ReplayReversal"],"picked":"Hemogenesis","floor":11},{"not_picked":["ReplayReversal","Heavy Blade"],"picked":"Clothesline","floor":12},{"not_picked":["Clash","Headbutt","ReplayTheSpireMod:Strike From Hell"],"picked":"SKIP","floor":14},{"not_picked":["Reaper","hubris:StunningStrike"],"picked":"Juggernaut","floor":16},{"not_picked":["hubris:CleavingFinish","True Grit","Clothesline"],"picked":"SKIP","floor":18},{"not_picked":["Sword Boomerang","Entrench"],"picked":"Burning Pact","floor":19},{"not_picked":["ReplayTheSpireMod:Limb From Limb+1","Run Through+1"],"picked":"Wild Strike","floor":20},{"not_picked":["Sword Boomerang+1","Heavy Blade+1"],"picked":"Feed","floor":23},{"not_picked":["Seeing Red+1","Clash+1"],"picked":"Iron Wave+1","floor":25},{"not_picked":["Sword Boomerang","Replay:Undeath\u0027s Touch+1","hubris:ReadiedAction"],"picked":"SKIP","floor":29},{"not_picked":["conspire:HitWhereItHurts","Run Through","Havoc"],"picked":"SKIP","floor":31},{"not_picked":["Eclipse","Reaper"],"picked":"Demon Form","floor":33},{"not_picked":["ReplayTheSpireMod:LeadingStrike+1","ReplayTheSpireMod:Stacked"],"picked":"conspire:ExplosiveBarrier+1","floor":35},{"not_picked":["ReplayTheSpireMod:Strike From Hell","Thunderclap","Perfected Strike"],"picked":"SKIP","floor":37},{"not_picked":["Rage+1","True Grit","Sword Boomerang"],"picked":"SKIP","floor":39},{"not_picked":["Heavy Blade","Sentinel"],"picked":"ReplayTheSpireMod:Stacked+1","floor":41},{"not_picked":["Rampage+1","Iron Wave+1"],"picked":"Ghostly Armor+1","floor":44},{"not_picked":["Run Through+1","Flex+1"],"picked":"Barricade","floor":46},{"not_picked":["Armaments","Dropkick+1","Replay:Undeath\u0027s Touch+1"],"picked":"SKIP","floor":48}],"player_experience":678014,"relics_obtained":[{"floor":6,"key":"Bottled Tornado"},{"floor":9,"key":"Nunchaku"},{"floor":14,"key":"infinitespire:BottledMercury"},{"floor":23,"key":"Anchor"},{"floor":25,"key":"Toy Ornithopter"},{"floor":30,"key":"ReplayFunnel"},{"floor":43,"key":"hubris:PeanutButter"},{"floor":46,"key":"infinitespire:Lucky Rock"}],"event_choices":[{"damage_healed":4,"gold_gain":0,"player_choice":"LEAVE ","damage_taken":0,"relics_obtained":[],"max_hp_gain":0,"max_hp_loss":0,"event_name":"betterSkull:BetterSkull","floor":4,"gold_loss":0,"cards_upgraded":[]},{"damage_healed":0,"gold_gain":75,"player_choice":"Touch","damage_taken":7,"max_hp_gain":0,"max_hp_loss":0,"event_name":"FaceTrader","floor":27,"gold_loss":0},{"damage_healed":0,"gold_gain":0,"player_choice":"Relic","damage_taken":0,"max_hp_gain":0,"max_hp_loss":0,"event_name":"Wheel of Change","floor":30,"gold_loss":0},{"damage_healed":0,"gold_gain":100,"player_choice":"Pray","damage_taken":0,"max_hp_gain":0,"max_hp_loss":0,"event_name":"Golden Shrine","floor":36,"gold_loss":0}],"is_beta":false,"boss_relics":[{"not_picked":["Electric Blood","Calling Bell"],"picked":"Sozu"},{"not_picked":["conspire:RoyalGoblet","Kintsugi"],"picked":"Mark of Pain"}],"items_purged_floors":[28],"is_endless":false,"potions_floor_spawned":[5,7,11,14,18,19,31,33,35,39,41,48],"ascension_level":4}}