{"host":"rolltorest","time":1612139812,"event":{"mods":["BaseMod","Minty Spire (QoL Compilation)","Relic Stats","Slay the Relics Exporter","StSLib"],"gold_per_floor":[112,37,37,57,57,82,82,97,97,112,130,158,175,175,175],"floor_reached":14,"language":"ENG","playtime":342,"items_purged":[],"score":254,"play_id":"88748601-e446-4981-9bc4-71fb78361ae2","local_time":"20210131163652","is_ascension_mode":true,"campfire_choices":[{"data":"Bash","floor":7,"key":"SMITH"}],"circlet_count":0,"master_deck":["AscendersBane","Strike_R","Strike_R","Strike_R","Strike_R","Defend_R","Defend_R","Defend_R","Defend_R","Bash+1","Pommel Strike","Pommel Strike","Shrug It Off","Rage","Shockwave","Rampage","Feed"],"relics":["Burning Blood","NeowsBlessing","Darkstone Periapt","Gremlin Horn","Kunai","MealTicket"],"acts_visited":["Exordium"],"potions_floor_usage":[12],"damage_taken":[{"damage":0,"enemies":"Cultist","floor":1,"turns":1},{"damage":0,"enemies":"Jaw Worm","floor":4,"turns":1},{"damage":0,"enemies":"Gremlin Nob","floor":6,"turns":1},{"damage":3,"enemies":"2 Louse","floor":8,"turns":3},{"damage":8,"enemies":"Exordium Thugs","floor":10,"turns":5},{"damage":3,"enemies":"2 Fungi Beasts","floor":11,"turns":4},{"damage":37,"enemies":"Lagavulin","floor":12,"turns":7},{"damage":30,"enemies":"Large Slime","floor":13,"turns":9},{"damage":8,"enemies":"Gremlin Nob","floor":14,"turns":3}],"seed_played":"-1213053490017155875","potions_obtained":[{"floor":6,"key":"SmokeBomb"},{"floor":8,"key":"EssenceOfSteel"},{"floor":10,"key":"BlessingOfTheForge"},{"floor":11,"key":"Strength Potion"}],"is_trial":false,"path_per_floor":["M","?","?","M","$","E","R","M","T","M","M","E","M","E"],"character_chosen":"IRONCLAD","items_purchased":[],"campfire_rested":0,"item_purchase_floors":[],"current_hp_per_floor":[74,74,74,75,75,75,75,75,75,73,75,44,20,12,12],"gold":175,"neow_bonus":"THREE_ENEMY_KILL","is_daily":false,"chose_seed":false,"campfire_upgraded":1,"win_rate":0.0,"timestamp":1612139812,"path_taken":["M","?","?","M","$","E","R","M","T","?","M","E","M","E"],"items_purchased_type":[],"build_version":"2020-12-18","purchased_purges":0,"victory":false,"max_hp_per_floor":[75,75,75,75,75,75,75,75,75,75,75,75,75,75,75],"relic_stats":{"Darkstone Periapt":0,"Gremlin Horn":[4,4],"counters":[9,34],"MealTicket":0,"Kunai":[2],"obtain_stats":[{"Darkstone Periapt":3,"NeowsBlessing":0,"Gremlin Horn":6,"MealTicket":12,"Kunai":9,"Burning Blood":0},{"Darkstone Periapt":1,"NeowsBlessing":0,"Gremlin Horn":3,"MealTicket":7,"Kunai":4,"Burning Blood":0},{"Darkstone Periapt":1,"NeowsBlessing":0,"Gremlin Horn":3,"MealTicket":22,"Kunai":6,"Burning Blood":0}],"Burning Blood":33},"card_choices":[{"not_picked":["Body Slam","Twin Strike"],"picked":"Pommel Strike","floor":1},{"not_picked":["Wild Strike","Flex"],"picked":"Pommel Strike","floor":4},{"not_picked":["Body Slam","Fire Breathing"],"picked":"Shrug It Off","floor":6},{"not_picked":["Clash","Heavy Blade"],"picked":"Rage","floor":8},{"not_picked":["Shrug It Off","Rage","Clash"],"picked":"SKIP","floor":10},{"not_picked":["Twin Strike","Flex"],"picked":"Shockwave","floor":11},{"not_picked":["Body Slam","Sever Soul"],"picked":"Rampage","floor":12},{"not_picked":["Spot Weakness","Clothesline"],"picked":"Feed","floor":13}],"player_experience":1780819,"relics_obtained":[{"floor":3,"key":"Darkstone Periapt"},{"floor":6,"key":"Gremlin Horn"},{"floor":9,"key":"Kunai"},{"floor":12,"key":"MealTicket"}],"event_choices":[{"cards_removed":["Strike_R"],"damage_healed":0,"gold_gain":0,"player_choice":"Card Removal","damage_taken":0,"max_hp_gain":0,"max_hp_loss":0,"event_name":"The Cleric","floor":2,"gold_loss":75},{"damage_healed":0,"gold_gain":0,"player_choice":"Relic","damage_taken":0,"max_hp_gain":0,"max_hp_loss":0,"event_name":"Wheel of Change","floor":3,"gold_loss":0}],"is_beta":true,"boss_relics":[],"items_purged_floors":[],"is_endless":false,"potions_floor_spawned":[6,8,10,11],"killed_by":"Gremlin Nob","ascension_level":20}}