{"host":"a3wpq7kyokchzawk","time":1612176686,"event":{"mods":["BaseMod","Colored Map","Highlight Path","Minty Spire (QoL Compilation)","Permanent Neow","Potion Indicator Mod","Relic Stats","Weighted Paths"],"gold_per_floor":[360,376,53,67,77,77,111,111,111,145,145,158,158,168,168,247,247,219,219,239,0,15,49,21,21,21],"floor_reached":25,"language":"ENG","playtime":2719,"items_purged":[],"score":466,"play_id":"a8d55194-e11e-4167-9df4-4df3c17d5225","local_time":"20210201085126","is_ascension_mode":true,"campfire_choices":[{"floor":6.0,"key":"REST"},{"data":"Bash","floor":8.0,"key":"SMITH"},{"data":"Havoc","floor":11.0,"key":"SMITH"},{"data":"Limit Break","floor":15.0,"key":"SMITH"}],"circlet_count":0,"master_deck":["AscendersBane","Strike_R","Strike_R","Strike_R","Strike_R","Defend_R","Defend_R","Defend_R","Defend_R","Bash+1","Havoc+1","Fiend Fire","Cleave","Dropkick","Limit Break+1","Spot Weakness","Rage","Impervious","Twin Strike","Uppercut","Madness","Shrug It Off","Armaments+1","True Grit+1"],"relics":["Burning Blood","Sling","Blood Vial","Art of War","Cursed Key","Membership Card","Prayer Wheel"],"acts_visited":["Exordium","TheCity"],"potions_floor_usage":[23,25,25],"damage_taken":[{"damage":7.0,"enemies":"Cultist","floor":1.0,"turns":4.0},{"damage":14.0,"enemies":"Jaw Worm","floor":2.0,"turns":3.0},{"damage":7.0,"enemies":"Small Slimes","floor":4.0,"turns":3.0},{"damage":35.0,"enemies":"Gremlin Gang","floor":5.0,"turns":7.0},{"damage":25.0,"enemies":"3 Sentries","floor":7.0,"turns":6.0},{"damage":8.0,"enemies":"Gremlin Nob","floor":10.0,"turns":3.0},{"damage":9.0,"enemies":"Red Slaver","floor":12.0,"turns":2.0},{"damage":8.0,"enemies":"Large Slime","floor":14.0,"turns":4.0},{"damage":35.0,"enemies":"The Guardian","floor":16.0,"turns":8.0},{"damage":23.0,"enemies":"2 Thieves","floor":18.0,"turns":4.0},{"damage":23.0,"enemies":"Shell Parasite","floor":20.0,"turns":5.0},{"damage":12.0,"enemies":"Snake Plant","floor":22.0,"turns":3.0},{"damage":23,"enemies":"Gremlin Leader","floor":23,"turns":4},{"damage":18,"enemies":"Book of Stabbing","floor":25,"turns":3}],"seed_played":"3444470581070545265","potions_obtained":[{"floor":1.0,"key":"LiquidMemories"},{"floor":10.0,"key":"Block Potion"},{"floor":12.0,"key":"Strength Potion"},{"floor":16.0,"key":"SkillPotion"},{"floor":20.0,"key":"CultistPotion"},{"floor":22.0,"key":"Strength Potion"}],"is_trial":false,"path_per_floor":["M","M","$","M","M","R","E","R","T","E","R","M","?","M","R","B",null,"M","?","M","$","M","E","$","E"],"character_chosen":"IRONCLAD","items_purchased":["Sling","Fiend Fire","Membership Card","Madness","Shrug It Off","Dexterity Potion"],"campfire_rested":1,"item_purchase_floors":[3,3,21,21,21,24],"current_hp_per_floor":[49,41,41,40,11,33,14,14,14,14,14,13,38,38,38,11,59,44,44,29,29,25,10,10,0,0],"gold":21,"neow_bonus":"TWO_FIFTY_GOLD","is_daily":false,"chose_seed":false,"campfire_upgraded":3,"win_rate":0.0,"timestamp":1612176686,"path_taken":["M","M","$","M","M","R","E","R","T","E","R","?","?","M","R","BOSS","M","?","?","$","M","E","?","E"],"items_purchased_type":["Relic","Card","Relic","Card","Card","Potion"],"build_version":"2020-12-22","purchased_purges":0,"victory":false,"max_hp_per_floor":[75,75,75,75,75,75,75,75,75,75,75,75,75,75,75,75,75,75,75,75,75,75,75,75,75,75],"relic_stats":{"Blood Vial":18,"counters":[14,59],"Prayer Wheel":0,"Art of War":[6],"Cursed Key":0,"obtain_stats":[{"Blood Vial":7,"Prayer Wheel":23,"Art of War":9,"Membership Card":21,"Sling":3,"Cursed Key":17,"Burning Blood":0},{"Blood Vial":5,"Prayer Wheel":13,"Art of War":5,"Membership Card":11,"Sling":2,"Cursed Key":9,"Burning Blood":0},{"Blood Vial":23,"Prayer Wheel":56,"Art of War":23,"Membership Card":49,"Sling":7,"Cursed Key":40,"Burning Blood":0}],"Burning Blood":78},"card_choices":[{"not_picked":["Thunderclap","Wild Strike","Iron Wave"],"picked":"SKIP","floor":1.0},{"not_picked":["Warcry","Clash"],"picked":"Havoc","floor":2.0},{"not_picked":["Rupture","Blood for Blood"],"picked":"Cleave","floor":4.0},{"not_picked":["Havoc","Wild Strike"],"picked":"Dropkick","floor":5.0},{"not_picked":["Dropkick","Offering"],"picked":"Limit Break","floor":7.0},{"not_picked":["Perfected Strike","Ghostly Armor"],"picked":"Spot Weakness","floor":10.0},{"not_picked":["Infernal Blade","Carnage"],"picked":"Rage","floor":12.0},{"not_picked":["Thunderclap","Perfected Strike","Body Slam"],"picked":"SKIP","floor":14.0},{"not_picked":["Demon Form","Brutality"],"picked":"Impervious","floor":16.0},{"not_picked":["Rage","Reckless Charge"],"picked":"Twin Strike","floor":18.0},{"not_picked":["Fire Breathing+1","Armaments"],"picked":"Uppercut","floor":20.0},{"not_picked":["Thunderclap","Cleave+1"],"picked":"Armaments+1","floor":22.0},{"not_picked":["Burning Pact","Spot Weakness+1"],"picked":"True Grit+1","floor":23}],"player_experience":2507517,"relics_obtained":[{"floor":7.0,"key":"Blood Vial"},{"floor":9.0,"key":"Art of War"},{"floor":23,"key":"Prayer Wheel"}],"event_choices":[{"damage_healed":25.0,"max_hp_gain":0.0,"max_hp_loss":0.0,"gold_gain":0.0,"event_name":"Big Fish","player_choice":"Banana","floor":13.0,"gold_loss":0.0,"damage_taken":0.0},{"cards_removed":["Strike_R"],"damage_healed":0.0,"max_hp_gain":0.0,"max_hp_loss":0.0,"gold_gain":0.0,"event_name":"Bonfire Elementals","player_choice":"Offered Basic","floor":19.0,"gold_loss":0.0,"damage_taken":0.0}],"is_beta":false,"boss_relics":[{"not_picked":["Philosopher\u0027s Stone","Coffee Dripper"],"picked":"Cursed Key"}],"items_purged_floors":[],"is_endless":false,"potions_floor_spawned":[1,10,12,14,16,20,22],"killed_by":"Book of Stabbing","ascension_level":20}}