{"host":"t9zjxed0utvsfjwc","time":1612215474,"event":{"mods":["2.2 Compatiblity","Aspiration","BaseMod","Better Altar","Better Match","Better Note","Better Sensory Stone","Better Skull","Better Third Choice","Block Reminder","Colored Map","Colored Powertips","Custom Start","Downfall","Hermit","Highlight Path","Hubris","Infinite Spire","Marisa????????","Minty Spire (QoL Compilation)","Quick Restart","Rare Cards Sparkle","Reliquary","Replay The Spire","StSLib","The Cursed","The Marked","The Runesmith","Unceasing Turn Reminder","everything is the same but u backflip on backflip"],"gold_per_floor":[118,218,168,188,207,207,127,52,52,84,100,100,124,159,159,264,264,288,288,307,307,320,320,355,355,404,209,225,255,255,274,274,371,371,383,280,326,326,346,378,378,411,482,510,521,538,548,560,560,664,664,678,693,793,814,836,852,874,874,898,934,535,535,550,583,583,684,684,691,707,707,707,580,580,611,611,611,615,631,617,635,642,642,714,764,749,755,755,755,806,806,823,875,875,919,927,927,927,927,927,1034,1034,1051,1068,1068,1068,1083,1083,1096,1121,1172,1172,814,831,837,850,850,954,954,969,969,969,969,981,981,1011,1011,1011,1057,1083,1113,1134,1134,1134,1247,1247,1295,917,926,926,958,958,988,988,1085,1119,1143,1143,1143,1165,1165,1330,1330,1330,1257,1296,1375],"floor_reached":158,"language":"ENG","playtime":5913,"items_purged":["Shame","Clothesline","hubris:Greed","Strike_R","Fire Breathing+1","Strike_R","Pain","Corruption+1","Replay:Sluggish","Parasite","hubris:Greed","ReplayTheSpireMod:LeadingStrike+1","hubris:Greed","hubris:Gluttony","Clumsy","hubris:Sloth","hubris:Disease","Overencumbered","hubris:Envy","hubris:Disease"],"score":4791,"play_id":"db7a05a0-6c58-456e-a8b2-eb554c43426b","local_time":"20210201213754","is_ascension_mode":true,"campfire_choices":[{"data":"Fire Breathing","floor":6,"key":"SMITH"},{"data":"Defend_R","floor":15,"key":"PURGE"},{"data":"Corruption","floor":23,"key":"SMITH"},{"data":"downfall:Aged","floor":30,"key":"PURGE"},{"data":"Hallucinations","floor":32,"key":"PURGE"},{"data":"Defend_R","floor":41,"key":"PURGE"},{"data":"Strike_R","floor":49,"key":"PURGE"},{"data":"True Grit","floor":59,"key":"PURGE"},{"data":"ReplayTheSpireMod:Doomed","floor":63,"key":"PURGE"},{"data":"ReplayTheSpireMod:Doomed","floor":66,"key":"PURGE"},{"data":"infinitespire:Collect","floor":74,"key":"SMITH"},{"floor":76,"key":"RECALL"},{"data":"Feed+1","floor":83,"key":"PURGE"},{"data":"Cleave+1","floor":91,"key":"PURGE"},{"data":"Regret","floor":97,"key":"PURGE"},{"data":"infinitespire:Pacifist","floor":100,"key":"PURGE"},{"data":"hubris:Greed","floor":108,"key":"PURGE"},{"data":"Pain","floor":112,"key":"PURGE"},{"floor":117,"key":"DIG"},{"data":"TheCursedMod:Dregs","floor":125,"key":"PURGE"},{"data":"hubris:Greed","floor":127,"key":"PURGE"},{"data":"hubris:Sloth","floor":134,"key":"PURGE"},{"data":"ReplayTheSpireMod:Faulty Equipment","floor":142,"key":"SMITH"},{"data":"Anger+1","floor":144,"key":"PURGE"},{"floor":151,"key":"REST"},{"data":"ReplayTheSpireMod:Muscle Training+1","floor":154,"key":"PURGE"}],"circlet_count":0,"master_deck":["infinitespire:OneForAll","Thunderclap+1","Rage+1","Replay:Undeath\u0027s Touch+1","Replay:Undeath\u0027s Touch+1","Rage+1","Bloodletting+1","infinitespire:Collect+1","Rampage+1","hubris:DuctTapeCard"],"relics":["Burning Blood","NeowsBlessing","downfall:ExtraCursedKey","Magic Flower","hubris:TenFootPole","infinitespire:FocusingShard","Ring of Chaos","Unceasing Top","Membership Card","MealTicket","WarpedTongs","Boot","Peace Pipe","aspiration:Stabinomicon","hubris:Zylophone","Turnip","Molten Egg 2","Pear","Frozen Egg 2","Kintsugi","Replay:Wanted Poster","Ancient Tea Set","Odd Mushroom","Blood Vial","aspiration:FetidBarrel","Potion Belt","Cauldron","reliquary:FeatherDuster","infinitespire:EmpoweringShard","Toy Ornithopter","reliquary:QuartzCube","reliquary:TuningFork","Another Sword","Anchor","Tiny House","Replay:Bottled Flurry","War Paint","infinitespire:Golems Mask","Ginger","Cursed Key","Replay:WaspNest","PreservedInsect","infinitespire:ShieldingShard","HandDrill","Blue Doll","Charon\u0027s Ashes","White Beast Statue","Runic Pyramid","hubris:DuctTape","reliquary:SharkskinSheath","Replay:Bandana","hubris:Reverence","CeramicFish","hubris:MedicalManual","StrikeDummy","ReplayTheSpireMod:TigerMarble","ClockworkSouvenir","Strange Spoon","Ornamental Fan","ReplayTheSpireMod:Ninjato","WingedGreaves","hubris:FruitBowl","Empty Cage","aspiration:Nostalgia","bronze:BronzeCore","Darkstone Periapt"],"acts_visited":["Exordium","TheCity","TheBeyond","Exordium","TheCity","TheBeyond","Exordium","TheCity","TheBeyond","TheEnding"],"potions_floor_usage":[14,20,24,29,33,40,40,45,50,53,84,84,87,101,109,152,157,157,157,157],"damage_taken":[{"damage":0,"enemies":"Jaw Worm","floor":1,"turns":1},{"damage":0,"enemies":"Small Slimes","floor":4,"turns":1},{"damage":0,"enemies":"2 Louse","floor":5,"turns":1},{"damage":18,"enemies":"Exordium Wildlife","floor":7,"turns":4},{"damage":11,"enemies":"Lagavulin","floor":10,"turns":7},{"damage":11,"enemies":"Lots of Slimes","floor":11,"turns":4},{"damage":8,"enemies":"Gremlin Gang","floor":13,"turns":3},{"damage":5,"enemies":"Gremlin Nob","floor":14,"turns":5},{"damage":50,"enemies":"Hexaghost","floor":16,"turns":10},{"damage":23,"enemies":"Spheric Guardian","floor":18,"turns":5},{"damage":7,"enemies":"2 Thieves","floor":20,"turns":4},{"damage":0,"enemies":"Cultist and Chosen","floor":22,"turns":3},{"damage":0,"enemies":"Gremlin Leader","floor":24,"turns":4},{"damage":6,"enemies":"Centurion and Healer","floor":28,"turns":3},{"damage":33,"enemies":"Book of Stabbing","floor":29,"turns":4},{"damage":16,"enemies":"Snake Plant","floor":31,"turns":2},{"damage":0,"enemies":"Champ","floor":33,"turns":2},{"damage":18,"enemies":"3 Shapes","floor":35,"turns":3},{"damage":15,"enemies":"2 Orb Walkers","floor":37,"turns":3},{"damage":11,"enemies":"3 Darklings","floor":39,"turns":6},{"damage":0,"enemies":"Nemesis","floor":40,"turns":1},{"damage":0,"enemies":"Nightmare","floor":42,"turns":2},{"damage":0,"enemies":"R_Hoarder","floor":44,"turns":1},{"damage":0,"enemies":"Spire Growth","floor":45,"turns":1},{"damage":21,"enemies":"Jaw Worm Horde","floor":46,"turns":4},{"damage":0,"enemies":"Maw","floor":47,"turns":2},{"damage":0,"enemies":"Spire Growth","floor":48,"turns":2},{"damage":1,"enemies":"Donu and Deca","floor":50,"turns":3},{"damage":0,"enemies":"Jaw Worm","floor":52,"turns":1},{"damage":0,"enemies":"2 Louse","floor":53,"turns":2},{"damage":0,"enemies":"The Mushroom Lair","floor":55,"turns":3},{"damage":0,"enemies":"Cultist","floor":56,"turns":1},{"damage":0,"enemies":"2 Fungi Beasts","floor":57,"turns":2},{"damage":0,"enemies":"Looter","floor":58,"turns":1},{"damage":0,"enemies":"Lagavulin","floor":61,"turns":1},{"damage":0,"enemies":"Exordium Thugs","floor":64,"turns":1},{"damage":0,"enemies":"Gremlin Nob","floor":65,"turns":1},{"damage":0,"enemies":"Slime Boss","floor":67,"turns":1},{"damage":1,"enemies":"3 Byrds","floor":69,"turns":2},{"damage":0,"enemies":"Shell Parasite","floor":70,"turns":1},{"damage":3,"enemies":"Cultist and Chosen","floor":72,"turns":2},{"damage":0,"enemies":"Book of Stabbing","floor":75,"turns":1},{"damage":0,"enemies":"Slavers","floor":78,"turns":3},{"damage":0,"enemies":"Snecko","floor":79,"turns":1},{"damage":0,"enemies":"3 Cultists","floor":80,"turns":3},{"damage":4,"enemies":"Gremlin Leader","floor":81,"turns":1},{"damage":0,"enemies":"Snake Plant","floor":82,"turns":1},{"damage":0,"enemies":"Collector","floor":84,"turns":2},{"damage":0,"enemies":"3 Shapes","floor":86,"turns":3},{"damage":0,"enemies":"Orb Walker","floor":87,"turns":2},{"damage":0,"enemies":"R_Hoarder","floor":92,"turns":1},{"damage":3,"enemies":"Mind Bloom Boss Battle","floor":95,"turns":1},{"damage":56,"enemies":"Writhing Mass","floor":96,"turns":2},{"damage":0,"enemies":"hubris:GrandSnecko","floor":101,"turns":1},{"damage":0,"enemies":"Jaw Worm","floor":103,"turns":1},{"damage":0,"enemies":"Cultist","floor":104,"turns":1},{"damage":3,"enemies":"Small Slimes","floor":107,"turns":1},{"damage":0,"enemies":"2 Fungi Beasts","floor":109,"turns":1},{"damage":0,"enemies":"Gremlin Nob","floor":110,"turns":1},{"damage":0,"enemies":"3 Sentries","floor":114,"turns":2},{"damage":0,"enemies":"Looter","floor":115,"turns":2},{"damage":0,"enemies":"Exordium Wildlife","floor":116,"turns":1},{"damage":0,"enemies":"Slime Boss","floor":118,"turns":1},{"damage":0,"enemies":"2 Thieves","floor":120,"turns":1},{"damage":0,"enemies":"Spheric Guardian","floor":124,"turns":2},{"damage":0,"enemies":"Book of Stabbing","floor":126,"turns":1},{"damage":4,"enemies":"Slavers","floor":129,"turns":3},{"damage":19,"enemies":"Shelled Parasite and Fungi","floor":130,"turns":2},{"damage":0,"enemies":"Book of Stabbing","floor":131,"turns":1},{"damage":0,"enemies":"Snecko","floor":132,"turns":1},{"damage":0,"enemies":"Automaton","floor":135,"turns":1},{"damage":0,"enemies":"3 Darklings","floor":137,"turns":3},{"damage":7,"enemies":"3 Shapes","floor":141,"turns":3},{"damage":0,"enemies":"Nemesis","floor":143,"turns":1},{"damage":0,"enemies":"R_Hoarder","floor":146,"turns":1},{"damage":20,"enemies":"Sphere and 2 Shapes","floor":147,"turns":4},{"damage":0,"enemies":"Writhing Mass","floor":150,"turns":1},{"damage":6,"enemies":"infinitespire:LordOfFortification","floor":152,"turns":4},{"damage":0,"enemies":"Shield and Spear","floor":156,"turns":1},{"damage":0,"enemies":"The Heart","floor":157,"turns":6}],"seed_played":"-5870170096540319715","potions_obtained":[{"floor":7,"key":"ElixirPotion"},{"floor":10,"key":"PowerPotion"},{"floor":14,"key":"Block Potion"},{"floor":22,"key":"AttackPotion"},{"floor":28,"key":"Guardian:BlockOnCardUsePotion"},{"floor":31,"key":"LifebloodPotion"},{"floor":35,"key":"FearPotion"},{"floor":37,"key":"Elixir"},{"floor":42,"key":"Energy Potion"},{"floor":52,"key":"Adrenaline Potion"},{"floor":53,"key":"ColorlessPotion"},{"floor":58,"key":"SneckoOil"},{"floor":62,"key":"LifebloodPotion"},{"floor":62,"key":"LifebloodPotion"},{"floor":62,"key":"FairyPotion"},{"floor":62,"key":"DuplicationPotion"},{"floor":64,"key":"Energy Potion"},{"floor":85,"key":"Strength Potion"},{"floor":86,"key":"ColorlessPotion"},{"floor":90,"key":"Guardian:BlockOnCardUsePotion"},{"floor":107,"key":"Swift Potion"},{"floor":109,"key":"SteroidPotion"},{"floor":152,"key":"Swift Potion"}],"is_trial":false,"path_per_floor":["M","?","?","M","M","R","M","$","T","E","M","?","M","E","R_BF","B",null,"M","$","M","?","M","R","E","?","T","$","M","E","R","M","R","B",null,"M","$","?","?","M","E","R","NM","T","E","M","M","M","M","R","B",null,"M","M","AVR","?","M","M","M","R","T","E","$","R","M","E","R","B",null,"M","M","AVR","M","$","R","E","R","T","E","M","M","E","M","R","B",null,"M","M","AVR","?","?","R","E","T","T","?","M","R","?","?","R","B",null,"M","M","?","AVR","M","R","M","E","T","R","$","E","M","M","R_BF","B",null,"M","?","T","AVR","M","R","E","R","T","E","M","E","M","?","R_BF","B",null,"M","$","?","AVR","M","R","E","R","T","E","M","$","?","M","R","B",null,"R","$","E","B",null],"character_chosen":"IRONCLAD","items_purchased":["Unceasing Top","Membership Card","Peace Pipe","Abandon","Potion Belt","Cauldron","reliquary:FeatherDuster","Replay:Undeath\u0027s Touch+1","Clash+1","reliquary:QuartzCube","infinitespire:ShieldingShard","HandDrill","Blue Doll","StrikeDummy","ReplayTheSpireMod:TigerMarble","ClockworkSouvenir","hubris:FruitBowl","aspiration:Nostalgia"],"campfire_rested":1,"item_purchase_floors":[19,19,27,36,62,62,62,62,62,73,113,113,113,138,138,138,148,155],"current_hp_per_floor":[80,85,85,85,85,85,73,73,73,71,69,69,70,74,74,33,85,71,21,23,23,32,32,41,41,41,56,59,35,35,28,28,37,85,76,85,79,79,77,85,85,85,95,95,95,83,92,95,95,95,95,95,95,95,95,95,95,95,95,95,95,92,92,92,92,92,92,92,92,92,92,92,92,92,92,92,92,92,92,92,92,92,92,92,97,97,97,97,92,81,81,92,92,92,92,45,45,45,45,45,65,92,92,92,92,92,92,92,92,92,92,92,92,92,92,92,92,92,92,92,85,85,85,92,92,92,92,92,92,82,92,92,92,92,92,92,92,92,92,92,92,92,92,92,92,92,81,38,38,50,77,91,92,92,92,92,92],"gold":1375,"neow_bonus":"THREE_ENEMY_KILL","is_daily":false,"chose_seed":false,"campfire_upgraded":4,"win_rate":0.0,"timestamp":1612215474,"path_taken":["M","?","?","M","M","R","M","$","T","E","M","?","?","E","R_BF","BOSS","M","?","M","?","?","R","E","?","T","$","M","E","R","M","R","BOSS","M","$","?","?","M","E","R","NM","T","E","M","M","M","M","R","BOSS","M","?","AVR","?","M","M","M","R","T","E","$","R","M","E","R","BOSS","M","M","AVR","M","$","R","E","R","T","E","M","M","E","M","R","BOSS","M","M","AVR","?","?","R","E","?","T","?","?","R","?","?","R","BOSS","M","M","?","AVR","M","R","?","E","T","R","$","E","M","M","R_BF","BOSS","M","?","?","AVR","M","R","E","R","T","E","M","E","M","?","R_BF","BOSS","M","$","?","AVR","?","R","E","R","T","E","M","?","?","M","R","BOSS","R","$","E","BOSS"],"items_purchased_type":["Relic","Relic","Relic","Card","Relic","Relic","Relic","Card","Card","Relic","Relic","Relic","Relic","Relic","Relic","Relic","Relic","Relic"],"build_version":"2020-12-22","purchased_purges":20,"victory":true,"max_hp_per_floor":[80,85,85,85,85,85,85,85,85,85,85,85,85,85,85,85,85,85,85,85,85,85,85,85,85,85,85,85,85,85,85,85,85,85,85,85,85,85,85,85,85,85,95,95,95,95,95,95,95,95,95,95,95,95,95,95,95,95,95,95,95,92,92,92,92,92,92,92,92,92,92,92,92,92,92,92,92,92,92,92,92,92,92,92,97,97,97,97,92,92,92,92,92,92,92,92,92,92,92,92,92,92,92,92,92,92,92,92,92,92,92,92,92,92,92,92,92,92,92,92,92,92,92,92,92,92,92,92,92,92,92,92,92,92,92,92,92,92,92,92,92,92,92,92,92,92,92,92,92,92,92,92,92,92,92,92,92],"card_choices":[{"not_picked":["Warcry","Sword Boomerang"],"picked":"infinitespire:OneForAll","floor":1},{"not_picked":["ReplayTheSpireMod:Strike From Hell","Intimidate","ReplayTheSpireMod:Corrosion Curse"],"picked":"SKIP","floor":4},{"not_picked":["Run Through","Sword Boomerang"],"picked":"Fire Breathing","floor":5},{"not_picked":["Headbutt","hubris:ReadiedAction"],"picked":"Clothesline","floor":7},{"not_picked":["Wild Strike","Immolate"],"picked":"Iron Wave","floor":10},{"not_picked":["Combust","hubris:ReadiedAction","Clothesline"],"picked":"SKIP","floor":11},{"not_picked":["Warcry","Flex","Dual Wield"],"picked":"SKIP","floor":13},{"not_picked":["Intimidate","Clothesline"],"picked":"Iron Wave","floor":14},{"not_picked":["Havoc","hubris:ReadiedAction+1"],"picked":"Pummel","floor":18},{"not_picked":["Dual Wield","Shockwave","Dark Embrace+1"],"picked":"SKIP","floor":20},{"not_picked":["True Grit+1","Inflame"],"picked":"Thunderclap","floor":22},{"not_picked":["Uppercut+1","Evolve","Flame Barrier"],"picked":"SKIP","floor":24},{"not_picked":["Armaments","Flex"],"picked":"Infernal Blade+1","floor":28},{"not_picked":["Defy Death","Life Link","Clash"],"picked":"SKIP","floor":29},{"not_picked":["Clash","Armaments+1"],"picked":"Rage","floor":31},{"not_picked":["Ghostly Armor","Body Slam+1","Seeing Red"],"picked":"SKIP","floor":35},{"not_picked":["Disarm","True Grit","Wild Strike"],"picked":"SKIP","floor":39},{"not_picked":["Dual Wield+1","Hemogenesis","Perfected Strike+1"],"picked":"SKIP","floor":40},{"not_picked":["Dual Wield+1","Hemogenesis","Perfected Strike+1"],"picked":"SKIP","floor":40},{"not_picked":["ReplayTheSpireMod:Strike From Hell+1","Blood for Blood+1","Body Slam+1"],"picked":"SKIP","floor":42},{"not_picked":["Exhume","Heavy Blade+1"],"picked":"True Grit","floor":44},{"not_picked":["ReplayTheSpireMod:Limb From Limb+1","Feel No Pain+1"],"picked":"ReplayTheSpireMod:LeadingStrike+1","floor":45},{"not_picked":["Dark Embrace+1","ReplayTheSpireMod:Limb From Limb+1"],"picked":"Anger+1","floor":46},{"not_picked":["Hemokinesis+1","Rupture+1"],"picked":"Replay:Undeath\u0027s Touch+1","floor":47},{"not_picked":["Shrug It Off+1","Sever Soul+1","Sentinel+1"],"picked":"SKIP","floor":48},{"not_picked":["Eclipse","Offering"],"picked":"Barricade+1","floor":50},{"not_picked":["Blood for Blood+1","Body Slam+1","Run Through+1"],"picked":"SKIP","floor":52},{"not_picked":["Warcry","True Grit","Thunderclap+1"],"picked":"SKIP","floor":53},{"not_picked":["Perfected Strike+1","Sword Boomerang+1"],"picked":"Demon Form+1","floor":55},{"not_picked":["Wild Strike+1","Shrug It Off"],"picked":"Cleave+1","floor":56},{"not_picked":["Abandon","Armaments"],"picked":"ReplayTheSpireMod:Muscle Training","floor":57},{"not_picked":["Second Wind","Headbutt+1","Sever Soul+1"],"picked":"SKIP","floor":58},{"not_picked":["Sentinel","Inflame+1","Headbutt+1"],"picked":"SKIP","floor":61},{"not_picked":["ReplayTheSpireMod:Stacked","Power Through","Ghostly Armor"],"picked":"SKIP","floor":64},{"not_picked":["Sword Boomerang+1","Clash+1"],"picked":"Pommel Strike+1","floor":65},{"not_picked":["Pommel Strike+1","Blood for Blood+1"],"picked":"Rage","floor":69},{"not_picked":["True Grit","Spot Weakness"],"picked":"Bloodletting+1","floor":70},{"not_picked":["Shrug It Off+1","True Grit","Anger+1"],"picked":"SKIP","floor":72},{"not_picked":["Clash+1","Berserk+1","Dropkick+1"],"picked":"SKIP","floor":75},{"not_picked":["Dark Embrace+1","Metallicize+1"],"picked":"Rampage+1","floor":78},{"not_picked":["Replay:Undeath\u0027s Touch+1","Fire Breathing+1","Hemokinesis+1"],"picked":"SKIP","floor":79},{"not_picked":["hubris:ReadiedAction","Ghostly Armor","Warcry"],"picked":"SKIP","floor":80},{"not_picked":["Perfected Strike+1","Barricade+1"],"picked":"Feed+1","floor":81},{"not_picked":["Cleave+1","Thunderclap+1","Hemokinesis+1"],"picked":"SKIP","floor":82},{"not_picked":["Heavy Blade+1","Cleave+1","Sword Boomerang+1"],"picked":"SKIP","floor":86},{"not_picked":["Run Through+1","Body Slam+1","Barricade+1"],"picked":"SKIP","floor":87},{"not_picked":["Ghostly Armor+1","Hemokinesis+1","Shrug It Off"],"picked":"SKIP","floor":92},{"not_picked":["Clash+1","Replay:Undeath\u0027s Touch+1","Perfected Strike+1"],"picked":"SKIP","floor":96},{"not_picked":["Body Slam+1","Replay:Undeath\u0027s Touch+1","Inflame+1"],"picked":"SKIP","floor":103},{"not_picked":["Anger+1","Disarm","Whirlwind+1"],"picked":"SKIP","floor":104},{"not_picked":["Body Slam+1","Clash+1","Sentinel"],"picked":"SKIP","floor":107},{"not_picked":["Pummel+1","Heavy Blade+1","Iron Wave+1"],"picked":"SKIP","floor":109},{"not_picked":["Sword Boomerang+1","Uppercut+1","Hemogenesis+1"],"picked":"SKIP","floor":110},{"not_picked":["Carnage+1","Sentinel","Massacre+1"],"picked":"SKIP","floor":114},{"not_picked":["Clothesline+1","Body Slam+1","Entrench"],"picked":"SKIP","floor":115},{"not_picked":["Power Through","Rampage+1","Abandon"],"picked":"SKIP","floor":116},{"not_picked":["Combust+1","Headbutt+1","Body Slam+1"],"picked":"SKIP","floor":120},{"not_picked":["infinitespire:OneForAll+1","Clash+1","Rampage+1"],"picked":"SKIP","floor":124},{"not_picked":["Body Slam+1","hubris:ReadiedAction","ReplayTheSpireMod:Strike From Hell+1"],"picked":"SKIP","floor":126},{"not_picked":["Clash+1","Hemokinesis+1","Evolve+1"],"picked":"SKIP","floor":129},{"not_picked":["Heavy Blade+1","Body Slam+1","Demon Form+1"],"picked":"SKIP","floor":130},{"not_picked":["Havoc","Replay:Undeath\u0027s Touch+1","Clash+1"],"picked":"SKIP","floor":131},{"not_picked":["Rampage+1","Dropkick+1","Warcry"],"picked":"SKIP","floor":132},{"not_picked":["Anger+1","Pommel Strike+1","ReplayTheSpireMod:Strike From Hell+1"],"picked":"SKIP","floor":137},{"not_picked":["Body Slam+1","Heavy Blade+1","Headbutt+1"],"picked":"SKIP","floor":141},{"not_picked":["ReplayTheSpireMod:LeadingStrike+1","Searing Blow+1","Perfected Strike+1"],"picked":"SKIP","floor":143},{"not_picked":["Eclipse","Clothesline+1","Dual Wield+1"],"picked":"SKIP","floor":146},{"not_picked":["Headbutt+1","Disarm","Heavy Blade+1"],"picked":"SKIP","floor":147},{"not_picked":["Wild Strike+1","Armaments","ReplayTheSpireMod:Stacked+1"],"picked":"SKIP","floor":150},{"not_picked":["Flex","Flame Barrier","hubris:ReadiedAction+1"],"picked":"SKIP","floor":156}],"player_experience":467217,"relics_obtained":[{"floor":9,"key":"Magic Flower"},{"floor":10,"key":"hubris:TenFootPole"},{"floor":14,"key":"infinitespire:FocusingShard"},{"floor":24,"key":"MealTicket"},{"floor":26,"key":"Boot"},{"floor":29,"key":"aspiration:Stabinomicon"},{"floor":37,"key":"hubris:Zylophone"},{"floor":40,"key":"Turnip"},{"floor":42,"key":"Molten Egg 2"},{"floor":43,"key":"Pear"},{"floor":44,"key":"Frozen Egg 2"},{"floor":55,"key":"Odd Mushroom"},{"floor":60,"key":"Blood Vial"},{"floor":61,"key":"aspiration:FetidBarrel"},{"floor":65,"key":"infinitespire:EmpoweringShard"},{"floor":75,"key":"reliquary:TuningFork"},{"floor":78,"key":"Another Sword"},{"floor":81,"key":"Anchor"},{"floor":92,"key":"War Paint"},{"floor":94,"key":"infinitespire:Golems Mask"},{"floor":95,"key":"Ginger"},{"floor":111,"key":"PreservedInsect"},{"floor":114,"key":"Charon\u0027s Ashes"},{"floor":117,"key":"White Beast Statue"},{"floor":122,"key":"hubris:DuctTape"},{"floor":126,"key":"Replay:Bandana"},{"floor":128,"key":"hubris:Reverence"},{"floor":129,"key":"CeramicFish"},{"floor":131,"key":"hubris:MedicalManual"},{"floor":143,"key":"Ornamental Fan"},{"floor":145,"key":"ReplayTheSpireMod:Ninjato"},{"floor":146,"key":"WingedGreaves"},{"floor":156,"key":"Darkstone Periapt"}],"event_choices":[{"cards_removed":["downfall:Bewildered"],"damage_healed":0,"gold_gain":0,"player_choice":"Card Removal","damage_taken":0,"max_hp_gain":0,"max_hp_loss":0,"event_name":"The Cleric","floor":3,"gold_loss":50},{"cards_removed":["Spreading Infection"],"damage_healed":0,"gold_gain":0,"player_choice":"Forget","damage_taken":0,"max_hp_gain":0,"max_hp_loss":0,"event_name":"Living Wall","floor":12,"gold_loss":0},{"cards_removed":["Defend_R"],"damage_healed":0,"gold_gain":0,"player_choice":"Purged","damage_taken":0,"max_hp_gain":0,"max_hp_loss":0,"event_name":"Purifier","floor":21,"gold_loss":0},{"damage_healed":0,"gold_gain":0,"player_choice":"Rummage","damage_taken":0,"relics_obtained":["WarpedTongs"],"max_hp_gain":0,"max_hp_loss":0,"event_name":"Accursed Blacksmith","floor":25,"gold_loss":0,"cards_obtained":["Pain"]},{"damage_healed":0,"gold_gain":0,"player_choice":"Fight","damage_taken":0,"max_hp_gain":0,"max_hp_loss":0,"event_name":"Mysterious Sphere","floor":37,"gold_loss":0},{"damage_healed":0,"gold_gain":0,"cards_transformed":["Strike_R"],"player_choice":"Transformed","damage_taken":0,"max_hp_gain":0,"max_hp_loss":0,"event_name":"Transmorgrifier","floor":38,"gold_loss":0,"cards_obtained":["Perfected Strike"]},{"damage_healed":0,"gold_gain":0,"player_choice":"Fought Mushrooms","damage_taken":0,"max_hp_gain":0,"max_hp_loss":0,"event_name":"Mushrooms","floor":55,"gold_loss":0},{"damage_healed":0,"gold_gain":0,"player_choice":"Max HP","damage_taken":0,"max_hp_gain":0,"max_hp_loss":5,"event_name":"Winding Halls","floor":89,"gold_loss":0},{"damage_healed":0,"gold_gain":0,"player_choice":"Fight","damage_taken":0,"max_hp_gain":0,"max_hp_loss":0,"event_name":"MindBloom","floor":95,"gold_loss":0},{"cards_removed":["hubris:Sloth"],"damage_healed":0,"gold_gain":0,"player_choice":"Removed Power","damage_taken":0,"max_hp_gain":0,"max_hp_loss":0,"event_name":"Falling","floor":98,"gold_loss":0},{"damage_healed":0,"gold_gain":0,"player_choice":"Ignored","damage_taken":0,"max_hp_gain":0,"max_hp_loss":0,"event_name":"The Moai Head","floor":99,"gold_loss":0},{"damage_healed":0,"gold_gain":0,"player_choice":"Obtained Book","damage_taken":16,"max_hp_gain":0,"max_hp_loss":0,"event_name":"Cursed Tome","floor":121,"gold_loss":0},{"cards_removed":["TheCursedMod:Dregs"],"damage_healed":0,"gold_gain":0,"player_choice":"Purged","damage_taken":0,"max_hp_gain":0,"max_hp_loss":0,"event_name":"Purifier","floor":133,"gold_loss":0},{"damage_healed":0,"gold_gain":0,"cards_transformed":["ReplayTheSpireMod:Splinters"],"player_choice":"Transformed","damage_taken":0,"max_hp_gain":0,"max_hp_loss":0,"event_name":"Transmorgrifier","floor":139,"gold_loss":0,"cards_obtained":["hubris:Disease"]},{"damage_healed":0,"gold_gain":0,"player_choice":"Upgraded","damage_taken":0,"max_hp_gain":0,"max_hp_loss":0,"event_name":"Upgrade Shrine","floor":149,"gold_loss":0,"cards_upgraded":["Rage"]}],"is_beta":false,"boss_relics":[{"not_picked":["hubris:Stopwatch","Sozu"],"picked":"Ring of Chaos"},{"not_picked":["reliquary:Craggleroot","Mark of Pain","hubris:HollowSoul"]},{"not_picked":["aspiration:RunicSpoon","ReplayTheSpireMod:DimensionalGlitch"],"picked":"Kintsugi"},{"not_picked":["bronze:MakeshiftBattery","Replay:Ancient Bell","reliquary:Craggleroot"]},{"not_picked":["hubris:HollowSoul","Ooze Armor"],"picked":"Tiny House"},{"not_picked":["infinitespire:Burning Sword","Abe\u0027s Treasure"],"picked":"Cursed Key"},{"not_picked":["Philosopher\u0027s Stone","Electric Blood"],"picked":"Runic Pyramid"},{"not_picked":["Sozu","Replay:Ancient Bell","Runic Dome"]},{"not_picked":["ReplayTheSpireMod:SealedPack","aspiration:MobileForge"],"picked":"Empty Cage"}],"items_purged_floors":[8,19,19,19,19,19,27,36,54,62,71,88,106,113,123,138,140,148,148,148],"is_endless":true,"potions_floor_spawned":[7,10,14,22,28,31,35,37,39,42,52,53,58,64,65,69,70,82,86,92,95,107,109,114,116,118,120,124,126,129,130,131,132,135,137,141,143,146,147,150,152,156,157],"ascension_level":1}}