{"host":"ml2ro5l6hu6y0pll","time":1612213763,"event":{"mods":["AchievementEnabler","BaseMod","Colored Map","Colored Powertips","Custom Start","Googly Eyes","Minty Spire (QoL Compilation)","Quick Restart","Rare Cards Sparkle","Relic Stats","Reliquary","StSLib","everything is the same but u backflip on backflip"],"gold_per_floor":[119,119,138,138,148,176,176,208,208,236,246,263,294,369,369,448,448,448,283,283,233,233,233,233,233,233,233,233,233,233,233,233,233,233,233,233,233,233,233,233,233,233,233,233,233,233,233,24,24,24,24,24],"floor_reached":51,"language":"ENG","playtime":1784,"items_purged":[],"score":2015,"play_id":"67a9b667-252d-4576-8323-ee4e820b4826","local_time":"20210201210923","is_ascension_mode":true,"campfire_choices":[{"data":"Prepared","floor":7,"key":"SMITH"},{"data":"Burst","floor":15,"key":"SMITH"},{"data":"Adrenaline","floor":23,"key":"SMITH"},{"data":"A Thousand Cuts","floor":32,"key":"SMITH"},{"data":"Phantasmal Killer","floor":40,"key":"SMITH"},{"data":"Skewer","floor":42,"key":"SMITH"},{"data":"Tools of the Trade","floor":44,"key":"SMITH"},{"floor":49,"key":"RECALL"}],"circlet_count":0,"master_deck":["Adrenaline+1","Backflip","PiercingWail","Endless Agony+1","Neutralize+1","Slice+1","Slice","Skewer+1","Outmaneuver","Backflip","Cloak And Dagger","Cloak And Dagger","Blade Dance","Burst+1","Prepared+1","All Out Attack","Tools of the Trade+1","Infinite Blades","Leg Sweep","A Thousand Cuts+1","Crippling Poison","Phantasmal Killer+1","Acrobatics","Panache"],"relics":["Ring of the Snake","reliquary:BoilingFlask","Mummified Hand","WristBlade","reliquary:PrincelyHelmet","OrangePellets","White Beast Statue","Letter Opener","Centennial Puzzle","Gremlin Horn","Ice Cream","StrikeDummy","Ectoplasm","Snake Skull","Bottled Lightning","reliquary:Buckler","reliquary:BallBearing","reliquary:WritOfMandamus","Mummified Hand","Akabeko"],"acts_visited":["Exordium","TheCity","TheBeyond"],"potions_floor_usage":[31,51],"damage_taken":[{"damage":0,"enemies":"Jaw Worm","floor":1,"turns":1},{"damage":0,"enemies":"Small Slimes","floor":3,"turns":1},{"damage":0,"enemies":"Cultist","floor":5,"turns":1},{"damage":0,"enemies":"Lagavulin","floor":6,"turns":2},{"damage":0,"enemies":"3 Sentries","floor":8,"turns":2},{"damage":0,"enemies":"Lagavulin","floor":10,"turns":2},{"damage":0,"enemies":"2 Fungi Beasts","floor":11,"turns":1},{"damage":0,"enemies":"Large Slime","floor":12,"turns":3},{"damage":0,"enemies":"Gremlin Nob","floor":13,"turns":1},{"damage":0,"enemies":"Slime Boss","floor":16,"turns":3},{"damage":0,"enemies":"Spheric Guardian","floor":18,"turns":1},{"damage":0,"enemies":"Shell Parasite","floor":20,"turns":2},{"damage":0,"enemies":"Chosen and Byrds","floor":22,"turns":2},{"damage":2,"enemies":"Book of Stabbing","floor":24,"turns":3},{"damage":0,"enemies":"Snecko","floor":25,"turns":3},{"damage":0,"enemies":"Slavers","floor":27,"turns":2},{"damage":0,"enemies":"Centurion and Healer","floor":28,"turns":1},{"damage":0,"enemies":"Sentry and Sphere","floor":30,"turns":2},{"damage":2,"enemies":"Book of Stabbing","floor":31,"turns":3},{"damage":28,"enemies":"Collector","floor":33,"turns":4},{"damage":0,"enemies":"Orb Walker","floor":35,"turns":2},{"damage":0,"enemies":"3 Darklings","floor":37,"turns":2},{"damage":18,"enemies":"Writhing Mass","floor":38,"turns":3},{"damage":0,"enemies":"Nemesis","floor":41,"turns":3},{"damage":0,"enemies":"Giant Head","floor":46,"turns":3},{"damage":0,"enemies":"Sphere and 2 Shapes","floor":47,"turns":1},{"damage":30,"enemies":"Donu and Deca","floor":50,"turns":3},{"damage":34,"enemies":"Awakened One","floor":51,"turns":4}],"seed_played":"-6193331665638254772","potions_obtained":[{"floor":5,"key":"FearPotion"},{"floor":6,"key":"Regen Potion"},{"floor":20,"key":"CunningPotion"},{"floor":24,"key":"Fruit Juice"},{"floor":31,"key":"Fruit Juice"},{"floor":35,"key":"PowerPotion"}],"is_trial":true,"path_per_floor":["M","?","M","?","M","E","R","E","T","E","M","M","E","?","R","B",null,"M","$","M","?","M","R","E","M","T","E","M","$","M","E","R","B",null,"M","?","M","M","?","R","E","R","T","R","?","E","M","$","R","B","B"],"character_chosen":"THE_SILENT","items_purchased":["Snake Skull","Panache"],"campfire_rested":0,"item_purchase_floors":[19,48],"current_hp_per_floor":[59,39,39,39,39,39,39,41,41,41,41,44,44,33,33,33,58,58,58,58,58,58,58,56,57,57,58,59,59,60,64,64,37,67,68,68,69,52,52,52,53,53,53,53,53,54,55,55,55,26,0,0],"gold":24,"neow_bonus":"","is_daily":false,"chose_seed":false,"campfire_upgraded":7,"win_rate":0.0,"timestamp":1612213763,"path_taken":["M","?","M","?","M","E","R","E","T","E","M","?","E","?","R","BOSS","M","$","M","?","M","R","E","M","T","E","M","$","M","E","R","BOSS","M","?","M","M","?","R","E","R","T","R","?","E","M","$","R","BOSS","BOSS"],"items_purchased_type":["Relic","Card"],"build_version":"2020-12-22","purchased_purges":0,"victory":false,"max_hp_per_floor":[66,66,66,66,66,66,66,66,66,66,66,66,66,66,66,66,66,66,66,66,66,66,66,66,67,67,68,69,69,70,76,76,77,77,78,78,79,80,80,80,81,81,81,81,81,82,83,83,83,84,90,90],"relic_stats":{"OrangePellets":[1],"Centennial Puzzle":[18],"Gremlin Horn":[16,16],"counters":[28,61],"Mummified Hand":[59],"Ectoplasm":480,"Snake Skull":[33],"Letter Opener":[434],"obtain_stats":[{"Ice Cream":10,"Gremlin Horn":9,"reliquary:PrincelyHelmet":0,"reliquary:BoilingFlask":0,"Snake Skull":19,"Letter Opener":6,"White Beast Statue":4,"Akabeko":46,"OrangePellets":0,"Centennial Puzzle":8,"WristBlade":0,"Mummified Hand":0,"reliquary:Buckler":27,"Ectoplasm":17,"reliquary:BallBearing":31,"reliquary:SculptingSteel":41,"Bottled Lightning":26,"reliquary:WritOfMandamus":34,"StrikeDummy":13,"Ring of the Snake":0},{"Ice Cream":6,"Gremlin Horn":5,"reliquary:PrincelyHelmet":0,"reliquary:BoilingFlask":0,"Snake Skull":11,"Letter Opener":4,"White Beast Statue":2,"Akabeko":25,"OrangePellets":0,"Centennial Puzzle":5,"WristBlade":0,"Mummified Hand":0,"reliquary:Buckler":16,"Ectoplasm":10,"reliquary:BallBearing":19,"reliquary:SculptingSteel":24,"Bottled Lightning":15,"reliquary:WritOfMandamus":20,"StrikeDummy":9,"Ring of the Snake":0},{"Ice Cream":9,"Gremlin Horn":7,"reliquary:PrincelyHelmet":0,"reliquary:BoilingFlask":0,"Snake Skull":18,"Letter Opener":5,"White Beast Statue":2,"Akabeko":53,"OrangePellets":0,"Centennial Puzzle":7,"WristBlade":0,"Mummified Hand":0,"reliquary:Buckler":30,"Ectoplasm":17,"reliquary:BallBearing":36,"reliquary:SculptingSteel":50,"Bottled Lightning":28,"reliquary:WritOfMandamus":40,"StrikeDummy":14,"Ring of the Snake":0}],"Ring of the Snake":[60]},"card_choices":[{"not_picked":["Sucker Punch","Deflect"],"picked":"Prepared","floor":1},{"not_picked":["Poisoned Stab","Backstab","Deadly Poison"],"picked":"SKIP","floor":3},{"not_picked":["Heel Hook","Backflip"],"picked":"All Out Attack","floor":5},{"not_picked":["Dagger Spray","Outmaneuver","Catalyst"],"picked":"SKIP","floor":6},{"not_picked":["All Out Attack","Underhanded Strike"],"picked":"Tools of the Trade","floor":8},{"not_picked":["Venomology","Quick Slash","Outmaneuver"],"picked":"SKIP","floor":10},{"not_picked":["Deadly Poison","Backflip"],"picked":"Infinite Blades","floor":11},{"not_picked":["Dagger Throw","Concentrate","Deflect"],"picked":"SKIP","floor":12},{"not_picked":["Prepared","Quick Slash"],"picked":"Leg Sweep","floor":13},{"not_picked":["Storm of Steel","Envenom"],"picked":"A Thousand Cuts","floor":16},{"not_picked":["Dagger Throw","Acrobatics"],"picked":"Crippling Poison","floor":18},{"not_picked":["Blade Dance","Concentrate","Choke"],"picked":"SKIP","floor":20},{"not_picked":["Sucker Punch","Dodge and Roll","Finisher"],"picked":"SKIP","floor":22},{"not_picked":["Underhanded Strike","Deflect","PiercingWail"],"picked":"SKIP","floor":24},{"not_picked":["Escape Plan","Acrobatics","Tools of the Trade"],"picked":"SKIP","floor":25},{"not_picked":["Setup","Leg Sweep","Poisoned Stab"],"picked":"SKIP","floor":27},{"not_picked":["Escape Plan","All Out Attack","Footwork"],"picked":"SKIP","floor":28},{"not_picked":["Heel Hook","Flying Knee","Deflect"],"picked":"SKIP","floor":30},{"not_picked":["Quick Slash","Poisoned Stab","Dodge and Roll+1"],"picked":"SKIP","floor":31},{"not_picked":["Unload","Venomology"],"picked":"Phantasmal Killer","floor":33},{"not_picked":["Bouncing Flask","Flechettes","Sucker Punch"],"picked":"SKIP","floor":35},{"not_picked":["Flying Knee","Predator","Dagger Throw"],"picked":"SKIP","floor":37},{"not_picked":["Predator","Outmaneuver","Deflect"],"picked":"SKIP","floor":38},{"not_picked":["Riddle With Holes","Outmaneuver","Noxious Fumes"],"picked":"SKIP","floor":41},{"not_picked":["Dodge and Roll","Dagger Spray","Acrobatics"],"picked":"SKIP","floor":46},{"not_picked":["Dodge and Roll","Dagger Spray"],"picked":"Acrobatics","floor":46},{"not_picked":["Underhanded Strike","Malaise","Reflex+1"],"picked":"SKIP","floor":47}],"player_experience":898113,"relics_obtained":[{"floor":6,"key":"Letter Opener"},{"floor":8,"key":"Centennial Puzzle"},{"floor":9,"key":"Gremlin Horn"},{"floor":10,"key":"Ice Cream"},{"floor":13,"key":"StrikeDummy"},{"floor":26,"key":"Bottled Lightning"},{"floor":27,"key":"reliquary:Buckler"},{"floor":31,"key":"reliquary:BallBearing"},{"floor":41,"key":"reliquary:SculptingSteel"},{"floor":46,"key":"Akabeko"}],"event_choices":[{"damage_healed":0,"gold_gain":0,"player_choice":"Entered Light","damage_taken":20,"max_hp_gain":0,"max_hp_loss":0,"event_name":"Shining Light","floor":2,"gold_loss":0,"cards_upgraded":["Slice","Neutralize"]},{"cards_removed":["Blade Dance"],"damage_healed":0,"gold_gain":0,"player_choice":"Gave Card","damage_taken":0,"relics_obtained":["White Beast Statue"],"max_hp_gain":0,"max_hp_loss":0,"event_name":"WeMeetAgain","floor":4,"gold_loss":0},{"damage_healed":0,"gold_gain":75,"player_choice":"Gather Gold","damage_taken":11,"max_hp_gain":0,"max_hp_loss":0,"event_name":"World of Goop","floor":14,"gold_loss":0},{"damage_healed":0,"gold_gain":100,"player_choice":"Bet on Murderer","damage_taken":0,"max_hp_gain":0,"max_hp_loss":0,"event_name":"The Joust","floor":21,"gold_loss":50},{"damage_healed":0,"gold_gain":0,"player_choice":"Ignored","damage_taken":0,"max_hp_gain":0,"max_hp_loss":0,"event_name":"Tomb of Lord Red Mask","floor":36,"gold_loss":0},{"damage_healed":0,"gold_gain":0,"player_choice":"Memory 1","damage_taken":0,"max_hp_gain":0,"max_hp_loss":0,"event_name":"SensoryStone","floor":39,"gold_loss":0},{"cards_removed":["Slice"],"damage_healed":0,"gold_gain":0,"player_choice":"Removed Attack","damage_taken":0,"max_hp_gain":0,"max_hp_loss":0,"event_name":"Falling","floor":45,"gold_loss":0}],"is_beta":false,"boss_relics":[{"not_picked":["reliquary:RedCape","reliquary:Ember"],"picked":"Ectoplasm"},{"not_picked":["Tiny House","Philosopher\u0027s Stone"],"picked":"reliquary:WritOfMandamus"}],"items_purged_floors":[],"is_endless":false,"potions_floor_spawned":[5,6,8,10,11,12,13,16,18,20,22,24,25,27,28,30,31,33,35,37,38,41,46,47],"killed_by":"Awakened One","ascension_level":20}}