{"host":"yfkezq0m1a8tfmul","time":1612152509,"event":{"mods":["100% Spire Juice","2.2 Compatiblity","AchievementEnabler","Act Like it!","AlwaysNeverKeys","Arknights","Ascension Reborn","Aspiration","Astrologer","BaseMod","Bestiary","Better Altar","Better Match","Better Note","Better Sensory Stone","Better Skull","Better Third Choice","BetterRewards","Block Reminder","Challenge The Spire","Colored Map","Colored Powertips","Conspire","Curses Come First","DeckTracker","Downfall","Duelist Mod","Elementarium","Energized Spire","Fox Events","Gensokyo","GifTheSpireLib","GungeonMod","Halation","Hallownest","Hermit","HololiveMod","Hubris","Infinite Spire","Jedi Mod","Menagerie","Minty Spire (QoL Compilation)","Pale of the Ancients","Permanent Neow","Random Character Button","Relic Stats","Reliquary","Replay The Spire","Robot Space Explorer","Shade Mod","Shop Mod","Spicy Shops","StSLib","Stuff the Spire","SuperFastMode","The Animator","The Blackbeard","The Blue Laboratory","The Bug Knight","The Construct","The Cursed","The Disciple","The Dragon Tamer","The Exalted","The Forsaken","The Gatherer","The Hierophant","The Jungle","The Marked","The Necromancer","The Poker Player","The Runesmith","The Servant 0.9.4","TheFirefly","Treasure Hunter","UnlockEverythingMod","Wandering Minibosses","Weighted Paths"],"gold_per_floor":[118,129,129,29,45,45,64,64,64],"floor_reached":8,"language":"ENG","playtime":581,"items_purged":[],"score":48,"play_id":"cff34911-8c02-4e85-b883-c4e47fb9ba67","local_time":"20210131230829","is_ascension_mode":true,"campfire_choices":[{"data":"Bones_to_Steel","floor":6,"key":"SMITH"}],"circlet_count":0,"master_deck":["Strike_W","Strike_W","Strike_W","Strike_W","Defend_W","Defend_W","Defend_W","Defend_W","Negative_Energy_Arrows","Bone_Wall","Life_Tap","Finger_Of_Death","Bones_to_Steel+1","Vampiric_Strike"],"relics":["Vampire_Amulet","reliquary:Knoch","StrikeDummy"],"acts_visited":["Gensokyo:Gensokyo"],"potions_floor_usage":[],"damage_taken":[{"damage":0,"enemies":"Gensokyo:3_Fairies","floor":1,"turns":5},{"damage":2,"enemies":"Gensokyo:Python","floor":2,"turns":3},{"damage":6,"enemies":"Gensokyo:Gryphon","floor":5,"turns":4},{"damage":11,"enemies":"Gensokyo:CorruptedTreant","floor":7,"turns":3},{"damage":55,"enemies":"Gensokyo:Cirno","floor":8,"turns":10}],"seed_played":"5123363256422978598","potions_obtained":[{"floor":1,"key":"hexamod:SoulburnPotion"},{"floor":7,"key":"BlessingOfTheForge"}],"is_trial":false,"path_per_floor":["M","M","?","?","M","R","M","E"],"character_chosen":"NECROMANCER","items_purchased":[],"campfire_rested":0,"item_purchase_floors":[],"current_hp_per_floor":[82,82,66,66,62,62,53,0,0],"gold":64,"neow_bonus":"TEN_PERCENT_HP_BONUS","is_daily":false,"chose_seed":false,"campfire_upgraded":1,"win_rate":0.0,"timestamp":1612152509,"path_taken":["M","M","?","?","?","R","M","E"],"items_purchased_type":[],"build_version":"2020-12-22","purchased_purges":0,"victory":false,"max_hp_per_floor":[82,82,82,82,82,82,82,82,82],"relic_stats":{"counters":[5,25],"obtain_stats":[{"Vampire_Amulet":0,"DemoMod:GlassGuonStoneRelic":1,"reliquary:Knoch":3,"StrikeDummy":4},{"Vampire_Amulet":0,"DemoMod:GlassGuonStoneRelic":1,"reliquary:Knoch":2,"StrikeDummy":2},{"Vampire_Amulet":0,"DemoMod:GlassGuonStoneRelic":5,"reliquary:Knoch":8,"StrikeDummy":8}]},"card_choices":[{"not_picked":["Flesh_Made_Foul","Bone_Armory"],"picked":"Life_Tap","floor":1},{"not_picked":["Blood_Whip","Bone_Armor"],"picked":"Finger_Of_Death","floor":2},{"not_picked":["Life_Tap","Uncharnel"],"picked":"Bones_to_Steel","floor":5},{"not_picked":["Blood_for_Blood","Blood_Is_Power"],"picked":"Vampiric_Strike","floor":7}],"player_experience":3137,"relics_obtained":[],"event_choices":[],"is_beta":false,"boss_relics":[],"items_purged_floors":[],"is_endless":false,"potions_floor_spawned":[1,7],"killed_by":"Gensokyo:Cirno","ascension_level":0}}