{"host":"072lmn9sfokvtood","time":1612140520,"event":{"mods":["BaseMod","Colored Powertips","Curses Come First","Minty Spire (QoL Compilation)","StSLib"],"gold_per_floor":[119,194,206,206,21,48,108,108,162,162,178,178,209,263,263,366,366,385,396,41,0,0,0,27,27,53,66,66,66],"floor_reached":28,"language":"ENG","playtime":2156,"items_purged":[],"score":254,"play_id":"b8569d40-8c1b-4bc8-af07-e9c8e809c69f","local_time":"20210131184840","is_ascension_mode":true,"campfire_choices":[{"floor":8,"key":"REST"},{"floor":10,"key":"REST"},{"data":"Seeing Red","floor":12,"key":"SMITH"},{"floor":15,"key":"REST"},{"floor":23,"key":"RECALL"}],"circlet_count":0,"master_deck":["Strike_R","Strike_R","Strike_R","Strike_R","Defend_R","Defend_R","Defend_R","Defend_R","Bash","Fire Breathing","Seeing Red+1","Inflame","Uppercut","Inflame","Intimidate","Rupture","Sword Boomerang","Blood for Blood","Combust","Juggernaut","Inflame","Perfected Strike","Bloodletting","Body Slam","Flame Barrier","Decay","Pain","Limit Break"],"relics":["Burning Blood","Pantograph","Unceasing Top","Vajra","Juzu Bracelet","Cursed Key","Ornamental Fan","Champion Belt"],"acts_visited":["Exordium","TheCity"],"potions_floor_usage":[16,24,24],"damage_taken":[{"damage":3,"enemies":"2 Louse","floor":1,"turns":3},{"damage":1,"enemies":"Cultist","floor":3,"turns":3},{"damage":44,"enemies":"Lagavulin","floor":6,"turns":7},{"damage":44,"enemies":"Lagavulin Event","floor":7,"turns":8},{"damage":4,"enemies":"Jaw Worm","floor":11,"turns":5},{"damage":26,"enemies":"Gremlin Nob","floor":13,"turns":5},{"damage":42,"enemies":"The Guardian","floor":16,"turns":9},{"damage":23,"enemies":"Shell Parasite","floor":18,"turns":5},{"damage":31,"enemies":"3 Byrds","floor":19,"turns":5},{"damage":62,"enemies":"Slavers","floor":24,"turns":6},{"damage":27,"enemies":"Snake Plant","floor":27,"turns":3},{"damage":17,"enemies":"Sentry and Sphere","floor":28,"turns":3}],"seed_played":"4357468960947260506","potions_obtained":[{"floor":3,"key":"LiquidBronze"},{"floor":11,"key":"Swift Potion"},{"floor":19,"key":"Ancient Potion"},{"floor":27,"key":"ElixirPotion"}],"is_trial":false,"path_per_floor":["M","?","M","?","$","E","?","R","T","R","M","R","E","?","R","B",null,"M","M","$","?","?","R","E","?","T","M","M"],"character_chosen":"IRONCLAD","items_purchased":["Uppercut","Inflame","Intimidate","Ornamental Fan","Bloodletting","Body Slam"],"campfire_rested":3,"item_purchase_floors":[5,5,5,20,20,20],"current_hp_per_floor":[88,80,85,85,85,47,9,35,35,61,63,63,43,43,69,52,88,71,46,46,46,88,88,32,32,32,11,0,0],"gold":66,"neow_bonus":"TEN_PERCENT_HP_BONUS","is_daily":false,"chose_seed":false,"campfire_upgraded":1,"win_rate":0.0,"timestamp":1612140520,"path_taken":["M","?","?","?","$","E","?","R","T","R","M","R","E","?","R","BOSS","M","M","$","?","?","R","E","?","T","M","M"],"items_purchased_type":["Card","Card","Card","Relic","Card","Card"],"build_version":"2020-12-22","purchased_purges":0,"victory":false,"max_hp_per_floor":[88,88,88,88,88,88,88,88,88,88,88,88,88,88,88,88,88,88,88,88,88,88,88,88,88,88,88,88,88],"card_choices":[{"not_picked":["Warcry","Armaments"],"picked":"Fire Breathing","floor":1},{"not_picked":["Havoc","Warcry"],"picked":"Seeing Red","floor":3},{"not_picked":["Sever Soul","Perfected Strike"],"picked":"Rupture","floor":6},{"not_picked":["Evolve","Clash"],"picked":"Sword Boomerang","floor":7},{"not_picked":["Headbutt","Infernal Blade"],"picked":"Blood for Blood","floor":11},{"not_picked":["Ghostly Armor","Flex"],"picked":"Combust","floor":13},{"not_picked":["Reaper","Demon Form"],"picked":"Juggernaut","floor":16},{"not_picked":["Body Slam+1","Sword Boomerang"],"picked":"Inflame","floor":18},{"not_picked":["Wild Strike","Searing Blow"],"picked":"Perfected Strike","floor":19},{"not_picked":["Perfected Strike","Thunderclap"],"picked":"Flame Barrier","floor":24},{"not_picked":["Combust","Rampage"],"picked":"Limit Break","floor":27}],"player_experience":228413,"relics_obtained":[{"floor":6,"key":"Pantograph"},{"floor":9,"key":"Vajra"},{"floor":13,"key":"Juzu Bracelet"},{"floor":24,"key":"Champion Belt"}],"event_choices":[{"damage_healed":0,"gold_gain":75,"player_choice":"Touch","damage_taken":8,"max_hp_gain":0,"max_hp_loss":0,"event_name":"FaceTrader","floor":2,"gold_loss":0},{"damage_healed":0,"gold_gain":0,"cards_transformed":["Strike_R"],"player_choice":"Change","damage_taken":0,"max_hp_gain":0,"max_hp_loss":0,"event_name":"Living Wall","floor":4,"gold_loss":0,"cards_obtained":["Inflame"]},{"damage_healed":0,"gold_gain":0,"player_choice":"Searched \u00272\u0027 times","damage_taken":0,"relics_obtained":["Unceasing Top"],"max_hp_gain":0,"max_hp_loss":0,"event_name":"Dead Adventurer","floor":7,"gold_loss":0},{"damage_healed":0,"gold_gain":54,"player_choice":"Gained Gold","damage_taken":0,"max_hp_gain":0,"max_hp_loss":0,"event_name":"Golden Wing","floor":14,"gold_loss":0},{"damage_healed":0,"gold_gain":0,"player_choice":"Paid Fearfully","damage_taken":0,"max_hp_gain":0,"max_hp_loss":0,"event_name":"Masked Bandits","floor":21,"gold_loss":41},{"damage_healed":42,"gold_gain":0,"player_choice":"Full Heal","damage_taken":0,"max_hp_gain":0,"max_hp_loss":0,"event_name":"Wheel of Change","floor":22,"gold_loss":0},{"damage_healed":0,"gold_gain":0,"player_choice":"Smashed Altar","damage_taken":0,"max_hp_gain":0,"max_hp_loss":0,"event_name":"Forgotten Altar","floor":25,"gold_loss":0,"cards_obtained":["Decay"]}],"is_beta":false,"boss_relics":[{"not_picked":["SacredBark","Snecko Eye"],"picked":"Cursed Key"}],"items_purged_floors":[],"is_endless":false,"potions_floor_spawned":[3,11,19,27],"killed_by":"Sentry and Sphere","ascension_level":1}}