{"host":"y3h3n3f7seyagppx","time":1612200257,"event":{"mods":["AlwaysNeverKeys","BaseMod","Better Vampires","Colored Powertips","DeckTracker","Emptier Cage","Minty Spire (QoL Compilation)","Permanent Neow","Quick Restart","Rare Cards Sparkle","Relic Sorter","Relic Stats","StSLib","Transform Curses"],"gold_per_floor":[209,209,13,33,48,83,83,109,146,190,218,27,27,40,40,40,40],"floor_reached":16,"language":"ENG","playtime":1133,"items_purged":[],"score":240,"play_id":"f3232fee-ed0c-4eee-8267-0c74ea35be08","local_time":"20210201122417","is_ascension_mode":true,"campfire_choices":[{"data":"Perfected Strike","floor":7,"key":"SMITH"},{"data":"Bash","floor":13,"key":"SMITH"},{"data":"Spot Weakness","floor":15,"key":"SMITH"}],"circlet_count":0,"master_deck":["AscendersBane","Strike_R","Strike_R","Strike_R","Strike_R","Strike_R","Defend_R","Defend_R","Defend_R","Defend_R","Bash+1","Combust","Perfected Strike+1","Pommel Strike","Spot Weakness+1","Exhume","Flame Barrier","Flame Barrier","Evolve"],"relics":["Burning Blood","Juzu Bracelet","Sling","Potion Belt","MawBank","Happy Flower","Singing Bowl","ClockworkSouvenir"],"acts_visited":["Exordium"],"potions_floor_usage":[16,16],"damage_taken":[{"damage":10,"enemies":"Small Slimes","floor":1,"turns":5},{"damage":6,"enemies":"Cultist","floor":4,"turns":4},{"damage":9,"enemies":"Jaw Worm","floor":5,"turns":4},{"damage":19,"enemies":"3 Sentries","floor":6,"turns":5},{"damage":8,"enemies":"Gremlin Nob","floor":8,"turns":3},{"damage":19,"enemies":"3 Sentries","floor":10,"turns":5},{"damage":13,"enemies":"Red Slaver","floor":11,"turns":4},{"damage":14,"enemies":"Large Slime","floor":14,"turns":4},{"damage":20,"enemies":"Hexaghost","floor":16,"turns":9}],"seed_played":"4328908229127478065","potions_obtained":[{"floor":1,"key":"EntropicBrew"},{"floor":5,"key":"SpeedPotion"},{"floor":6,"key":"Strength Potion"},{"floor":10,"key":"Dexterity Potion"},{"floor":11,"key":"SpeedPotion"}],"is_trial":false,"path_per_floor":["M","?","$","M","M","E","R","E","T","E","M","$","R","M","R","B"],"character_chosen":"IRONCLAD","items_purchased":["Sling","Combust","ClockworkSouvenir","Evolve"],"campfire_rested":0,"item_purchase_floors":[3,3,12,12],"current_hp_per_floor":[64,64,64,64,61,48,48,46,46,33,26,26,26,20,20,0,0],"gold":40,"neow_bonus":"HUNDRED_GOLD","is_daily":false,"chose_seed":false,"campfire_upgraded":3,"win_rate":0.0,"timestamp":1612200257,"path_taken":["M","?","$","M","M","E","R","E","T","E","M","$","R","M","R","BOSS"],"items_purchased_type":["Relic","Card","Relic","Card"],"build_version":"2020-12-22","purchased_purges":0,"victory":false,"max_hp_per_floor":[75,75,75,75,75,75,75,75,75,75,75,75,75,77,77,77,77],"relic_stats":{"Happy Flower":[7],"Singing Bowl":2,"counters":[9,43],"Juzu Bracelet":0,"MawBank":48,"obtain_stats":[{"Potion Belt":6,"Happy Flower":9,"Singing Bowl":10,"Juzu Bracelet":2,"Sling":3,"MawBank":8,"Burning Blood":0,"ClockworkSouvenir":12},{"Potion Belt":4,"Happy Flower":5,"Singing Bowl":6,"Juzu Bracelet":1,"Sling":1,"MawBank":5,"Burning Blood":0,"ClockworkSouvenir":7},{"Potion Belt":18,"Happy Flower":21,"Singing Bowl":26,"Juzu Bracelet":5,"Sling":5,"MawBank":21,"Burning Blood":0,"ClockworkSouvenir":30}],"Burning Blood":48},"card_choices":[{"not_picked":["Searing Blow","Bloodletting","Dual Wield"],"picked":"SKIP","floor":1},{"not_picked":["Disarm","Headbutt"],"picked":"Perfected Strike","floor":4},{"not_picked":["Disarm","Power Through"],"picked":"Pommel Strike","floor":5},{"not_picked":["Fire Breathing","Cleave"],"picked":"Spot Weakness","floor":6},{"not_picked":["Searing Blow","Second Wind"],"picked":"Exhume","floor":8},{"not_picked":["Disarm","Thunderclap"],"picked":"Flame Barrier","floor":10},{"not_picked":["Rupture","Carnage"],"picked":"Flame Barrier","floor":11},{"not_picked":["Heavy Blade","Blood for Blood","Clothesline"],"picked":"Singing Bowl","floor":14}],"player_experience":21883619,"relics_obtained":[{"floor":6,"key":"Potion Belt"},{"floor":8,"key":"MawBank"},{"floor":9,"key":"Happy Flower"},{"floor":10,"key":"Singing Bowl"}],"event_choices":[{"damage_healed":0,"gold_gain":0,"player_choice":"Gave Potion","damage_taken":0,"relics_obtained":["Juzu Bracelet"],"max_hp_gain":0,"max_hp_loss":0,"event_name":"WeMeetAgain","floor":2,"gold_loss":0}],"is_beta":false,"boss_relics":[],"items_purged_floors":[],"is_endless":false,"potions_floor_spawned":[1,5,6,10,11],"killed_by":"Hexaghost","ascension_level":20}}