{"host":"nug5xkek4sujf8as","time":1612202698,"event":{"mods":["Act Like it!","Aspiration","BaseMod","Booster Modes","CapriCore","Colored Powertips","Conspire","Energized Spire","Gensokyo","Minty Spire (QoL Compilation)","Permanent Neow","Quick Restart","Replay The Spire","Shop Mod","Spicy Shops","StSLib","¡¾¹¦ÄÜMod¡¿»ìãçÖ®»·ÐÞ¸´²¹¶¡","¡¾ÒÅÎï¿¨ÅÆ¡¿REMEMod","óô»ðÖ¸ÄÏ"],"gold_per_floor":[112,112,129,149,2,35,35,70,70,92,115,155,155,176,176,258,258,274,297,315,347,368,409,409,447,494,524,29,29,29,70,82,94,46,140,152,183,195,207,159,196,242,254,266,266],"floor_reached":44,"language":"ZHS","playtime":1541,"items_purged":["Parasite"],"score":1055,"play_id":"4a24737a-4a59-4056-b054-52ad7ea14c4f","local_time":"20210202020458","is_ascension_mode":true,"campfire_choices":[{"floor":15.0,"key":"RECALL"},{"data":"ReplayTheSpireMod:Dual Polarity","floor":24.0,"key":"SMITH"},{"data":"Fission","floor":43.0,"key":"SMITH"}],"circlet_count":0,"master_deck":["AscendersBane","conspire:GhostlyStrike","conspire:GhostlyStrike","conspire:GhostlyStrike","conspire:GhostlyDefend","conspire:GhostlyDefend","conspire:GhostlyDefend","conspire:GhostlyDefend","Zap","Dualcast","Scrawl+1","Turbo","Streamline","aspiration:Polymerization","Ball Lightning","Defragment+1","Self Repair+1","Rainbow+1","ReplayTheSpireMod:Dual Polarity+1","Capacitor+1","ReplayTheSpireMod:Calculation Training+1","Thunder Strike+1","Defragment+1","FIFO Queue+1","Crystallizer+1","Biased Cognition+1","Coolheaded+1","Fission+1"],"relics":["Cracked Core","REME_ComplimentaryCards","aspiration:Nostalgia","Sizzling Blood","PreservedInsect","Replay:Mystery Machine","Frozen Egg 2","Replay:Bandana","Cables","Nuclear Battery","Counterbalance","Pocketwatch","aspiration:HiddenCompartment","Juzu Bracelet","Replay:Bottled Snecko","Lee\u0027s Waffle","Guide Book","MawBank","energizedSpire:SpiderWeb","Ring of Hypnosis","Ring of Panic","ReplayFunnel"],"acts_visited":["Exordium","TheCity","TheBeyond"],"potions_floor_usage":[44],"damage_taken":[{"damage":3.0,"enemies":"2 Louse","floor":1.0,"turns":3.0},{"damage":0.0,"enemies":"Cultist","floor":3.0,"turns":2.0},{"damage":7.0,"enemies":"Jaw Worm","floor":4.0,"turns":2.0},{"damage":24.0,"enemies":"Gremlin Nob","floor":6.0,"turns":3.0},{"damage":22.0,"enemies":"Lagavulin","floor":8.0,"turns":4.0},{"damage":8.0,"enemies":"3 Louse","floor":10.0,"turns":2.0},{"damage":12.0,"enemies":"Looter","floor":11.0,"turns":3.0},{"damage":4.0,"enemies":"Gremlin Nob","floor":12.0,"turns":3.0},{"damage":13.0,"enemies":"Exordium Thugs","floor":14.0,"turns":4.0},{"damage":0.0,"enemies":"Slime Boss","floor":16.0,"turns":4.0},{"damage":4.0,"enemies":"Chosen","floor":18.0,"turns":4.0},{"damage":34.0,"enemies":"2 Thieves","floor":19.0,"turns":4.0},{"damage":19.0,"enemies":"Snake Plant","floor":20.0,"turns":3.0},{"damage":16.0,"enemies":"conspire:HollyBat","floor":22.0,"turns":4.0},{"damage":17.0,"enemies":"Gremlin Leader","floor":23.0,"turns":5.0},{"damage":16.0,"enemies":"REME_1_Revenger","floor":25.0,"turns":3.0},{"damage":24.0,"enemies":"Book of Stabbing","floor":27.0,"turns":4.0},{"damage":8.0,"enemies":"REME_1_Revenger","floor":31.0,"turns":3.0},{"damage":28.0,"enemies":"Champ","floor":35.0,"turns":7.0},{"damage":34.0,"enemies":"3 Darklings","floor":37.0,"turns":5.0},{"damage":6.0,"enemies":"Orb Walker","floor":41.0,"turns":3.0},{"damage":15.0,"enemies":"R_Hoarder","floor":42.0,"turns":4.0},{"damage":82,"enemies":"Reptomancer","floor":44,"turns":2}],"seed_played":"-1642019513020354162","potions_obtained":[{"floor":6.0,"key":"Block Potion"},{"floor":8.0,"key":"Milkshake"},{"floor":18.0,"key":"EntropicBrew"},{"floor":20.0,"key":"Flashbang"},{"floor":25.0,"key":"Elixir"},{"floor":37.0,"key":"ColorlessPotion"}],"is_trial":false,"path_per_floor":["M","?","M","M","$","E","?","E","T","M","M","E","T","M","R","B",null,"M","M","M","?","M","E","R","E","T","E","$","PTL","PTL","E","?","$","R","B",null,"M","?","?","?","M","E","R","E"],"character_chosen":"DEFECT","items_purchased":["PreservedInsect","Lee\u0027s Waffle","Guide Book","FIFO Queue+1"],"campfire_rested":0,"item_purchase_floors":[5,28,28,28],"current_hp_per_floor":[73,73,77,74,74,54,54,36,36,32,34,34,34,35,35,49,72,79,59,54,35,33,30,30,28,28,18,83,83,83,83,83,83,83,69,80,60,60,60,60,68,74,74,0,0],"gold":266,"neow_bonus":"NOSTALGIA","is_daily":false,"chose_seed":false,"campfire_upgraded":2,"win_rate":0.0,"timestamp":1612202698,"path_taken":["M","?","?","M","$","E","?","E","T","M","M","E","?","M","R","BOSS","M","M","M","?","M","E","R","E","T","E","?","PTL","PTL","E","?","$","R","BOSS","M","?","?","?","M","E","R","E"],"items_purchased_type":["Relic","Relic","Relic","Card"],"build_version":"2020-12-22","purchased_purges":1,"victory":false,"max_hp_per_floor":[79,79,79,79,79,79,79,79,79,79,79,79,79,79,79,79,79,79,79,79,79,79,79,79,79,79,79,83,83,83,83,83,83,83,83,83,83,83,83,83,83,83,83,83,83],"card_choices":[{"not_picked":["Leap","Hologram"],"picked":"Turbo","floor":1.0},{"not_picked":["Ball Lightning","Heatsinks"],"picked":"Streamline","floor":3.0},{"not_picked":["Hologram","Rebound"],"picked":"aspiration:Polymerization","floor":4.0},{"not_picked":["Barrage","Steam Power"],"picked":"Ball Lightning","floor":6.0},{"not_picked":["ReplayTheSpireMod:Dual Polarity","Rebound"],"picked":"Defragment+1","floor":8.0},{"not_picked":["Barrage","Undo"],"picked":"Self Repair+1","floor":10.0},{"not_picked":["Aggregate","REME_DataAnalysis","Steam"],"picked":"SKIP","floor":11.0},{"not_picked":["Redo","Ball Lightning","Panic Button"],"picked":"SKIP","floor":12.0},{"not_picked":["Turbo","Streamline","Leap"],"picked":"SKIP","floor":14.0},{"not_picked":["Mirror Shield","REME_ForAll"],"picked":"Rainbow","floor":16.0},{"not_picked":["Conserve Battery","Cold Snap"],"picked":"ReplayTheSpireMod:Dual Polarity","floor":18.0},{"not_picked":["REME_SelfUpgrade+1","Beam Cell","Ball Lightning"],"picked":"SKIP","floor":19.0},{"not_picked":["Reprogram","Panic Button"],"picked":"Capacitor+1","floor":20.0},{"not_picked":["Beam Cell","Conserve Battery"],"picked":"ReplayTheSpireMod:Calculation Training+1","floor":21.0},{"not_picked":["REME_Compress","Darkness","ReplaySolidLightProjector"],"picked":"SKIP","floor":22.0},{"not_picked":["Compile Driver","Go for the Eyes","Hyperbeam"],"picked":"SKIP","floor":23.0},{"not_picked":["Time Bomb","Gash"],"picked":"Thunder Strike","floor":25.0},{"not_picked":["Streamline+1","Time Bomb+1"],"picked":"Defragment+1","floor":27.0},{"not_picked":["Sweeping Beam+1","Stack+1","Lockon"],"picked":"SKIP","floor":31.0},{"not_picked":["REME_ForAll","Thunder Strike"],"picked":"Biased Cognition+1","floor":35.0},{"not_picked":["Ball Lightning","ReplayTheSpireMod:Calculation Training"],"picked":"Coolheaded+1","floor":37.0},{"not_picked":["BasicCrystalCard","Genetic Algorithm","Auto Shields+1"],"picked":"SKIP","floor":41.0},{"not_picked":["Auto Shields","Coolheaded","Multi-Cast"],"picked":"Fission","floor":42.0}],"player_experience":762961,"relics_obtained":[{"floor":6.0,"key":"Replay:Mystery Machine"},{"floor":8.0,"key":"Frozen Egg 2"},{"floor":9.0,"key":"Replay:Bandana"},{"floor":12.0,"key":"Cables"},{"floor":21.0,"key":"Counterbalance"},{"floor":23.0,"key":"Pocketwatch"},{"floor":25.0,"key":"aspiration:HiddenCompartment"},{"floor":26.0,"key":"Juzu Bracelet"},{"floor":27.0,"key":"Replay:Bottled Snecko"},{"floor":31.0,"key":"MawBank"},{"floor":39.0,"key":"Ring of Hypnosis"},{"floor":39.0,"key":"Ring of Panic"},{"floor":42.0,"key":"ReplayFunnel"}],"event_choices":[{"damage_healed":0.0,"max_hp_gain":0.0,"max_hp_loss":0.0,"gold_gain":0.0,"event_name":"Upgrade Shrine","player_choice":"Upgraded","floor":2.0,"gold_loss":0.0,"damage_taken":0.0,"cards_upgraded":["Scrawl"]},{"damage_healed":0.0,"max_hp_gain":0.0,"max_hp_loss":0.0,"gold_gain":0.0,"event_name":"conspire:LoneGhost","player_choice":"Agree","floor":7.0,"gold_loss":0.0,"damage_taken":0.0},{"damage_healed":0.0,"max_hp_gain":0.0,"max_hp_loss":0.0,"gold_gain":0.0,"event_name":"The Library","player_choice":"Read","floor":32.0,"gold_loss":0.0,"damage_taken":0.0,"cards_obtained":["Crystallizer"]},{"cards_removed":["conspire:GhostlyStrike"],"damage_healed":0.0,"max_hp_gain":0.0,"max_hp_loss":0.0,"gold_gain":0.0,"event_name":"Falling","player_choice":"Removed Attack","floor":38.0,"gold_loss":0.0,"damage_taken":0.0},{"cards_removed":["Spreading Infection"],"damage_healed":0.0,"max_hp_gain":0.0,"max_hp_loss":0.0,"gold_gain":0.0,"event_name":"Designer","player_choice":"Single Remove","floor":40.0,"gold_loss":60.0,"damage_taken":0.0}],"is_beta":false,"boss_relics":[{"not_picked":["energizedSpire:OgreHead","aspiration:SecretTechniqueScroll"],"picked":"Nuclear Battery"},{"not_picked":["REME_LowDesire","conspire:SpecialSausage"],"picked":"energizedSpire:SpiderWeb"}],"items_purged_floors":[28],"is_endless":false,"potions_floor_spawned":[6,8,10,11,18,20,25,27,35,37],"killed_by":"Reptomancer","ascension_level":13}}