{"host":"6gl4z8x6qhx9xtfj","time":1612149395,"event":{"mods":["2.2 Compatiblity","AchievementEnabler","BaseMod","Bestiary","Colored Map","Colored Powertips","Evolution","Minty Spire (QoL Compilation)","Quick Restart","Relic Stats","StSLib","SuperFastMode"],"gold_per_floor":[110,110,123,140,153,153,184,184,184,198,226,244,269,88,88,188,188,206,206,206,206,222,247,247,280,304,304,324,324,335,361,361,465,465,485,499,499,510,522,549,549,580,580,580,25,42,73,0,0,0],"floor_reached":51,"language":"RUS","playtime":2929,"items_purged":[],"score":1095,"play_id":"d66a68a5-1939-4729-bb08-3d99ed3073fe","local_time":"20210201061635","is_ascension_mode":true,"campfire_choices":[{"data":"ReachHeaven","floor":6,"key":"SMITH"},{"data":"Vigilance","floor":15,"key":"SMITH"},{"data":"Devotion","floor":24,"key":"SMITH"},{"data":"Vault","floor":27,"key":"SMITH"},{"data":"ReachHeaven","floor":29,"key":"SMITH"},{"floor":32,"key":"REST"},{"floor":41,"key":"REST"},{"floor":44,"key":"REST"},{"floor":49,"key":"REST"}],"circlet_count":0,"master_deck":["CutThroughFate","CutThroughFate","CutThroughFate","CutThroughFate","Evaluate","Evaluate","Evaluate","Eruption+1","Vigilance+1","Prostrate","FlyingSleeves","ReachHeaven+1","FollowUp","Pray","Weave","ReachHeaven+1","Vault+1","EmptyBody","Devotion+1","Evaluate+1","Blasphemy","Tantrum","Brilliance","Consecrate+1","BattleHymn+1","Protect+1","Prostrate+1","Fasting2+1","Secret Technique","CrushJoints+1"],"relics":["EVO:Axolotl","SacredBark","Dream Catcher","Darkstone Periapt","TungstenRod","Bottled Lightning","Philosopher\u0027s Stone","Enchiridion","Ornamental Fan","InkBottle","Lantern","Pen Nib","Fusion Hammer","Juzu Bracelet","Sundial","Mercury Hourglass","Nunchaku","Pear","Oddly Smooth Stone","Red Mask"],"acts_visited":["Exordium","TheCity","TheBeyond"],"potions_floor_usage":[16,25,25,50],"damage_taken":[{"damage":0,"enemies":"Small Slimes","floor":1,"turns":3},{"damage":0,"enemies":"Cultist","floor":3,"turns":2},{"damage":4,"enemies":"Jaw Worm","floor":4,"turns":2},{"damage":0,"enemies":"Looter","floor":5,"turns":4},{"damage":8,"enemies":"Lagavulin","floor":7,"turns":7},{"damage":2,"enemies":"Exordium Thugs","floor":10,"turns":3},{"damage":0,"enemies":"Gremlin Nob","floor":11,"turns":2},{"damage":1,"enemies":"Red Slaver","floor":12,"turns":2},{"damage":9,"enemies":"Lagavulin","floor":13,"turns":5},{"damage":20,"enemies":"Hexaghost","floor":16,"turns":9},{"damage":0,"enemies":"3 Byrds","floor":18,"turns":3},{"damage":13,"enemies":"Shell Parasite","floor":22,"turns":4},{"damage":21,"enemies":"Gremlin Leader","floor":23,"turns":5},{"damage":6,"enemies":"Slavers","floor":25,"turns":5},{"damage":3,"enemies":"Shelled Parasite and Fungi","floor":28,"turns":4},{"damage":0,"enemies":"Centurion and Healer","floor":30,"turns":6},{"damage":4,"enemies":"Book of Stabbing","floor":31,"turns":3},{"damage":5,"enemies":"Automaton","floor":33,"turns":7},{"damage":1,"enemies":"Orb Walker","floor":35,"turns":3},{"damage":1,"enemies":"3 Darklings","floor":36,"turns":2},{"damage":0,"enemies":"Sphere and 2 Shapes","floor":38,"turns":3},{"damage":14,"enemies":"Jaw Worm Horde","floor":39,"turns":3},{"damage":21,"enemies":"Reptomancer","floor":40,"turns":4},{"damage":0,"enemies":"Giant Head","floor":42,"turns":5},{"damage":0,"enemies":"3 Darklings","floor":46,"turns":4},{"damage":0,"enemies":"Reptomancer","floor":47,"turns":4},{"damage":26,"enemies":"Time Eater","floor":50,"turns":4}],"seed_played":"-6317078528572900144","potions_obtained":[{"floor":7,"key":"ColorlessPotion"},{"floor":11,"key":"Strength Potion"},{"floor":13,"key":"Swift Potion"},{"floor":16,"key":"EssenceOfSteel"},{"floor":30,"key":"SmokeBomb"},{"floor":31,"key":"StancePotion"}],"is_trial":false,"path_per_floor":["M","?","M","M","M","R","E","?","T","M","E","M","E","$","R","B",null,"M","?","?","?","M","E","R","E","T","R","M","R","M","E","R","B",null,"M","M","?","M","M","E","R","E","T","R","$","M","E","?","R","B",null],"character_chosen":"WATCHER","items_purchased":["Vault","EmptyBody","Nunchaku","Pear","Secret Technique"],"campfire_rested":4,"item_purchase_floors":[14,14,45,45,45],"current_hp_per_floor":[81,81,81,77,77,77,69,69,69,67,67,66,57,57,57,37,81,81,81,69,69,56,35,35,29,29,29,26,26,26,22,46,41,81,80,79,79,79,65,44,68,68,68,81,91,91,91,91,91,65],"gold":0,"neow_bonus":"BOSS_RELIC","is_daily":false,"chose_seed":false,"campfire_upgraded":5,"win_rate":0.0,"timestamp":1612149395,"path_taken":["M","?","M","M","M","R","E","?","T","?","E","M","E","$","R","BOSS","M","?","?","?","?","E","R","E","T","R","M","R","M","E","R","BOSS","M","M","?","M","?","E","R","E","T","R","?","M","E","?","R","BOSS"],"items_purchased_type":["Card","Card","Relic","Relic","Card"],"build_version":"2020-12-22","purchased_purges":0,"victory":true,"max_hp_per_floor":[81,81,81,81,81,81,81,81,81,81,81,81,81,81,81,81,81,81,81,81,81,81,81,81,81,81,81,81,81,81,81,81,81,81,81,81,81,81,81,81,81,81,81,81,91,91,91,91,91,91],"relic_stats":{"Darkstone Periapt":0,"Dream Catcher":4,"Nunchaku":[3],"counters":[27,108],"Ornamental Fan":[168],"Sundial":[0],"Pen Nib":[13],"Juzu Bracelet":0,"obtain_stats":[{"Darkstone Periapt":9,"Lantern":26,"Pear":45,"SacredBark":0,"Enchiridion":20,"Oddly Smooth Stone":47,"Pen Nib":31,"Juzu Bracelet":40,"EVO:Axolotl":0,"Mercury Hourglass":43,"Dream Catcher":7,"Nunchaku":45,"Ornamental Fan":23,"Sundial":42,"Philosopher\u0027s Stone":17,"Fusion Hammer":34,"Red Mask":48,"Bottled Lightning":13,"PureWater":0,"TungstenRod":11,"InkBottle":25},{"Darkstone Periapt":5,"Lantern":14,"Pear":24,"SacredBark":0,"Enchiridion":11,"Oddly Smooth Stone":26,"Pen Nib":17,"Juzu Bracelet":23,"EVO:Axolotl":0,"Mercury Hourglass":24,"Dream Catcher":5,"Nunchaku":24,"Ornamental Fan":13,"Sundial":24,"Philosopher\u0027s Stone":10,"Fusion Hammer":18,"Red Mask":26,"Bottled Lightning":9,"PureWater":0,"TungstenRod":7,"InkBottle":14},{"Darkstone Periapt":18,"Lantern":56,"Pear":96,"SacredBark":0,"Enchiridion":42,"Oddly Smooth Stone":104,"Pen Nib":69,"Juzu Bracelet":91,"EVO:Axolotl":0,"Mercury Hourglass":96,"Dream Catcher":18,"Nunchaku":96,"Ornamental Fan":51,"Sundial":96,"Philosopher\u0027s Stone":39,"Fusion Hammer":76,"Red Mask":104,"Bottled Lightning":30,"PureWater":0,"TungstenRod":23,"InkBottle":56}],"TungstenRod":29,"InkBottle":[32],"Mercury Hourglass":[60]},"card_choices":[{"not_picked":["CrushJoints","PathToVictory"],"picked":"Prostrate","floor":1},{"not_picked":["Perseverance","Sanctity"],"picked":"FlyingSleeves","floor":3},{"not_picked":["Protect","Crescendo"],"picked":"ReachHeaven","floor":4},{"not_picked":["Sanctity","WindmillStrike"],"picked":"FollowUp","floor":5},{"not_picked":["EmptyMind","Meditate"],"picked":"Judgement","floor":7},{"not_picked":["SignatureMove","FollowUp"],"picked":"Pray","floor":10},{"not_picked":["EmptyMind","ClearTheMind"],"picked":"Weave","floor":11},{"not_picked":["FlyingSleeves","Halt","Consecrate"],"picked":"SKIP","floor":12},{"not_picked":["Wireheading","ThirdEye"],"picked":"ReachHeaven","floor":13},{"not_picked":["MasterReality","ConjureBlade"],"picked":"Devotion","floor":16},{"not_picked":["WindmillStrike","BowlingBash","ClearTheMind"],"picked":"SKIP","floor":18},{"not_picked":["CutThroughFate","SandsOfTime","Consecrate"],"picked":"SKIP","floor":22},{"not_picked":["MentalFortress+1","SashWhip"],"picked":"Evaluate+1","floor":23},{"not_picked":["PathToVictory","CutThroughFate","Vengeance"],"picked":"SKIP","floor":25},{"not_picked":["FlurryOfBlows","WreathOfFlame","EmptyFist"],"picked":"SKIP","floor":28},{"not_picked":["InnerPeace","FlyingSleeves+1","EmptyBody"],"picked":"SKIP","floor":30},{"not_picked":["WindmillStrike+1","SpiritShield"],"picked":"Blasphemy","floor":31},{"not_picked":["Sanctity","Worship"],"picked":"Tantrum","floor":32},{"not_picked":["Alpha","Blasphemy"],"picked":"Brilliance","floor":33},{"not_picked":["Halt","ForeignInfluence+1"],"picked":"Consecrate+1","floor":35},{"not_picked":["Nirvana","EmptyMind"],"picked":"BattleHymn+1","floor":36},{"not_picked":["FlyingSleeves+1","EmptyFist+1"],"picked":"Protect+1","floor":38},{"not_picked":["FlyingSleeves+1","ThirdEye","DeceiveReality"],"picked":"SKIP","floor":39},{"not_picked":["FlyingSleeves","BattleHymn+1"],"picked":"Prostrate+1","floor":40},{"not_picked":["Prostrate","SashWhip+1"],"picked":"Fasting2+1","floor":41},{"not_picked":["EmptyBody","Swivel","Fasting2"],"picked":"SKIP","floor":42},{"not_picked":["Judgement","InnerPeace"],"picked":"CrushJoints+1","floor":46},{"not_picked":["BattleHymn","EmptyBody","Halt+1"],"picked":"SKIP","floor":47}],"player_experience":94218,"relics_obtained":[{"floor":7,"key":"Dream Catcher"},{"floor":9,"key":"Darkstone Periapt"},{"floor":11,"key":"TungstenRod"},{"floor":13,"key":"Bottled Lightning"},{"floor":20,"key":"Enchiridion"},{"floor":23,"key":"Ornamental Fan"},{"floor":25,"key":"InkBottle"},{"floor":26,"key":"Lantern"},{"floor":31,"key":"Pen Nib"},{"floor":40,"key":"Juzu Bracelet"},{"floor":42,"key":"Sundial"},{"floor":43,"key":"Mercury Hourglass"},{"floor":47,"key":"Oddly Smooth Stone"}],"event_choices":[{"damage_healed":0,"gold_gain":0,"player_choice":"Grow","damage_taken":0,"max_hp_gain":0,"max_hp_loss":0,"event_name":"Living Wall","floor":2,"gold_loss":0,"cards_upgraded":["Eruption"]},{"cards_removed":["Evaluate"],"damage_healed":0,"gold_gain":0,"player_choice":"Purged","damage_taken":0,"max_hp_gain":0,"max_hp_loss":0,"event_name":"Purifier","floor":8,"gold_loss":0},{"damage_healed":0,"gold_gain":0,"player_choice":"Ignored","damage_taken":0,"max_hp_gain":0,"max_hp_loss":0,"event_name":"Vampires","floor":19,"gold_loss":0},{"damage_healed":0,"gold_gain":0,"player_choice":"Obtained Book","damage_taken":16,"max_hp_gain":0,"max_hp_loss":0,"event_name":"Cursed Tome","floor":20,"gold_loss":0},{"cards_removed":["Judgement"],"damage_healed":0,"gold_gain":0,"player_choice":"Elegance","damage_taken":0,"max_hp_gain":0,"max_hp_loss":0,"event_name":"Back to Basics","floor":21,"gold_loss":0},{"damage_healed":0,"gold_gain":0,"player_choice":"0 cards matched","damage_taken":0,"max_hp_gain":0,"max_hp_loss":0,"event_name":"Match and Keep!","floor":37,"gold_loss":0,"cards_obtained":[]},{"damage_healed":0,"gold_gain":0,"player_choice":"Paid","damage_taken":0,"relics_obtained":["Red Mask"],"max_hp_gain":0,"max_hp_loss":0,"event_name":"Tomb of Lord Red Mask","floor":48,"gold_loss":73}],"is_beta":false,"boss_relics":[{"not_picked":["SlaversCollar","Runic Pyramid"],"picked":"Philosopher\u0027s Stone"},{"not_picked":["Black Star","Astrolabe"],"picked":"Fusion Hammer"}],"items_purged_floors":[],"is_endless":false,"potions_floor_spawned":[7,11,13,16,18,23,30,31,35,36,40,42],"ascension_level":3}}