{"host":"toh0bbw446wnuexf","time":1612162508,"event":{"mods":["BaseMod","Downfall","Hermit","Minty Spire (QoL Compilation)","Random Character Button","StSLib"],"gold_per_floor":[99,99,99,99,99,99,99,110,110,110,140,151,151,151,161,259,259,259,269,289,289,289,199,199,215,273,273,273,285,285,285,297,297,297,297],"floor_reached":33,"language":"ENG","playtime":3235,"items_purged":["sneckomod:Unknown","sneckomod:UnknownDexterity"],"score":253,"play_id":"879d160c-13db-43f3-b8b7-c805d3176c0c","local_time":"20210201195508","is_ascension_mode":true,"campfire_choices":[{"data":"sneckomod:SnekBite","floor":1,"key":"SMITH"},{"data":"Guardian:RefractedBeam","floor":10,"key":"SMITH"},{"data":"Guardian:RefractedBeam+1","floor":13,"key":"SMITH"},{"data":"Guardian:RefractedBeam+2","floor":18,"key":"SMITH"},{"data":"Guardian:RefractedBeam+3","floor":28,"key":"SMITH"},{"data":"Guardian:RefractedBeam+4","floor":30,"key":"SMITH"}],"circlet_count":0,"master_deck":["sneckomod:Strike","sneckomod:Strike","sneckomod:Strike","sneckomod:Defend","sneckomod:Defend","sneckomod:Defend","sneckomod:TailWhip","sneckomod:SnekBite+1","sneckomod:QuickMove","sneckomod:SerpentIdol+1","Guardian:RefractedBeam+5"],"relics":["sneckomod:SneckoSoul","downfall:HeartsMalice","Bronze Scales","Akabeko","Coffee Dripper","Mummified Hand","Orichalcum","MealTicket"],"acts_visited":["Exordium","TheCity"],"potions_floor_usage":[12,33],"damage_taken":[{"damage":0,"enemies":"Cultist","floor":2,"turns":1},{"damage":0,"enemies":"Jaw Worm","floor":3,"turns":1},{"damage":0,"enemies":"2 Louse","floor":4,"turns":1},{"damage":0,"enemies":"Large Slime","floor":8,"turns":5},{"damage":21,"enemies":"3 Sentries","floor":11,"turns":7},{"damage":0,"enemies":"2 Fungi Beasts","floor":12,"turns":2},{"damage":0,"enemies":"Exordium Wildlife","floor":15,"turns":3},{"damage":26,"enemies":"WA_ARCHETYPE_RETAIN","floor":16,"turns":7},{"damage":0,"enemies":"Chosen","floor":19,"turns":3},{"damage":0,"enemies":"Spheric Guardian","floor":20,"turns":3},{"damage":5,"enemies":"downfall:FleeingMerchant","floor":23,"turns":4},{"damage":15,"enemies":"Snake Plant","floor":25,"turns":4},{"damage":0,"enemies":"downfall:FleeingMerchant","floor":26,"turns":4},{"damage":4,"enemies":"Cultist and Chosen","floor":29,"turns":4},{"damage":16,"enemies":"Centurion and Healer","floor":32,"turns":4},{"damage":58,"enemies":"IC_MUSHROOM_ARCHETYPE","floor":33,"turns":6}],"seed_played":"-4488784018252169608","potions_obtained":[{"floor":8,"key":"BlessingOfTheForge"},{"floor":12,"key":"EntropicBrew"},{"floor":15,"key":"sneckomod:DiceRollPotion"},{"floor":25,"key":"Strength Potion"}],"is_trial":false,"path_per_floor":["R","M","M","M","?","R","T","M","?","R","E","M","R","?","M","B",null,"R","M","M","?","?","$","T","M","$","T","R","M","R","?","M","B"],"character_chosen":"THE_SNECKO","items_purchased":["Orichalcum"],"campfire_rested":0,"item_purchase_floors":[26],"current_hp_per_floor":[90,90,90,90,90,90,90,90,90,90,69,69,69,74,74,48,95,95,95,95,95,95,90,90,75,75,75,75,71,71,71,55,0,0,0],"gold":297,"neow_bonus":"THREE_ENEMY_KILL","is_daily":false,"chose_seed":false,"campfire_upgraded":6,"win_rate":0.0,"timestamp":1612162508,"path_taken":["R","M","M","M","?","R","T","?","?","R","E","?","R","?","M","BOSS","R","M","M","?","?","$","T","M","$","?","R","M","R","?","M","BOSS"],"items_purchased_type":["Relic"],"build_version":"2020-12-22","purchased_purges":2,"victory":false,"max_hp_per_floor":[90,90,90,90,90,90,90,90,90,90,90,90,90,95,95,95,95,95,95,95,95,95,95,95,95,95,95,95,95,95,95,95,95,95,95],"card_choices":[{"not_picked":["sneckomod:SnekBeam","sneckomod:SoulDraw"],"picked":"sneckomod:QuickMove","floor":2},{"not_picked":["sneckomod:SoulDraw","sneckomod:RainOfDice"],"picked":"sneckomod:UnknownDexterity","floor":3},{"not_picked":["sneckomod:RainOfDice","sneckomod:SoulDraw"],"picked":"sneckomod:SerpentIdol","floor":4},{"not_picked":["sneckomod:Nope","sneckomod:UnknownBlock","sneckomod:Memorize"],"picked":"SKIP","floor":8},{"not_picked":["sneckomod:PureSnecko","sneckomod:UnknownX","sneckomod:Rotation"],"picked":"SKIP","floor":11},{"not_picked":["sneckomod:DiceCrush","sneckomod:MixItUp","sneckomod:QuickBite"],"picked":"SKIP","floor":12},{"not_picked":["sneckomod:RainOfDice","sneckomod:Nope","sneckomod:QuickBite"],"picked":"SKIP","floor":15},{"not_picked":["sneckomod:WideSting","sneckomod:CheapStock","sneckomod:DiceCrush"],"picked":"SKIP","floor":19},{"not_picked":["sneckomod:UnknownX+1","sneckomod:UnendingSupply","sneckomod:SerpentIdol"],"picked":"SKIP","floor":20},{"not_picked":["sneckomod:QuickMove+1","sneckomod:SerpentIdol+1","sneckomod:Unknown1Cost"],"picked":"SKIP","floor":23},{"not_picked":["sneckomod:SoulExchange","sneckomod:CheapStock","sneckomod:RainOfDice"],"picked":"SKIP","floor":25},{"not_picked":["sneckomod:UnknownX","sneckomod:GlitteringGambit","sneckomod:IronFang"],"picked":"SKIP","floor":26},{"not_picked":["sneckomod:UnknownCommonSkill","sneckomod:UnknownX+1","sneckomod:UnknownClassGREEN"],"picked":"SKIP","floor":29},{"not_picked":["sneckomod:Nope","sneckomod:UnknownClassTHE_BRONZE_AUTOMATON","sneckomod:QuickMove+1"],"picked":"SKIP","floor":32}],"player_experience":647504,"relics_obtained":[{"floor":7,"key":"Bronze Scales"},{"floor":11,"key":"Akabeko"},{"floor":24,"key":"Mummified Hand"},{"floor":27,"key":"MealTicket"}],"event_choices":[{"damage_healed":0,"gold_gain":0,"player_choice":"Forge","damage_taken":0,"max_hp_gain":0,"max_hp_loss":0,"event_name":"Accursed Blacksmith","floor":5,"gold_loss":0,"cards_upgraded":["sneckomod:SerpentIdol"]},{"damage_healed":0,"gold_gain":0,"player_choice":"Full Heal","damage_taken":0,"max_hp_gain":0,"max_hp_loss":0,"event_name":"Wheel of Change","floor":9,"gold_loss":0},{"damage_healed":0,"gold_gain":0,"player_choice":"Donut","damage_taken":0,"max_hp_gain":5,"max_hp_loss":0,"event_name":"Big Fish","floor":14,"gold_loss":0}],"is_beta":false,"boss_relics":[{"not_picked":["Fusion Hammer","Snecko Eye"],"picked":"Coffee Dripper"}],"items_purged_floors":[23,26],"is_endless":false,"potions_floor_spawned":[8,12,15,16,20,25],"killed_by":"IC_MUSHROOM_ARCHETYPE","ascension_level":1}}