{"host":"hpn0uxah5qjr7pa6","time":1612151296,"event":{"mods":["Act Like it!","Aspiration","BaseMod","Better Third Choice","BetterRewards","Challenge The Spire","Colored Powertips","Conspire","Downfall","Energized Spire","Hallownest","Hermit","Hubris","Infinite Spire","Minty Spire (QoL Compilation)","Permanent Neow","Quick Restart","Rare Cards Sparkle","Replay The Spire","Spicy Shops","StSLib","The Bug Knight","The Jungle"],"gold_per_floor":[115,115,40,63,63,63,94,94,94,112,125,125,141,141,141,269,269,284,284,284],"floor_reached":19,"language":"ENG","playtime":956,"items_purged":["Injury"],"score":175,"play_id":"dc3ae9df-c107-470d-93ed-0fc29ca98fb2","local_time":"20210131194816","is_ascension_mode":true,"campfire_choices":[{"data":"Body Slam","floor":6,"key":"SMITH"},{"data":"Flex","floor":8,"key":"SMITH"},{"floor":12,"key":"REST"},{"data":"Shrug It Off","floor":15,"key":"SMITH"}],"circlet_count":0,"master_deck":["Shrug It Off+1","Strike_R","Strike_R","Strike_R","Strike_R","Strike_R","Defend_R","Defend_R","Defend_R","Defend_R","Bash","Body Slam+1","Shrug It Off+1","Flex+1","Ghostly Armor","Ghostly Armor"],"relics":["Burning Blood","infinitespire:PuzzleCube","Golden Idol","Question Card","hubris:SphereOfDissonance","energizedSpire:SpiderWeb"],"acts_visited":["Exordium","TheCity"],"potions_floor_usage":[7,16],"damage_taken":[{"damage":20,"enemies":"Jaw Worm","floor":1,"turns":4},{"damage":0,"enemies":"Small Slimes","floor":4,"turns":3},{"damage":6,"enemies":"3 Sentries","floor":7,"turns":11},{"damage":0,"enemies":"2 Louse","floor":10,"turns":3},{"damage":20,"enemies":"Large Slime","floor":11,"turns":6},{"damage":3,"enemies":"2 Fungi Beasts","floor":13,"turns":3},{"damage":44,"enemies":"The Guardian","floor":16,"turns":16},{"damage":55,"enemies":"conspire:FuzzyDice","floor":18,"turns":7},{"damage":32,"enemies":"3 Byrds","floor":19,"turns":6}],"seed_played":"-8886114307675501543","potions_obtained":[{"floor":4,"key":"LiquidMemories"},{"floor":10,"key":"hexamod:SoulburnPotion"},{"floor":16,"key":"infinitespire:BlackPotion"},{"floor":18,"key":"Fire Potion"}],"is_trial":false,"path_per_floor":["M","?","$","M","$","R","E","R","T","M","M","R","M","?","R","B",null,"M","M"],"character_chosen":"IRONCLAD","items_purchased":[],"campfire_rested":1,"item_purchase_floors":[],"current_hp_per_floor":[66,66,66,72,72,72,72,72,72,78,64,80,80,80,80,42,80,31,0,0],"gold":284,"neow_bonus":"RANDOM_COMMON_RELIC","is_daily":false,"chose_seed":false,"campfire_upgraded":3,"win_rate":0.0,"timestamp":1612151296,"path_taken":["M","?","$","M","$","R","E","R","T","M","M","R","M","?","R","BOSS","M","M"],"items_purchased_type":[],"build_version":"2020-12-22","purchased_purges":1,"victory":false,"max_hp_per_floor":[80,80,80,80,80,80,80,80,80,80,80,80,80,80,80,80,80,80,80,80],"card_choices":[{"not_picked":["Feel No Pain","Pummel"],"picked":"Body Slam","floor":1},{"not_picked":["Wild Strike","Havoc"],"picked":"Shrug It Off","floor":4},{"not_picked":["True Grit","Thunderclap"],"picked":"Flex","floor":7},{"not_picked":["Clash","Headbutt","Hemokinesis"],"picked":"Ghostly Armor","floor":10},{"not_picked":["Bludgeon","Replay:Undeath\u0027s Touch","Clothesline","Dropkick"],"picked":"SKIP","floor":11},{"not_picked":["Armaments","Clash","Havoc"],"picked":"Ghostly Armor","floor":13},{"not_picked":["Feel No Pain+1","Rupture","Clothesline+1","Hemokinesis+1"],"picked":"SKIP","floor":18}],"player_experience":146076,"relics_obtained":[{"floor":7,"key":"Question Card"},{"floor":9,"key":"hubris:SphereOfDissonance"}],"event_choices":[{"damage_healed":0,"gold_gain":0,"player_choice":"Take Wound","damage_taken":0,"relics_obtained":["Golden Idol"],"max_hp_gain":0,"max_hp_loss":0,"event_name":"Golden Idol","floor":2,"gold_loss":0,"cards_obtained":["Injury"]},{"damage_healed":0,"gold_gain":0,"player_choice":"Ignored","damage_taken":141,"max_hp_gain":0,"max_hp_loss":0,"event_name":"betterThird:BetterSerpent","floor":14,"gold_loss":0}],"is_beta":false,"boss_relics":[{"not_picked":["hubris:TerracottaHorce","Replay:Ancient Bell"],"picked":"energizedSpire:SpiderWeb"}],"items_purged_floors":[3],"is_endless":false,"potions_floor_spawned":[4,10,16,18],"killed_by":"3 Byrds","ascension_level":1}}