{"host":"jwbw4f4imxd0v0b0","time":1612151640,"event":{"mods":["BaseMod","Colored Map","Highlight Path","Minty Spire (QoL Compilation)","Relic Stats","StSLib"],"gold_per_floor":[363,343,356,0,14,14,41,41,64,98,98,116,116,135,135,212,212,225,225,225,225,175,175,209,209,234,254,272,272,303,26,26,98,98,118,118,129,129,26,26,26,26,26,53,67,67,67,81,81,81],"floor_reached":51,"language":"ENG","playtime":3987,"items_purged":["Decay","Normality"],"score":1308,"play_id":"a5c337bc-26b6-462c-8fdb-d47904f49b29","local_time":"20210131215400","is_ascension_mode":true,"campfire_choices":[{"data":"Ball Lightning","floor":6.0,"key":"SMITH"},{"floor":13.0,"key":"REST"},{"data":"Defragment","floor":15.0,"key":"SMITH"},{"floor":23.0,"key":"REST"},{"data":"Loop","floor":25.0,"key":"SMITH"},{"floor":29.0,"key":"REST"},{"data":"Biased Cognition","floor":32.0,"key":"SMITH"},{"data":"Amplify","floor":42.0,"key":"SMITH"},{"data":"Panacea","floor":49.0,"key":"SMITH"}],"circlet_count":0,"master_deck":["AscendersBane","Strike_B","Strike_B","Defend_B","Defend_B","Defend_B","Defend_B","Zap","Dualcast","Ball Lightning","Loop+1","Chill","Ball Lightning+1","Defragment+1","Amplify+1","Capacitor","Auto Shields","Steam","Coolheaded","Seek+1","Coolheaded","Glacier","Force Field","Defragment","Biased Cognition+1","Panacea+1","Hologram","Fission","Glacier+1","Dark Shackles","Dark Shackles","Seek","Doubt"],"relics":["Cracked Core","Juzu Bracelet","Boot","Akabeko","MealTicket","Cursed Key","Happy Flower","Art of War","Gremlin Horn","Membership Card","SacredBark","Blue Candle"],"acts_visited":["Exordium","TheCity","TheBeyond"],"potions_floor_usage":[50],"damage_taken":[{"damage":13.0,"enemies":"Small Slimes","floor":1.0,"turns":4.0},{"damage":0.0,"enemies":"Cultist","floor":3.0,"turns":2.0},{"damage":5.0,"enemies":"2 Louse","floor":5.0,"turns":2.0},{"damage":9.0,"enemies":"3 Sentries","floor":7.0,"turns":8.0},{"damage":17.0,"enemies":"Lagavulin","floor":10.0,"turns":6.0},{"damage":6.0,"enemies":"Lots of Slimes","floor":12.0,"turns":3.0},{"damage":7.0,"enemies":"Large Slime","floor":14.0,"turns":5.0},{"damage":21.0,"enemies":"The Guardian","floor":16.0,"turns":13.0},{"damage":2.0,"enemies":"3 Byrds","floor":18.0,"turns":5.0},{"damage":0.0,"enemies":"2 Thieves","floor":22.0,"turns":5.0},{"damage":4.0,"enemies":"Slavers","floor":24.0,"turns":9.0},{"damage":4.0,"enemies":"Centurion and Healer","floor":27.0,"turns":11.0},{"damage":11.0,"enemies":"Chosen and Byrds","floor":28.0,"turns":8.0},{"damage":16.0,"enemies":"Book of Stabbing","floor":30.0,"turns":7.0},{"damage":18.0,"enemies":"Automaton","floor":33.0,"turns":13.0},{"damage":0.0,"enemies":"Orb Walker","floor":35.0,"turns":5.0},{"damage":25.0,"enemies":"3 Darklings","floor":37.0,"turns":7.0},{"damage":52.0,"enemies":"Reptomancer","floor":44.0,"turns":11.0},{"damage":0.0,"enemies":"4 Shapes","floor":45.0,"turns":5.0},{"damage":1.0,"enemies":"Maw","floor":48.0,"turns":8.0},{"damage":44,"enemies":"Awakened One","floor":50,"turns":18}],"seed_played":"-6114884029945515943","potions_obtained":[{"floor":1.0,"key":"DuplicationPotion"},{"floor":2.0,"key":"SkillPotion"},{"floor":7.0,"key":"Dexterity Potion"},{"floor":12.0,"key":"Energy Potion"},{"floor":18.0,"key":"AttackPotion"},{"floor":27.0,"key":"SkillPotion"},{"floor":28.0,"key":"BlessingOfTheForge"},{"floor":40.0,"key":"DuplicationPotion"},{"floor":48.0,"key":"SteroidPotion"}],"is_trial":false,"path_per_floor":["M","?","M","$","M","R","E","$","T","E","?","M","R","M","R","B",null,"M","?","?","?","M","R","E","R","T","M","M","R","E","$","R","B",null,"M","?","M","?","$","?","?","R","T","E","M","?","?","M","R","B",null],"character_chosen":"DEFECT","items_purchased":["Juzu Bracelet","Chill","Ball Lightning","Membership Card","Panacea","FocusPotion","Hologram","Dark Shackles"],"campfire_rested":3,"item_purchase_floors":[4,4,4,31,31,31,31,39],"current_hp_per_floor":[51,51,51,51,46,46,37,37,37,20,20,14,35,28,28,7,55,53,53,33,33,33,55,51,51,51,47,36,58,42,57,57,39,67,67,67,42,42,57,57,57,57,57,5,5,72,72,71,71,27],"gold":81,"neow_bonus":"TWO_FIFTY_GOLD","is_daily":false,"chose_seed":false,"campfire_upgraded":6,"win_rate":0.0,"timestamp":1612151640,"path_taken":["M","?","?","$","M","R","E","$","T","E","?","M","R","M","R","BOSS","M","?","?","?","M","R","E","R","T","M","M","R","E","$","R","BOSS","M","?","M","?","$","?","?","R","T","E","M","?","?","M","R","BOSS"],"items_purchased_type":["Relic","Card","Card","Relic","Card","Potion","Card","Card"],"build_version":"2020-12-22","purchased_purges":2,"victory":true,"max_hp_per_floor":[71,71,71,71,71,71,71,71,71,71,71,71,71,71,71,71,71,71,71,76,76,76,76,76,76,76,76,76,76,76,76,76,76,76,76,76,76,72,72,72,72,72,72,72,72,72,72,72,72,72],"relic_stats":{"Happy Flower":[31],"Gremlin Horn":[23,23],"counters":[21,152],"Blue Candle":[2],"MealTicket":30,"Juzu Bracelet":3,"Art of War":[32],"Boot":[12],"Cursed Key":1,"obtain_stats":[{"Happy Flower":24,"Gremlin Horn":30,"SacredBark":34,"Blue Candle":44,"MealTicket":10,"Juzu Bracelet":4,"Art of War":26,"Membership Card":31,"Cracked Core":0,"Boot":7,"Cursed Key":17,"Akabeko":9},{"Happy Flower":11,"Gremlin Horn":14,"SacredBark":15,"Blue Candle":18,"MealTicket":5,"Juzu Bracelet":2,"Art of War":11,"Membership Card":14,"Cracked Core":0,"Boot":4,"Cursed Key":8,"Akabeko":4},{"Happy Flower":61,"Gremlin Horn":86,"SacredBark":99,"Blue Candle":122,"MealTicket":22,"Juzu Bracelet":6,"Art of War":61,"Membership Card":86,"Cracked Core":0,"Boot":16,"Cursed Key":42,"Akabeko":16}]},"card_choices":[{"not_picked":["Turbo","Compile Driver"],"picked":"Ball Lightning","floor":1.0},{"not_picked":["Steam Power","Aggregate"],"picked":"Loop","floor":3.0},{"not_picked":["Rebound","Creative AI"],"picked":"Defragment","floor":5.0},{"not_picked":["BootSequence","Fusion"],"picked":"Amplify","floor":7.0},{"not_picked":["Steam Power","Auto Shields"],"picked":"Capacitor","floor":10.0},{"not_picked":["Conserve Battery","FTL"],"picked":"Steam","floor":12.0},{"not_picked":["Blizzard","Doom and Gloom"],"picked":"Coolheaded","floor":14.0},{"not_picked":["Rainbow","Thunder Strike"],"picked":"Seek","floor":16.0},{"not_picked":["Hologram","Rebound"],"picked":"Coolheaded","floor":18.0},{"not_picked":["Streamline","Turbo","Rebound"],"picked":"SKIP","floor":22.0},{"not_picked":["Beam Cell","Thunder Strike"],"picked":"Force Field","floor":24.0},{"not_picked":["Compile Driver","Hologram","Turbo"],"picked":"SKIP","floor":27.0},{"not_picked":["Genetic Algorithm","Glacier"],"picked":"Defragment","floor":28.0},{"not_picked":["Steam Power","Beam Cell+1"],"picked":"Biased Cognition","floor":30.0},{"not_picked":["Multi-Cast","All For One"],"picked":"Fission","floor":33.0},{"not_picked":["Static Discharge","Ball Lightning"],"picked":"Glacier+1","floor":35.0},{"not_picked":["Redo","Steam","Cold Snap"],"picked":"SKIP","floor":37.0},{"not_picked":["Thinking Ahead","Finesse"],"picked":"Dark Shackles","floor":41.0},{"not_picked":["Doom and Gloom","Ball Lightning"],"picked":"Seek","floor":44.0},{"not_picked":["Consume","Reinforced Body+1","Leap"],"picked":"SKIP","floor":45.0},{"not_picked":["Go for the Eyes","Doom and Gloom","Genetic Algorithm"],"picked":"SKIP","floor":48.0}],"player_experience":1193138,"relics_obtained":[{"floor":7.0,"key":"Boot"},{"floor":9.0,"key":"Akabeko"},{"floor":10.0,"key":"MealTicket"},{"floor":24.0,"key":"Happy Flower"},{"floor":26.0,"key":"Art of War"},{"floor":30.0,"key":"Gremlin Horn"},{"floor":44.0,"key":"Blue Candle"}],"event_choices":[{"damage_healed":0.0,"max_hp_gain":0.0,"max_hp_loss":0.0,"gold_gain":0.0,"event_name":"The Woman in Blue","player_choice":"Bought 1 Potion","floor":2.0,"gold_loss":0.0,"damage_taken":0.0},{"damage_healed":0.0,"max_hp_gain":0.0,"max_hp_loss":0.0,"gold_gain":0.0,"cards_transformed":["Strike_B"],"event_name":"Transmorgrifier","player_choice":"Transformed","floor":11.0,"gold_loss":0.0,"damage_taken":0.0,"cards_obtained":["Auto Shields"]},{"damage_healed":0.0,"max_hp_gain":0.0,"max_hp_loss":0.0,"gold_gain":0.0,"event_name":"The Library","player_choice":"Read","floor":19.0,"gold_loss":0.0,"damage_taken":0.0,"cards_obtained":["Glacier"]},{"damage_healed":0.0,"max_hp_gain":5.0,"max_hp_loss":0.0,"gold_gain":0.0,"event_name":"Forgotten Altar","player_choice":"Shed Blood","floor":20.0,"gold_loss":0.0,"damage_taken":25.0},{"damage_healed":0.0,"max_hp_gain":0.0,"max_hp_loss":0.0,"gold_gain":0.0,"event_name":"Upgrade Shrine","player_choice":"Upgraded","floor":21.0,"gold_loss":0.0,"damage_taken":0.0,"cards_upgraded":["Seek"]},{"cards_removed":["Strike_B"],"damage_healed":0.0,"max_hp_gain":0.0,"max_hp_loss":0.0,"gold_gain":0.0,"event_name":"Falling","player_choice":"Removed Attack","floor":36.0,"gold_loss":0.0,"damage_taken":0.0},{"damage_healed":0.0,"max_hp_gain":0.0,"max_hp_loss":4.0,"gold_gain":0.0,"event_name":"Winding Halls","player_choice":"Max HP","floor":38.0,"gold_loss":0.0,"damage_taken":0.0},{"damage_healed":0.0,"max_hp_gain":0.0,"max_hp_loss":0.0,"gold_gain":0.0,"event_name":"Lab","player_choice":"Got Potions","floor":40.0,"gold_loss":0.0,"damage_taken":0.0},{"damage_healed":0.0,"max_hp_gain":0.0,"max_hp_loss":0.0,"gold_gain":0.0,"event_name":"SensoryStone","player_choice":"Memory 1","floor":41.0,"gold_loss":0.0,"damage_taken":0.0},{"damage_healed":67.0,"max_hp_gain":0.0,"max_hp_loss":0.0,"gold_gain":0.0,"event_name":"MindBloom","player_choice":"Heal","floor":46.0,"gold_loss":0.0,"damage_taken":0.0,"cards_obtained":["Doubt"]},{"damage_healed":0.0,"max_hp_gain":0.0,"max_hp_loss":0.0,"gold_gain":0.0,"event_name":"Mysterious Sphere","player_choice":"Ignored","floor":47.0,"gold_loss":0.0,"damage_taken":0.0}],"is_beta":false,"boss_relics":[{"not_picked":["Fusion Hammer","Runic Pyramid"],"picked":"Cursed Key"},{"not_picked":["Snecko Eye","Coffee Dripper"],"picked":"SacredBark"}],"items_purged_floors":[4,39],"is_endless":false,"potions_floor_spawned":[1,5,7,12,16,18,27,28,44,48],"ascension_level":19}}