{"host":"fbf4ff5zs5coz2xl","time":1612160782,"event":{"mods":["BaseMod","Downfall","Minty Spire (QoL Compilation)","Permanent Neow","StSLib"],"gold_per_floor":[0,14,31,31,481,239,239,269,69,102,102,115,15,0,14,114,114,114,214,31,81,163,48,75,95,95,129,129,129,147,179,191,191,191,191],"floor_reached":33,"language":"ENG","playtime":3086,"items_purged":["downfall:Malfunctioning","downfall:Icky"],"score":339,"play_id":"0f7fc37d-24b5-4277-b6da-847e34684c70","local_time":"20210131232622","is_ascension_mode":false,"campfire_choices":[{"floor":1,"key":"RECALL"},{"data":"champ:Taunt","floor":9,"key":"SMITH"},{"data":"champ:StanceDance","floor":13,"key":"SMITH"},{"data":"champ:HeavySlash","floor":18,"key":"SMITH"},{"data":"champ:Parry","floor":26,"key":"SMITH"},{"data":"champ:Parry","floor":28,"key":"SMITH"},{"data":"champ:TornadoPunch","floor":29,"key":"SMITH"}],"circlet_count":0,"master_deck":["champ:Strike","champ:Strike","champ:Strike","champ:Strike","champ:Defend","champ:Defend+1","champ:Defend","champ:Defend","champ:Execute+1","champ:Taunt+1","champ:BerserkersShout+1","champ:PreciseThrust","downfall:Icky","downfall:Icky","champ:PreciseThrust","champ:VampiricStrike","champ:Backstep","champ:StanceDance+1","champ:GladiatorStyle","champ:IronFortress","champ:HeavySlash+1","champ:Haymaker","champ:Parry+1","Mayhem","champ:TornadoPunch+1","champ:GutPunch+1","champ:IgnorePain","champ:Parry+1","champ:TornadoPunch","champ:Lariat"],"relics":["champ:ChampionCrown","WingedGreaves","sneckomod:BlankCard","Ancient Tea Set","downfall:HeartBlessingRed","downfall:HeartBlessingGreen","Bird Faced Urn","Mercury Hourglass","downfall:HeartBlessingBlue","Snecko Eye","downfall:CloakOfManyFaces","CultistMask","FaceOfCleric","NlothsMask","GremlinMask","SsserpentHead","Shuriken","Red Mask","Lantern","Regal Pillow"],"acts_visited":["Exordium","TheCity"],"potions_floor_usage":[8,10,30,31,31,31],"damage_taken":[{"damage":30,"enemies":"Cultist","floor":2,"turns":4},{"damage":16,"enemies":"2 Louse","floor":3,"turns":3},{"damage":30,"enemies":"downfall:FleeingMerchant","floor":6,"turns":4},{"damage":67,"enemies":"3 Sentries","floor":8,"turns":9},{"damage":23,"enemies":"Gremlin Nob","floor":10,"turns":3},{"damage":5,"enemies":"Jaw Worm","floor":12,"turns":2},{"damage":29,"enemies":"downfall:FleeingMerchant","floor":14,"turns":4},{"damage":10,"enemies":"Blue Slaver","floor":15,"turns":1},{"damage":59,"enemies":"DF_ARCHETYPE_STREAMLINE","floor":16,"turns":12},{"damage":45,"enemies":"downfall:FaceTrader","floor":19,"turns":7},{"damage":16,"enemies":"downfall:FleeingMerchant","floor":20,"turns":4},{"damage":45,"enemies":"Masked Bandits","floor":22,"turns":4},{"damage":26,"enemies":"downfall:FleeingMerchant","floor":23,"turns":4},{"damage":18,"enemies":"Shell Parasite","floor":25,"turns":3},{"damage":14,"enemies":"Book of Stabbing","floor":27,"turns":5},{"damage":25,"enemies":"Centurion and Healer","floor":30,"turns":5},{"damage":23,"enemies":"Slavers","floor":31,"turns":3},{"damage":0,"enemies":"Snake Plant","floor":32,"turns":3},{"damage":55,"enemies":"WA_ARCHETYPE_CALM","floor":33,"turns":8}],"seed_played":"251780699106427376","potions_obtained":[{"floor":3,"key":"PowerPotion"},{"floor":8,"key":"AttackPotion"},{"floor":16,"key":"Strength Potion"},{"floor":25,"key":"ColorlessPotion"},{"floor":27,"key":"hexamod:SoulburnPotion"},{"floor":30,"key":"ColorlessPotion"}],"is_trial":false,"path_per_floor":["R","M","M","?","?","$","T","E","R","E","T","M","R","$","M","B",null,"R","?","$","?","?","$","T","M","R","E","R","R","M","E","M","B"],"character_chosen":"THE_CHAMP","items_purchased":["sneckomod:BlankCard","Mayhem","champ:TornadoPunch"],"campfire_rested":0,"item_purchase_floors":[6,20,20],"current_hp_per_floor":[90,80,79,79,79,79,79,42,42,39,39,39,49,40,40,5,100,100,87,84,84,46,43,43,40,40,41,41,41,48,30,35,0,0,0],"gold":191,"neow_bonus":"ONE_RARE_RELIC","is_daily":false,"chose_seed":false,"campfire_upgraded":6,"win_rate":0.0,"timestamp":1612160782,"path_taken":["R","?","M","?","?","$","T","E","R","E","?","M","R","?","M","BOSS","R","?","?","?","?","$","T","M","R","E","R","R","M","E","M","BOSS"],"items_purchased_type":["Relic","Card","Card"],"build_version":"2020-12-22","purchased_purges":2,"victory":false,"max_hp_per_floor":[90,90,90,90,90,90,90,90,90,90,90,90,100,100,100,100,100,100,100,101,101,102,103,103,104,104,105,105,105,106,107,108,108,108,108],"card_choices":[{"not_picked":["champ:PreemptiveStrike","champ:CalledShot"],"picked":"champ:BerserkersShout","floor":2},{"not_picked":["champ:AdrenalArmor","champ:Shatter"],"picked":"champ:PreciseThrust","floor":3},{"not_picked":["champ:Haymaker","champ:DeathBlow"],"picked":"champ:PreciseThrust","floor":6},{"not_picked":["champ:GutPunch","champ:FlashCut"],"picked":"champ:VampiricStrike","floor":8},{"not_picked":["champ:Duel","champ:Shatter"],"picked":"champ:Backstep","floor":10},{"not_picked":["champ:GutPunch","champ:DefensiveShout"],"picked":"champ:StanceDance","floor":12},{"not_picked":["champ:ArenaPreparation","champ:DefensiveShout"],"picked":"champ:GladiatorStyle","floor":14},{"not_picked":["champ:GutPunch","champ:FlashCut"],"picked":"champ:IronFortress","floor":15},{"not_picked":["champ:UltimateStance","champ:DancingMaster"],"picked":"champ:HeavySlash","floor":16},{"not_picked":["champ:Shatter","champ:RisingSlash"],"picked":"champ:Haymaker","floor":19},{"not_picked":["champ:PerfectedStrike","champ:FaceSlap"],"picked":"champ:Parry","floor":20},{"not_picked":["champ:Backstep","champ:BringItOn"],"picked":"champ:GutPunch+1","floor":22},{"not_picked":["champ:CrookedStrike","champ:FlashCut"],"picked":"champ:IgnorePain","floor":23},{"not_picked":["champ:CrownThrow","champ:TornadoPunch"],"picked":"champ:Parry","floor":25},{"not_picked":["champ:CrownThrow","champ:StanceDance","champ:Backstep"],"picked":"SKIP","floor":27},{"not_picked":["champ:BringItOn","champ:Encircle","champ:PreciseThrust"],"picked":"SKIP","floor":30},{"not_picked":["champ:CrookedStrike","champ:FanOfKnives"],"picked":"champ:TornadoPunch","floor":31},{"not_picked":["champ:BladeFlurry","champ:FalseCounter"],"picked":"champ:Lariat","floor":32}],"player_experience":558610,"relics_obtained":[{"floor":8,"key":"Ancient Tea Set"},{"floor":10,"key":"Bird Faced Urn"},{"floor":11,"key":"Mercury Hourglass"},{"floor":19,"key":"downfall:CloakOfManyFaces"},{"floor":22,"key":"Red Mask"},{"floor":27,"key":"Lantern"},{"floor":31,"key":"Regal Pillow"}],"event_choices":[{"damage_healed":0,"gold_gain":0,"player_choice":"Fought Bandits","damage_taken":0,"max_hp_gain":0,"max_hp_loss":0,"event_name":"Masked Bandits","floor":22,"gold_loss":0}],"is_beta":false,"boss_relics":[{"not_picked":["Cursed Key","Busted Crown"],"picked":"Snecko Eye"}],"items_purged_floors":[6,23],"is_endless":false,"potions_floor_spawned":[3,8,16,25,27,30],"killed_by":"WA_ARCHETYPE_CALM","ascension_level":0}}