{"host":"36t3qd3wjvajtu1z","time":1612155187,"event":{"mods":["AchievementEnabler","BaseMod","Block Reminder","Colored Powertips","Minty Spire (QoL Compilation)","Permanent Neow","Quick Restart","Random Character Button","Rare Cards Sparkle","Relic Stats","Slay-I","StSLib"],"gold_per_floor":[118,136,152,152,29,54,54,70,119,151,151,483,58,71,71,71,71],"floor_reached":16,"language":"ENG","playtime":754,"items_purged":["Strike_B","Zap"],"score":150,"play_id":"e9420b4f-eb5c-4cc9-bf3e-3d4390f35569","local_time":"20210131205307","is_ascension_mode":true,"campfire_choices":[{"floor":7,"key":"REST"},{"floor":11,"key":"REST"},{"data":"Hologram","floor":15,"key":"SMITH"}],"circlet_count":0,"master_deck":["Strike_B+1","Strike_B+1","Defend_B","Defend_B","Defend_B","Defend_B","Dualcast","All For One","Rebound","Gash","Gash","Darkness","Hologram+1","Streamline","Beam Cell","BootSequence","Sweeping Beam","Gash","Aggregate"],"relics":["Cracked Core","Shuriken","Whetstone","Akabeko","Old Coin","Nunchaku","Medical Kit"],"acts_visited":["Exordium"],"potions_floor_usage":[10,16],"damage_taken":[{"damage":0,"enemies":"2 Louse","floor":1,"turns":2},{"damage":2,"enemies":"Jaw Worm","floor":2,"turns":3},{"damage":0,"enemies":"Small Slimes","floor":3,"turns":2},{"damage":25,"enemies":"Lagavulin","floor":6,"turns":5},{"damage":11,"enemies":"Looter","floor":8,"turns":2},{"damage":25,"enemies":"3 Sentries","floor":10,"turns":5},{"damage":7,"enemies":"Lagavulin","floor":12,"turns":3},{"damage":0,"enemies":"Blue Slaver","floor":14,"turns":2},{"damage":28,"enemies":"The Guardian","floor":16,"turns":7}],"seed_played":"907849545078826778","potions_obtained":[{"floor":2,"key":"FocusPotion"},{"floor":8,"key":"Dexterity Potion"},{"floor":14,"key":"Swift Potion"}],"is_trial":false,"path_per_floor":["M","M","M","?","$","E","R","M","T","E","R","E","$","M","R","B"],"character_chosen":"DEFECT","items_purchased":["Hologram","Gash","Nunchaku","Medical Kit"],"campfire_rested":2,"item_purchase_floors":[5,13,13,13],"current_hp_per_floor":[54,52,52,52,52,27,49,38,38,13,35,28,28,28,28,0,0],"gold":71,"neow_bonus":"THREE_RARE_CARDS","is_daily":false,"chose_seed":false,"campfire_upgraded":1,"win_rate":0.0,"timestamp":1612155187,"path_taken":["M","M","M","?","$","E","R","M","T","E","R","E","$","M","R","BOSS"],"items_purchased_type":["Card","Card","Relic","Relic"],"build_version":"2020-12-22","purchased_purges":2,"victory":false,"max_hp_per_floor":[75,75,75,75,75,75,75,75,75,75,75,75,75,75,75,75,75],"relic_stats":{"Nunchaku":[1],"counters":[9,31],"Shuriken":[7],"Whetstone":["Strike_B","Strike_B"],"Medical Kit":[0],"obtain_stats":[{"Nunchaku":13,"Shuriken":6,"Whetstone":9,"Cracked Core":0,"Medical Kit":13,"Akabeko":10,"Old Coin":12},{"Nunchaku":7,"Shuriken":4,"Whetstone":5,"Cracked Core":0,"Medical Kit":7,"Akabeko":6,"Old Coin":7},{"Nunchaku":22,"Shuriken":12,"Whetstone":14,"Cracked Core":0,"Medical Kit":22,"Akabeko":19,"Old Coin":22}]},"card_choices":[{"not_picked":["Reboot","Hyperbeam"],"picked":"All For One","floor":0},{"not_picked":["Double Energy","Cold Snap"],"picked":"Rebound","floor":1},{"not_picked":["Defragment","Scrape"],"picked":"Gash","floor":2},{"not_picked":["Turbo","Streamline"],"picked":"Gash","floor":3},{"not_picked":["Hello World","Stack"],"picked":"Streamline","floor":6},{"not_picked":["Skim","Hologram"],"picked":"Beam Cell","floor":8},{"not_picked":["Streamline","Turbo"],"picked":"BootSequence","floor":10},{"not_picked":["Thunder Strike","Redo"],"picked":"Sweeping Beam","floor":12},{"not_picked":["Steam Power","Leap"],"picked":"Aggregate","floor":14}],"player_experience":378990,"relics_obtained":[{"floor":6,"key":"Shuriken"},{"floor":9,"key":"Whetstone"},{"floor":10,"key":"Akabeko"},{"floor":12,"key":"Old Coin"}],"event_choices":[{"damage_healed":0,"gold_gain":0,"cards_transformed":["Strike_B"],"player_choice":"Change","damage_taken":0,"max_hp_gain":0,"max_hp_loss":0,"event_name":"Living Wall","floor":4,"gold_loss":0,"cards_obtained":["Darkness"]}],"is_beta":false,"boss_relics":[],"items_purged_floors":[5,13],"is_endless":false,"potions_floor_spawned":[2,8,14],"killed_by":"The Guardian","ascension_level":5}}