{"host":"q206iib20se9i6w7","time":1612152438,"event":{"mods":["AchievementEnabler","BaseMod","Bestiary","Block Reminder","Colored Map","Colored Powertips","Curses Come First","Highlight Path","Key Reminder","Minty Spire (QoL Compilation)","Quick Restart","Random Character Button","Relic Stats","StSLib","SuperFastMode","Unceasing Turn Reminder"],"gold_per_floor":[116,39,53,66,66,99,99,134,158,158,6,22,51,51,51,148,148,148,148,148,3,3,3,3,3,3,3,3,3,3,3,3,3,3,3,3,3,3,3,3,3,3,3,3,3,3,3,3,3,3,3],"floor_reached":50,"language":"ENG","playtime":3119,"items_purged":[],"score":1033,"play_id":"b9f4ec6f-8b18-473f-962b-10c075cdd193","local_time":"20210131220718","is_ascension_mode":true,"campfire_choices":[{"data":"BowlingBash","floor":10,"key":"SMITH"},{"data":"ForeignInfluence","floor":15,"key":"SMITH"},{"floor":24,"key":"REST"},{"floor":29,"key":"REST"},{"floor":32,"key":"REST"},{"floor":40,"key":"REST"},{"floor":42,"key":"REST"},{"floor":49,"key":"REST"}],"circlet_count":0,"master_deck":["AscendersBane","Eruption","Vigilance","LikeWater","ForeignInfluence+1","Nirvana","EmptyFist+1","EmptyBody","EmptyBody","Vault+1","BattleHymn","Wallop+1","Consecrate","BowlingBash+1","Ragnarok","Prostrate","Prostrate","Devotion+1","ClearTheMind","FlurryOfBlows","FlurryOfBlows+1","Wireheading","DeusExMachina","ThirdEye","ThirdEye","Nirvana","WheelKick+1","ConjureBlade","Weave","ThirdEye","Vault","MentalFortress+1","Protect+1","ThirdEye"],"relics":["Pandora\u0027s Box","Anchor","Bag of Marbles","Oddly Smooth Stone","Orrery","Damaru","Ectoplasm","Medical Kit","StoneCalendar","MawBank","Letter Opener","Gambling Chip","Fusion Hammer","Du-Vu Doll","Whetstone","Centennial Puzzle","Smiling Mask"],"acts_visited":["Exordium","TheCity","TheBeyond"],"potions_floor_usage":[13,16,20,33,50],"damage_taken":[{"damage":0,"enemies":"Small Slimes","floor":1,"turns":5},{"damage":0,"enemies":"2 Louse","floor":3,"turns":2},{"damage":0,"enemies":"Cultist","floor":4,"turns":4},{"damage":0,"enemies":"Gremlin Nob","floor":6,"turns":4},{"damage":3,"enemies":"3 Sentries","floor":8,"turns":6},{"damage":0,"enemies":"2 Fungi Beasts","floor":12,"turns":2},{"damage":0,"enemies":"Gremlin Nob","floor":13,"turns":2},{"damage":19,"enemies":"The Guardian","floor":16,"turns":7},{"damage":6,"enemies":"Shell Parasite","floor":18,"turns":3},{"damage":0,"enemies":"3 Byrds","floor":19,"turns":4},{"damage":15,"enemies":"Snake Plant","floor":20,"turns":4},{"damage":30,"enemies":"Gremlin Leader","floor":23,"turns":6},{"damage":0,"enemies":"Cultist and Chosen","floor":27,"turns":5},{"damage":10,"enemies":"Book of Stabbing","floor":28,"turns":5},{"damage":10,"enemies":"Snecko","floor":30,"turns":5},{"damage":11,"enemies":"Gremlin Leader","floor":31,"turns":5},{"damage":19,"enemies":"Automaton","floor":33,"turns":7},{"damage":21,"enemies":"3 Darklings","floor":35,"turns":6},{"damage":19,"enemies":"Mind Bloom Boss Battle","floor":36,"turns":4},{"damage":0,"enemies":"Orb Walker","floor":37,"turns":3},{"damage":0,"enemies":"Transient","floor":38,"turns":6},{"damage":15,"enemies":"Nemesis","floor":41,"turns":4},{"damage":15,"enemies":"Maw","floor":44,"turns":6},{"damage":28,"enemies":"Reptomancer","floor":45,"turns":6},{"damage":0,"enemies":"Sphere and 2 Shapes","floor":47,"turns":3},{"damage":3,"enemies":"4 Shapes","floor":48,"turns":7},{"damage":38,"enemies":"Awakened One","floor":50,"turns":7}],"seed_played":"7934861261947157252","potions_obtained":[{"floor":3,"key":"Weak Potion"},{"floor":6,"key":"AttackPotion"},{"floor":18,"key":"AttackPotion"},{"floor":28,"key":"Ambrosia"},{"floor":30,"key":"SkillPotion"},{"floor":36,"key":"SpeedPotion"},{"floor":37,"key":"FearPotion"},{"floor":44,"key":"BlessingOfTheForge"}],"is_trial":false,"path_per_floor":["M","$","M","M","?","E","?","E","T","R","$","M","E","?","R","B",null,"M","M","M","$","$","E","R","?","T","M","E","R","M","E","R","B",null,"M","?","M","M","?","R","E","R","T","M","E","$","M","M","R","B"],"character_chosen":"WATCHER","items_purchased":["Wallop","Orrery","Medical Kit"],"campfire_rested":6,"item_purchase_floors":[2,11,21],"current_hp_per_floor":[65,65,65,65,65,65,65,62,62,62,62,62,62,62,62,43,65,59,59,44,44,44,14,35,35,35,35,25,46,36,25,46,27,61,40,21,21,21,63,63,48,63,63,48,20,20,20,17,35,0,0],"gold":3,"neow_bonus":"BOSS_RELIC","is_daily":false,"chose_seed":false,"campfire_upgraded":2,"win_rate":0.0,"timestamp":1612152438,"path_taken":["M","$","M","M","?","E","?","E","T","R","$","?","E","?","R","BOSS","M","M","M","?","$","E","R","?","T","M","E","R","M","E","R","BOSS","M","?","M","M","?","R","E","R","T","M","E","?","M","M","R","BOSS"],"items_purchased_type":["Card","Relic","Relic"],"build_version":"2020-12-22","purchased_purges":0,"victory":false,"max_hp_per_floor":[72,72,72,72,72,72,72,72,72,72,72,72,72,72,72,72,72,72,72,72,72,72,72,72,72,72,72,72,72,72,72,72,72,72,72,72,72,72,63,63,63,63,63,63,63,63,63,63,63,63,63],"relic_stats":{"Centennial Puzzle":[13],"counters":[27,128],"Gambling Chip":[23],"Pandora\u0027s Box":["LikeWater","ForeignInfluence","Sanctity","Nirvana","EmptyFist","EmptyBody","EmptyBody","Vault"],"StoneCalendar":[52],"Ectoplasm":823,"Letter Opener":[76],"Whetstone":["EmptyFist","FlurryOfBlows"],"Medical Kit":[0],"MawBank":0,"Smiling Mask":0,"obtain_stats":[{"Oddly Smooth Stone":9,"Damaru":13,"StoneCalendar":23,"Letter Opener":28,"Whetstone":41,"Medical Kit":21,"MawBank":26,"Smiling Mask":45,"Du-Vu Doll":36,"Anchor":6,"Centennial Puzzle":43,"Gambling Chip":31,"Orrery":11,"Pandora\u0027s Box":0,"Ectoplasm":17,"Fusion Hammer":34,"Bag of Marbles":8,"PureWater":0},{"Oddly Smooth Stone":5,"Damaru":7,"StoneCalendar":12,"Letter Opener":14,"Whetstone":22,"Medical Kit":11,"MawBank":12,"Smiling Mask":24,"Du-Vu Doll":19,"Anchor":4,"Centennial Puzzle":22,"Gambling Chip":16,"Orrery":5,"Pandora\u0027s Box":0,"Ectoplasm":8,"Fusion Hammer":17,"Bag of Marbles":5,"PureWater":0},{"Oddly Smooth Stone":21,"Damaru":25,"StoneCalendar":49,"Letter Opener":59,"Whetstone":99,"Medical Kit":43,"MawBank":49,"Smiling Mask":111,"Du-Vu Doll":86,"Anchor":15,"Centennial Puzzle":99,"Gambling Chip":69,"Orrery":21,"Pandora\u0027s Box":0,"Ectoplasm":32,"Fusion Hammer":76,"Bag of Marbles":21,"PureWater":0}]},"card_choices":[{"not_picked":["Evaluate","Prostrate"],"picked":"BattleHymn","floor":1},{"not_picked":["FlyingSleeves","Fasting2"],"picked":"Consecrate","floor":3},{"not_picked":["LikeWater","WaveOfTheHand","EmptyBody"],"picked":"SKIP","floor":4},{"not_picked":["ConjureBlade","SandsOfTime"],"picked":"BowlingBash","floor":6},{"not_picked":["Weave","EmptyFist"],"picked":"Ragnarok","floor":8},{"not_picked":["Vengeance","ThirdEye"],"picked":"Prostrate","floor":11},{"not_picked":["FollowUp","MentalFortress"],"picked":"Prostrate","floor":11},{"not_picked":["SignatureMove","BattleHymn"],"picked":"Devotion","floor":11},{"not_picked":["BowlingBash","Consecrate"],"picked":"ClearTheMind","floor":11},{"not_picked":["CrushJoints","EmptyFist"],"picked":"FlurryOfBlows","floor":11},{"not_picked":["CrushJoints","JustLucky"],"picked":"FlurryOfBlows","floor":12},{"not_picked":["Consecrate","ForeignInfluence"],"picked":"Wireheading","floor":13},{"not_picked":["Judgement","Blasphemy"],"picked":"DeusExMachina","floor":16},{"not_picked":["ForeignInfluence","EmptyFist"],"picked":"ThirdEye","floor":18},{"not_picked":["SignatureMove","FlyingSleeves+1","WaveOfTheHand"],"picked":"SKIP","floor":19},{"not_picked":["EmptyBody","FlurryOfBlows"],"picked":"ThirdEye","floor":20},{"not_picked":["Protect","BowlingBash","EmptyFist"],"picked":"SKIP","floor":23},{"not_picked":["EmptyFist","FlyingSleeves","Consecrate"],"picked":"SKIP","floor":27},{"not_picked":["Vengeance","Fasting2+1"],"picked":"Nirvana","floor":28},{"not_picked":["Prostrate+1","FlurryOfBlows","FearNoEvil+1"],"picked":"SKIP","floor":30},{"not_picked":["Crescendo","Perseverance"],"picked":"WheelKick+1","floor":31},{"not_picked":["Alpha","DeusExMachina"],"picked":"ConjureBlade","floor":33},{"not_picked":["Prostrate","FlyingSleeves+1"],"picked":"Weave","floor":35},{"not_picked":["SashWhip+1","Collect"],"picked":"ThirdEye","floor":36},{"not_picked":["CrushJoints+1","FlyingSleeves","FollowUp"],"picked":"SKIP","floor":37},{"not_picked":["PathToVictory","Consecrate"],"picked":"Vault","floor":38},{"not_picked":["SignatureMove","CrushJoints"],"picked":"MentalFortress+1","floor":41},{"not_picked":["EmptyFist+1","Protect","FollowUp"],"picked":"SKIP","floor":44},{"not_picked":["PathToVictory","ConjureBlade"],"picked":"Protect+1","floor":45},{"not_picked":["PathToVictory+1","Protect","BowlingBash"],"picked":"SKIP","floor":47},{"not_picked":["Consecrate","JustLucky"],"picked":"ThirdEye","floor":48}],"player_experience":298776,"relics_obtained":[{"floor":6,"key":"Anchor"},{"floor":8,"key":"Bag of Marbles"},{"floor":9,"key":"Oddly Smooth Stone"},{"floor":13,"key":"Damaru"},{"floor":23,"key":"StoneCalendar"},{"floor":26,"key":"MawBank"},{"floor":28,"key":"Letter Opener"},{"floor":31,"key":"Gambling Chip"},{"floor":36,"key":"Du-Vu Doll"},{"floor":41,"key":"Whetstone"},{"floor":43,"key":"Centennial Puzzle"},{"floor":45,"key":"Smiling Mask"}],"event_choices":[{"damage_healed":0,"gold_gain":0,"player_choice":"Grow","damage_taken":0,"max_hp_gain":0,"max_hp_loss":0,"event_name":"Living Wall","floor":5,"gold_loss":0,"cards_upgraded":["Vault"]},{"damage_healed":0,"gold_gain":0,"player_choice":"Upgraded","damage_taken":0,"max_hp_gain":0,"max_hp_loss":0,"event_name":"Upgrade Shrine","floor":7,"gold_loss":0,"cards_upgraded":["Wallop"]},{"damage_healed":0,"gold_gain":0,"player_choice":"Forge","damage_taken":0,"max_hp_gain":0,"max_hp_loss":0,"event_name":"Accursed Blacksmith","floor":14,"gold_loss":0,"cards_upgraded":["Devotion"]},{"cards_removed":["Sanctity"],"damage_healed":0,"gold_gain":0,"player_choice":"Elegance","damage_taken":0,"max_hp_gain":0,"max_hp_loss":0,"event_name":"Back to Basics","floor":25,"gold_loss":0},{"damage_healed":0,"gold_gain":0,"player_choice":"Fight","damage_taken":0,"max_hp_gain":0,"max_hp_loss":0,"event_name":"MindBloom","floor":36,"gold_loss":0},{"damage_healed":63,"gold_gain":0,"player_choice":"Heal","damage_taken":0,"max_hp_gain":0,"max_hp_loss":9,"event_name":"The Moai Head","floor":39,"gold_loss":0}],"is_beta":false,"boss_relics":[{"not_picked":["Tiny House","Empty Cage"],"picked":"Ectoplasm"},{"not_picked":["Velvet Choker","VioletLotus"],"picked":"Fusion Hammer"}],"items_purged_floors":[],"is_endless":false,"potions_floor_spawned":[3,6,12,18,28,30,36,37,44],"killed_by":"Awakened One","ascension_level":12}}