{"host":"2x189hkb4impm2gi","time":1612138540,"event":{"mods":["BaseMod","Colored Map","Colored Powertips","Minty Spire (QoL Compilation)"],"gold_per_floor":[116,191,203,217,167,194,214,230,256,256,256],"floor_reached":10,"language":"ENG","playtime":762,"items_purged":[],"score":70,"play_id":"7b9695f1-7173-4097-95a8-73c6b183289f","local_time":"20210131191540","is_ascension_mode":false,"campfire_choices":[],"circlet_count":0,"master_deck":["Strike_B","Strike_B","Strike_B+1","Defend_B","Defend_B","Defend_B","Defend_B","Zap","Dualcast","Coolheaded","Coolheaded","Barrage+1","Genetic Algorithm","Genetic Algorithm","BootSequence"],"relics":["Sozu","Girya","Whetstone"],"acts_visited":["Exordium"],"potions_floor_usage":[],"damage_taken":[{"damage":10,"enemies":"Jaw Worm","floor":1,"turns":4},{"damage":7,"enemies":"Small Slimes","floor":3,"turns":4},{"damage":2,"enemies":"2 Louse","floor":4,"turns":3},{"damage":22,"enemies":"Gremlin Nob","floor":6,"turns":4},{"damage":13,"enemies":"Exordium Wildlife","floor":7,"turns":5},{"damage":7,"enemies":"Large Slime","floor":8,"turns":9},{"damage":0,"enemies":"3 Sentries","floor":10,"turns":2}],"seed_played":"8613956178025736827","potions_obtained":[],"is_trial":false,"path_per_floor":["M","?","M","M","?","E","M","M","T","E"],"character_chosen":"DEFECT","items_purchased":[],"campfire_rested":0,"item_purchase_floors":[],"current_hp_per_floor":[65,54,47,45,45,23,10,3,3,3,3],"gold":256,"neow_bonus":"BOSS_RELIC","is_daily":false,"chose_seed":false,"campfire_upgraded":0,"win_rate":0.0,"timestamp":1612138540,"path_taken":["M","?","M","M","?","E","M","M","T","E"],"items_purchased_type":[],"build_version":"2020-12-22","purchased_purges":0,"victory":false,"max_hp_per_floor":[75,75,75,75,75,75,75,75,75,75,75],"card_choices":[{"not_picked":["Lockon","Beam Cell"],"picked":"Coolheaded","floor":1},{"not_picked":["Sweeping Beam","Gash"],"picked":"Coolheaded","floor":3},{"not_picked":["Streamline","FTL"],"picked":"Barrage","floor":4},{"not_picked":["Compile Driver","Loop"],"picked":"Genetic Algorithm","floor":6},{"not_picked":["Go for the Eyes","Compile Driver"],"picked":"Genetic Algorithm","floor":7},{"not_picked":["Compile Driver","Redo"],"picked":"BootSequence","floor":8}],"player_experience":24086,"relics_obtained":[{"floor":6,"key":"Girya"},{"floor":9,"key":"Whetstone"}],"event_choices":[{"damage_healed":0,"gold_gain":75,"player_choice":"Gather Gold","damage_taken":11,"max_hp_gain":0,"max_hp_loss":0,"event_name":"World of Goop","floor":2,"gold_loss":0},{"cards_removed":["Strike_B"],"damage_healed":0,"gold_gain":0,"player_choice":"Card Removal","damage_taken":0,"max_hp_gain":0,"max_hp_loss":0,"event_name":"The Cleric","floor":5,"gold_loss":50}],"is_beta":false,"boss_relics":[],"items_purged_floors":[],"is_endless":false,"potions_floor_spawned":[3,7,8],"killed_by":"3 Sentries","ascension_level":0}}