{"host":"2js2pxuugveqjuf7","time":1612154726,"event":{"mods":["BaseMod","Colored Map","Minty Spire (QoL Compilation)","Quick Restart","Random Character Button","Relic Stats","StSLib"],"gold_per_floor":[114,129,140,215,228,228,253,253,253,270,270,270,301,301,301,399,399,414,425,425,438,449,449,449,449],"floor_reached":24,"language":"ENG","playtime":1972,"items_purged":[],"score":291,"play_id":"e3eca1ac-76a2-4e06-a1fb-ad8ea07acfd7","local_time":"20210131224526","is_ascension_mode":true,"campfire_choices":[{"data":"Zap","floor":6.0,"key":"SMITH"},{"floor":8.0,"key":"REST"},{"floor":11.0,"key":"REST"},{"data":"Echo Form","floor":15.0,"key":"SMITH"},{"data":"Buffer","floor":23,"key":"SMITH"}],"circlet_count":0,"master_deck":["Strike_B","Strike_B","Strike_B","Defend_B","Defend_B","Defend_B","Defend_B","Zap+1","Dualcast","Machine Learning","Ball Lightning","Doom and Gloom","Steam","Biased Cognition","Echo Form+1","Undo","Static Discharge","Buffer+1","Compile Driver","Coolheaded+1","Streamline+1","Defragment"],"relics":["Cracked Core","Lantern","Strawberry","Blue Candle","Coffee Dripper"],"acts_visited":["Exordium","TheCity"],"potions_floor_usage":[24,24],"damage_taken":[{"damage":13.0,"enemies":"Jaw Worm","floor":1.0,"turns":4.0},{"damage":8.0,"enemies":"Small Slimes","floor":2.0,"turns":3.0},{"damage":0.0,"enemies":"2 Louse","floor":3.0,"turns":2.0},{"damage":4.0,"enemies":"Lots of Slimes","floor":5.0,"turns":4.0},{"damage":14.0,"enemies":"3 Sentries","floor":7.0,"turns":5.0},{"damage":40.0,"enemies":"Gremlin Gang","floor":10.0,"turns":4.0},{"damage":1.0,"enemies":"Lagavulin","floor":13.0,"turns":5.0},{"damage":2.0,"enemies":"The Guardian","floor":16.0,"turns":8.0},{"damage":19.0,"enemies":"Spheric Guardian","floor":18.0,"turns":5.0},{"damage":18.0,"enemies":"Shell Parasite","floor":19.0,"turns":4.0},{"damage":21.0,"enemies":"Shelled Parasite and Fungi","floor":21.0,"turns":5.0},{"damage":7,"enemies":"Cultist and Chosen","floor":22,"turns":4},{"damage":8,"enemies":"Slavers","floor":24,"turns":1}],"seed_played":"6156295935481422885","potions_obtained":[{"floor":1.0,"key":"Block Potion"},{"floor":3.0,"key":"Fire Potion"},{"floor":7.0,"key":"SteroidPotion"},{"floor":10.0,"key":"Dexterity Potion"},{"floor":18.0,"key":"Weak Potion"},{"floor":20.0,"key":"FearPotion"},{"floor":20.0,"key":"EssenceOfDarkness"},{"floor":20.0,"key":"SkillPotion"},{"floor":21.0,"key":"DuplicationPotion"},{"floor":22,"key":"Weak Potion"}],"is_trial":false,"path_per_floor":["M","M","M","?","M","R","E","R","T","M","R","?","E","?","R","B",null,"M","M","?","M","M","R","E"],"character_chosen":"DEFECT","items_purchased":[],"campfire_rested":2,"item_purchase_floors":[],"current_hp_per_floor":[55,47,47,36,32,32,18,40,47,7,31,24,23,23,23,21,67,48,30,30,9,2,2,0,0],"gold":449,"neow_bonus":"ONE_RANDOM_RARE_CARD","is_daily":false,"chose_seed":false,"campfire_upgraded":3,"win_rate":0.0,"timestamp":1612154726,"path_taken":["M","M","M","?","M","R","E","R","T","M","R","?","E","?","R","BOSS","M","M","?","?","M","R","E"],"items_purchased_type":[],"build_version":"2020-12-22","purchased_purges":0,"victory":false,"max_hp_per_floor":[75,75,75,75,75,75,75,75,82,82,82,82,82,82,82,82,82,82,82,82,82,82,82,82,82],"relic_stats":{"counters":[13,54],"Blue Candle":[0],"obtain_stats":[{"Lantern":7,"Strawberry":9,"Blue Candle":13,"Coffee Dripper":17,"Cracked Core":0},{"Lantern":5,"Strawberry":5,"Blue Candle":7,"Coffee Dripper":8,"Cracked Core":0},{"Lantern":18,"Strawberry":18,"Blue Candle":27,"Coffee Dripper":35,"Cracked Core":0}]},"card_choices":[{"not_picked":["Conserve Battery","Stack"],"picked":"Ball Lightning","floor":1.0},{"not_picked":["Stack","Ball Lightning"],"picked":"Doom and Gloom","floor":2.0},{"not_picked":["Auto Shields","Fusion"],"picked":"Steam","floor":3.0},{"not_picked":["White Noise","Leap"],"picked":"Biased Cognition","floor":5.0},{"not_picked":["Force Field","Buffer"],"picked":"Echo Form","floor":7.0},{"not_picked":["Static Discharge","Recycle"],"picked":"Undo","floor":10.0},{"not_picked":["Barrage","Hyperbeam"],"picked":"Static Discharge","floor":13.0},{"not_picked":["Hyperbeam","Amplify"],"picked":"Buffer","floor":16.0},{"not_picked":["White Noise","Static Discharge"],"picked":"Compile Driver","floor":18.0},{"not_picked":["Conserve Battery","Storm"],"picked":"Coolheaded+1","floor":19.0},{"not_picked":["Hello World+1","Reprogram"],"picked":"Streamline+1","floor":21.0},{"not_picked":["Sunder+1","Chaos"],"picked":"Defragment","floor":22}],"player_experience":353611,"relics_obtained":[{"floor":7.0,"key":"Lantern"},{"floor":9.0,"key":"Strawberry"},{"floor":13.0,"key":"Blue Candle"}],"event_choices":[{"damage_healed":0.0,"max_hp_gain":0.0,"max_hp_loss":0.0,"gold_gain":75.0,"event_name":"World of Goop","player_choice":"Gather Gold","floor":4.0,"gold_loss":0.0,"damage_taken":11.0},{"cards_removed":["Strike_B"],"damage_healed":0.0,"max_hp_gain":0.0,"max_hp_loss":0.0,"gold_gain":0.0,"event_name":"Golden Wing","player_choice":"Card Removal","floor":12.0,"gold_loss":0.0,"damage_taken":7.0},{"damage_healed":0.0,"max_hp_gain":0.0,"max_hp_loss":0.0,"gold_gain":0.0,"event_name":"Scrap Ooze","player_choice":"Fled","floor":14.0,"gold_loss":0.0,"damage_taken":0.0},{"damage_healed":0.0,"max_hp_gain":0.0,"max_hp_loss":0.0,"gold_gain":0.0,"event_name":"Lab","player_choice":"Got Potions","floor":20.0,"gold_loss":0.0,"damage_taken":0.0}],"is_beta":false,"boss_relics":[{"not_picked":["Busted Crown","Tiny House"],"picked":"Coffee Dripper"}],"items_purged_floors":[],"is_endless":false,"potions_floor_spawned":[1,3,7,10,18,21,22],"killed_by":"Slavers","ascension_level":8}}