{"host":"d52brwsy6af8zvaq","time":1612215739,"event":{"mods":["AchievementEnabler","BaseMod","Bestiary","Highlight Path","Minty Spire (QoL Compilation)","Quick Restart","Relic Stats","ojb\u0027s Better Paths Mod"],"gold_per_floor":[119,130,130,130,145,170,170,183,252,268,268,268,299,314,314,386,386,397,415,415,10,10,10],"floor_reached":22,"language":"ENG","playtime":895,"items_purged":["Strike_G"],"score":392,"play_id":"0321dbab-7e47-44a8-871d-6dba6c98779d","local_time":"20210201144219","is_ascension_mode":true,"campfire_choices":[{"data":"Neutralize","floor":7,"key":"SMITH"},{"floor":12,"key":"REST"},{"data":"Noxious Fumes","floor":15,"key":"SMITH"}],"circlet_count":0,"master_deck":["AscendersBane","Strike_G","Strike_G","Defend_G","Defend_G","Defend_G","Defend_G","Defend_G","Survivor","Neutralize+1","Cloak And Dagger+1","Slice","Blade Dance","Poisoned Stab","Deadly Poison","Noxious Fumes+1","Die Die Die","A Thousand Cuts","Blur","Acrobatics","All Out Attack"],"relics":["Ring of the Snake","Pocketwatch","Question Card","Oddly Smooth Stone","Sozu","Letter Opener"],"acts_visited":["Exordium","TheCity"],"potions_floor_usage":[6,10,13,16],"damage_taken":[{"damage":0,"enemies":"Cultist","floor":1,"turns":5},{"damage":0,"enemies":"2 Louse","floor":2,"turns":2},{"damage":0,"enemies":"Jaw Worm","floor":5,"turns":7},{"damage":33,"enemies":"Gremlin Nob","floor":6,"turns":4},{"damage":8,"enemies":"Lots of Slimes","floor":8,"turns":4},{"damage":2,"enemies":"Large Slime","floor":10,"turns":5},{"damage":6,"enemies":"Lagavulin","floor":13,"turns":6},{"damage":0,"enemies":"2 Fungi Beasts","floor":14,"turns":4},{"damage":12,"enemies":"The Guardian","floor":16,"turns":9},{"damage":30,"enemies":"Spheric Guardian","floor":18,"turns":6},{"damage":11,"enemies":"Shell Parasite","floor":19,"turns":5},{"damage":6,"enemies":"Snake Plant","floor":22,"turns":3}],"seed_played":"-3103560546822408034","potions_obtained":[{"floor":1,"key":"CultistPotion"},{"floor":8,"key":"Explosive Potion"},{"floor":10,"key":"SneckoOil"},{"floor":13,"key":"Poison Potion"},{"floor":16,"key":"EssenceOfSteel"}],"is_trial":false,"path_per_floor":["M","M","?","?","M","E","R","M","T","M","?","R","E","M","R","B",null,"M","M","?","$","M"],"character_chosen":"THE_SILENT","items_purchased":["Letter Opener","All Out Attack"],"campfire_rested":1,"item_purchase_floors":[21,21],"current_hp_per_floor":[65,65,58,58,58,25,25,17,17,15,15,36,30,30,30,18,59,29,18,18,18,12,12],"gold":10,"neow_bonus":"TEN_PERCENT_HP_BONUS","is_daily":false,"chose_seed":false,"campfire_upgraded":2,"win_rate":0.0,"timestamp":1612215739,"path_taken":["M","M","?","?","M","E","R","M","T","?","?","R","E","M","R","BOSS","M","M","?","$","?"],"items_purchased_type":["Relic","Card"],"build_version":"2020-12-22","purchased_purges":1,"victory":false,"max_hp_per_floor":[72,72,72,72,72,72,72,72,72,72,72,72,72,72,72,72,72,72,72,72,72,72,72],"relic_stats":{"Sozu":1,"counters":[12,60],"Letter Opener":[5],"Question Card":6,"obtain_stats":[{"Sozu":17,"Oddly Smooth Stone":13,"Letter Opener":21,"Question Card":9,"Ring of the Snake":0,"Pocketwatch":6},{"Sozu":9,"Oddly Smooth Stone":7,"Letter Opener":11,"Question Card":5,"Ring of the Snake":0,"Pocketwatch":4},{"Sozu":46,"Oddly Smooth Stone":33,"Letter Opener":57,"Question Card":22,"Ring of the Snake":0,"Pocketwatch":18}],"Ring of the Snake":[24],"Pocketwatch":[21]},"card_choices":[{"not_picked":["Leg Sweep","Underhanded Strike"],"picked":"Cloak And Dagger","floor":1},{"not_picked":["Deflect","Night Terror"],"picked":"Slice","floor":2},{"not_picked":["Deadly Poison","Dodge and Roll"],"picked":"Blade Dance","floor":5},{"not_picked":["Heel Hook","Catalyst"],"picked":"Poisoned Stab","floor":6},{"not_picked":["Acrobatics","Flying Knee"],"picked":"Deadly Poison","floor":8},{"not_picked":["Endless Agony","Reflex","Dagger Throw","Heel Hook"],"picked":"SKIP","floor":10},{"not_picked":["Backflip","Well Laid Plans","Underhanded Strike"],"picked":"Noxious Fumes","floor":13},{"not_picked":["Poisoned Stab","Noxious Fumes","Infinite Blades"],"picked":"Die Die Die","floor":14},{"not_picked":["Die Die Die","Glass Knife","Phantasmal Killer"],"picked":"A Thousand Cuts","floor":16},{"not_picked":["Slice","Backstab","Backflip"],"picked":"Blur","floor":18},{"not_picked":["Deflect","Concentrate","Quick Slash"],"picked":"Acrobatics","floor":19}],"player_experience":2106088,"relics_obtained":[{"floor":6,"key":"Pocketwatch"},{"floor":9,"key":"Question Card"},{"floor":13,"key":"Oddly Smooth Stone"}],"event_choices":[{"cards_removed":["Strike_G"],"damage_healed":0,"gold_gain":0,"player_choice":"Card Removal","damage_taken":7,"max_hp_gain":0,"max_hp_loss":0,"event_name":"Golden Wing","floor":3,"gold_loss":0},{"cards_removed":["Strike_G"],"damage_healed":0,"gold_gain":0,"player_choice":"Offered Basic","damage_taken":0,"max_hp_gain":0,"max_hp_loss":0,"event_name":"Bonfire Elementals","floor":4,"gold_loss":0},{"damage_healed":0,"gold_gain":0,"player_choice":"Upgraded","damage_taken":0,"max_hp_gain":0,"max_hp_loss":0,"event_name":"Upgrade Shrine","floor":11,"gold_loss":0,"cards_upgraded":["Cloak And Dagger"]},{"damage_healed":0,"gold_gain":0,"player_choice":"Ignored","damage_taken":0,"max_hp_gain":0,"max_hp_loss":0,"event_name":"N\u0027loth","floor":20,"gold_loss":0}],"is_beta":false,"boss_relics":[{"not_picked":["Calling Bell","Empty Cage"],"picked":"Sozu"}],"items_purged_floors":[21],"is_endless":false,"potions_floor_spawned":[1,8,10,13,16,19],"killed_by":"Snake Plant","ascension_level":20}}