{"host":"13o02hya6v6rzuva","time":1612170579,"event":{"mods":["BaseMod","Minty Spire (QoL Compilation)","Relic Stats"],"gold_per_floor":[114,114,129,129,143,143,161,57,81,100,100,100],"floor_reached":11,"language":"ENG","playtime":344,"items_purged":[],"score":98,"play_id":"7a7f5335-1de3-46cd-8adb-45dc0fffddee","local_time":"20210201100939","is_ascension_mode":true,"campfire_choices":[{"data":"Finisher","floor":6,"key":"SMITH"}],"circlet_count":0,"master_deck":["AscendersBane","Strike_G","Strike_G","Strike_G","Strike_G","Strike_G","Defend_G","Defend_G","Defend_G","Defend_G","Defend_G","Survivor","Neutralize","Blade Dance","Finisher+1","Blade Dance","Blur","PiercingWail","Masterful Stab","Footwork","PiercingWail"],"relics":["SlaversCollar","MealTicket"],"acts_visited":["Exordium"],"potions_floor_usage":[10,11],"damage_taken":[{"damage":0,"enemies":"Jaw Worm","floor":1,"turns":6},{"damage":0,"enemies":"Cultist","floor":3,"turns":3},{"damage":1,"enemies":"2 Louse","floor":5,"turns":2},{"damage":16,"enemies":"Lots of Slimes","floor":7,"turns":4},{"damage":15,"enemies":"Exordium Thugs","floor":10,"turns":5},{"damage":33,"enemies":"Gremlin Nob","floor":11,"turns":3}],"seed_played":"1157206986014736128","potions_obtained":[{"floor":3,"key":"LiquidBronze"},{"floor":5,"key":"SneckoOil"}],"is_trial":false,"path_per_floor":["M","?","M","?","M","R","M","$","T","M","E"],"character_chosen":"THE_SILENT","items_purchased":["Masterful Stab","Footwork"],"campfire_rested":0,"item_purchase_floors":[8,8],"current_hp_per_floor":[63,63,63,63,62,62,46,46,46,31,0,0],"gold":100,"neow_bonus":"BOSS_RELIC","is_daily":false,"chose_seed":false,"campfire_upgraded":1,"win_rate":0.0,"timestamp":1612170579,"path_taken":["M","?","?","?","M","R","?","$","T","M","E"],"items_purchased_type":["Card","Card"],"build_version":"2020-12-22","purchased_purges":0,"victory":false,"max_hp_per_floor":[70,70,70,70,70,70,70,70,70,70,70,70],"relic_stats":{"counters":[6,23],"MealTicket":0,"obtain_stats":[{"SlaversCollar":0,"MealTicket":9,"Ring of the Snake":0},{"SlaversCollar":0,"MealTicket":4,"Ring of the Snake":0},{"SlaversCollar":0,"MealTicket":15,"Ring of the Snake":0}]},"card_choices":[{"not_picked":["Sucker Punch","Reflex"],"picked":"Blade Dance","floor":1},{"not_picked":["Cloak And Dagger","Slice"],"picked":"Blade Dance","floor":3},{"not_picked":["Slice","Flying Knee"],"picked":"Blur","floor":5},{"not_picked":["Terror","Unload"],"picked":"PiercingWail","floor":7},{"not_picked":["Bane","Quick Slash"],"picked":"PiercingWail","floor":10}],"player_experience":1168469,"relics_obtained":[{"floor":9,"key":"MealTicket"}],"event_choices":[{"damage_healed":0,"gold_gain":0,"player_choice":"1 cards matched","damage_taken":0,"max_hp_gain":0,"max_hp_loss":0,"event_name":"Match and Keep!","floor":2,"gold_loss":0,"cards_obtained":["Finisher"]},{"damage_healed":0,"gold_gain":0,"player_choice":"Bought 0 Potions","damage_taken":0,"max_hp_gain":0,"max_hp_loss":0,"event_name":"The Woman in Blue","floor":4,"gold_loss":0}],"is_beta":false,"boss_relics":[],"items_purged_floors":[],"is_endless":false,"potions_floor_spawned":[3,5],"killed_by":"Gremlin Nob","ascension_level":10}}