{"host":"d744ndivyohnro60","time":1612159302,"event":{"mods":["BaseMod","Bestiary","Colored Powertips","Minty Spire (QoL Compilation)","Relic Stats"],"gold_per_floor":[113,133,146,146,170,210,235,287,314,314,348,348,366,388,388,518,518,542,174,199,199,199,248,281,308,331,343,355,367,379,110,110,110,110],"floor_reached":33,"language":"ENG","playtime":1306,"items_purged":["Injury","Strike_B"],"score":353,"play_id":"639b579c-a267-4f79-8e0c-17cf2fbf9b6d","local_time":"20210201010142","is_ascension_mode":true,"campfire_choices":[{"data":"Zap","floor":10,"key":"SMITH"},{"floor":12,"key":"REST"},{"data":"Beam Cell","floor":15,"key":"SMITH"},{"data":"Sunder","floor":27,"key":"SMITH"},{"data":"Double Energy","floor":32,"key":"SMITH"}],"circlet_count":0,"master_deck":["Strike_B","Strike_B","Defend_B","Defend_B","Defend_B","Defend_B","Zap+1","Dualcast","Leap+1","Gash","Reinforced Body","Skim","Sunder+1","All For One","Beam Cell+1","Seek","Stack","BootSequence","Flash of Steel","Undo+1","Hologram+1","Defragment+1","Defragment","Double Energy+1"],"relics":["Cracked Core","NeowsBlessing","Bloody Idol","CeramicFish","Mango","Singing Bowl","Tiny Chest","Bag of Preparation","Coffee Dripper","MealTicket","MutagenicStrength","Matryoshka","Bottled Lightning","MawBank","Art of War","War Paint"],"acts_visited":["Exordium","TheCity"],"potions_floor_usage":[8,8,8,11,16,23,33,33],"damage_taken":[{"damage":0,"enemies":"Cultist","floor":1,"turns":1},{"damage":0,"enemies":"Jaw Worm","floor":2,"turns":1},{"damage":0,"enemies":"Small Slimes","floor":3,"turns":1},{"damage":26,"enemies":"Gremlin Nob","floor":6,"turns":4},{"damage":4,"enemies":"Red Slaver","floor":7,"turns":4},{"damage":3,"enemies":"3 Sentries","floor":8,"turns":3},{"damage":21,"enemies":"Gremlin Nob","floor":11,"turns":5},{"damage":12,"enemies":"3 Louse","floor":13,"turns":2},{"damage":9,"enemies":"2 Fungi Beasts","floor":14,"turns":3},{"damage":13,"enemies":"Slime Boss","floor":16,"turns":8},{"damage":3,"enemies":"Chosen","floor":18,"turns":4},{"damage":23,"enemies":"Shell Parasite","floor":20,"turns":5},{"damage":50,"enemies":"Slavers","floor":23,"turns":8},{"damage":7,"enemies":"Shelled Parasite and Fungi","floor":24,"turns":5},{"damage":11,"enemies":"Snecko","floor":25,"turns":5},{"damage":39,"enemies":"Champ","floor":33,"turns":11}],"seed_played":"-1990415427165627176","potions_obtained":[{"floor":1,"key":"Explosive Potion"},{"floor":6,"key":"Explosive Potion"},{"floor":7,"key":"EssenceOfDarkness"},{"floor":8,"key":"Weak Potion"},{"floor":13,"key":"FearPotion"},{"floor":18,"key":"Strength Potion"},{"floor":25,"key":"SteroidPotion"}],"is_trial":false,"path_per_floor":["M","M","M","?","T","E","M","E","T","R","E","R","M","M","R","B",null,"M","$","M","?","?","E","M","M","T","R","?","T","?","$","R","B"],"character_chosen":"DEFECT","items_purchased":["MealTicket","BootSequence","Flash of Steel","Defragment","Double Energy","LiquidBronze"],"campfire_rested":1,"item_purchase_floors":[19,19,19,31,31,31],"current_hp_per_floor":[75,75,75,75,75,63,59,56,56,56,37,64,54,45,45,32,93,90,90,69,69,69,19,12,1,1,1,1,1,1,31,31,0,0],"gold":110,"neow_bonus":"THREE_ENEMY_KILL","is_daily":false,"chose_seed":false,"campfire_upgraded":4,"win_rate":0.0,"timestamp":1612159302,"path_taken":["M","?","M","?","?","E","?","E","T","R","E","R","M","M","R","BOSS","M","$","M","?","?","E","M","M","T","R","?","?","?","$","R","BOSS"],"items_purchased_type":["Relic","Card","Card","Card","Card","Potion"],"build_version":"2020-12-22","purchased_purges":2,"victory":false,"max_hp_per_floor":[75,75,75,75,75,89,89,89,89,89,91,91,93,93,93,93,93,93,93,95,95,95,95,95,95,95,95,95,95,95,95,95,95,95],"relic_stats":{"Singing Bowl":6,"counters":[16,70],"Bloody Idol":15,"CeramicFish":117,"Tiny Chest":1,"MealTicket":15,"Bag of Preparation":[18],"Art of War":[1],"War Paint":["Undo","Leap"],"MawBank":60,"obtain_stats":[{"NeowsBlessing":0,"Singing Bowl":8,"Golden Idol":4,"CeramicFish":5,"Mango":6,"Bag of Preparation":11,"War Paint":29,"MawBank":26,"Matryoshka":23,"MutagenicStrength":22,"Bloody Idol":30,"Tiny Chest":9,"MealTicket":19,"Coffee Dripper":17,"Art of War":29,"Bottled Lightning":26,"Cracked Core":0},{"NeowsBlessing":0,"Singing Bowl":6,"Golden Idol":3,"CeramicFish":3,"Mango":4,"Bag of Preparation":7,"War Paint":15,"MawBank":15,"Matryoshka":13,"MutagenicStrength":12,"Bloody Idol":15,"Tiny Chest":6,"MealTicket":11,"Coffee Dripper":10,"Art of War":15,"Bottled Lightning":15,"Cracked Core":0},{"NeowsBlessing":0,"Singing Bowl":14,"Golden Idol":3,"CeramicFish":3,"Mango":7,"Bag of Preparation":19,"War Paint":59,"MawBank":59,"Matryoshka":49,"MutagenicStrength":41,"Bloody Idol":59,"Tiny Chest":14,"MealTicket":36,"Coffee Dripper":32,"Art of War":59,"Bottled Lightning":59,"Cracked Core":0}]},"card_choices":[{"not_picked":["Chaos","Sweeping Beam"],"picked":"Leap","floor":1},{"not_picked":["Hello World","White Noise"],"picked":"Gash","floor":2},{"not_picked":["Hello World","Leap"],"picked":"Reinforced Body","floor":3},{"not_picked":["Rebound","Hologram"],"picked":"Skim","floor":6},{"not_picked":["Hologram","Force Field"],"picked":"Sunder","floor":7},{"not_picked":["Coolheaded","Hologram"],"picked":"All For One","floor":8},{"not_picked":["Sweeping Beam","Coolheaded","Aggregate"],"picked":"Singing Bowl","floor":11},{"not_picked":["Blizzard","Compile Driver","Rebound"],"picked":"Singing Bowl","floor":13},{"not_picked":["Consume","Heatsinks"],"picked":"Beam Cell","floor":14},{"not_picked":["Electrodynamics","Fission"],"picked":"Seek","floor":16},{"not_picked":["Cold Snap","Self Repair+1"],"picked":"Stack","floor":18},{"not_picked":["Cold Snap","Streamline","Chaos+1"],"picked":"Singing Bowl","floor":20},{"not_picked":["Fusion","Coolheaded"],"picked":"Undo","floor":23},{"not_picked":["Redo","Force Field"],"picked":"Hologram+1","floor":24},{"not_picked":["Conserve Battery","Compile Driver"],"picked":"Defragment","floor":25}],"player_experience":173049,"relics_obtained":[{"floor":5,"key":"CeramicFish"},{"floor":6,"key":"Mango"},{"floor":8,"key":"Singing Bowl"},{"floor":9,"key":"Tiny Chest"},{"floor":11,"key":"Bag of Preparation"},{"floor":23,"key":"Matryoshka"},{"floor":26,"key":"Bottled Lightning"},{"floor":26,"key":"MawBank"},{"floor":29,"key":"Art of War"},{"floor":29,"key":"War Paint"}],"event_choices":[{"damage_healed":0,"gold_gain":0,"player_choice":"Take Wound","damage_taken":0,"relics_obtained":["Golden Idol"],"max_hp_gain":0,"max_hp_loss":0,"event_name":"Golden Idol","floor":4,"gold_loss":0,"cards_obtained":["Injury"]},{"cards_removed":["Strike_B"],"damage_healed":0,"gold_gain":0,"player_choice":"Elegance","damage_taken":0,"max_hp_gain":0,"max_hp_loss":0,"event_name":"Back to Basics","floor":21,"gold_loss":0},{"damage_healed":0,"gold_gain":0,"player_choice":"Inject Mutagens","damage_taken":0,"relics_obtained":["MutagenicStrength"],"max_hp_gain":0,"max_hp_loss":0,"event_name":"Drug Dealer","floor":22,"gold_loss":0},{"damage_healed":0,"gold_gain":0,"player_choice":"Forge","damage_taken":0,"max_hp_gain":0,"max_hp_loss":0,"event_name":"Accursed Blacksmith","floor":28,"gold_loss":0,"cards_upgraded":["Defragment"]},{"damage_healed":0,"gold_gain":0,"player_choice":"Gave Idol","damage_taken":0,"relics_obtained":["Bloody Idol"],"max_hp_gain":0,"max_hp_loss":0,"event_name":"Forgotten Altar","floor":30,"relics_lost":["Golden Idol"],"gold_loss":0}],"is_beta":false,"boss_relics":[{"not_picked":["Runic Dome","Sozu"],"picked":"Coffee Dripper"}],"items_purged_floors":[19,31],"is_endless":false,"potions_floor_spawned":[1,6,7,8,13,18,25],"killed_by":"Champ","ascension_level":3}}