{"host":"f0gpob8hq9vgebej","time":1612167711,"event":{"mods":["AchievementEnabler","BaseMod","Minty Spire (QoL Compilation)","Quick Restart","SuperFastMode"],"gold_per_floor":[119,131,142,160,160,160,176,176,228,71,71,82,95,138,138,221,221,235,160,210,235,235,235,262,262,316,68,68,68,102,116,116,116,116],"floor_reached":33,"language":"KOR","playtime":943,"items_purged":["Strike_G","Strike_G"],"score":590,"play_id":"3f2d01ec-9404-4dd8-bb36-7bd9c6e9574b","local_time":"20210201172151","is_ascension_mode":true,"campfire_choices":[{"data":"Bouncing Flask","floor":6.0,"key":"SMITH"},{"data":"Dagger Spray","floor":11.0,"key":"SMITH"},{"data":"Noxious Fumes","floor":15.0,"key":"SMITH"},{"data":"Prepared","floor":23,"key":"SMITH"},{"floor":25,"key":"REST"},{"data":"Backflip","floor":29,"key":"SMITH"},{"floor":32,"key":"REST"}],"circlet_count":0,"master_deck":["AscendersBane","Strike_G+1","Strike_G+1","Defend_G","Defend_G","Defend_G","Defend_G","Survivor+1","Neutralize","Escape Plan","Bouncing Flask+1","Dagger Spray+1","Noxious Fumes+1","Bouncing Flask","Backflip+1","Night Terror","Prepared+1","After Image"],"relics":["Ring of the Snake","Matryoshka","Happy Flower","Orichalcum","OrangePellets","CeramicFish","SlaversCollar","Mercury Hourglass","Whetstone","Bag of Preparation","TwistedFunnel","Strawberry"],"acts_visited":["Exordium","TheCity"],"potions_floor_usage":[22,24,33],"damage_taken":[{"damage":0.0,"enemies":"Cultist","floor":1.0,"turns":5.0},{"damage":2.0,"enemies":"2 Louse","floor":2.0,"turns":4.0},{"damage":4.0,"enemies":"Small Slimes","floor":3.0,"turns":4.0},{"damage":0.0,"enemies":"Gremlin Gang","floor":4.0,"turns":4.0},{"damage":0.0,"enemies":"Blue Slaver","floor":7.0,"turns":5.0},{"damage":6.0,"enemies":"Exordium Thugs","floor":12.0,"turns":4.0},{"damage":13.0,"enemies":"Exordium Wildlife","floor":13.0,"turns":4.0},{"damage":4.0,"enemies":"3 Sentries","floor":14.0,"turns":5.0},{"damage":0,"enemies":"Hexaghost","floor":16,"turns":7},{"damage":9,"enemies":"Shell Parasite","floor":18,"turns":5},{"damage":5,"enemies":"3 Byrds","floor":21,"turns":5},{"damage":0,"enemies":"3 Cultists","floor":22,"turns":2},{"damage":26,"enemies":"Book of Stabbing","floor":24,"turns":6},{"damage":15,"enemies":"Slavers","floor":30,"turns":5},{"damage":4,"enemies":"Centurion and Healer","floor":31,"turns":6},{"damage":60,"enemies":"Collector","floor":33,"turns":7}],"seed_played":"8347053474030605349","potions_obtained":[{"floor":1.0,"key":"AttackPotion"},{"floor":3.0,"key":"SkillPotion"},{"floor":4.0,"key":"LiquidMemories"},{"floor":21,"key":"SmokeBomb"},{"floor":31,"key":"Swift Potion"}],"is_trial":false,"path_per_floor":["M","M","M","M","?","R","M","?","T","$","R","M","M","E","R","B",null,"M","$","?","M","M","R","E","R","T","$","?","R","E","M","R","B"],"character_chosen":"THE_SILENT","items_purchased":["OrangePellets","TwistedFunnel"],"campfire_rested":2,"item_purchase_floors":[10,27],"current_hp_per_floor":[59,57,53,53,53,53,53,53,53,53,53,47,34,30,30,30,57,48,48,42,37,37,37,11,30,30,30,30,30,22,18,39,0,0],"gold":116,"neow_bonus":"UPGRADE_CARD","is_daily":false,"chose_seed":false,"campfire_upgraded":5,"win_rate":0.0,"timestamp":1612167711,"path_taken":["M","M","M","M","?","R","M","?","T","$","R","M","M","E","R","BOSS","M","$","?","?","M","R","E","R","T","$","?","R","E","M","R","BOSS"],"items_purchased_type":["Relic","Relic"],"build_version":"2020-12-22","purchased_purges":2,"victory":false,"max_hp_per_floor":[66,66,66,66,66,66,66,66,66,66,66,66,66,66,66,66,66,66,66,66,66,66,66,66,66,66,66,66,66,73,73,73,73,73],"card_choices":[{"not_picked":["Setup","Concentrate"],"picked":"Escape Plan","floor":1.0},{"not_picked":["Cloak And Dagger","Slice"],"picked":"Bouncing Flask","floor":2.0},{"not_picked":["Flying Knee","Underhanded Strike"],"picked":"Dagger Spray","floor":3.0},{"not_picked":["PiercingWail","Dagger Throw","A Thousand Cuts"],"picked":"SKIP","floor":4.0},{"not_picked":["Flying Knee","PiercingWail","Terror"],"picked":"SKIP","floor":7.0},{"not_picked":["Accuracy","All Out Attack"],"picked":"Noxious Fumes","floor":12.0},{"not_picked":["Blade Dance","Cloak And Dagger"],"picked":"Bouncing Flask","floor":13.0},{"not_picked":["Footwork","Acrobatics"],"picked":"Backflip","floor":14.0},{"not_picked":["Bullet Time","Die Die Die"],"picked":"Night Terror","floor":16},{"not_picked":["Endless Agony","Setup","Backflip+1"],"picked":"SKIP","floor":18},{"not_picked":["Flechettes","Dagger Spray"],"picked":"Prepared","floor":21},{"not_picked":["Dagger Throw","Flying Knee","Underhanded Strike"],"picked":"SKIP","floor":24},{"not_picked":["Bouncing Flask","Deadly Poison"],"picked":"After Image","floor":30},{"not_picked":["Bouncing Flask","Dodge and Roll","Infinite Blades"],"picked":"SKIP","floor":31}],"player_experience":343308,"relics_obtained":[{"floor":9.0,"key":"Happy Flower"},{"floor":9.0,"key":"Orichalcum"},{"floor":14.0,"key":"CeramicFish"},{"floor":24,"key":"Mercury Hourglass"},{"floor":26,"key":"Whetstone"},{"floor":26,"key":"Bag of Preparation"},{"floor":30,"key":"Strawberry"}],"event_choices":[{"cards_removed":["Strike_G"],"damage_healed":0.0,"max_hp_gain":0.0,"max_hp_loss":0.0,"gold_gain":0.0,"event_name":"Living Wall","player_choice":"Forget","floor":5.0,"gold_loss":0.0,"damage_taken":0.0},{"damage_healed":0.0,"max_hp_gain":0.0,"max_hp_loss":0.0,"gold_gain":0.0,"event_name":"Dead Adventurer","player_choice":"Searched \u00271\u0027 times","floor":8.0,"gold_loss":0.0,"damage_taken":0.0,"relics_obtained":["Matryoshka"]},{"damage_healed":0,"gold_gain":50,"player_choice":"Touch","damage_taken":6,"max_hp_gain":0,"max_hp_loss":0,"event_name":"FaceTrader","floor":20,"gold_loss":0},{"cards_removed":["Defend_G"],"damage_healed":0,"gold_gain":0,"player_choice":"Purged","damage_taken":0,"max_hp_gain":0,"max_hp_loss":0,"event_name":"Purifier","floor":28,"gold_loss":0}],"is_beta":false,"boss_relics":[{"not_picked":["Philosopher\u0027s Stone","SacredBark"],"picked":"SlaversCollar"}],"items_purged_floors":[19,27],"is_endless":false,"potions_floor_spawned":[1,3,4,7,21,22,31],"killed_by":"Collector","ascension_level":15}}