{"host":"zxkjcgzis4pm3za5","time":1612187644,"event":{"mods":["AchievementEnabler","Act Like it!","BaseMod","Colored Map","Colored Powertips","Friendly Minions","GifTheSpireLib","Minty Spire (QoL Compilation)","Quick Restart","Random Character Button","Relic Sorter","Relic Stats","StSLib"],"gold_per_floor":[116,128,128,145,157,157,192,208,235,246,246,246,246,274,274,274,274],"floor_reached":16,"language":"ENG","playtime":602,"items_purged":[],"score":213,"play_id":"ea1502a6-c603-4939-bd70-dd9778861161","local_time":"20210201192404","is_ascension_mode":true,"campfire_choices":[{"data":"Catalyst","floor":6.0,"key":"SMITH"},{"data":"Bouncing Flask","floor":13.0,"key":"SMITH"},{"data":"Caltrops","floor":15.0,"key":"SMITH"}],"circlet_count":0,"master_deck":["AscendersBane","Strike_G","Strike_G","Strike_G","Strike_G","Strike_G","Defend_G","Defend_G","Defend_G","Defend_G","Survivor","Neutralize","Corpse Explosion","Outmaneuver","Well Laid Plans","Deadly Poison","Catalyst+1","Dagger Throw","Dagger Spray","Bouncing Flask+1","Caltrops+1"],"relics":["Ring of the Snake","Snake Skull","Smiling Mask","Tiny Chest"],"acts_visited":["Exordium"],"potions_floor_usage":[],"damage_taken":[{"damage":2.0,"enemies":"Jaw Worm","floor":1.0,"turns":6.0},{"damage":1.0,"enemies":"Cultist","floor":2.0,"turns":4.0},{"damage":3.0,"enemies":"2 Louse","floor":4.0,"turns":2.0},{"damage":7.0,"enemies":"Looter","floor":5.0,"turns":4.0},{"damage":21.0,"enemies":"Gremlin Nob","floor":7.0,"turns":4.0},{"damage":0.0,"enemies":"3 Louse","floor":8.0,"turns":2.0},{"damage":13.0,"enemies":"Large Slime","floor":10.0,"turns":4.0},{"damage":22.0,"enemies":"3 Sentries","floor":14.0,"turns":4.0},{"damage":12,"enemies":"Hexaghost","floor":16,"turns":4}],"seed_played":"6878204110445208434","potions_obtained":[{"floor":1.0,"key":"Fire Potion"},{"floor":5.0,"key":"Weak Potion"},{"floor":7.0,"key":"BlessingOfTheForge"},{"floor":8.0,"key":"ColorlessPotion"}],"is_trial":false,"path_per_floor":["M","M","?","M","M","R","E","M","T","M","?","?","R","E","R","B"],"character_chosen":"THE_SILENT","items_purchased":[],"campfire_rested":0,"item_purchase_floors":[],"current_hp_per_floor":[57,56,56,53,46,46,25,25,25,12,12,34,34,12,12,0,0],"gold":274,"neow_bonus":"ONE_RANDOM_RARE_CARD","is_daily":false,"chose_seed":false,"campfire_upgraded":3,"win_rate":0.0,"timestamp":1612187644,"path_taken":["M","M","?","M","M","R","E","M","T","?","?","?","R","E","R","BOSS"],"items_purchased_type":[],"build_version":"2020-12-22","purchased_purges":0,"victory":false,"max_hp_per_floor":[66,66,66,66,66,66,66,66,66,66,66,66,66,66,66,66,66],"relic_stats":{"counters":[9,34],"Tiny Chest":0,"Snake Skull":[15],"Smiling Mask":0,"obtain_stats":[{"Tiny Chest":14,"Snake Skull":7,"Smiling Mask":9,"Ring of the Snake":0},{"Tiny Chest":8,"Snake Skull":5,"Smiling Mask":6,"Ring of the Snake":0},{"Tiny Chest":30,"Snake Skull":20,"Smiling Mask":22,"Ring of the Snake":0}],"Ring of the Snake":[18]},"card_choices":[{"not_picked":["Escape Plan","Dodge and Roll"],"picked":"Outmaneuver","floor":1.0},{"not_picked":["Tactician","Outmaneuver"],"picked":"Well Laid Plans","floor":2.0},{"not_picked":["Flying Knee","Concentrate"],"picked":"Deadly Poison","floor":4.0},{"not_picked":["Dash","Acrobatics"],"picked":"Catalyst","floor":5.0},{"not_picked":["Deflect","Well Laid Plans"],"picked":"Dagger Throw","floor":7.0},{"not_picked":["Distraction","Backstab"],"picked":"Dagger Spray","floor":8.0},{"not_picked":["Slice","Infinite Blades"],"picked":"Bouncing Flask","floor":10.0},{"not_picked":["Reflex","Flying Knee"],"picked":"Caltrops","floor":14.0}],"player_experience":305047,"relics_obtained":[{"floor":7.0,"key":"Snake Skull"},{"floor":9.0,"key":"Smiling Mask"},{"floor":14.0,"key":"Tiny Chest"}],"event_choices":[{"cards_removed":["Defend_G"],"damage_healed":0.0,"max_hp_gain":0.0,"max_hp_loss":0.0,"gold_gain":0.0,"event_name":"Bonfire Elementals","player_choice":"Offered Basic","floor":3.0,"gold_loss":0.0,"damage_taken":0.0},{"damage_healed":0.0,"max_hp_gain":0.0,"max_hp_loss":0.0,"gold_gain":0.0,"event_name":"Shining Light","player_choice":"Ignored","floor":11.0,"gold_loss":0.0,"damage_taken":0.0},{"damage_healed":22.0,"max_hp_gain":0.0,"max_hp_loss":0.0,"gold_gain":0.0,"event_name":"Big Fish","player_choice":"Banana","floor":12.0,"gold_loss":0.0,"damage_taken":0.0}],"is_beta":false,"boss_relics":[],"items_purged_floors":[],"is_endless":false,"potions_floor_spawned":[1,5,7,8],"killed_by":"Hexaghost","ascension_level":18}}