{"host":"684z1xpuwaoqmmh1","time":1612171371,"event":{"mods":["A Magickal Journey","BaseMod","Dio Mod","Downfall","Hermit","Jorbs\u0027s Wanderer Trilogy","Marisa????????","Minty Spire (QoL Compilation)","Robot Space Explorer","Shade Mod","StSLib","The Elementalist","The Hayseed","The Hierophant","The Marked","The Mystic","The Runesmith","The Saiyan","The Vixen","TheFirefly"],"gold_per_floor":[88,102,52,65,79,112,112,141,141,141,43,75,75,90,90,191,191,210,260,272,289,289,289],"floor_reached":22,"language":"ENG","playtime":2115,"items_purged":["Saiyan:SAIYA_Strike"],"score":269,"play_id":"a3a736c8-dd3f-43a3-8cfd-6a6836622daa","local_time":"20210201112251","is_ascension_mode":true,"campfire_choices":[{"data":"Saiyan:Teleport","floor":7,"key":"SMITH"},{"data":"Saiyan:ReverberatingForce","floor":10,"key":"SMITH"},{"data":"Saiyan:KaioKen","floor":15,"key":"SMITH"}],"circlet_count":0,"master_deck":["Saiyan:SAIYA_Defend","Saiyan:SAIYA_Defend","Saiyan:SAIYA_Defend","Saiyan:EnergyBlast+1","Saiyan:KaioKen+1","Saiyan:RuthlessBlow","Saiyan:ReverberatingForce+1","Saiyan:PowerUp","Saiyan:DragonFist+1","Saiyan:KameHameHa","Saiyan:Teleport+1","Saiyan:HyperTimeChamber","Saiyan:Quickening","Saiyan:ExtremeSpeed","Saiyan:Overexert","Saiyan:SenzuBean","Saiyan:DragonRadar+1","Saiyan:Scouter+1","Saiyan:SpiritSword+1","Saiyan:PlotArmor","Saiyan:KiStrike"],"relics":["SaiyanSoul","SaiyanHeart","Regal Pillow","hexamod:BolsterEngine","White Beast Statue","Ice Cream","Thread and Needle","Astrolabe","Whetstone","Orichalcum"],"acts_visited":["Exordium","TheCity"],"potions_floor_usage":[8,18,20,21,22],"damage_taken":[{"damage":0,"enemies":"2 Louse","floor":1,"turns":3},{"damage":0,"enemies":"Cultist","floor":2,"turns":3},{"damage":0,"enemies":"Jaw Worm","floor":4,"turns":5},{"damage":3,"enemies":"Large Slime","floor":5,"turns":7},{"damage":4,"enemies":"Lagavulin","floor":6,"turns":6},{"damage":1,"enemies":"3 Sentries","floor":8,"turns":7},{"damage":1,"enemies":"Lagavulin","floor":12,"turns":7},{"damage":0,"enemies":"Looter","floor":14,"turns":3},{"damage":0,"enemies":"Slime Boss","floor":16,"turns":7},{"damage":24,"enemies":"3 Byrds","floor":18,"turns":11},{"damage":20,"enemies":"Chosen","floor":20,"turns":13},{"damage":0,"enemies":"Sentry and Sphere","floor":21,"turns":4},{"damage":32,"enemies":"3 Cultists","floor":22,"turns":4}],"seed_played":"5066244821853040862","potions_obtained":[{"floor":1,"key":"Dexterity Potion"},{"floor":2,"key":"Block Potion"},{"floor":8,"key":"FearPotion"},{"floor":12,"key":"Fire Potion"},{"floor":18,"key":"sneckomod:MuddlingPotion"},{"floor":20,"key":"Explosive Potion"},{"floor":21,"key":"SkillPotion"}],"is_trial":false,"path_per_floor":["M","M","?","M","M","E","R","E","T","R","$","E","$","M","R","B",null,"M","?","M","M","M"],"character_chosen":"SAIYAJIN","items_purchased":["Saiyan:Quickening"],"campfire_rested":0,"item_purchase_floors":[11],"current_hp_per_floor":[61,61,61,62,61,58,58,58,58,58,58,58,58,59,59,61,70,46,46,26,28,0,0],"gold":289,"neow_bonus":"RANDOM_COMMON_RELIC","is_daily":false,"chose_seed":false,"campfire_upgraded":3,"win_rate":0.0,"timestamp":1612171371,"path_taken":["M","M","?","M","M","E","R","E","T","R","$","E","$","M","R","BOSS","M","?","M","?","M"],"items_purchased_type":["Card"],"build_version":"2020-12-22","purchased_purges":1,"victory":false,"max_hp_per_floor":[61,61,61,62,64,65,65,66,66,66,66,67,67,68,68,70,70,70,70,70,72,72,72],"card_choices":[{"not_picked":["Saiyan:FinalFlash","Saiyan:BigBangAttack"],"picked":"Saiyan:ReverberatingForce","floor":1},{"not_picked":["Saiyan:DragonFist","Saiyan:Expend"],"picked":"Saiyan:PowerUp","floor":2},{"not_picked":["Saiyan:LastResort","Saiyan:KiExplosion"],"picked":"Saiyan:DragonFist","floor":4},{"not_picked":["Saiyan:Scouter","Saiyan:Overexert"],"picked":"Saiyan:KameHameHa","floor":5},{"not_picked":["Saiyan:DragonRadar","Saiyan:SoulSpice"],"picked":"Saiyan:Teleport","floor":6},{"not_picked":["Saiyan:DoubleMasenko","Saiyan:Scouter"],"picked":"Saiyan:HyperTimeChamber","floor":8},{"not_picked":["Saiyan:KiExplosion","Saiyan:Makankosappo"],"picked":"Saiyan:ExtremeSpeed","floor":12},{"not_picked":["Saiyan:DoubleMasenko","Saiyan:PowerUp"],"picked":"Saiyan:Overexert","floor":14},{"not_picked":["Saiyan:MonkeyTail","Saiyan:SolarFlare"],"picked":"Saiyan:SenzuBean","floor":16},{"not_picked":["Saiyan:Planning","Saiyan:Twize+1"],"picked":"Saiyan:PlotArmor","floor":18},{"not_picked":["Saiyan:FinalFlash","Saiyan:ExpandingShockwave"],"picked":"Saiyan:KiStrike","floor":20},{"not_picked":["Saiyan:Taunt","Saiyan:Quickening+1","Saiyan:BackAttack+1"],"picked":"SKIP","floor":21}],"player_experience":2916203,"relics_obtained":[{"floor":6,"key":"hexamod:BolsterEngine"},{"floor":8,"key":"White Beast Statue"},{"floor":9,"key":"Ice Cream"},{"floor":12,"key":"Thread and Needle"},{"floor":18,"key":"Whetstone"},{"floor":20,"key":"Orichalcum"}],"event_choices":[{"cards_removed":["Saiyan:SAIYA_Strike"],"damage_healed":0,"gold_gain":0,"player_choice":"Card Removal","damage_taken":0,"max_hp_gain":0,"max_hp_loss":0,"event_name":"The Cleric","floor":3,"gold_loss":50},{"damage_healed":0,"gold_gain":100,"player_choice":"Bet on Murderer","damage_taken":0,"max_hp_gain":0,"max_hp_loss":0,"event_name":"The Joust","floor":19,"gold_loss":50}],"is_beta":false,"boss_relics":[{"not_picked":["Runic Pyramid","Fusion Hammer"],"picked":"Astrolabe"}],"items_purged_floors":[11],"is_endless":false,"potions_floor_spawned":[1,2,8,12,14,16,18,20,21],"killed_by":"3 Cultists","ascension_level":1}}