{"host":"laht7omblfcukqgz","time":1612189009,"event":{"mods":["Act Like it!","Astrologer","BaseMod","Beaked The Cultist","Card Forge","Colored Map","Colored Powertips","Gensokyo","GifTheSpireLib","HololiveMod","KinomotoSakuraMod(ñÿîVñ{?)","MarisaÅiñ∂âJÅ@ñÇóùçπÅj","Minty Spire (QoL Compilation)","Prisma Mod","RemiliaÅiÂQïƒ‰ª?Åj","StSLib","The Cursed"],"gold_per_floor":[119,119,79,94,11,11,11,30,30,30,305,322,322,334,334,437,437,457,457,471,488,428,428,428],"floor_reached":23,"language":"JPN","playtime":1408,"items_purged":[],"score":181,"play_id":"c40128b9-7d6c-4286-bb9d-e6f1467da4e7","local_time":"20210201231649","is_ascension_mode":false,"campfire_choices":[{"data":"TheCursedMod:CleanUpWorkshop","floor":6,"key":"SMITH"},{"data":"TheCursedMod:CursedWand","floor":13,"key":"SMITH"},{"data":"TheCursedMod:Stigma","floor":15,"key":"SMITH"}],"circlet_count":0,"master_deck":["TheCursedMod:Defend_TheCursed","TheCursedMod:Defend_TheCursed","TheCursedMod:Defend_TheCursed","TheCursedMod:CursedWand+1","TheCursedMod:CleanUpWorkshop+1","TheCursedMod:Dregs","TheCursedMod:CircleOfBlood","TheCursedMod:Evocation","TheCursedMod:WearCloak","TheCursedMod:CircleOfAmplification","TheCursedMod:ReleasedStrength","Regret","TheCursedMod:Stigma+1","TheCursedMod:AbyssShockwave","TheCursedMod:ShockAndAwe+1","TheCursedMod:UltimatePain+1","TheCursedMod:CircleOfAbyss+1","TheCursedMod:ParallelWorld+1","TheCursedMod:CursedMace","TheCursedMod:SaltUponWound","TheCursedMod:DemonSword","TheCursedMod:CursedStaff","TheCursedMod:Hemoplague"],"relics":["TheCursedMod:BlackMagic101","Hammer of Thor","Seething Fire","Anvil of the Gods","Matryoshka","Blood Vial","Ice Cream","Astrolabe"],"acts_visited":["Exordium","TheCity"],"potions_floor_usage":[16],"damage_taken":[{"damage":5,"enemies":"Jaw Worm","floor":1,"turns":4},{"damage":0,"enemies":"2 Louse","floor":4,"turns":3},{"damage":1,"enemies":"Cultist","floor":8,"turns":4},{"damage":0,"enemies":"Large Slime","floor":12,"turns":5},{"damage":2,"enemies":"Blue Slaver","floor":14,"turns":4},{"damage":56,"enemies":"Hexaghost","floor":16,"turns":10},{"damage":40,"enemies":"3 Byrds","floor":18,"turns":5},{"damage":33,"enemies":"2 Thieves","floor":20,"turns":4},{"damage":12,"enemies":"Snecko","floor":21,"turns":4},{"damage":17,"enemies":"Slavers","floor":23,"turns":1}],"seed_played":"6612941764538178422","potions_obtained":[{"floor":3,"key":"EssenceOfSteel"},{"floor":3,"key":"CultistPotion"},{"floor":3,"key":"Weak Potion"},{"floor":8,"key":"Energy Potion"},{"floor":16,"key":"SneckoOil"}],"is_trial":false,"path_per_floor":["M","?","?","M","$","R","?","M","T","T","?","M","R","M","R","B",null,"M","?","M","M","?","E"],"character_chosen":"THE_CURSED","items_purchased":["TheCursedMod:FuryStrike","TheCursedMod:WearCloak"],"campfire_rested":0,"item_purchase_floors":[5,5],"current_hp_per_floor":[77,82,82,86,86,86,86,86,86,86,86,87,87,87,87,31,87,51,51,22,12,12,0,0],"gold":428,"neow_bonus":"TEN_PERCENT_HP_BONUS","is_daily":false,"chose_seed":false,"campfire_upgraded":3,"win_rate":0.0,"timestamp":1612189009,"path_taken":["M","?","?","?","$","R","?","M","T","?","?","?","R","M","R","BOSS","M","?","?","M","?","E"],"items_purchased_type":["Card","Card"],"build_version":"2020-12-22","purchased_purges":0,"victory":false,"max_hp_per_floor":[82,87,87,87,87,87,87,87,87,87,87,87,87,87,87,87,87,87,87,87,87,87,87,87],"card_choices":[{"not_picked":["TheCursedMod:VitalStrike","TheCursedMod:Stretching"],"picked":"TheCursedMod:CircleOfBlood","floor":1},{"not_picked":["TheCursedMod:CursedArmor","TheCursedMod:CircleOfCorruption"],"picked":"TheCursedMod:Evocation","floor":4},{"not_picked":["TheCursedMod:VitalStrike","TheCursedMod:CursedMace"],"picked":"TheCursedMod:ReleasedStrength","floor":8},{"not_picked":["TheCursedMod:CircleOfFocus","TheCursedMod:SpitefulPray"],"picked":"TheCursedMod:Stigma","floor":12},{"not_picked":["TheCursedMod:WearCloak","TheCursedMod:VitalStrike"],"picked":"TheCursedMod:AbyssShockwave","floor":14},{"not_picked":["TheCursedMod:Neurasthenia","TheCursedMod:ForbiddenAlchemy"],"picked":"TheCursedMod:ShockAndAwe","floor":16},{"not_picked":["TheCursedMod:RapidMovement","TheCursedMod:SpitefulStrike+1"],"picked":"TheCursedMod:CursedMace","floor":18},{"not_picked":["TheCursedMod:TacticalStrike","TheCursedMod:RavingStaff+1"],"picked":"TheCursedMod:SaltUponWound","floor":20},{"not_picked":["TheCursedMod:TacticalStrike","TheCursedMod:SurpriseAttack"],"picked":"TheCursedMod:DemonSword","floor":21}],"player_experience":129450,"relics_obtained":[{"floor":9,"key":"Matryoshka"},{"floor":10,"key":"Blood Vial"},{"floor":10,"key":"Ice Cream"}],"event_choices":[{"damage_healed":0,"gold_gain":0,"player_choice":"Donut","damage_taken":0,"max_hp_gain":5,"max_hp_loss":0,"event_name":"Big Fish","floor":2,"gold_loss":0},{"damage_healed":0,"gold_gain":0,"player_choice":"Bought 3 Potions","damage_taken":0,"max_hp_gain":0,"max_hp_loss":0,"event_name":"The Woman in Blue","floor":3,"gold_loss":0},{"damage_healed":0,"gold_gain":0,"cards_transformed":["TheCursedMod:Strike_TheCursed"],"player_choice":"Change","damage_taken":0,"max_hp_gain":0,"max_hp_loss":0,"event_name":"Living Wall","floor":7,"gold_loss":0,"cards_obtained":["TheCursedMod:CircleOfAmplification"]},{"damage_healed":0,"gold_gain":275,"player_choice":"Desecrate","damage_taken":0,"max_hp_gain":0,"max_hp_loss":0,"event_name":"Golden Shrine","floor":11,"gold_loss":0,"cards_obtained":["Regret"]},{"damage_healed":0,"gold_gain":0,"player_choice":"Forge","damage_taken":0,"max_hp_gain":0,"max_hp_loss":0,"event_name":"Accursed Blacksmith","floor":19,"gold_loss":0,"cards_upgraded":["TheCursedMod:ShockAndAwe"]},{"damage_healed":0,"gold_gain":0,"cards_transformed":["TheCursedMod:Strike_TheCursed","TheCursedMod:Defend_TheCursed"],"player_choice":"Transformed Cards","damage_taken":0,"max_hp_gain":0,"max_hp_loss":0,"event_name":"Designer","floor":22,"gold_loss":60,"cards_obtained":["TheCursedMod:CursedStaff","TheCursedMod:Hemoplague"]}],"is_beta":false,"boss_relics":[{"not_picked":["SacredBark","Runic Pyramid"],"picked":"Astrolabe"}],"items_purged_floors":[],"is_endless":false,"potions_floor_spawned":[8,12,16,18,21],"killed_by":"Slavers","ascension_level":0}}