{"host":"qm4rv4rkpk76sbxu","time":1612174746,"event":{"mods":["BaseMod","Bestiary","Block Reminder","DeckTracker","Filter the Spire","Keyboard Shortcuts","Minty Spire (QoL Compilation)","MonsterHotkey","Quick Restart","Random Character Button","Relic Stats","Slay-I","StSLib","Unceasing Turn Reminder","ojb\u0027s Better Paths Mod","ojb\u0027s Info Mod"],"gold_per_floor":[117,117,128,128,138,173,189,216,216,248,261,277,277,294,294,391,391,408,408,425,440,460,492,492,521,545,577,593,607,607,53,53,154,154,167,180,197,197,197,230,230,263,337,372,385,385,413,423,423,423,423,423,38,67,67],"floor_reached":56,"language":"ENG","playtime":5168,"items_purged":["Pain","Pain"],"score":1856,"play_id":"cfa1b921-9edf-4aa1-890c-1e61d27067ff","local_time":"20210201111906","is_ascension_mode":true,"campfire_choices":[{"data":"Rainbow","floor":13.0,"key":"SMITH"},{"data":"Capacitor","floor":15.0,"key":"SMITH"},{"data":"Double Energy","floor":24.0,"key":"SMITH"},{"data":"Echo Form","floor":30,"key":"SMITH"},{"data":"Lockon","floor":32,"key":"SMITH"},{"floor":41,"key":"RECALL"},{"floor":46,"key":"REST"},{"floor":49,"key":"REST"},{"floor":52,"key":"REST"}],"circlet_count":0,"master_deck":["Strike_B","Strike_B","Defend_B","Defend_B","Defend_B","Defend_B","Zap","Dualcast","Sunder","Steam","Rainbow+1","Doom and Gloom","Lockon+1","Reboot","Double Energy+1","Cold Snap","Reinforced Body+1","Capacitor+1","Echo Form+1","Steam+1","Compile Driver","Coolheaded+1","Undo+1","Skim+1","Chill+1","Turbo+1","Steam+1","Hologram+1","Capacitor","Turbo+1","Seek+1","Chaos+1","Conserve Battery+1","Coolheaded+1","Discovery+1","Blind+1","Impatience+1","Glacier+1","White Noise+1","Coolheaded+1","Aggregate+1","Coolheaded+1","Self Repair","Loop","Reboot+1","Discovery+1","Coolheaded+1"],"relics":["SlaversCollar","DataDisk","Regal Pillow","Ancient Tea Set","Toxic Egg 2","Lantern","Cursed Key","Akabeko","FossilizedHelix","PreservedInsect","MealTicket","Lee\u0027s Waffle","Bag of Preparation","Fusion Hammer","Vajra","Oddly Smooth Stone","Gremlin Horn","CaptainsWheel","Orichalcum"],"acts_visited":["Exordium","TheCity","TheBeyond","TheEnding"],"potions_floor_usage":[29,31,31,33,55,55],"damage_taken":[{"damage":1.0,"enemies":"Cultist","floor":1.0,"turns":3.0},{"damage":5.0,"enemies":"Small Slimes","floor":3.0,"turns":3.0},{"damage":0.0,"enemies":"2 Louse","floor":5.0,"turns":3.0},{"damage":5.0,"enemies":"3 Sentries","floor":6.0,"turns":2.0},{"damage":11.0,"enemies":"Gremlin Gang","floor":7.0,"turns":3.0},{"damage":5.0,"enemies":"Lagavulin","floor":8.0,"turns":6.0},{"damage":12.0,"enemies":"Gremlin Nob","floor":10.0,"turns":3.0},{"damage":0.0,"enemies":"Red Slaver","floor":11.0,"turns":2.0},{"damage":0.0,"enemies":"3 Louse","floor":12.0,"turns":3.0},{"damage":0.0,"enemies":"2 Fungi Beasts","floor":14.0,"turns":3.0},{"damage":6.0,"enemies":"The Guardian","floor":16.0,"turns":12.0},{"damage":2.0,"enemies":"2 Thieves","floor":18.0,"turns":4.0},{"damage":6.0,"enemies":"3 Byrds","floor":20.0,"turns":3.0},{"damage":15.0,"enemies":"Snecko","floor":21.0,"turns":5.0},{"damage":11.0,"enemies":"Centurion and Healer","floor":22.0,"turns":5.0},{"damage":15.0,"enemies":"Gremlin Leader","floor":23.0,"turns":7.0},{"damage":0.0,"enemies":"Book of Stabbing","floor":25.0,"turns":5.0},{"damage":0.0,"enemies":"Gremlin Leader","floor":27.0,"turns":5.0},{"damage":9.0,"enemies":"Snake Plant","floor":28.0,"turns":5.0},{"damage":6,"enemies":"Shelled Parasite and Fungi","floor":29,"turns":6},{"damage":0,"enemies":"Collector","floor":33,"turns":7},{"damage":0,"enemies":"3 Darklings","floor":35,"turns":3},{"damage":0,"enemies":"Orb Walker","floor":36,"turns":3},{"damage":0,"enemies":"3 Darklings","floor":37,"turns":6},{"damage":0,"enemies":"Nemesis","floor":40,"turns":5},{"damage":0,"enemies":"Giant Head","floor":42,"turns":7},{"damage":0,"enemies":"Nemesis","floor":44,"turns":3},{"damage":0,"enemies":"Spire Growth","floor":45,"turns":6},{"damage":0,"enemies":"Giant Head","floor":47,"turns":9},{"damage":1,"enemies":"Writhing Mass","floor":48,"turns":5},{"damage":25,"enemies":"Time Eater","floor":50,"turns":13},{"damage":0,"enemies":"Shield and Spear","floor":54,"turns":6},{"damage":79,"enemies":"The Heart","floor":55,"turns":13}],"seed_played":"-9126007166107593055","potions_obtained":[{"floor":3.0,"key":"DuplicationPotion"},{"floor":5.0,"key":"LiquidBronze"},{"floor":6.0,"key":"SteroidPotion"},{"floor":8.0,"key":"ColorlessPotion"},{"floor":10.0,"key":"Fire Potion"},{"floor":20.0,"key":"Fruit Juice"},{"floor":21.0,"key":"ColorlessPotion"},{"floor":23.0,"key":"SpeedPotion"},{"floor":27.0,"key":"Fruit Juice"},{"floor":29,"key":"FairyPotion"},{"floor":33,"key":"EntropicBrew"},{"floor":40,"key":"Dexterity Potion"},{"floor":45,"key":"BlessingOfTheForge"},{"floor":54,"key":"Strength Potion"}],"is_trial":false,"path_per_floor":["M","T","M","?","M","E","M","E","T","E","M","M","R","M","R","B",null,"M","?","M","M","M","E","R","E","T","E","M","M","R","$","R","B",null,"M","M","M","?","?","E","R","E","T","E","M","R","E","M","R","B",null,"R","$","E","B",null],"character_chosen":"DEFECT","items_purchased":["Lee\u0027s Waffle","Bag of Preparation","Capacitor","FocusPotion","Energy Potion","Turbo+1","Loop","Reboot+1","Discovery+1"],"campfire_rested":3,"item_purchase_floors":[31,31,31,31,31,31,53,53,53],"current_hp_per_floor":[74,74,69,69,69,64,53,48,48,36,36,36,36,36,36,30,75,73,73,67,52,41,26,26,26,26,26,17,11,11,92,92,92,92,92,92,92,92,82,82,82,82,82,82,82,92,92,91,92,81,92,92,92,92,20],"gold":67,"neow_bonus":"BOSS_RELIC","is_daily":false,"chose_seed":false,"campfire_upgraded":5,"win_rate":0.0,"timestamp":1612174746,"path_taken":["M","?","M","?","M","E","M","E","T","E","M","?","R","M","R","BOSS","M","?","M","?","M","E","R","E","T","E","M","M","R","?","R","BOSS","M","M","M","?","?","E","R","E","T","E","M","R","E","M","R","BOSS","R","$","E","BOSS"],"items_purchased_type":["Relic","Relic","Card","Potion","Potion","Card","Card","Card","Card"],"build_version":"2020-12-22","purchased_purges":2,"victory":true,"max_hp_per_floor":[75,75,75,75,75,75,75,75,75,75,75,75,75,75,75,75,75,75,75,75,75,75,75,75,75,75,75,75,75,75,92,92,92,92,92,92,92,92,92,92,92,92,92,92,92,92,92,92,92,92,92,92,92,92,92],"relic_stats":{"Regal Pillow":0,"Lee\u0027s Waffle":56,"Gremlin Horn":[1,1],"counters":[33,174],"MealTicket":15,"PreservedInsect":466,"Bag of Preparation":[26],"Orichalcum":[0],"Cursed Key":2,"obtain_stats":[{"Regal Pillow":6,"Lantern":10,"Lee\u0027s Waffle":31,"Gremlin Horn":44,"Vajra":40,"Oddly Smooth Stone":42,"PreservedInsect":26,"Bag of Preparation":31,"Orichalcum":54,"Ancient Tea Set":8,"Cursed Key":17,"Akabeko":23,"SlaversCollar":0,"DataDisk":2,"CaptainsWheel":47,"MealTicket":27,"Fusion Hammer":34,"Toxic Egg 2":9,"Cracked Core":0,"FossilizedHelix":25},{"Regal Pillow":4,"Lantern":7,"Lee\u0027s Waffle":20,"Gremlin Horn":27,"Vajra":25,"Oddly Smooth Stone":26,"PreservedInsect":17,"Bag of Preparation":20,"Orichalcum":32,"Ancient Tea Set":6,"Cursed Key":11,"Akabeko":16,"SlaversCollar":0,"DataDisk":1,"CaptainsWheel":29,"MealTicket":18,"Fusion Hammer":21,"Toxic Egg 2":6,"Cracked Core":0,"FossilizedHelix":17},{"Regal Pillow":11,"Lantern":23,"Lee\u0027s Waffle":88,"Gremlin Horn":122,"Vajra":112,"Oddly Smooth Stone":119,"PreservedInsect":72,"Bag of Preparation":88,"Orichalcum":161,"Ancient Tea Set":20,"Cursed Key":43,"Akabeko":67,"SlaversCollar":0,"DataDisk":3,"CaptainsWheel":137,"MealTicket":77,"Fusion Hammer":95,"Toxic Egg 2":20,"Cracked Core":0,"FossilizedHelix":72}]},"card_choices":[{"not_picked":["Sweeping Beam","Redo"],"picked":"Sunder","floor":1.0},{"not_picked":["Sunder","Rebound"],"picked":"Steam","floor":3.0},{"not_picked":["Chaos","Redo"],"picked":"Doom and Gloom","floor":5.0},{"not_picked":["Stack","Steam"],"picked":"Lockon","floor":6.0},{"not_picked":["Melter","Lockon"],"picked":"Reboot","floor":7.0},{"not_picked":["Darkness","Turbo"],"picked":"Double Energy","floor":8.0},{"not_picked":["Beam Cell","Sunder","Barrage"],"picked":"SKIP","floor":10.0},{"not_picked":["Ball Lightning","Turbo+1"],"picked":"Cold Snap","floor":11.0},{"not_picked":["Streamline","Scrape"],"picked":"Reinforced Body+1","floor":12.0},{"not_picked":["Conserve Battery+1","Reinforced Body+1"],"picked":"Capacitor","floor":14.0},{"not_picked":["Meteor Strike","Multi-Cast+1"],"picked":"Echo Form","floor":16.0},{"not_picked":["Streamline","Stack+1"],"picked":"Steam+1","floor":18.0},{"not_picked":["Stack+1","Streamline"],"picked":"Compile Driver","floor":20.0},{"not_picked":["Hologram+1","Lockon"],"picked":"Coolheaded+1","floor":21.0},{"not_picked":["Turbo+1","Beam Cell"],"picked":"Undo+1","floor":22.0},{"not_picked":["Storm","Leap+1"],"picked":"Skim+1","floor":23.0},{"not_picked":["Hologram+1","Rebound"],"picked":"Chill+1","floor":25.0},{"not_picked":["Darkness+1","Cold Snap+1"],"picked":"Turbo+1","floor":27.0},{"not_picked":["Creative AI","Stack+1"],"picked":"Steam+1","floor":28.0},{"not_picked":["Stack+1","Streamline"],"picked":"Hologram+1","floor":29},{"not_picked":["Machine Learning","Electrodynamics"],"picked":"Seek+1","floor":33},{"not_picked":["Turbo+1","Streamline+1"],"picked":"Chaos+1","floor":35},{"not_picked":["Reinforced Body+1","Stack+1"],"picked":"Conserve Battery+1","floor":36},{"not_picked":["Hello World+1","Steam Power+1"],"picked":"Coolheaded+1","floor":37},{"not_picked":["Deep Breath+1","Trip+1"],"picked":"Discovery+1","floor":39},{"not_picked":["The Bomb+1","Forethought+1"],"picked":"Blind+1","floor":39},{"not_picked":["Jack Of All Trades+1","Bandage Up+1"],"picked":"Impatience+1","floor":39},{"not_picked":["Force Field+1","Compile Driver"],"picked":"Glacier+1","floor":40},{"not_picked":["Genetic Algorithm+1","Cold Snap+1"],"picked":"White Noise+1","floor":42},{"not_picked":["Go for the Eyes+1","Conserve Battery+1"],"picked":"Coolheaded+1","floor":44},{"not_picked":["Rebound+1","Steam+1"],"picked":"Aggregate+1","floor":45},{"not_picked":["Barrage","Lockon"],"picked":"Coolheaded+1","floor":47},{"not_picked":["Cold Snap+1","Conserve Battery+1"],"picked":"Self Repair","floor":48},{"not_picked":["Steam+1","Streamline+1"],"picked":"Coolheaded+1","floor":54}],"player_experience":1475006,"relics_obtained":[{"floor":2.0,"key":"DataDisk"},{"floor":6.0,"key":"Regal Pillow"},{"floor":8.0,"key":"Ancient Tea Set"},{"floor":9.0,"key":"Toxic Egg 2"},{"floor":10.0,"key":"Lantern"},{"floor":23.0,"key":"Akabeko"},{"floor":25.0,"key":"FossilizedHelix"},{"floor":26.0,"key":"PreservedInsect"},{"floor":27.0,"key":"MealTicket"},{"floor":40,"key":"Vajra"},{"floor":42,"key":"Oddly Smooth Stone"},{"floor":44,"key":"Gremlin Horn"},{"floor":47,"key":"CaptainsWheel"},{"floor":54,"key":"Orichalcum"}],"event_choices":[{"damage_healed":0.0,"max_hp_gain":0.0,"max_hp_loss":0.0,"gold_gain":0.0,"cards_transformed":["Strike_B"],"event_name":"Transmorgrifier","player_choice":"Transformed","floor":4.0,"gold_loss":0.0,"damage_taken":0.0,"cards_obtained":["Rainbow"]},{"cards_removed":["Strike_B"],"damage_healed":0.0,"max_hp_gain":0.0,"max_hp_loss":0.0,"gold_gain":0.0,"event_name":"Purifier","player_choice":"Purged","floor":19.0,"gold_loss":0.0,"damage_taken":0.0},{"damage_healed":0,"gold_gain":0,"player_choice":"Ignored","damage_taken":0,"max_hp_gain":0,"max_hp_loss":0,"event_name":"Tomb of Lord Red Mask","floor":38,"gold_loss":0},{"damage_healed":0,"gold_gain":0,"player_choice":"Memory 3","damage_taken":10,"max_hp_gain":0,"max_hp_loss":0,"event_name":"SensoryStone","floor":39,"gold_loss":0}],"is_beta":false,"boss_relics":[{"not_picked":["Inserter","Tiny House"],"picked":"Cursed Key"},{"not_picked":["Philosopher\u0027s Stone","Empty Cage"],"picked":"Fusion Hammer"}],"items_purged_floors":[31,53],"is_endless":false,"potions_floor_spawned":[3,5,6,8,10,20,21,23,27,29,33,36,37,40,45,54],"ascension_level":4}}