{"host":"v0xbo920qxoewo3e","time":1612193035,"event":{"mods":["Act Like it!","Aspiration","Astrologer","BaseMod","Conspire","Downfall","Friendly Minions","GifTheSpireLib","Halation","Hermit","Hubris","Infinite Spire","Jedi Mod","Jorbs\u0027s Wanderer Trilogy","Koishi","Marisa????????","Minty Spire (QoL Compilation)","Potionbrewer","Rare Cards Sparkle","Reimu??????","Remilia??????","Replay The Spire","StSLib","Stuff the Spire","The Animator","The Blackbeard","The Bladedancer","The Bug Knight","The Construct","The Cursed","The Disciple","The Gatherer","The Jungle","The Problem Sleuth","The Runesmith","The Servant 0.9.4","TheBandit","Unceasing Turn Reminder"],"gold_per_floor":[112,122,141,157,176,176,187,187,264,275,275,275,275,288,288,288,288],"floor_reached":16,"language":"ENG","playtime":2753,"items_purged":[],"score":163,"play_id":"0032690d-af64-4a38-9b61-eb1420f968e6","local_time":"20210201172355","is_ascension_mode":true,"campfire_choices":[{"data":"Hemokinesis","floor":6,"key":"SMITH"},{"data":"Hemokinesis","floor":8,"key":"SMITH"},{"data":"Spot Weakness","floor":12,"key":"SMITH"},{"data":"Clothesline","floor":15,"key":"SMITH"}],"circlet_count":0,"master_deck":["AscendersBane","Strike_R","Strike_R","Strike_R","Strike_R","Strike_R","Defend_R","Defend_R","Defend_R","Defend_R","Bash","Clothesline+1","Spot Weakness+1","Hemokinesis+1","Hemokinesis+1","Seeing Red","ReplayTheSpireMod:Limb From Limb+1","Headbutt"],"relics":["Burning Blood","TungstenRod","jedi:Pinwheel"],"acts_visited":["Exordium"],"potions_floor_usage":[14,16],"damage_taken":[{"damage":7,"enemies":"Jaw Worm","floor":1,"turns":5},{"damage":3,"enemies":"Small Slimes","floor":2,"turns":4},{"damage":4,"enemies":"Cultist","floor":3,"turns":4},{"damage":6,"enemies":"conspire:2 RoseBushes","floor":4,"turns":9},{"damage":7,"enemies":"Red Slaver","floor":5,"turns":4},{"damage":6,"enemies":"Looter","floor":7,"turns":3},{"damage":12,"enemies":"conspire:2 RoseBushes","floor":10,"turns":7},{"damage":6,"enemies":"3 Louse","floor":14,"turns":2},{"damage":61,"enemies":"Fading Forest","floor":16,"turns":11}],"seed_played":"3021626352924567277","potions_obtained":[{"floor":2,"key":"ColorlessPotion"},{"floor":4,"key":"Toxic Potion"}],"is_trial":false,"path_per_floor":["M","M","M","M","M","R","M","R","T","M","?","R","?","M","R","B"],"character_chosen":"IRONCLAD","items_purchased":[],"campfire_rested":0,"item_purchase_floors":[],"current_hp_per_floor":[49,52,54,54,53,53,53,53,53,47,47,47,47,47,47,0,0],"gold":288,"neow_bonus":"ONE_RARE_RELIC","is_daily":false,"chose_seed":false,"campfire_upgraded":4,"win_rate":0.0,"timestamp":1612193035,"path_taken":["M","M","M","M","M","R","M","R","T","M","?","R","?","M","R","BOSS"],"items_purchased_type":[],"build_version":"2020-12-22","purchased_purges":0,"victory":false,"max_hp_per_floor":[75,75,75,75,75,75,75,75,75,75,75,75,75,75,75,75,75],"card_choices":[{"not_picked":["Twin Strike","StuffTheSpire:Pyroclast"],"picked":"Clothesline","floor":1},{"not_picked":["Flex","Twin Strike"],"picked":"Spot Weakness","floor":2},{"not_picked":["jedi:fear","Headbutt"],"picked":"Hemokinesis","floor":3},{"not_picked":["Replay:Undeath\u0027s Touch","True Grit"],"picked":"Hemokinesis","floor":4},{"not_picked":["StuffTheSpire:Pyroclast","ReplayTheSpireMod:Strike From Hell"],"picked":"Seeing Red","floor":5},{"not_picked":["ReplayReversal","jedi:collectorstrike","jedi:fear"],"picked":"SKIP","floor":7},{"not_picked":["jedi:MakeshiftSword","Reckless Charge"],"picked":"ReplayTheSpireMod:Limb From Limb","floor":10},{"not_picked":["Thunderclap","Evolve"],"picked":"Headbutt","floor":14}],"player_experience":1459213,"relics_obtained":[{"floor":9,"key":"jedi:Pinwheel"}],"event_choices":[{"damage_healed":0,"gold_gain":0,"player_choice":"Upgraded","damage_taken":0,"max_hp_gain":0,"max_hp_loss":0,"event_name":"Upgrade Shrine","floor":13,"gold_loss":0,"cards_upgraded":["ReplayTheSpireMod:Limb From Limb"]}],"is_beta":false,"boss_relics":[],"items_purged_floors":[],"is_endless":false,"potions_floor_spawned":[2,4,5,10],"killed_by":"Fading Forest","ascension_level":14}}