{"host":"mdczi372un7rsq30","time":1612148043,"event":{"mods":["BaseMod","Colored Map","Conspire","Downfall","Hubris","Infinite Spire","Minty Spire (QoL Compilation)","Replay The Spire","StSLib","The Animator","The Necromancer"],"gold_per_floor":[112,131,156,30,50,75,75,75,75,75,86,102,102,277,277,277,277],"floor_reached":16,"language":"ENG","playtime":791,"items_purged":[],"score":100,"play_id":"240dda5f-a7cf-409d-bef4-744c8ed4c76b","local_time":"20210201035403","is_ascension_mode":false,"campfire_choices":[{"floor":8,"key":"RECALL"},{"floor":10,"key":"REST"},{"data":"Zap","floor":13,"key":"SMITH"},{"floor":15,"key":"REST"}],"circlet_count":0,"master_deck":["Strike_B","Strike_B","Strike_B","Strike_B","Defend_B","Defend_B","Defend_B","Zap+1","Dualcast","hubris:Compulsion","Meteor Strike","Genetic Algorithm","Go for the Eyes","Secret Weapon","Enlightenment","Replay:Bootleg Shield Generator","Reprogram","FIFO Queue","Gash+1","Fusion","Doubt"],"relics":["Cracked Core","ReplayTheSpireMod:ShopPack","Shovel","Molten Egg 2"],"acts_visited":["Exordium"],"potions_floor_usage":[6,12,16],"damage_taken":[{"damage":1,"enemies":"Cultist","floor":1,"turns":3},{"damage":6,"enemies":"Jaw Worm","floor":2,"turns":5},{"damage":0,"enemies":"2 Louse","floor":5,"turns":4},{"damage":45,"enemies":"3 Sentries","floor":6,"turns":7},{"damage":1,"enemies":"Exordium Wildlife","floor":11,"turns":5},{"damage":0,"enemies":"2 Fungi Beasts","floor":12,"turns":4},{"damage":72,"enemies":"The Guardian","floor":16,"turns":12}],"seed_played":"1861399523391821174","potions_obtained":[{"floor":5,"key":"LiquidBronze"},{"floor":11,"key":"LiquidBronze"},{"floor":12,"key":"Elixir"}],"is_trial":false,"path_per_floor":["M","M","T","$","M","E","?","R","T","R","M","M","R","?","R","B"],"character_chosen":"DEFECT","items_purchased":["ReplayTheSpireMod:ShopPack"],"campfire_rested":2,"item_purchase_floors":[4],"current_hp_per_floor":[74,68,68,68,68,23,23,23,23,45,44,44,44,44,66,0,0],"gold":277,"neow_bonus":"THREE_RARE_CARDS","is_daily":false,"chose_seed":false,"campfire_upgraded":1,"win_rate":0.0,"timestamp":1612148043,"path_taken":["M","M","?","$","M","E","?","R","T","R","M","?","R","?","R","BOSS"],"items_purchased_type":["Relic"],"build_version":"2020-12-22","purchased_purges":0,"victory":false,"max_hp_per_floor":[75,75,75,75,75,75,75,75,75,75,75,75,75,75,75,75,75],"card_choices":[{"not_picked":["Reboot","ReplayTheSpireMod:Fabricate Wheel"],"picked":"Meteor Strike","floor":0},{"not_picked":["Tempest","Turbo"],"picked":"Genetic Algorithm","floor":1},{"not_picked":["Panic Button","Stack"],"picked":"Go for the Eyes","floor":2},{"not_picked":["Mayhem","HandOfGreed"],"picked":"Secret Weapon","floor":4},{"not_picked":["Replay:Sssssssssshield","The Bomb"],"picked":"Enlightenment","floor":4},{"not_picked":["Dark Shackles","Specialist"],"picked":"Replay:Bootleg Shield Generator","floor":4},{"not_picked":["Steam","ReplayTheSpireMod:GoodbyeWorld"],"picked":"Reprogram","floor":5},{"not_picked":["Rip and Tear","Doom and Gloom","ReplayTheSpireMod:Repulse"],"picked":"SKIP","floor":6},{"not_picked":["Steam","Go for the Eyes+1"],"picked":"Gash+1","floor":11},{"not_picked":["Genetic Algorithm","Leap"],"picked":"Fusion","floor":12}],"player_experience":135623,"relics_obtained":[{"floor":6,"key":"Shovel"},{"floor":9,"key":"Molten Egg 2"}],"event_choices":[{"damage_healed":0,"gold_gain":0,"cards_transformed":["Defend_B"],"player_choice":"Transformed","damage_taken":0,"max_hp_gain":0,"max_hp_loss":0,"event_name":"Transmorgrifier","floor":7,"gold_loss":0,"cards_obtained":["FIFO Queue"]},{"damage_healed":0,"gold_gain":175,"player_choice":"AGREE","damage_taken":0,"max_hp_gain":0,"max_hp_loss":0,"event_name":"Liars Game","floor":14,"gold_loss":0,"cards_obtained":["Doubt"]}],"is_beta":false,"boss_relics":[],"items_purged_floors":[],"is_endless":false,"potions_floor_spawned":[5,11,12],"killed_by":"The Guardian","ascension_level":0}}