{"host":"684z1xpuwaoqmmh1","time":1612201480,"event":{"mods":["A Magickal Journey","BaseMod","Dio Mod","Downfall","Hermit","Jorbs\u0027s Wanderer Trilogy","Marisa????????","Minty Spire (QoL Compilation)","Robot Space Explorer","Shade Mod","StSLib","The Elementalist","The Hayseed","The Hierophant","The Marked","The Mystic","The Runesmith","The Saiyan","The Vixen","TheFirefly"],"gold_per_floor":[92,92,112,112,125,155,155,186,186,186,186,214,227,240,240,342,342,360,370,75,75,75,104,116,149,203,238,292,292,292,302,302,407,407,420,470,487,498,208,208,208,208],"floor_reached":41,"language":"ENG","playtime":2241,"items_purged":["Saiyan:SAIYA_Strike"],"score":706,"play_id":"9e9741d2-a041-4b84-8083-cd30aa5982f0","local_time":"20210201194440","is_ascension_mode":true,"campfire_choices":[{"data":"Saiyan:MindBoom","floor":7,"key":"SMITH"},{"data":"Saiyan:RuthlessBlow","floor":10,"key":"SMITH"},{"data":"Saiyan:ThirstForFight","floor":15,"key":"SMITH"},{"floor":30,"key":"RECALL"},{"floor":32,"key":"REST"},{"floor":40,"key":"REST"}],"circlet_count":0,"master_deck":["Saiyan:SAIYA_Strike+1","Saiyan:SAIYA_Strike+1","Saiyan:SAIYA_Defend+1","Saiyan:SAIYA_Defend+1","Saiyan:SAIYA_Defend+1","Saiyan:SAIYA_Defend+1","Saiyan:EnergyBlast","Saiyan:KaioKen+1","Saiyan:RuthlessBlow+1","Saiyan:MindBoom+1","Saiyan:PressOn","Saiyan:PowerUp","Saiyan:KameHameHa","Saiyan:ThirstForFight+1","Saiyan:TransfigurationBeam+1","Saiyan:DragonFist+1","Saiyan:ReverberatingForce+1","Saiyan:GhostAttack+1","Saiyan:Scouter","Saiyan:SaiyanHubris+1","Saiyan:MeteorDash+1","Saiyan:TheBomb","Saiyan:DrainingStrike+1","Saiyan:HyperTimeChamber","Saiyan:UltraInstinct+1","Saiyan:PowerUp","Saiyan:KiExplosion+1","Saiyan:GenkiDama+1","Saiyan:PlotArmor","Saiyan:BurningSoul","Saiyan:TurtleShell","Saiyan:PowerUp","Saiyan:SenzuBean"],"relics":["SaiyanSoul","SaiyanHeart","Omamori","Bird Faced Urn","The Courier","Molten Egg 2","Fusion Hammer","Matryoshka","Mercury Hourglass","Pocketwatch","Anchor","Bottled Lightning","bronze:BronzeIdol","Nunchaku","Lantern","MutagenicStrength","bronze:MakeshiftBattery","Membership Card","hexamod:CandleOfCauterizing"],"acts_visited":["Exordium","TheCity","TheBeyond"],"potions_floor_usage":[6,6,6,6,12,12,16,19,23,25,38],"damage_taken":[{"damage":0,"enemies":"2 Louse","floor":1,"turns":2},{"damage":0,"enemies":"Small Slimes","floor":3,"turns":2},{"damage":0,"enemies":"Cultist","floor":5,"turns":3},{"damage":8,"enemies":"3 Sentries","floor":6,"turns":8},{"damage":28,"enemies":"Gremlin Nob","floor":8,"turns":4},{"damage":0,"enemies":"Lagavulin","floor":12,"turns":5},{"damage":0,"enemies":"Large Slime","floor":13,"turns":4},{"damage":4,"enemies":"Looter","floor":14,"turns":3},{"damage":8,"enemies":"The Guardian","floor":16,"turns":11},{"damage":13,"enemies":"Spheric Guardian","floor":18,"turns":4},{"damage":0,"enemies":"3 Byrds","floor":19,"turns":3},{"damage":18,"enemies":"Book of Stabbing","floor":23,"turns":5},{"damage":2,"enemies":"Snecko","floor":24,"turns":5},{"damage":0,"enemies":"Gremlin Leader","floor":25,"turns":6},{"damage":0,"enemies":"Book of Stabbing","floor":27,"turns":6},{"damage":0,"enemies":"Cultist and Chosen","floor":31,"turns":4},{"damage":0,"enemies":"Champ","floor":33,"turns":7},{"damage":0,"enemies":"3 Darklings","floor":35,"turns":4},{"damage":2,"enemies":"Orb Walker","floor":37,"turns":4},{"damage":12,"enemies":"Sphere and 2 Shapes","floor":38,"turns":3},{"damage":121,"enemies":"Giant Head","floor":41,"turns":14}],"seed_played":"-7535610183900611982","potions_obtained":[{"floor":0,"key":"Ancient Potion"},{"floor":0,"key":"Regen Potion"},{"floor":0,"key":"EntropicBrew"},{"floor":12,"key":"Explosive Potion"},{"floor":18,"key":"Strength Potion"},{"floor":24,"key":"CultistPotion"},{"floor":31,"key":"Block Potion"}],"is_trial":false,"path_per_floor":["M","?","M","?","M","E","R","E","T","R","?","E","M","M","R","B",null,"M","M","$","?","?","E","M","E","T","E","T","?","R","M","R","B",null,"M","?","M","M","$","R","E"],"character_chosen":"SAIYAJIN","items_purchased":["Matryoshka","Saiyan:MeteorDash+1","Membership Card","hexamod:CandleOfCauterizing","Saiyan:PowerUp","Saiyan:SenzuBean"],"campfire_rested":2,"item_purchase_floors":[20,20,39,39,39,39],"current_hp_per_floor":[61,61,63,50,51,58,58,31,31,31,31,47,50,47,47,40,72,60,61,61,61,61,57,58,62,62,65,65,65,65,68,83,84,84,85,85,87,76,76,88,0,0],"gold":208,"neow_bonus":"THREE_SMALL_POTIONS","is_daily":false,"chose_seed":false,"campfire_upgraded":3,"win_rate":0.0,"timestamp":1612201480,"path_taken":["M","?","M","?","M","E","R","E","T","R","?","E","M","?","R","BOSS","M","M","$","?","?","E","M","E","T","E","?","?","R","?","R","BOSS","M","?","M","M","$","R","E"],"items_purchased_type":["Relic","Card","Relic","Relic","Card","Card"],"build_version":"2020-12-22","purchased_purges":1,"victory":false,"max_hp_per_floor":[61,61,63,63,64,64,64,65,65,65,65,67,70,71,71,72,72,73,74,74,74,74,74,77,79,79,80,80,80,80,83,83,84,84,85,85,87,88,88,88,89,89],"card_choices":[{"not_picked":["Saiyan:PlotArmor","Saiyan:KiExplosion"],"picked":"Saiyan:MindBoom","floor":1},{"not_picked":["Saiyan:DoubleMasenko","Saiyan:TurtleShell"],"picked":"Saiyan:PressOn","floor":3},{"not_picked":["Saiyan:UltraInstinct","Saiyan:KiExplosion"],"picked":"Saiyan:PowerUp","floor":5},{"not_picked":["Saiyan:SaiyanHubris","Saiyan:BackAttack"],"picked":"Saiyan:KameHameHa","floor":6},{"not_picked":["Saiyan:Scouter","Saiyan:Planning"],"picked":"Saiyan:ThirstForFight","floor":8},{"not_picked":["Saiyan:FingerParry","Saiyan:ExpandingShockwave+1"],"picked":"Saiyan:TransfigurationBeam+1","floor":12},{"not_picked":["Saiyan:TurtleShell","Saiyan:LastResort"],"picked":"Saiyan:DragonFist+1","floor":13},{"not_picked":["Saiyan:WarmUp","Saiyan:Twize"],"picked":"Saiyan:ReverberatingForce+1","floor":14},{"not_picked":["Saiyan:MonkeyTail","Saiyan:HyperTimeChamber"],"picked":"Saiyan:GhostAttack+1","floor":16},{"not_picked":["Saiyan:DragonFist+1","Saiyan:KameHameHa+1"],"picked":"Saiyan:Scouter","floor":18},{"not_picked":["Saiyan:ThirstForFight","Saiyan:Quickening"],"picked":"Saiyan:SaiyanHubris+1","floor":19},{"not_picked":["Saiyan:DoubleMasenko+1","Saiyan:DragonFist+1"],"picked":"Saiyan:DrainingStrike+1","floor":23},{"not_picked":["Saiyan:TurtleShell","Saiyan:BigBangAttack+1"],"picked":"Saiyan:HyperTimeChamber","floor":24},{"not_picked":["Saiyan:MeteorDash+1","Saiyan:Flurry+1"],"picked":"Saiyan:UltraInstinct+1","floor":25},{"not_picked":["Saiyan:AugmentedBlast+1","Saiyan:Endure"],"picked":"Saiyan:PowerUp","floor":27},{"not_picked":["Saiyan:Reset+1","Saiyan:MeteorDash+1"],"picked":"Saiyan:KiExplosion+1","floor":31},{"not_picked":["Saiyan:GhostAttack+1","Saiyan:SolarFlare"],"picked":"Saiyan:GenkiDama+1","floor":33},{"not_picked":["Saiyan:KiExplosion+1","Saiyan:Expend"],"picked":"Saiyan:PlotArmor","floor":35},{"not_picked":["Saiyan:RemoveWeights+1","Saiyan:AugmentedBlast+1"],"picked":"Saiyan:BurningSoul","floor":37},{"not_picked":["Saiyan:SaiyanHubris","Saiyan:Makankosappo+1"],"picked":"Saiyan:TurtleShell","floor":38}],"player_experience":2937853,"relics_obtained":[{"floor":6,"key":"Omamori"},{"floor":8,"key":"Bird Faced Urn"},{"floor":9,"key":"The Courier"},{"floor":12,"key":"Molten Egg 2"},{"floor":23,"key":"Mercury Hourglass"},{"floor":25,"key":"Pocketwatch"},{"floor":26,"key":"Anchor"},{"floor":26,"key":"Bottled Lightning"},{"floor":27,"key":"bronze:BronzeIdol"},{"floor":28,"key":"Nunchaku"},{"floor":28,"key":"Lantern"}],"event_choices":[{"damage_healed":0,"gold_gain":0,"player_choice":"Ignored","damage_taken":0,"max_hp_gain":0,"max_hp_loss":0,"event_name":"Liars Game","floor":2,"gold_loss":0},{"damage_healed":0,"gold_gain":0,"player_choice":"Entered Light","damage_taken":13,"max_hp_gain":0,"max_hp_loss":0,"event_name":"Shining Light","floor":4,"gold_loss":0,"cards_upgraded":["Saiyan:SAIYA_Defend","Saiyan:KaioKen"]},{"cards_removed":["Saiyan:SAIYA_Strike"],"damage_healed":0,"gold_gain":0,"player_choice":"Purged","damage_taken":0,"max_hp_gain":0,"max_hp_loss":0,"event_name":"Purifier","floor":11,"gold_loss":0},{"damage_healed":0,"gold_gain":0,"player_choice":"Read","damage_taken":0,"max_hp_gain":0,"max_hp_loss":0,"event_name":"The Library","floor":21,"gold_loss":0,"cards_obtained":["Saiyan:TheBomb"]},{"damage_healed":0,"gold_gain":0,"player_choice":"Simplicity","damage_taken":0,"max_hp_gain":0,"max_hp_loss":0,"event_name":"Back to Basics","floor":22,"gold_loss":0,"cards_upgraded":["Saiyan:SAIYA_Strike","Saiyan:SAIYA_Strike","Saiyan:SAIYA_Defend","Saiyan:SAIYA_Defend","Saiyan:SAIYA_Defend"]},{"damage_healed":0,"gold_gain":0,"player_choice":"Inject Mutagens","damage_taken":0,"relics_obtained":["MutagenicStrength"],"max_hp_gain":0,"max_hp_loss":0,"event_name":"Drug Dealer","floor":29,"gold_loss":0}],"is_beta":false,"boss_relics":[{"not_picked":["Calling Bell","Runic Pyramid"],"picked":"Fusion Hammer"},{"not_picked":["SacredBark","Cursed Key"],"picked":"bronze:MakeshiftBattery"}],"items_purged_floors":[20],"is_endless":false,"potions_floor_spawned":[5,12,18,24,31],"killed_by":"Giant Head","ascension_level":2}}