{"host":"kzfpatocel9exp3u","time":1612167118,"event":{"mods":["BaseMod","Googly Eyes","Minty Spire (QoL Compilation)","Reliquary","StSLib","[IsaacMod]ÒÔÈö¼âËþ"],"gold_per_floor":[118,118,118,118,131,161,179,179,179,206,35,35,35,61,61,133,133,152,152,165,265,26,26,26,26],"floor_reached":24,"language":"ZHS","playtime":1145,"items_purged":["Strike_R","Strike_R"],"score":470,"play_id":"98d6da6a-4ddc-4ff3-95ab-c95cb52b8bff","local_time":"20210201161158","is_ascension_mode":true,"campfire_choices":[{"data":"Cleave","floor":8,"key":"SMITH"},{"data":"Armaments","floor":15,"key":"SMITH"},{"floor":23,"key":"REST"}],"circlet_count":0,"master_deck":["AscendersBane","Strike_R","Strike_R+1","Strike_R","Defend_R","Defend_R","Defend_R","Defend_R","Bash","EpicFetus+1","Cleave+1","Shrug It Off","Armaments+1","Feed","Entrench","Feel No Pain","Burning Pact"],"relics":["Burning Blood","HushsDoor","PillsDrop","NeowsBlessing","Pear","TheBible","Pear","Juzu Bracelet","PokeGo","reliquary:KinkedSpring","GuppysHead","GuppysPaw"],"acts_visited":["Exordium","TheCity"],"potions_floor_usage":[16,20],"damage_taken":[{"damage":0,"enemies":"Cultist","floor":1,"turns":1},{"damage":0,"enemies":"Jaw Worm","floor":5,"turns":1},{"damage":0,"enemies":"Gremlin Nob","floor":6,"turns":1},{"damage":10,"enemies":"Small Slimes","floor":7,"turns":4},{"damage":10,"enemies":"3 Sentries","floor":10,"turns":5},{"damage":22,"enemies":"Lagavulin","floor":14,"turns":6},{"damage":33,"enemies":"Hexaghost","floor":16,"turns":8},{"damage":30,"enemies":"Shell Parasite","floor":18,"turns":4},{"damage":14,"enemies":"Spheric Guardian","floor":20,"turns":4},{"damage":33,"enemies":"Book of Stabbing","floor":24,"turns":4}],"seed_played":"8068657527641835735","potions_obtained":[{"floor":5,"key":"SmokeBomb"},{"floor":7,"key":"Block Potion"},{"floor":16,"key":"AttackPotion"}],"is_trial":false,"path_per_floor":["M","$","?","$","M","E","M","R","T","E","$","T","$","E","R","B",null,"M","?","M","?","$","R","E"],"character_chosen":"IRONCLAD","items_purchased":["Juzu Bracelet","GuppysHead","GuppysPaw","Feel No Pain","Burning Pact"],"campfire_rested":1,"item_purchase_floors":[11,17,17,22,22],"current_hp_per_floor":[74,74,51,51,57,73,69,69,69,75,75,75,75,62,62,35,52,32,15,7,7,7,27,0,0],"gold":26,"neow_bonus":"THREE_ENEMY_KILL","is_daily":false,"chose_seed":false,"campfire_upgraded":2,"win_rate":0.0,"timestamp":1612167118,"path_taken":["M","?","?","?","M","E","?","R","T","E","?","?","$","E","R","BOSS","M","?","M","?","?","R","E"],"items_purchased_type":["Relic","Relic","Relic","Card","Card"],"build_version":"2020-12-22","purchased_purges":2,"victory":false,"max_hp_per_floor":[75,75,75,75,70,80,75,75,75,85,85,85,85,88,88,83,58,62,67,67,67,67,67,67,67],"card_choices":[{"not_picked":[],"picked":"EpicFetus","floor":0},{"not_picked":["Pommel Strike","Sever Soul","Metallicize"],"picked":"SKIP","floor":1},{"not_picked":["Iron Wave","Shrug It Off"],"picked":"Cleave","floor":5},{"not_picked":["Wild Strike","Seeing Red","Flame Barrier"],"picked":"SKIP","floor":6},{"not_picked":["Perfected Strike","Warcry"],"picked":"Shrug It Off","floor":7},{"not_picked":["Brutality","Rupture"],"picked":"Armaments","floor":10},{"not_picked":["Seeing Red","True Grit","Reaper"],"picked":"SKIP","floor":14},{"not_picked":["Exhume","Reaper"],"picked":"Feed","floor":16},{"not_picked":["Clash+1","Sword Boomerang","Body Slam"],"picked":"SKIP","floor":18},{"not_picked":["Flex","True Grit"],"picked":"Entrench","floor":20}],"player_experience":1316437,"relics_obtained":[{"floor":6,"key":"Pear"},{"floor":9,"key":"TheBible"},{"floor":10,"key":"reliquary:SculptingSteel"},{"floor":14,"key":"PokeGo"}],"event_choices":[{"damage_healed":0,"gold_gain":0,"player_choice":"Entered Light","damage_taken":23,"max_hp_gain":0,"max_hp_loss":0,"event_name":"Shining Light","floor":3,"gold_loss":0,"cards_upgraded":["Strike_R","EpicFetus"]},{"damage_healed":0,"gold_gain":0,"player_choice":"Shed Blood","damage_taken":22,"max_hp_gain":5,"max_hp_loss":0,"event_name":"Forgotten Altar","floor":19,"gold_loss":0}],"is_beta":false,"boss_relics":[{"not_picked":["Cursed Key","Runic Dome"],"picked":"reliquary:KinkedSpring"},{"not_picked":[]}],"items_purged_floors":[17,22],"is_endless":false,"potions_floor_spawned":[5,7,16],"killed_by":"Book of Stabbing","ascension_level":20}}