{"host":"2se5dq1do2gp0x9k","time":1612142975,"event":{"mods":["AchievementEnabler","BaseMod","Block Reminder","Colored Map","Colored Powertips","Minty Spire (QoL Compilation)","Relic Stats","StSLib","SuperFastMode"],"gold_per_floor":[113,132,132,97,8,8,41,41,65,65,65],"floor_reached":10,"language":"ENG","playtime":244,"items_purged":[],"score":128,"play_id":"f3c7bb5a-0b60-4279-a92f-b1b3fb7426ca","local_time":"20210131172935","is_ascension_mode":true,"campfire_choices":[{"data":"Dagger Spray","floor":6,"key":"SMITH"},{"data":"Neutralize","floor":8,"key":"SMITH"}],"circlet_count":0,"master_deck":["AscendersBane","Strike_G+1","Strike_G","Strike_G+1","Strike_G","Strike_G","Defend_G","Defend_G","Defend_G","Defend_G","Defend_G","Survivor","Neutralize+1","Venomology","Blade Dance","Bouncing Flask","Blade Dance","Dagger Spray+1","Blade Dance"],"relics":["Ring of the Snake","Bronze Scales","Lantern"],"acts_visited":["Exordium"],"potions_floor_usage":[7,7,10],"damage_taken":[{"damage":4,"enemies":"Cultist","floor":1,"turns":5},{"damage":4,"enemies":"Small Slimes","floor":2,"turns":4},{"damage":32,"enemies":"3 Sentries","floor":7,"turns":5},{"damage":45,"enemies":"Gremlin Nob","floor":10,"turns":3}],"seed_played":"-3748996731892186661","potions_obtained":[{"floor":1,"key":"Regen Potion"}],"is_trial":false,"path_per_floor":["M","M","?","?","$","R","E","R","T","E"],"character_chosen":"THE_SILENT","items_purchased":["Blade Dance","Dagger Spray"],"campfire_rested":0,"item_purchase_floors":[5,5],"current_hp_per_floor":[55,51,31,47,47,47,29,29,29,0,0],"gold":65,"neow_bonus":"ONE_RANDOM_RARE_CARD","is_daily":false,"chose_seed":false,"campfire_upgraded":2,"win_rate":0.0,"timestamp":1612142975,"path_taken":["M","M","?","?","?","R","E","R","T","E"],"items_purchased_type":["Card","Card"],"build_version":"2020-12-22","purchased_purges":0,"victory":false,"max_hp_per_floor":[66,66,66,66,66,66,66,66,66,66,66],"relic_stats":{"counters":[4,17],"Bronze Scales":[3],"obtain_stats":[{"Lantern":9,"Bronze Scales":7,"Ring of the Snake":0},{"Lantern":3,"Bronze Scales":3,"Ring of the Snake":0},{"Lantern":14,"Bronze Scales":14,"Ring of the Snake":0}],"Ring of the Snake":[8]},"card_choices":[{"not_picked":["Slice","Finisher"],"picked":"Blade Dance","floor":1},{"not_picked":["Flechettes","Underhanded Strike"],"picked":"Bouncing Flask","floor":2},{"not_picked":["Backflip","Acrobatics"],"picked":"Blade Dance","floor":7}],"player_experience":4033091,"relics_obtained":[{"floor":7,"key":"Bronze Scales"},{"floor":9,"key":"Lantern"}],"event_choices":[{"damage_healed":0,"gold_gain":0,"player_choice":"Entered Light","damage_taken":20,"max_hp_gain":0,"max_hp_loss":0,"event_name":"Shining Light","floor":3,"gold_loss":0,"cards_upgraded":["Strike_G","Strike_G"]},{"damage_healed":16,"gold_gain":0,"player_choice":"Healed","damage_taken":0,"max_hp_gain":0,"max_hp_loss":0,"event_name":"The Cleric","floor":4,"gold_loss":35}],"is_beta":false,"boss_relics":[],"items_purged_floors":[],"is_endless":false,"potions_floor_spawned":[1],"killed_by":"Gremlin Nob","ascension_level":20}}