{"host":"08z5bj28eube4vug","time":1612158626,"event":{"mods":["2.2 Compatiblity","Abigail Mod","Act Like it!","BaseMod","Beaked The Cultist","Bestiary","Friendly Minions","Gensokyo","GungeonMod","Hallownest","Kiyohime????","Koishi","Lobotomy","Marisa????????","Minty Spire (QoL Compilation)","Prisma Mod","Remilia??????","Replay The Spire","StSLib","Td1madao Mod","The Alterego","The Bug Knight","The Jungle","The Sage","The Senshi","The Servant 0.9.4","Waifu the Spire","WarShipGirlsR/????R mod","Yuri Mod"],"gold_per_floor":[109,343,354,373,61,90,90,104,104,134,59,59,59,72,72,176,176,187,187,201,219,20,20,33,33,107,125,152,165,179,149,149,244,244,254,274,294,314,332,332,350,367,367,367,387,12,62,77,77,77],"floor_reached":51,"language":"ENG","playtime":3508,"items_purged":[],"score":852,"play_id":"57921c1d-c139-497f-b1b6-ff6ca3477340","local_time":"20210201085026","is_ascension_mode":true,"campfire_choices":[{"data":"rmod:abidefaith","floor":7.0,"key":"SMITH"},{"data":"rmod:diamondstrike","floor":13.0,"key":"SMITH"},{"data":"rmod:mineteam","floor":15.0,"key":"SMITH"},{"data":"rmod:seals","floor":23.0,"key":"SMITH"},{"data":"rmod:abidefaith","floor":25.0,"key":"SMITH"},{"data":"rmod:expedition","floor":32.0,"key":"SMITH"},{"floor":40.0,"key":"REST"},{"floor":44.0,"key":"REST"}],"circlet_count":0,"master_deck":["rmod:strick","rmod:strick","rmod:strick","rmod:strick","rmod:defend","rmod:defend","rmod:defend","rmod:defend","rmod:basicallowance","rmod:maingunfire","Strike_P","Strike_R","rmod:unsinkable","rmod:intelligenceanalysis","rmod:selfconfidence","rmod:overbreakdown","rmod:abidefaith+1","rmod:tearstotiara","rmod:highspeedmaneuver","rmod:mineteam+1","rmod:tearstotiara","rmod:tearstotiara","rmod:combined","rmod:expedition+1","rmod:diamondstrike+1","rmod:overbreakdown","rmod:abidefaith+1","Writhe","rmod:unsinkable+1","rmod:seals+1","rmod:gendarmerie","rmod:mineteam","rmod:tearstotiara+1","rmod:tearstotiara+1","Parasite","ReplayTheSpireMod:Brewmster","rmod:diamondstrike+1","rmod:smokecover+1"],"relics":["rmod:firstchargereward","TungstenRod","Old Coin","DemoMod:PinkGuonStone","beaked:ShinyBauble","yuri:PortableGlitches","Busted Crown","Eternal Feather","Molten Egg 2","Toxic Egg 2","theSenshi:FeatherClipsRelic","Lee\u0027s Waffle","Replay:Multitool"],"acts_visited":["Exordium","TheCity","TheBeyond"],"potions_floor_usage":[50,50,50,50,50,50,50,50],"damage_taken":[{"damage":0.0,"enemies":"Cultist","floor":1.0,"turns":2.0},{"damage":0.0,"enemies":"Small Slimes","floor":3.0,"turns":2.0},{"damage":0.0,"enemies":"2 Louse","floor":4.0,"turns":3.0},{"damage":17.0,"enemies":"Lagavulin","floor":6.0,"turns":7.0},{"damage":1.0,"enemies":"2 Fungi Beasts","floor":8.0,"turns":2.0},{"damage":15.0,"enemies":"3 Sentries","floor":10.0,"turns":5.0},{"damage":0.0,"enemies":"Gremlin Gang","floor":14.0,"turns":2.0},{"damage":0.0,"enemies":"Slime Boss","floor":16.0,"turns":7.0},{"damage":4.0,"enemies":"Chosen","floor":18.0,"turns":4.0},{"damage":8.0,"enemies":"Spheric Guardian","floor":20.0,"turns":5.0},{"damage":20.0,"enemies":"Chosen and Byrds","floor":21.0,"turns":5.0},{"damage":6.0,"enemies":"Snecko","floor":24.0,"turns":5.0},{"damage":7.0,"enemies":"Centurion and Healer","floor":27.0,"turns":4.0},{"damage":8.0,"enemies":"Book of Stabbing","floor":28.0,"turns":5.0},{"damage":5.0,"enemies":"Shelled Parasite and Fungi","floor":29.0,"turns":5.0},{"damage":0.0,"enemies":"Snake Plant","floor":30.0,"turns":5.0},{"damage":27.0,"enemies":"Collector","floor":33.0,"turns":7.0},{"damage":16.0,"enemies":"Orb Walker","floor":35.0,"turns":4.0},{"damage":6.0,"enemies":"3 Darklings","floor":36.0,"turns":5.0},{"damage":18.0,"enemies":"Transient","floor":37.0,"turns":5.0},{"damage":4.0,"enemies":"Maw","floor":38.0,"turns":6.0},{"damage":36.0,"enemies":"4 Shapes","floor":39.0,"turns":4.0},{"damage":6.0,"enemies":"Sphere and 2 Shapes","floor":41.0,"turns":4.0},{"damage":51.0,"enemies":"Transient","floor":42.0,"turns":5.0},{"damage":27.0,"enemies":"Writhing Mass","floor":45.0,"turns":5.0},{"damage":4.0,"enemies":"Mind Bloom Boss Battle","floor":47.0,"turns":7.0},{"damage":8.0,"enemies":"3 Darklings","floor":48.0,"turns":5.0},{"damage":61,"enemies":"Replay:Hell Engine","floor":50,"turns":10}],"seed_played":"4228101755415515269","potions_obtained":[{"floor":6.0,"key":"AttackPotion"},{"floor":8.0,"key":"Dexterity Potion"},{"floor":10.0,"key":"ColorlessPotion"},{"floor":16.0,"key":"Fire Potion"},{"floor":24.0,"key":"Weak Potion"},{"floor":30.0,"key":"ColorlessPotion"},{"floor":31.0,"key":"FairyPotion"},{"floor":31.0,"key":"Weak Potion"},{"floor":33.0,"key":"sagemod:Wine"},{"floor":37.0,"key":"Adrenaline Potion"},{"floor":38.0,"key":"BlessingOfTheForge"},{"floor":41.0,"key":"BlessingOfTheForge"},{"floor":42.0,"key":"Fire Potion"},{"floor":49.0,"key":"LiquidBronze"},{"floor":49.0,"key":"ColorlessPotion"}],"is_trial":false,"path_per_floor":["M","?","M","M","$","E","R","M","T","E","$","?","R","M","R","B",null,"M","?","M","M","$","R","M","R","T","M","E","M","M","?","R","B",null,"M","M","M","M","M","R","M","M","T","R","M","$","?","M","R","B",null],"character_chosen":"PRAEFECT","items_purchased":["DemoMod:PinkGuonStone","rmod:overbreakdown","rmod:mineteam","rmod:seals","Adrenaline Potion","Lee\u0027s Waffle","ReplayTheSpireMod:Brewmster","DemoMod:LeadSkinPotion"],"campfire_rested":2,"item_purchase_floors":[5,5,11,22,22,46,46,46],"current_hp_per_floor":[68,68,68,68,75,58,58,57,57,42,42,42,42,42,42,42,72,68,68,60,40,40,58,52,70,70,63,55,50,50,50,68,41,72,56,50,32,28,24,66,60,9,9,51,30,89,89,87,89,34],"gold":77,"neow_bonus":"ONE_RARE_RELIC","is_daily":false,"chose_seed":false,"campfire_upgraded":6,"win_rate":0.0,"timestamp":1612158626,"path_taken":["M","?","?","M","$","E","R","M","T","E","$","?","R","M","R","BOSS","M","?","?","M","$","R","M","R","T","M","E","M","M","?","R","BOSS","M","M","M","?","M","R","M","M","T","R","M","?","?","M","R","BOSS"],"items_purchased_type":["Relic","Card","Card","Card","Potion","Relic","Card","Undefined"],"build_version":"2020-12-22","purchased_purges":0,"victory":true,"max_hp_per_floor":[75,75,75,75,82,82,82,82,82,82,82,82,82,82,82,82,82,82,82,82,82,82,82,82,82,82,82,82,82,82,82,82,82,82,82,82,82,82,82,82,82,82,82,82,82,89,89,89,89,89],"card_choices":[{"not_picked":["rmod:diamondstrike","rmod:supportescort"],"picked":"rmod:unsinkable","floor":1.0},{"not_picked":["rmod:tearstotiara","rmod:fletcherpendant"],"picked":"rmod:intelligenceanalysis","floor":3.0},{"not_picked":["rmod:punchline","rmod:aluminumsupply"],"picked":"rmod:selfconfidence","floor":4.0},{"not_picked":["rmod:slowdown","rmod:ammunitionsupply"],"picked":"rmod:abidefaith","floor":6.0},{"not_picked":["rmod:luckystar","rmod:overbreakdown"],"picked":"rmod:tearstotiara","floor":8.0},{"not_picked":["rmod:stealaluminum","rmod:chargemoney"],"picked":"rmod:highspeedmaneuver","floor":10.0},{"not_picked":["rmod:spoils","rmod:wolves"],"picked":"rmod:overbreakdown","floor":14.0},{"not_picked":["rmod:highspeedmaneuver","rmod:supriseattacks"],"picked":"rmod:abidefaith","floor":16.0},{"not_picked":["rmod:generalist"],"picked":"SKIP","floor":18.0},{"not_picked":[],"picked":"rmod:unsinkable+1","floor":20.0},{"not_picked":["rmod:fuelsupply"],"picked":"SKIP","floor":21.0},{"not_picked":[],"picked":"rmod:gendarmerie","floor":24.0},{"not_picked":[],"picked":"rmod:mineteam","floor":27.0},{"not_picked":["rmod:shuttlebombing+1"],"picked":"SKIP","floor":28.0},{"not_picked":[],"picked":"rmod:tearstotiara+1","floor":29.0},{"not_picked":["rmod:aviationdawn+1"],"picked":"SKIP","floor":30.0},{"not_picked":["rmod:victimresponsibility+1"],"picked":"SKIP","floor":35.0},{"not_picked":["rmod:luckystar+1"],"picked":"SKIP","floor":36.0},{"not_picked":["rmod:tearstotiara+1"],"picked":"SKIP","floor":37.0},{"not_picked":[],"picked":"rmod:tearstotiara+1","floor":37.0},{"not_picked":["rmod:firesupport+1"],"picked":"SKIP","floor":38.0},{"not_picked":["rmod:punchline+1"],"picked":"SKIP","floor":39.0},{"not_picked":["rmod:advancebysurprise+1"],"picked":"SKIP","floor":41.0},{"not_picked":["rmod:highspeedshooting+1"],"picked":"SKIP","floor":42.0},{"not_picked":["rmod:fletcherpendant+1"],"picked":"SKIP","floor":45.0},{"not_picked":[],"picked":"rmod:diamondstrike+1","floor":47.0},{"not_picked":[],"picked":"rmod:smokecover+1","floor":48.0}],"player_experience":868271,"relics_obtained":[{"floor":6.0,"key":"beaked:ShinyBauble"},{"floor":10.0,"key":"yuri:PortableGlitches"},{"floor":26.0,"key":"Molten Egg 2"},{"floor":28.0,"key":"Toxic Egg 2"},{"floor":43.0,"key":"theSenshi:FeatherClipsRelic"},{"floor":47.0,"key":"Replay:Multitool"}],"event_choices":[{"damage_healed":0.0,"max_hp_gain":0.0,"max_hp_loss":0.0,"gold_gain":0.0,"event_name":"WeMeetAgain","player_choice":"Paid Gold","floor":2.0,"gold_loss":66.0,"damage_taken":0.0,"relics_obtained":["Old Coin"]},{"damage_healed":0.0,"max_hp_gain":0.0,"max_hp_loss":0.0,"gold_gain":0.0,"event_name":"The Mausoleum","player_choice":"Opened","floor":19.0,"gold_loss":0.0,"damage_taken":0.0,"relics_obtained":["Eternal Feather"],"cards_obtained":["Writhe"]},{"damage_healed":0.0,"max_hp_gain":0.0,"max_hp_loss":0.0,"gold_gain":0.0,"event_name":"The Woman in Blue","player_choice":"Bought 2 Potions","floor":31.0,"gold_loss":0.0,"damage_taken":0.0},{"damage_healed":0.0,"max_hp_gain":0.0,"max_hp_loss":0.0,"gold_gain":0.0,"event_name":"MindBloom","player_choice":"Fight","floor":47.0,"gold_loss":0.0,"damage_taken":0.0}],"is_beta":false,"boss_relics":[{"not_picked":["Tiny House","Snecko Eye"],"picked":"Busted Crown"},{"not_picked":["Runic Dome","ReplayTheSpireMod:DimensionalGlitch","beaked:MawFillet"]}],"items_purged_floors":[],"is_endless":false,"potions_floor_spawned":[6,8,10,16,24,30,33,37,38,41,42],"ascension_level":8}}