{"host":"bavx0eibpuvdy04q","time":1612175052,"event":{"mods":["BaseMod","BetterRewards","Friendly Minions","Hermit","Hubris","Infinite Spire","KinomotoSakuraMod(????)","Kiyohime????","Koishi","LagranYue(???·?)","Marisa????????","Minty Spire (QoL Compilation)","Prisma Mod","Remilia??????","Replay The Spire","StSLib","The Administrix","The Alterego","The Animator","The Construct","The Cursed","The Disciple","The Hierophant","The Mystic","The Necromancer","The Runesmith","The Senshi","The Servant 0.9.4","Yakumo Yukari mod","Yuri Mod"],"gold_per_floor":[115,128,148,160,179,179,208,208,235,235,252,268,268,268],"floor_reached":13,"language":"ENG","playtime":1203,"items_purged":[],"score":89,"play_id":"82270cdd-7073-440f-85eb-723697374895","local_time":"20210201032412","is_ascension_mode":false,"campfire_choices":[{"data":"KiyohimeMod:FormalCraft","floor":6,"key":"SMITH"},{"floor":10,"key":"REST"}],"circlet_count":0,"master_deck":["KiyohimeMod:Strike+1","KiyohimeMod:Strike","KiyohimeMod:Strike+1","KiyohimeMod:Strike","KiyohimeMod:Defend","KiyohimeMod:Defend","KiyohimeMod:Defend","KiyohimeMod:Defend","KiyohimeMod:Track","KiyohimeMod:FlameKiss+1","KiyohimeMod:Shapeshift","KiyohimeMod:BlueBlackKey","KiyohimeMod:EatSoul","KiyohimeMod:GreenBlackKey","KiyohimeMod:FormalCraft+1","KiyohimeMod:HeroCreation","KiyohimeMod:RedBlackKey","KiyohimeMod:HotSpringOfTheMoon","KiyohimeMod:BeElegant"],"relics":["KiyohimeMod:FireDragon","LagranYue:RandomDrawCardRelic","ReplayTheSpireMod:TigerMarble","Potion Belt"],"acts_visited":["Exordium"],"potions_floor_usage":[4,12,12,12],"damage_taken":[{"damage":8,"enemies":"Small Slimes","floor":1,"turns":4},{"damage":0,"enemies":"Cultist","floor":2,"turns":3},{"damage":0,"enemies":"2 Louse","floor":3,"turns":3},{"damage":11,"enemies":"Large Slime","floor":4,"turns":6},{"damage":0,"enemies":"3 Louse","floor":5,"turns":4},{"damage":6,"enemies":"Replay:BlueRogue","floor":7,"turns":5},{"damage":10,"enemies":"2 Fungi Beasts","floor":11,"turns":3},{"damage":11,"enemies":"Large Slime","floor":12,"turns":2},{"damage":28,"enemies":"Gremlin Nob","floor":13,"turns":3}],"seed_played":"-2963921039718281846","potions_obtained":[{"floor":2,"key":"Flashbang"},{"floor":4,"key":"AttackPotion"},{"floor":5,"key":"PowerPotion"},{"floor":7,"key":"SkillPotion"}],"is_trial":false,"path_per_floor":["M","M","M","M","M","R","E","?","T","R","M","M","E"],"character_chosen":"Kiyohime","items_purchased":[],"campfire_rested":1,"item_purchase_floors":[],"current_hp_per_floor":[52,52,52,41,41,41,35,23,23,41,31,20,0,0],"gold":268,"neow_bonus":"UPGRADE_CARD","is_daily":false,"chose_seed":false,"campfire_upgraded":1,"win_rate":0.0,"timestamp":1612175052,"path_taken":["M","M","M","M","M","R","E","?","T","R","M","M","E"],"items_purchased_type":[],"build_version":"2020-12-22","purchased_purges":0,"victory":false,"max_hp_per_floor":[60,60,60,60,60,60,60,60,60,60,60,60,60,60],"card_choices":[{"not_picked":["KiyohimeMod:GreenBlackKey","KiyohimeMod:Tenacious"],"picked":"KiyohimeMod:BlueBlackKey","floor":1},{"not_picked":["KiyohimeMod:Preemptive","KiyohimeMod:CommandCard_Arts"],"picked":"KiyohimeMod:EatSoul","floor":2},{"not_picked":["KiyohimeMod:FormalCraft","KiyohimeMod:Preemptive"],"picked":"KiyohimeMod:GreenBlackKey","floor":3},{"not_picked":["KiyohimeMod:Grimoire","KiyohimeMod:WaterTurn"],"picked":"KiyohimeMod:FormalCraft","floor":4},{"not_picked":["KiyohimeMod:GreenBlackKey","KiyohimeMod:FirstPremonition"],"picked":"KiyohimeMod:HeroCreation","floor":5},{"not_picked":["KiyohimeMod:GreenBlackKey","KiyohimeMod:FirstPremonition"],"picked":"KiyohimeMod:RedBlackKey","floor":7},{"not_picked":["KiyohimeMod:GreenBlackKey","KiyohimeMod:FirstPremonition"],"picked":"KiyohimeMod:HotSpringOfTheMoon","floor":11},{"not_picked":["KiyohimeMod:ExSpicyMapoTofu","KiyohimeMod:GreenBlackKey"],"picked":"KiyohimeMod:BeElegant","floor":12}],"player_experience":88562,"relics_obtained":[{"floor":7,"key":"ReplayTheSpireMod:TigerMarble"},{"floor":9,"key":"Potion Belt"}],"event_choices":[{"damage_healed":0,"gold_gain":0,"player_choice":"Entered Light","damage_taken":12,"max_hp_gain":0,"max_hp_loss":0,"event_name":"Shining Light","floor":8,"gold_loss":0,"cards_upgraded":["KiyohimeMod:Strike","KiyohimeMod:Strike"]}],"is_beta":false,"boss_relics":[],"items_purged_floors":[],"is_endless":false,"potions_floor_spawned":[2,4,5,7],"killed_by":"Gremlin Nob","ascension_level":0}}