{"host":"3498uni0c31c9bdm","time":1612209866,"event":{"mods":["BaseMod","Better Third Choice","Minty Spire (QoL Compilation)","Replay The Spire","StSLib"],"gold_per_floor":[116,116,133,149,114,145,223,203,203,222,222,70,84,134,134,231,231,249,174,174,19,31,59,77,103,103,13,43,43,73,88,88,185,185,198,4,23,15,15,42,42,76,103,134,134,150,200,200,200,200,200,288,8,37,37],"floor_reached":56,"language":"ENG","playtime":3178,"items_purged":[],"score":2121,"play_id":"0cbf5754-beff-44fb-baad-fbaf83fe10b9","local_time":"20210202070426","is_ascension_mode":true,"campfire_choices":[{"floor":11,"key":"REST"},{"floor":15,"key":"RECALL"},{"floor":32,"key":"REST"},{"data":"Storm","floor":49,"key":"SMITH"}],"circlet_count":0,"master_deck":["AscendersBane","Strike_B","Strike_B+1","Strike_B","Strike_B","Defend_B","Defend_B","Defend_B","Defend_B+1","Zap","Dualcast","Sweeping Beam","Seek","Conserve Battery","Storm+1","Chill+1","Creative AI","Clumsy","Barrage+1","ReplayTheSpireMod:Calculation Training","Turbo","Spreading Infection","Injury","ReplayTheSpireMod:Calculation Training+1","Compile Driver","Sadistic Nature","Sadistic Nature","Pot Of Greed","Pot Of Greed","Pot Of Greed","Aggregate","Redo+1","Genetic Algorithm+1","Turbo+1","Go for the Eyes","Shame","Overencumbered","Go for the Eyes+1","Pot Of Greed","Conserve Battery","Storm","Sickly","Defragment+1","Leap+1","Ball Lightning","Discovery","FTL+1","Hologram+1","FTL+1","White Noise","Pot Of Greed","ReplayTheSpireMod:Omega Cannon","ReplayTheSpireMod:Faulty Equipment","Ball Lightning+1","Madness","Madness","ReplayTheSpireMod:Splinters","Cold Snap+1","Leap","ReplayTheSpireMod:Calculation Training","Sickly","Defragment"],"relics":["Cracked Core","Oddly Smooth Stone","Smiling Mask","Carrot","ReplayTheSpireMod:Shallot","Blue Doll","Ring of Peace","Ring of Greed","Membership Card","MealTicket","Ring of Chaos","ReplayTheSpireMod:CursedCoin","Bottled Tornado","Grinning Jar","Simple Rune","Ancient Tea Set","Quantum Egg","Lee\u0027s Waffle","Blue Candle","Onion Ring","Bag of Preparation","Honey Jar","Mummified Hand","Potion Belt","Prayer Wheel","Replay:Multitool","Sundial","Centennial Puzzle","Lizard Tail","Bag of Marbles","Replay:Antivirus Software","OrangePellets","War Paint"],"acts_visited":["Exordium","TheCity","TheBeyond","TheEnding"],"potions_floor_usage":[6,16,16,23,24,24,33,33,33,44,50,50,55,55,55],"damage_taken":[{"damage":0,"enemies":"Cultist","floor":1,"turns":3},{"damage":6,"enemies":"Jaw Worm","floor":3,"turns":3},{"damage":8,"enemies":"Small Slimes","floor":4,"turns":2},{"damage":39,"enemies":"Gremlin Nob","floor":6,"turns":5},{"damage":11,"enemies":"Exordium Thugs","floor":10,"turns":4},{"damage":0,"enemies":"2 Fungi Beasts","floor":13,"turns":3},{"damage":18,"enemies":"Hexaghost","floor":16,"turns":11},{"damage":0,"enemies":"3 Byrds","floor":18,"turns":4},{"damage":0,"enemies":"2 Thieves","floor":19,"turns":5},{"damage":6,"enemies":"Snecko","floor":22,"turns":5},{"damage":58,"enemies":"Book of Stabbing","floor":23,"turns":7},{"damage":5,"enemies":"Shelled Parasite and Fungi","floor":24,"turns":7},{"damage":15,"enemies":"Slavers","floor":28,"turns":4},{"damage":30,"enemies":"Book of Stabbing","floor":30,"turns":6},{"damage":24,"enemies":"Snake Plant","floor":31,"turns":5},{"damage":0,"enemies":"Champ","floor":33,"turns":8},{"damage":27,"enemies":"3 Darklings","floor":35,"turns":3},{"damage":0,"enemies":"Orb Walker","floor":37,"turns":4},{"damage":0,"enemies":"R_Hoarder","floor":40,"turns":5},{"damage":9,"enemies":"Reptomancer","floor":42,"turns":6},{"damage":0,"enemies":"Giant Head","floor":44,"turns":8},{"damage":0,"enemies":"Transient","floor":46,"turns":5},{"damage":0,"enemies":"Mind Bloom Boss Battle","floor":47,"turns":7},{"damage":39,"enemies":"Time Eater","floor":50,"turns":7},{"damage":6,"enemies":"Shield and Spear","floor":54,"turns":4},{"damage":96,"enemies":"The Heart","floor":55,"turns":8}],"seed_played":"5522595354648018421","potions_obtained":[{"floor":4,"key":"LiquidBronze"},{"floor":8,"key":"Dexterity Potion"},{"floor":10,"key":"Weak Potion"},{"floor":13,"key":"Languid Potion"},{"floor":22,"key":"Dexterity Potion"},{"floor":23,"key":"AttackPotion"},{"floor":31,"key":"EntropicBrew"},{"floor":33,"key":"Block Potion"},{"floor":35,"key":"Adrenaline Potion"},{"floor":42,"key":"Milkshake"}],"is_trial":false,"path_per_floor":["M","$","M","M","?","E","T","?","T","M","R","$","M","?","R","B",null,"M","M","?","$","M","E","M","T","T","$","E","?","E","M","R","B",null,"M","$","M","$","?","E","?","E","T","E","?","M","?","?","R","B",null,"R","$","E","B",null],"character_chosen":"DEFECT","items_purchased":["Blue Doll","ReplayTheSpireMod:CursedCoin","ReplayTheSpireMod:Calculation Training+1","Compile Driver","Sadistic Nature","Bottled Tornado","Grinning Jar","Lee\u0027s Waffle","Turbo+1","Mummified Hand","Potion Belt","Ball Lightning","Bag of Marbles","Replay:Antivirus Software","OrangePellets","Ancient Potion","Elixir"],"campfire_rested":2,"item_purchase_floors":[12,21,21,21,21,21,21,27,27,36,36,38,53,53,53,53,53],"current_hp_per_floor":[68,68,62,54,72,33,33,33,33,22,44,44,44,44,44,26,63,63,63,63,75,69,11,6,6,6,82,67,67,37,13,37,37,71,44,59,59,74,74,74,74,65,65,65,65,65,65,55,55,16,66,66,81,75,21],"gold":37,"neow_bonus":"RANDOM_COMMON_RELIC","is_daily":false,"chose_seed":false,"campfire_upgraded":1,"win_rate":0.0,"timestamp":1612209866,"path_taken":["M","$","M","?","?","E","?","?","T","M","R","$","?","?","R","BOSS","M","M","?","$","M","E","M","?","T","$","E","?","E","M","R","BOSS","M","$","M","$","?","E","?","E","T","E","?","M","?","?","R","BOSS","R","$","E","BOSS"],"items_purchased_type":["Relic","Relic","Card","Card","Card","Relic","Relic","Relic","Card","Relic","Relic","Card","Relic","Relic","Relic","Potion","Potion"],"build_version":"2020-12-22","purchased_purges":0,"victory":true,"max_hp_per_floor":[75,75,75,75,75,75,75,75,75,75,75,75,75,75,75,75,75,75,75,75,75,75,75,75,75,75,82,82,82,82,82,82,82,82,82,82,82,82,82,82,82,82,82,82,82,82,82,82,82,82,82,82,82,82,82],"card_choices":[{"not_picked":["Hologram","Rebound"],"picked":"Sweeping Beam","floor":1},{"not_picked":["Sweeping Beam","Coolheaded"],"picked":"Doom and Gloom","floor":3},{"not_picked":["Hologram","Rebound"],"picked":"Seek","floor":4},{"not_picked":["Leap","Rebound"],"picked":"Conserve Battery","floor":6},{"not_picked":["Melter","Rip and Tear"],"picked":"Storm","floor":10},{"not_picked":["Sweeping Beam","Auto Shields"],"picked":"Chill","floor":13},{"not_picked":["Machine Learning","Buffer"],"picked":"Creative AI","floor":16},{"not_picked":["Auto Shields","Rebound"],"picked":"Barrage+1","floor":18},{"not_picked":["Redo","Chill+1"],"picked":"ReplayTheSpireMod:Calculation Training","floor":19},{"not_picked":["Coolheaded+1","Rebound+1"],"picked":"Aggregate","floor":22},{"not_picked":["Panic Button","Genetic Algorithm"],"picked":"Redo","floor":23},{"not_picked":["BasicCrystalCard","Conserve Battery"],"picked":"Genetic Algorithm+1","floor":24},{"not_picked":["Creative AI","Hologram"],"picked":"Go for the Eyes","floor":28},{"not_picked":["BasicCrystalCard","Coolheaded+1"],"picked":"Go for the Eyes+1","floor":30},{"not_picked":["Sweeping Beam","Panic Button"],"picked":"Conserve Battery","floor":31},{"not_picked":["Creative AI","Seek"],"picked":"ReplayTheSpireMod:Fabricate Wheel","floor":33},{"not_picked":["Auto Shields","Coolheaded","Ball Lightning+1"],"picked":"Storm","floor":35},{"not_picked":["Sweeping Beam","Barrage+1","Compile Driver+1"],"picked":"Defragment+1","floor":37},{"not_picked":["Darkness","Blizzard","Streamline"],"picked":"Leap+1","floor":37},{"not_picked":["Metamorphosis","Good Instincts","Forethought"],"picked":"Discovery","floor":39},{"not_picked":["Conserve Battery","Turbo","ReplaySort+1"],"picked":"FTL+1","floor":40},{"not_picked":["Leap+1","Static Discharge+1","Doom and Gloom+1"],"picked":"Hologram+1","floor":42},{"not_picked":["Redo","Sweeping Beam+1","Streamline"],"picked":"FTL+1","floor":44},{"not_picked":["Turbo+1","Compile Driver","Melter"],"picked":"White Noise","floor":46},{"not_picked":["Streamline+1","Ball Lightning","Compile Driver"],"picked":"ReplayTheSpireMod:Omega Cannon","floor":46},{"not_picked":["Compile Driver","Panic Button+1","Time Bomb+1"],"picked":"Ball Lightning+1","floor":47},{"not_picked":["Redo+1","Compile Driver+1","Go for the Eyes+1"],"picked":"Cold Snap+1","floor":52},{"not_picked":["Sunder+1","Rebound","BasicCrystalCard+1"],"picked":"Leap","floor":52},{"not_picked":["Seek","BasicCrystalCard+1","Hologram"],"picked":"ReplayTheSpireMod:Calculation Training","floor":52},{"not_picked":["Hologram","Steam+1","BasicCrystalCard+1"],"picked":"Defragment","floor":54}],"player_experience":805052,"relics_obtained":[{"floor":6,"key":"Smiling Mask"},{"floor":7,"key":"Carrot"},{"floor":9,"key":"ReplayTheSpireMod:Shallot"},{"floor":14,"key":"Ring of Peace"},{"floor":14,"key":"Ring of Greed"},{"floor":14,"key":"Membership Card"},{"floor":14,"key":"MealTicket"},{"floor":23,"key":"Simple Rune"},{"floor":25,"key":"Ancient Tea Set"},{"floor":26,"key":"Quantum Egg"},{"floor":28,"key":"Blue Candle"},{"floor":30,"key":"Bag of Preparation"},{"floor":40,"key":"Replay:Multitool"},{"floor":42,"key":"Sundial"},{"floor":44,"key":"Centennial Puzzle"},{"floor":47,"key":"Lizard Tail"},{"floor":54,"key":"War Paint"}],"event_choices":[{"damage_healed":18,"gold_gain":0,"player_choice":"Healed","damage_taken":0,"max_hp_gain":0,"max_hp_loss":0,"event_name":"The Cleric","floor":5,"gold_loss":35},{"damage_healed":0,"gold_gain":0,"player_choice":"Bought 1 Potion","damage_taken":0,"max_hp_gain":0,"max_hp_loss":0,"event_name":"The Woman in Blue","floor":8,"gold_loss":0},{"damage_healed":0,"gold_gain":0,"player_choice":"Read","damage_taken":0,"max_hp_gain":0,"max_hp_loss":0,"event_name":"The Library","floor":20,"gold_loss":0,"cards_obtained":["Turbo"]},{"damage_healed":0,"gold_gain":0,"player_choice":"Stole Relic","damage_taken":0,"relics_obtained":["Onion Ring"],"max_hp_gain":0,"max_hp_loss":0,"event_name":"Addict","floor":29,"gold_loss":0,"cards_obtained":["Shame"]},{"damage_healed":0,"gold_gain":0,"player_choice":"Memory 1","damage_taken":0,"max_hp_gain":0,"max_hp_loss":0,"event_name":"SensoryStone","floor":39,"gold_loss":0},{"cards_removed":["Doom and Gloom"],"damage_healed":0,"gold_gain":0,"player_choice":"Removed Attack","damage_taken":0,"max_hp_gain":0,"max_hp_loss":0,"event_name":"Falling","floor":41,"gold_loss":0},{"damage_healed":0,"gold_gain":0,"player_choice":"Ignored","damage_taken":0,"max_hp_gain":0,"max_hp_loss":0,"event_name":"Tomb of Lord Red Mask","floor":45,"gold_loss":0},{"damage_healed":0,"gold_gain":0,"player_choice":"Fight","damage_taken":0,"max_hp_gain":0,"max_hp_loss":0,"event_name":"MindBloom","floor":47,"gold_loss":0},{"damage_healed":0,"gold_gain":0,"player_choice":"Embrace Madness","damage_taken":10,"max_hp_gain":0,"max_hp_loss":0,"event_name":"Winding Halls","floor":48,"gold_loss":0,"cards_obtained":["Madness","Madness"]}],"is_beta":false,"boss_relics":[{"not_picked":["Sozu","Replay:Wanted Poster"],"picked":"Ring of Chaos"},{"not_picked":["Cursed Key","ChewingGum"],"picked":"Honey Jar"}],"items_purged_floors":[],"is_endless":false,"potions_floor_spawned":[4,10,13,22,23,31,33,35,42],"ascension_level":10}}