{"host":"zi8hgkvmbjur1a9v","time":1612168027,"event":{"mods":["AchievementEnabler","AlwaysNeverKeys","Aspiration","BaseMod","BetterRewards","Colored Map","Colored Powertips","Conspire","Downfall","Energized Spire","Friendly Minions","Hubris","Infinite Spire","Minty Spire (QoL Compilation)","Permanent Neow","Quick Restart","Relic Filter","Replay The Spire","Shop Mod","StSLib"],"gold_per_floor":[99,110,110,110,110,110,110,130,142,267,267,20,20,20,35,133,133,33,46,63,163,176,189,189,289,120,137,37,71,84,19,46,46,46,46],"floor_reached":33,"language":"ENG","playtime":3881,"items_purged":["Regret"],"score":542,"play_id":"4a5d1777-120e-40ae-b528-720dd1443838","local_time":"20210201032707","is_ascension_mode":false,"campfire_choices":[{"data":"hexamod:Sear","floor":1.0,"key":"SMITH"},{"data":"hexamod:SkipABeat","floor":11.0,"key":"SMITH"},{"data":"expansioncontent:DashGenerateEvil","floor":13.0,"key":"SMITH"},{"data":"hexamod:Incineration","floor":18.0,"key":"SMITH"},{"data":"hexamod:TimeWarp","floor":28.0,"key":"SMITH"}],"circlet_count":0,"master_deck":["hexamod:Strike","hexamod:Strike","hexamod:Strike","hexamod:Strike","hexamod:Defend","hexamod:Defend+1","hexamod:Defend","hexamod:Defend","hexamod:Sear+1","hexamod:Float","hexamod:Hexaguard","hexamod:ThirdSeal","Injury","hexamod:CatchUp","hexamod:Again","hexamod:RainOfEmbers","hexamod:WildfireWeapon+1","hexamod:ThirdSeal","hexamod:SkipABeat+1","hexamod:Incineration+1","hexamod:PhantomCloak+1","expansioncontent:DashGenerateEvil+1","hubris:EnhanceAbility+1","Good Instincts","ReplayUltimateDefense+1","hexamod:UnleashSpirits+1","hexamod:FourthSeal","hexamod:ThirdSeal","hexamod:VolcanoVisage+1","hexamod:HexaLevel+1","hexamod:HexaLevel+1","Shame","Replay:GuardianBash","hexamod:TimeWarp+1","Replay:BasicMightCard+1","ReplayTheSpireMod:Chaos Vortex+1","hexamod:ThirdSeal","hexamod:ExtraCrispy+1","hexamod:Rewind+1","hexamod:HeatShield+1","hexamod:EmpoweredFlame+1","hexamod:EmpoweredFlame+1","hexamod:SpectralAdrenaline","hexamod:ThirdSeal","hexamod:Haunt","hexamod:PhantomFireball","hexamod:FirstSeal","hexamod:ThirdSeal","hexamod:FastForward+1","hexamod:SpectersWail","hexamod:EtherealExpedition+1","hexamod:UnleashSpirits","hexamod:GhostOfSpirePresent+1","hexamod:CatchUp+1","hexamod:SecondSeal","hexamod:FastForward","hexamod:TurnItUp","hexamod:GhostOfSpirePast+1","hexamod:GhostOfSpireFuture+1","hexamod:ThirdSeal","hexamod:SecondSeal","hexamod:SixthSeal","hexamod:GhostOfSpireFuture+1","hexamod:EtherealExpedition","hexamod:Incineration+1","hexamod:HeatShield","hexamod:FifthSeal","hexamod:FirstSeal","hexamod:BacktrackSmack+1","hexamod:SkipABeat","hexamod:RadiantFlame+1","hexamod:SecondSeal","hexamod:GhostOfSpireFuture+1","ReplayTheSpireMod:IOU","Master of Strategy","ReplayTheSpireMod:IOU","ReplayTheSpireMod:IOU","ReplayTheSpireMod:IOU","hexamod:DynamicBlow","hexamod:GhostOfSpirePresent+1","hexamod:RadiantFlame+1"],"relics":["aspiration:FutureDiary","hubris:Icosahedron","Frozen Egg 2","ReplayTheSpireMod:Shallot","The Courier","Mummified Hand","downfall:HeartBlessingBlue","aspiration:StickyExplosives_weak","Pocketwatch","conspire:DeflatedDodgeball","MerchantsRug","Question Card","downfall:HeartBlessingGreen","Boot","Replay:Wax Seal","aspiration:HiddenCompartment","infinitespire:PuzzleCube"],"acts_visited":["Exordium","TheCity"],"potions_floor_usage":[33,33],"damage_taken":[{"damage":0.0,"enemies":"2 Louse","floor":2.0,"turns":2.0},{"damage":6.0,"enemies":"Small Slimes","floor":8.0,"turns":4.0},{"damage":3.0,"enemies":"Jaw Worm","floor":9.0,"turns":3.0},{"damage":24.0,"enemies":"Lagavulin","floor":10.0,"turns":7.0},{"damage":12.0,"enemies":"downfall:FleeingMerchant","floor":12.0,"turns":4.0},{"damage":0.0,"enemies":"Large Slime","floor":15.0,"turns":4.0},{"damage":7.0,"enemies":"DF_ARCHETYPE_STREAMLINE","floor":16.0,"turns":8.0},{"damage":1.0,"enemies":"Chosen","floor":19.0,"turns":4.0},{"damage":8.0,"enemies":"Shell Parasite","floor":20.0,"turns":3.0},{"damage":2.0,"enemies":"Shelled Parasite and Fungi","floor":22.0,"turns":4.0},{"damage":30.0,"enemies":"Chosen and Byrds","floor":23.0,"turns":6.0},{"damage":8.0,"enemies":"Colosseum Nobs","floor":25.0,"turns":6.0},{"damage":0.0,"enemies":"downfall:FleeingMerchant","floor":26.0,"turns":4.0},{"damage":0.0,"enemies":"Centurion and Healer","floor":27.0,"turns":6.0},{"damage":28.0,"enemies":"Nightmare","floor":29.0,"turns":7.0},{"damage":4.0,"enemies":"3 Cultists","floor":30.0,"turns":5.0},{"damage":0.0,"enemies":"downfall:FleeingMerchant","floor":31.0,"turns":4.0},{"damage":0.0,"enemies":"Snecko","floor":32.0,"turns":5.0},{"damage":27,"enemies":"WA_ARCHETYPE_CALM","floor":33,"turns":5}],"seed_played":"-5305179070524280734","potions_obtained":[{"floor":2.0,"key":"Elixir"},{"floor":9.0,"key":"AttackPotion"},{"floor":16.0,"key":"Strength Potion"},{"floor":16.0,"key":"hexamod:SoulburnPotion"},{"floor":19.0,"key":"conspire:TimeTravelPotion"},{"floor":23.0,"key":"Fruit Juice"},{"floor":25.0,"key":"Dexterity Potion"},{"floor":27.0,"key":"Strength Potion"},{"floor":29.0,"key":"SpeedPotion"},{"floor":29.0,"key":"BlessingOfTheForge"},{"floor":30.0,"key":"Death Potion"},{"floor":32.0,"key":"FearPotion"}],"is_trial":false,"path_per_floor":["R","M","?","?","?","?","T","M","M","E","R","$","R","?","M","B",null,"R","M","M","?","M","M","T","?","$","M","R","NM","M","$","M","B"],"character_chosen":"THE_SPIRIT","items_purchased":["expansioncontent:DashGenerateEvil","ReplayTheSpireMod:ShopPack","MerchantsRug","Question Card","Replay:Wax Seal","Master of Strategy","aspiration:HiddenCompartment","infinitespire:PuzzleCube"],"campfire_rested":0,"item_purchase_floors":[12,12,26,26,31,31,31,31],"current_hp_per_floor":[70,70,70,70,70,70,70,64,61,37,37,25,25,25,25,18,70,80,79,71,71,69,44,44,36,43,50,50,29,25,25,25,0,0,0],"gold":46,"neow_bonus":"BOSS_RELIC","is_daily":false,"chose_seed":false,"campfire_upgraded":5,"win_rate":0.0,"timestamp":1612168027,"path_taken":["R","M","?","?","?","?","T","?","M","E","R","$","R","?","M","BOSS","R","M","M","?","M","M","T","?","$","M","R","NM","M","?","M","BOSS"],"items_purchased_type":["Card","Relic","Relic","Relic","Relic","Card","Relic","Relic"],"build_version":"2020-12-22","purchased_purges":1,"victory":false,"max_hp_per_floor":[70,70,70,70,70,70,70,70,70,70,70,70,70,70,70,70,70,80,80,80,80,80,85,85,85,85,85,85,85,85,85,85,85,85,85],"card_choices":[{"not_picked":["hexamod:GhostflameBarrier","hexamod:ShieldOfDarkness"],"picked":"hexamod:Hexaguard","floor":2.0},{"not_picked":["hexamod:HauntingEcho","hexamod:AdvancingGuard"],"picked":"hexamod:CatchUp","floor":8.0},{"not_picked":["hexamod:HeatMetal","hexamod:GhostLash"],"picked":"hexamod:Again","floor":8.0},{"not_picked":["hexamod:Hexaguard","hexamod:SkipABeat"],"picked":"hexamod:RainOfEmbers","floor":9.0},{"not_picked":["hexamod:BacktrackSmack","hexamod:NecessarySacrifice"],"picked":"hexamod:WildfireWeapon+1","floor":9.0},{"not_picked":["hexamod:Hexaguard","hexamod:SoulSteal"],"picked":"hexamod:ThirdSeal","floor":10.0},{"not_picked":["hexamod:HauntingEcho","hexamod:ThermalTransfer"],"picked":"hexamod:SkipABeat","floor":10.0},{"not_picked":["hexamod:SwordOfDarkness","hexamod:HeatMetal"],"picked":"hexamod:Rewind","floor":12.0},{"not_picked":["hexamod:GhostLash","hexamod:SpectersWail"],"picked":"hexamod:Incineration","floor":12.0},{"not_picked":["hexamod:HeatCrush","hexamod:SpectersWail"],"picked":"hexamod:PhantomCloak+1","floor":12.0},{"not_picked":["ReplayTheSpireMod:Brewmster","The Bomb"],"picked":"hubris:EnhanceAbility","floor":12.0},{"not_picked":["Survey Options","Forethought"],"picked":"Good Instincts","floor":12.0},{"not_picked":["Forethought","Replay:Parry"],"picked":"ReplayUltimateDefense","floor":12.0},{"not_picked":["hexamod:ThirdSeal","hexamod:SpectersWail"],"picked":"hexamod:FourthSeal","floor":15.0},{"not_picked":["hexamod:NightmareStrike","hexamod:ShieldOfDarkness"],"picked":"hexamod:ThirdSeal","floor":15.0},{"not_picked":["hexamod:ParanormalForm+1","hexamod:UnlimitedPower"],"picked":"hexamod:VolcanoVisage+1","floor":16.0},{"not_picked":["hexamod:VolcanoVisage+1","hexamod:WildfireWeapon+1"],"picked":"hexamod:HexaLevel+1","floor":16.0},{"not_picked":["hexamod:ForkedFlame","hexamod:GhostflameInferno"],"picked":"hexamod:HexaLevel+1","floor":16.0},{"not_picked":["m_BronzeSurvivor","Eruption"],"picked":"Replay:GuardianBash","floor":17.0},{"not_picked":["hexamod:TurnItUp","hexamod:SearingWound"],"picked":"hexamod:TimeWarp","floor":17.0},{"not_picked":["Survey Options","Panacea"],"picked":"Replay:BasicMightCard","floor":17.0},{"not_picked":["ReplayTheSpireMod:Black Plague","infinitespire:SealOfDarkness+"],"picked":"ReplayTheSpireMod:Chaos Vortex","floor":17.0},{"not_picked":["hexamod:FastForward+1","hexamod:HeatMetal+1"],"picked":"hexamod:ThirdSeal","floor":19.0},{"not_picked":["hexamod:SpectersWail+1","hexamod:TimeWarp"],"picked":"hexamod:ExtraCrispy+1","floor":19.0},{"not_picked":["hexamod:GhostShield","hexamod:ShieldOfDarkness","hexamod:NightmareStrike"],"picked":"SKIP","floor":19.0},{"not_picked":["hexamod:Firestarter","hexamod:BacktrackSmack+1"],"picked":"hexamod:Rewind","floor":20.0},{"not_picked":["hexamod:GhostLash+1","hexamod:InspiringFlames"],"picked":"hexamod:HeatShield+1","floor":20.0},{"not_picked":["hexamod:ChargedBarrage","hexamod:GhostOfSpireFuture+1"],"picked":"hexamod:EmpoweredFlame+1","floor":22.0},{"not_picked":["hexamod:RainOfEmbers+1","hexamod:GhostLash+1"],"picked":"hexamod:EmpoweredFlame+1","floor":22.0},{"not_picked":["hexamod:NightmareGuise","hexamod:SpectersWail"],"picked":"hexamod:SpectralAdrenaline","floor":22.0},{"not_picked":["hexamod:Firestarter","hexamod:StepThrough"],"picked":"hexamod:ThirdSeal","floor":23.0},{"not_picked":["hexamod:NightmareGuise","hexamod:Incineration"],"picked":"hexamod:Haunt","floor":23.0},{"not_picked":["hexamod:NightmareStrike+1","hexamod:InspiringFlames"],"picked":"hexamod:PhantomFireball","floor":23.0},{"not_picked":["hexamod:ParanormalForm+1","hexamod:GhostflameBarrier"],"picked":"hexamod:FirstSeal","floor":23.0},{"not_picked":["hexamod:HauntingEcho","hexamod:NightmareStrike+1","hexamod:Rewind"],"picked":"SKIP","floor":23.0},{"not_picked":["hexamod:SwordOfDarkness","hexamod:NightmareGuise"],"picked":"hexamod:ThirdSeal","floor":25.0},{"not_picked":["hexamod:AdvancingGuard","hexamod:ThermalTransfer"],"picked":"hexamod:FastForward+1","floor":25.0},{"not_picked":["hexamod:AdvancingGuard","hexamod:BacktrackSmack"],"picked":"hexamod:SpectersWail","floor":25.0},{"not_picked":["hexamod:ShieldOfDarkness+1","hexamod:GhostShield"],"picked":"hexamod:EtherealExpedition+1","floor":25.0},{"not_picked":["hexamod:ChargedBarrage","hexamod:GhostLash+1"],"picked":"hexamod:UnleashSpirits","floor":26.0},{"not_picked":["hexamod:BurningTouch","hexamod:FastForward"],"picked":"hexamod:GhostOfSpirePresent+1","floor":26.0},{"not_picked":["hexamod:GhostShield","hexamod:InspiringFlames"],"picked":"hexamod:CatchUp+1","floor":26.0},{"not_picked":["hexamod:SwordOfDarkness","hexamod:Rewind+1"],"picked":"hexamod:SecondSeal","floor":26.0},{"not_picked":["hexamod:Rewind","hexamod:NightmareGuise","hexamod:GhostLash"],"picked":"hexamod:FastForward","floor":27.0},{"not_picked":["hexamod:FastForward","hexamod:GhostShield","hexamod:RecurringNightmare+1"],"picked":"hexamod:TurnItUp","floor":27.0},{"not_picked":["hexamod:RainOfEmbers","hexamod:BacktrackSmack","hexamod:SkipABeat+1"],"picked":"hexamod:GhostOfSpirePast+1","floor":27.0},{"not_picked":["hexamod:ThermalTransfer","hexamod:GhostLash","hexamod:Incineration"],"picked":"hexamod:GhostOfSpireFuture+1","floor":27.0},{"not_picked":["hexamod:RetreatToShadows","hexamod:Firestarter","hexamod:PhantomFireball","hexamod:ThermalTransfer+1"],"picked":"SKIP","floor":27.0},{"not_picked":["hexamod:Haunt","hexamod:NightmareGuise+1","hexamod:FourthSeal"],"picked":"hexamod:ThirdSeal","floor":29.0},{"not_picked":["hexamod:SwordOfDarkness","hexamod:StepThrough+1","hexamod:BurningTouch"],"picked":"hexamod:SecondSeal","floor":29.0},{"not_picked":["hexamod:NightmareGuise","hexamod:HeatShield","hexamod:NightmareStrike+1"],"picked":"hexamod:SixthSeal","floor":29.0},{"not_picked":["hexamod:GhostflameBarrier","hexamod:FastForward+1","hexamod:RetreatToShadows+1"],"picked":"hexamod:GhostOfSpireFuture+1","floor":29.0},{"not_picked":["hexamod:FastForward","hexamod:GhostShield","hexamod:BacktrackSmack+1"],"picked":"hexamod:EtherealExpedition","floor":29.0},{"not_picked":["hexamod:FastForward","hexamod:HeatMetal+1","hexamod:BurningTouch"],"picked":"hexamod:Incineration+1","floor":30.0},{"not_picked":["hexamod:NightmareStrike+1","hexamod:PhantomFireball","hexamod:ThermalTransfer"],"picked":"hexamod:HeatShield","floor":30.0},{"not_picked":["hexamod:HeatShield","hexamod:RecurringNightmare","hexamod:NightmareStrike"],"picked":"hexamod:FifthSeal","floor":30.0},{"not_picked":["hexamod:NightmareGuise+1","hexamod:PhantomCloak+1","hexamod:PhantomFireball"],"picked":"hexamod:FirstSeal","floor":30.0},{"not_picked":["hexamod:RecurringNightmare","hexamod:NightmareGuise","hexamod:Firestarter"],"picked":"hexamod:BacktrackSmack+1","floor":30.0},{"not_picked":["hexamod:Firestarter+1","hexamod:SwordOfDarkness+1","hexamod:NightmareStrike"],"picked":"hexamod:SkipABeat","floor":31.0},{"not_picked":["hexamod:ShieldOfDarkness+1","hexamod:GhostShield","hexamod:GhostOfSpirePast+1"],"picked":"hexamod:RadiantFlame+1","floor":31.0},{"not_picked":["hexamod:FourthSeal","hexamod:FirstSeal"],"picked":"hexamod:SecondSeal","floor":31.0},{"not_picked":["hexamod:GhostflameBarrier","hexamod:BacktrackSmack","hexamod:AdvancingGuard"],"picked":"hexamod:GhostOfSpireFuture+1","floor":31.0},{"not_picked":["hexamod:BacktrackSmack","hexamod:RetreatToShadows","hexamod:Again"],"picked":"hexamod:DynamicBlow","floor":32.0},{"not_picked":["hexamod:HeatMetal+1","hexamod:SpectersWail","hexamod:AdvancingGuard+1"],"picked":"hexamod:GhostOfSpirePresent+1","floor":32.0},{"not_picked":["hexamod:BurningTouch","hexamod:SwordOfDarkness","hexamod:Again"],"picked":"hexamod:RadiantFlame+1","floor":32.0},{"not_picked":["hexamod:NightmareStrike","hexamod:StepThrough","hexamod:HeatCrush","hexamod:HauntingEcho"],"picked":"SKIP","floor":32.0}],"player_experience":602742,"relics_obtained":[{"floor":7.0,"key":"The Courier"},{"floor":10.0,"key":"Mummified Hand"},{"floor":24.0,"key":"aspiration:StickyExplosives_weak"},{"floor":25.0,"key":"Pocketwatch"},{"floor":25.0,"key":"conspire:DeflatedDodgeball"},{"floor":29.0,"key":"Boot"}],"event_choices":[{"damage_healed":0.0,"max_hp_gain":0.0,"max_hp_loss":0.0,"gold_gain":0.0,"event_name":"Big Fish","player_choice":"Box","floor":6.0,"gold_loss":0.0,"damage_taken":0.0,"relics_obtained":["ReplayTheSpireMod:Shallot"],"cards_obtained":["Regret"]}],"is_beta":false,"boss_relics":[{"not_picked":["hubris:Stopwatch","hexamod:IceCube"],"picked":"ReplayTheSpireMod:SealedPack"}],"items_purged_floors":[31],"is_endless":false,"potions_floor_spawned":[2,9,16,19,27,29,30,32],"killed_by":"WA_ARCHETYPE_CALM","ascension_level":0}}