{"host":"13o02hya6v6rzuva","time":1612171448,"event":{"mods":["BaseMod","Minty Spire (QoL Compilation)","Relic Stats"],"gold_per_floor":[119,26,26,1,14,44,63,80,80,122,154,179,191,234,246,355,367,399,411,423,525,552,599,622,644,656,668,668],"floor_reached":27,"language":"ENG","playtime":858,"items_purged":[],"score":508,"play_id":"fb52f27f-0645-4f67-aa1c-331f9f8707d8","local_time":"20210201102408","is_ascension_mode":true,"campfire_choices":[{"data":"Noxious Fumes","floor":15,"key":"SMITH"}],"circlet_count":0,"master_deck":["AscendersBane","Strike_G","Strike_G","Strike_G","Strike_G","Strike_G","Defend_G","Defend_G","Defend_G","Defend_G","Defend_G","Survivor","Neutralize","Poisoned Stab","Footwork","Bane","Poisoned Stab","Poisoned Stab","Masterful Stab","Corpse Explosion","Noxious Fumes+1","Burst","Noxious Fumes","Backflip","Malaise","After Image","PiercingWail","Poisoned Stab","Well Laid Plans","Dodge and Roll"],"relics":["Ring of the Snake","NeowsBlessing","PreservedInsect","MawBank","Bottled Flame","Pear","Fusion Hammer","Paper Crane","Ornamental Fan"],"acts_visited":["Exordium","TheCity"],"potions_floor_usage":[16],"damage_taken":[{"damage":0,"enemies":"Small Slimes","floor":1,"turns":1},{"damage":0,"enemies":"Jaw Worm","floor":5,"turns":1},{"damage":0,"enemies":"3 Sentries","floor":6,"turns":1},{"damage":0,"enemies":"Cultist","floor":7,"turns":2},{"damage":1,"enemies":"Looter","floor":8,"turns":3},{"damage":0,"enemies":"Gremlin Nob","floor":10,"turns":2},{"damage":5,"enemies":"2 Fungi Beasts","floor":11,"turns":4},{"damage":0,"enemies":"Gremlin Gang","floor":12,"turns":2},{"damage":20,"enemies":"3 Sentries","floor":14,"turns":4},{"damage":49,"enemies":"Slime Boss","floor":16,"turns":9},{"damage":19,"enemies":"Shell Parasite","floor":18,"turns":6},{"damage":9,"enemies":"3 Byrds","floor":22,"turns":5},{"damage":8,"enemies":"Gremlin Leader","floor":23,"turns":6},{"damage":19,"enemies":"3 Cultists","floor":24,"turns":5},{"damage":4,"enemies":"Snake Plant","floor":25,"turns":5},{"damage":15,"enemies":"Sentry and Sphere","floor":27,"turns":2}],"seed_played":"568830339671184119","potions_obtained":[{"floor":5,"key":"SkillPotion"},{"floor":6,"key":"PowerPotion"},{"floor":7,"key":"Energy Potion"},{"floor":16,"key":"Ancient Potion"}],"is_trial":false,"path_per_floor":["M","$","?","$","M","E","M","M","T","E","M","M","$","E","R","B",null,"M","?","?","?","M","E","M","M","T","M"],"character_chosen":"THE_SILENT","items_purchased":["Footwork","Bane","Poisoned Stab"],"campfire_rested":0,"item_purchase_floors":[2,2,4],"current_hp_per_floor":[63,63,68,68,68,68,68,67,67,67,62,62,62,52,52,3,65,46,30,60,48,39,31,12,8,8,0,0],"gold":668,"neow_bonus":"THREE_ENEMY_KILL","is_daily":false,"chose_seed":false,"campfire_upgraded":1,"win_rate":0.0,"timestamp":1612171448,"path_taken":["M","$","?","?","M","E","M","M","T","E","M","?","$","E","R","BOSS","M","?","?","?","M","E","M","M","T","M"],"items_purchased_type":["Card","Card","Card"],"build_version":"2020-12-22","purchased_purges":0,"victory":false,"max_hp_per_floor":[70,70,75,75,75,75,75,75,75,75,75,75,75,85,85,85,85,85,90,90,90,90,90,90,90,90,90,90],"relic_stats":{"counters":[16,58],"Ornamental Fan":[0],"PreservedInsect":99,"MawBank":216,"obtain_stats":[{"Bottled Flame":10,"Pear":14,"NeowsBlessing":0,"Ornamental Fan":26,"PreservedInsect":6,"Fusion Hammer":17,"Paper Crane":23,"MawBank":9,"Ring of the Snake":0},{"Bottled Flame":6,"Pear":9,"NeowsBlessing":0,"Ornamental Fan":15,"PreservedInsect":3,"Fusion Hammer":10,"Paper Crane":13,"MawBank":5,"Ring of the Snake":0},{"Bottled Flame":10,"Pear":20,"NeowsBlessing":0,"Ornamental Fan":56,"PreservedInsect":3,"Fusion Hammer":29,"Paper Crane":46,"MawBank":8,"Ring of the Snake":0}],"Ring of the Snake":[32]},"card_choices":[{"not_picked":["Dodge and Roll","Outmaneuver"],"picked":"Poisoned Stab","floor":1},{"not_picked":["Dagger Spray","Masterful Stab"],"picked":"Poisoned Stab","floor":5},{"not_picked":["Deadly Poison","Acrobatics"],"picked":"Masterful Stab","floor":6},{"not_picked":["Quick Slash","Cloak And Dagger"],"picked":"Corpse Explosion","floor":7},{"not_picked":["Accuracy","Dagger Throw"],"picked":"Noxious Fumes","floor":8},{"not_picked":["Dagger Throw","Deflect"],"picked":"Burst","floor":10},{"not_picked":["Cloak And Dagger","Backflip"],"picked":"Noxious Fumes","floor":11},{"not_picked":["Sucker Punch","Expertise"],"picked":"Backflip","floor":12},{"not_picked":["Poisoned Stab","Dodge and Roll"],"picked":"Malaise","floor":14},{"not_picked":["Tools of the Trade","Glass Knife"],"picked":"After Image","floor":16},{"not_picked":["Eviscerate","Heel Hook","Tactician"],"picked":"SKIP","floor":18},{"not_picked":["Endless Agony","Dodge and Roll"],"picked":"PiercingWail","floor":22},{"not_picked":["Prepared+1","Dagger Spray"],"picked":"Poisoned Stab","floor":23},{"not_picked":["Tactician","Blade Dance+1"],"picked":"Well Laid Plans","floor":24},{"not_picked":["Blade Dance","Infinite Blades"],"picked":"Dodge and Roll","floor":25}],"player_experience":1168813,"relics_obtained":[{"floor":6,"key":"PreservedInsect"},{"floor":9,"key":"MawBank"},{"floor":10,"key":"Bottled Flame"},{"floor":14,"key":"Pear"},{"floor":23,"key":"Paper Crane"},{"floor":26,"key":"Ornamental Fan"}],"event_choices":[{"damage_healed":0,"gold_gain":0,"player_choice":"Donut","damage_taken":0,"max_hp_gain":5,"max_hp_loss":0,"event_name":"Big Fish","floor":3,"gold_loss":0},{"damage_healed":0,"gold_gain":0,"player_choice":"Shed Blood","damage_taken":21,"max_hp_gain":5,"max_hp_loss":0,"event_name":"Forgotten Altar","floor":19,"gold_loss":0},{"damage_healed":30,"gold_gain":0,"player_choice":"Heal","damage_taken":0,"max_hp_gain":0,"max_hp_loss":0,"event_name":"The Library","floor":20,"gold_loss":0},{"damage_healed":0,"gold_gain":90,"player_choice":"GOLD ","damage_taken":12,"max_hp_gain":0,"max_hp_loss":0,"event_name":"Knowing Skull","floor":21,"potions_obtained":[],"gold_loss":0,"cards_obtained":[]}],"is_beta":false,"boss_relics":[{"not_picked":["WristBlade","Pandora\u0027s Box"],"picked":"Fusion Hammer"}],"items_purged_floors":[],"is_endless":false,"potions_floor_spawned":[5,6,7,14,16,23,24],"killed_by":"Sentry and Sphere","ascension_level":10}}