{"host":"qm1va34thld9e1ze","time":1612174631,"event":{"mods":["BaseMod","BetterRewards","Colored Powertips","Downfall","Hubris","Infinite Spire","Minty Spire (QoL Compilation)","Quick Restart","Replay The Spire","StSLib","everything is the same but u backflip on backflip"],"gold_per_floor":[110,110,129,129,143,171,171,191,191,191,366,383,408,424,424,527,527,546,546,546,486,503,503,503,519,542,587,587,604,615,633,633,730,730,742,742,742,742,742,742,742],"floor_reached":40,"language":"ENG","playtime":3918,"items_purged":["Doubt","Writhe"],"score":536,"play_id":"70c94a75-1a19-429b-833f-f2434fe0a4ee","local_time":"20210201111711","is_ascension_mode":false,"campfire_choices":[{"floor":7,"key":"REST"},{"floor":10,"key":"REST"},{"floor":15,"key":"REST"},{"floor":24,"key":"REST"},{"floor":32,"key":"REST"}],"circlet_count":0,"master_deck":["Strike_G","Strike_G","Strike_G","Strike_G","Strike_G+1","Defend_G","Defend_G+1","Defend_G","Defend_G","Defend_G","Survivor","Neutralize","Backflip+1","Sucker Punch","Quick Slash","Escape Plan","Dagger Spray","Deflect","Dagger Spray","Doppelganger","ReplayTheSpireMod:Scrap Shanks","Cloak And Dagger","infinitespire:Oblivion","Dagger Spray","downfall:Bewildered","Sucker Punch","Toxin Wave+1","Deflect","Envenom","Flying Knee","Trip"],"relics":["Ring of the Serpent","infinitespire:Golems Mask","Orichalcum","Iron Hammer","Tiny Chest","bronze:MakeshiftBattery","Blue Candle","Bottled Lightning","Simple Rune","ReplayFunnel","Replay:Rubber Ducky","sneckomod:BabySnecko","Bottled Tornado","Darkstone Periapt"],"acts_visited":["Exordium","TheCity","TheBeyond"],"potions_floor_usage":[8,14,14,16,29,30,33,40],"damage_taken":[{"damage":9,"enemies":"Small Slimes","floor":1,"turns":4},{"damage":0,"enemies":"Jaw Worm","floor":3,"turns":4},{"damage":6,"enemies":"2 Louse","floor":5,"turns":3},{"damage":15,"enemies":"Gremlin Nob","floor":6,"turns":5},{"damage":6,"enemies":"Exordium Wildlife","floor":8,"turns":6},{"damage":2,"enemies":"Blue Slaver","floor":12,"turns":3},{"damage":8,"enemies":"Exordium Thugs","floor":14,"turns":4},{"damage":40,"enemies":"The Guardian","floor":16,"turns":18},{"damage":5,"enemies":"3 Byrds","floor":18,"turns":6},{"damage":13,"enemies":"Shell Parasite","floor":22,"turns":5},{"damage":0,"enemies":"Centurion and Healer","floor":25,"turns":6},{"damage":14,"enemies":"Snecko","floor":29,"turns":4},{"damage":4,"enemies":"3 Cultists","floor":30,"turns":4},{"damage":9,"enemies":"Snake Plant","floor":31,"turns":4},{"damage":54,"enemies":"hubris:MusketHawk","floor":33,"turns":9},{"damage":18,"enemies":"Orb Walker","floor":35,"turns":4},{"damage":73,"enemies":"Reptomancer","floor":40,"turns":6}],"seed_played":"4510312436227768322","potions_obtained":[{"floor":1,"key":"sneckomod:MuddlingPotion"},{"floor":3,"key":"DuplicationPotion"},{"floor":8,"key":"SkillPotion"},{"floor":14,"key":"BlessingOfTheForge"},{"floor":16,"key":"SpeedPotion"},{"floor":18,"key":"Swift Potion"},{"floor":30,"key":"Fire Potion"},{"floor":33,"key":"SteroidPotion"}],"is_trial":false,"path_per_floor":["M","?","M","?","M","E","R","M","T","R","?","M","T","M","R","B",null,"M","?","T","?","M","AVR","R","M","T","T","?","M","M","M","R","B",null,"M","?","T","AVR","?","E"],"character_chosen":"THE_SILENT","items_purchased":["infinitespire:Golems Mask"],"campfire_rested":5,"item_purchase_floors":[0],"current_hp_per_floor":[61,61,61,61,55,40,61,55,55,70,70,68,68,60,70,30,70,65,60,60,60,47,47,68,68,68,68,68,54,50,41,62,8,70,52,70,70,70,70,0,0],"gold":742,"neow_bonus":"","is_daily":false,"chose_seed":false,"campfire_upgraded":0,"win_rate":0.0,"timestamp":1612174631,"path_taken":["M","?","M","?","M","E","R","M","T","R","?","M","?","M","R","BOSS","M","?","?","?","M","AVR","R","M","T","?","?","M","?","M","R","BOSS","M","?","?","AVR","?","E"],"items_purchased_type":["Relic"],"build_version":"2020-12-22","purchased_purges":2,"victory":false,"max_hp_per_floor":[70,70,70,70,70,70,70,70,70,70,70,70,70,70,70,70,70,70,70,70,70,70,70,70,70,70,70,70,70,70,70,70,70,70,70,70,70,70,70,70,70],"card_choices":[{"not_picked":["Bane","ReplayTheSpireMod:Scrap Shanks"],"picked":"Backflip","floor":1},{"not_picked":["Slice","Fluid Movement"],"picked":"Sucker Punch","floor":3},{"not_picked":["Poisoned Stab","Calculated Gamble"],"picked":"Quick Slash","floor":5},{"not_picked":["hubris:Counter","Prepared"],"picked":"Escape Plan","floor":6},{"not_picked":["Deadly Poison","Draining Mist"],"picked":"Dagger Spray","floor":8},{"not_picked":["Prepared","Fluid Movement"],"picked":"Deflect","floor":12},{"not_picked":["Hidden Blade","Riddle With Holes"],"picked":"Dagger Spray","floor":14},{"not_picked":["Atom Bomb","Glass Knife"],"picked":"Doppelganger","floor":16},{"not_picked":["Acrobatics","Expertise"],"picked":"ReplayTheSpireMod:Scrap Shanks","floor":18},{"not_picked":["Dagger Throw","Prepared"],"picked":"Cloak And Dagger","floor":22},{"not_picked":["Deadly Poison","Bane"],"picked":"Dagger Spray","floor":25},{"not_picked":["hubris:Sniper","A Thousand Cuts"],"picked":"Sucker Punch","floor":29},{"not_picked":["Bane","hubris:TrickCloak"],"picked":"Toxin Wave+1","floor":30},{"not_picked":["Slice","Acrobatics"],"picked":"Deflect","floor":31},{"not_picked":["Atom Bomb","Tools of the Trade"],"picked":"Envenom","floor":33},{"not_picked":["Acrobatics+1","Outmaneuver+1"],"picked":"Flying Knee","floor":35},{"not_picked":["Purity","Replay:Sssssssssstrike"],"picked":"Trip","floor":39}],"player_experience":221861,"relics_obtained":[{"floor":6,"key":"Orichalcum"},{"floor":9,"key":"Iron Hammer"},{"floor":13,"key":"Tiny Chest"},{"floor":20,"key":"Bottled Lightning"},{"floor":26,"key":"ReplayFunnel"},{"floor":27,"key":"Replay:Rubber Ducky"},{"floor":37,"key":"Bottled Tornado"}],"event_choices":[{"damage_healed":0,"gold_gain":175,"player_choice":"AGREE","damage_taken":0,"max_hp_gain":0,"max_hp_loss":0,"event_name":"Liars Game","floor":11,"gold_loss":0,"cards_obtained":["Doubt"]},{"cards_removed":["Looming Evil"],"damage_healed":0,"gold_gain":0,"player_choice":"Single Remove","damage_taken":0,"max_hp_gain":0,"max_hp_loss":0,"event_name":"Designer","floor":21,"gold_loss":60},{"damage_healed":18,"gold_gain":0,"player_choice":"Writhe","damage_taken":0,"max_hp_gain":0,"max_hp_loss":0,"event_name":"Winding Halls","floor":36,"gold_loss":0,"cards_obtained":["Writhe"]},{"damage_healed":0,"gold_gain":0,"player_choice":"Memory 1","damage_taken":0,"max_hp_gain":0,"max_hp_loss":0,"event_name":"SensoryStone","floor":39,"gold_loss":0}],"is_beta":false,"boss_relics":[{"not_picked":["hubris:BlackHole","hubris:Stopwatch"],"picked":"bronze:MakeshiftBattery"},{"not_picked":["Pandora\u0027s Box","ReplayTheSpireMod:SealedPack"],"picked":"Ring of the Serpent"}],"items_purged_floors":[23,38],"is_endless":false,"potions_floor_spawned":[1,3,8,14,16,18,30,33],"killed_by":"Reptomancer","ascension_level":0}}