{"host":"fuszjwm6fqgjjp4d","time":1612218730,"event":{"mods":["BaseMod","Bestiary","Colored Map","DeckTracker","Minty Spire (QoL Compilation)","Permanent Neow","Relic Sorter","Relic Stats","StSLib"],"gold_per_floor":[109,120,140,163,176,176,209,209,233,233,233],"floor_reached":10,"language":"ENG","playtime":243,"items_purged":[],"score":136,"play_id":"935127d3-7318-44d0-8f25-f4f7f86e699a","local_time":"20210201163210","is_ascension_mode":true,"campfire_choices":[{"data":"Eruption","floor":6.0,"key":"SMITH"},{"data":"ForeignInfluence","floor":8.0,"key":"SMITH"}],"circlet_count":0,"master_deck":["AscendersBane","Strike_P","Strike_P","Strike_P","Strike_P","Defend_P","Defend_P+1","Defend_P","Defend_P","Eruption+1","Vigilance","PathToVictory","Perseverance+1","Tantrum","Halt","ForeignInfluence+1"],"relics":["PureWater","Unceasing Top","Blood Vial","Pear","War Paint"],"acts_visited":["Exordium"],"potions_floor_usage":[10],"damage_taken":[{"damage":4.0,"enemies":"Cultist","floor":1.0,"turns":5.0},{"damage":5.0,"enemies":"Small Slimes","floor":2.0,"turns":4.0},{"damage":0.0,"enemies":"Jaw Worm","floor":3.0,"turns":4.0},{"damage":4.0,"enemies":"Gremlin Gang","floor":5.0,"turns":5.0},{"damage":2.0,"enemies":"Lagavulin","floor":7.0,"turns":7.0},{"damage":83,"enemies":"Gremlin Nob","floor":10,"turns":4}],"seed_played":"2180036637229740248","potions_obtained":[{"floor":2.0,"key":"Block Potion"},{"floor":3.0,"key":"PowerPotion"},{"floor":7.0,"key":"Weak Potion"}],"is_trial":false,"path_per_floor":["M","M","M","T","M","R","E","R","T","E"],"character_chosen":"WATCHER","items_purchased":[],"campfire_rested":0,"item_purchase_floors":[],"current_hp_per_floor":[39,34,34,34,32,32,42,42,42,0,0],"gold":233,"neow_bonus":"ONE_RARE_RELIC","is_daily":false,"chose_seed":false,"campfire_upgraded":2,"win_rate":0.0,"timestamp":1612218730,"path_taken":["M","M","?","?","?","R","E","R","T","E"],"items_purchased_type":[],"build_version":"2020-12-22","purchased_purges":0,"victory":false,"max_hp_per_floor":[68,68,68,68,68,68,78,78,78,78,78],"relic_stats":{"Blood Vial":6,"counters":[6,29],"War Paint":["Perseverance","Defend_P"],"obtain_stats":[{"Blood Vial":4,"Pear":7,"PureWater":0,"War Paint":9,"Unceasing Top":0},{"Blood Vial":3,"Pear":5,"PureWater":0,"War Paint":5,"Unceasing Top":0},{"Blood Vial":13,"Pear":25,"PureWater":0,"War Paint":25,"Unceasing Top":0}],"Unceasing Top":[1]},"card_choices":[{"not_picked":["Adaptation","Sanctity"],"picked":"PathToVictory","floor":1.0},{"not_picked":["Indignation","SashWhip"],"picked":"Perseverance","floor":2.0},{"not_picked":["FlyingSleeves","EmptyBody"],"picked":"Tantrum","floor":3.0},{"not_picked":["Evaluate","Crescendo"],"picked":"Halt","floor":5.0},{"not_picked":["Prostrate","Evaluate"],"picked":"ForeignInfluence","floor":7.0}],"player_experience":1416608,"relics_obtained":[{"floor":4.0,"key":"Blood Vial"},{"floor":7.0,"key":"Pear"},{"floor":9.0,"key":"War Paint"}],"event_choices":[],"is_beta":false,"boss_relics":[],"items_purged_floors":[],"is_endless":false,"potions_floor_spawned":[2,3,7],"killed_by":"Gremlin Nob","ascension_level":20}}