{"host":"b5jaqh8y266k2cz4","time":1612156609,"event":{"mods":["AchievementEnabler","Aspiration","BaseMod","Colored Powertips","Conspire","Downfall","Googly Eyes","Hermit","Highlight Path","Hubris","Infinite Spire","MarisaÅiñ∂âJÅ@ñÇóùçπÅj","Mimic Mod","Minty Spire (QoL Compilation)","Quick Restart","Replay The Spire","SOSÅiézîb?îVéqÅj","Spikes Relics","StSLib","Synergy Search","The Animator","The Cursed","The Jungle","The Necromancer","The Servant 0.9.4","The Wild Card","slay the spire mod where everything is the same but ironclad has a cowboy hat","Åyå˜î\ModÅz?ñæìIç≈?Boss"],"gold_per_floor":[367,381,393,393,265,284,45,80,80,80,80,110,110,124,124,226,226,211,229,240,250,36,67,67,83,83,103,103,119,144,144,144,243,243,262,312,312,328,62,62,89,89,113,145,161,161,161,161,161,258,258,259,272,282,282,282,289,289,292,280,283,288,289,289,107,107,181,181,172,168,168,152,128,124,124,100,124,117,103,86,82,81,81,136,136,121,118,109,83,83,83,52,52,52,33,33,35,35,25,25,97,97,108,112,112,126,132,152,159,171,171,187,187,202,202,210,210,294,294,273,274,274,274,255,255,255,241,241,241,244,333,333,358,358,436,436,436,158,164,169,192,192,192,193,193,185,185,194,194,206,206,172,172,172,99,113,166],"floor_reached":158,"language":"ENG","playtime":11028,"items_purged":["champ:Strike","ReplayTheSpireMod:Restless Dread","Decay","Decay","Languid"],"score":5774,"play_id":"df7b2b7f-97d5-4269-b88c-883a72e623dc","local_time":"20210201001649","is_ascension_mode":true,"campfire_choices":[{"data":"theWildCard:Arsene","floor":11,"key":"SMITH"},{"floor":13,"key":"REST"},{"data":"theWildCard:Attunement","floor":15,"key":"SMITH"},{"data":"theWildCard:PowerOfTheArcana","floor":24,"key":"SMITH"},{"data":"theWildCard:MaskChange","floor":28,"key":"SMITH"},{"floor":32,"key":"REST"},{"data":"1","floor":40,"key":"LIFT"},{"data":"2","floor":42,"key":"LIFT"},{"data":"3","floor":49,"key":"LIFT"},{"data":"theWildCard:MagicMettle","floor":58,"key":"SMITH"},{"data":"theWildCard:Attunement","floor":64,"key":"SMITH"},{"data":"theWildCard:Abstinence","floor":66,"key":"SMITH"},{"data":"theWildCard:MaskChange","floor":75,"key":"SMITH"},{"data":"Pot Of Greed","floor":93,"key":"SMITH"},{"data":"Pot Of Greed","floor":96,"key":"SMITH"},{"data":"theWildCard:Attunement","floor":100,"key":"SMITH"},{"data":"theWildCard:Arsene","floor":113,"key":"SMITH"},{"floor":117,"key":"REST"},{"data":"theWildCard:Arsene","floor":125,"key":"SMITH"},{"data":"theWildCard:Abstinence","floor":129,"key":"SMITH"},{"floor":134,"key":"REST"},{"data":"theWildCard:MaskChange","floor":147,"key":"SMITH"},{"data":"theWildCard:MaskChange","floor":149,"key":"SMITH"},{"data":"ReplayTheSpireMod:Doomed","floor":151,"key":"PURGE"},{"data":"theWildCard:MaskChange","floor":154,"key":"SMITH"}],"circlet_count":0,"master_deck":["theWildCard:BasicStrike","theWildCard:BasicStrike+1","theWildCard:BasicStrike","theWildCard:BasicStrike","theWildCard:BasicDefend","theWildCard:BasicDefend","theWildCard:BasicDefend","theWildCard:BasicDefend+1","theWildCard:CallToAdventure","theWildCard:Arsene+1","Strike_P","theWildCard:SeveringSlash","theWildCard:CryOfAgony","theWildCard:ArchaicAssault+1","theWildCard:MaskChange+1","theWildCard:Attunement+1","theWildCard:MaskChange+1","theWildCard:Abstinence+1","theWildCard:Arsene+1","theWildCard:ArchaicAssault+1","theWildCard:StingingStrike+1","theWildCard:BladeOfGenerations+1","theWildCard:BladeOfGenerations+1","theWildCard:ArcanaArtistry+1","Pot Of Greed+1","Pot Of Greed+1","Pot Of Greed+1","theWildCard:PowerOfTheArcana+1","theWildCard:Abstinence+1","theWildCard:SeveringSlash+1","theWildCard:MaskChange+1","theWildCard:MaskChange+1","theWildCard:MagicalMight+1","theWildCard:SeveringSlash+1","theWildCard:SeveringSlash+1","theWildCard:SeveringSlash+1","theWildCard:ArchaicAssault+1","theWildCard:ArcaneArts+1","Pot Of Greed","theWildCard:ArcanaArtistry+1","theWildCard:SeveringSlash+1","theWildCard:CryOfAgony+1","theWildCard:ArcanaArtistry","theWildCard:MagicMettle+1","theWildCard:Safeguard","theWildCard:Attunement+1","theWildCard:ArcanaArtistry+1","theWildCard:PowerOfTheArcana+1","Pot Of Greed+1","theWildCard:TheArcanaUnleashed+1","theWildCard:MaskChange+1","theWildCard:Arsene+1","theWildCard:StingingStrike+1","theWildCard:Providence+1","theWildCard:ArchaicAssault+1","theWildCard:SeveringSlash+1","theWildCard:SeveringSlash+1","theWildCard:SeveringSlash+1","theWildCard:TheArcanaUnleashed+1","theWildCard:MaskChange+1","theWildCard:ArchaicAssault+1","Pot Of Greed","theWildCard:MaskChange+1","theWildCard:Providence+1","theWildCard:Attunement+1","theWildCard:Abstinence+1","theWildCard:BladeOfGenerations+1","theWildCard:Salvation+1","theWildCard:SeveringSlash+1","theWildCard:ArchaicAssault+1","theWildCard:MaskChange+1","theWildCard:ArcaneArts+1","Parasite","Pot Of Greed","Intolerance","theWildCard:MagicMettle","theWildCard:EnergizedStroke+1","theWildCard:SeveringSlash+1","theWildCard:ArcaneArts+1","ReplayTheSpireMod:Restless Dread","theWildCard:Attunement+1"],"relics":["theWildCard:VelvetContract","Molten Egg 2","infinitespire:Blanks Blanky","Mango","infinitespire:FocusingShard","Philosopher\u0027s Stone","Grinning Jar","conspire:BottledYoYo","Gremlin Food","Girya","CosmicIsotope","infinitespire:PuzzleCube","Cursed Key","Incense Burner","ClockworkSouvenir","conspire:TopHat","Replay:Mystery Machine","Rawhide","Golden Egg","Ring of Hypnosis","Ring of Fury","Bronze Scales","theWildCard:Evoker","TungstenRod","Omamori","hubris:Backtick","Bottled Tornado","aspiration:TomeofQuesting","CherryCoatedStake","Bag of Marbles","aspiration:ArtOfWarUpgrade","conspire:RunicOctahedron","Onion Ring","conspire:Dentures","hubris:EvacipatedBox","Anchor","hubris:ScarierMask","CrustySpines","Pantograph","Quantum Egg","Replay:Baseball","BrokenLever","Golden Idol","Replay:Bronze Core","aspiration:Legacy_Headhunter","theJungle:WildMango","hubris:BottledRain","Matryoshka","Gambling Chip","conspire:Boomerang","hubris:PeanutButter","Mummified Hand","hubris:HollowSoul","OrangePellets","Ginger","Replay:Bottled Flurry","hubris:ToyBattleship","Potion Belt","conspire:SpecialSausage","Blue Doll"],"acts_visited":["Exordium","TheCity","TheBeyond","Exordium","theJungle:Jungle","TheBeyond","Exordium","theJungle:Jungle","TheBeyond","TheEnding"],"potions_floor_usage":[8,12,18,38,50,50,50,81,101,152,157],"damage_taken":[{"damage":0,"enemies":"Cultist","floor":1,"turns":3},{"damage":10,"enemies":"Small Slimes","floor":2,"turns":3},{"damage":0,"enemies":"2 Louse","floor":3,"turns":2},{"damage":0,"enemies":"Large Slime","floor":6,"turns":5},{"damage":16,"enemies":"3 Sentries","floor":8,"turns":8},{"damage":10,"enemies":"Gremlin Nob","floor":12,"turns":4},{"damage":5,"enemies":"Blue Slaver","floor":14,"turns":4},{"damage":14,"enemies":"Hexaghost","floor":16,"turns":8},{"damage":13,"enemies":"2 Thieves","floor":18,"turns":4},{"damage":1,"enemies":"Spheric Guardian","floor":19,"turns":4},{"damage":4,"enemies":"Shelled Parasite and Fungi","floor":20,"turns":8},{"damage":0,"enemies":"Centurion and Healer","floor":21,"turns":6},{"damage":2,"enemies":"Gremlin Leader","floor":23,"turns":5},{"damage":10,"enemies":"Sentry and Sphere","floor":25,"turns":4},{"damage":0,"enemies":"3 Cultists","floor":27,"turns":6},{"damage":11,"enemies":"Cultist and Chosen","floor":29,"turns":6},{"damage":14,"enemies":"Slavers","floor":30,"turns":5},{"damage":0,"enemies":"Collector","floor":33,"turns":7},{"damage":0,"enemies":"3 Darklings","floor":35,"turns":4},{"damage":0,"enemies":"Mind Bloom Boss Battle","floor":36,"turns":5},{"damage":0,"enemies":"Orb Walker","floor":38,"turns":2},{"damage":0,"enemies":"Giant Head","floor":41,"turns":5},{"damage":0,"enemies":"Nightmare","floor":44,"turns":6},{"damage":0,"enemies":"3 Darklings","floor":45,"turns":4},{"damage":56,"enemies":"Donu and Deca","floor":50,"turns":30},{"damage":0,"enemies":"Small Slimes","floor":52,"turns":2},{"damage":0,"enemies":"Jaw Worm","floor":53,"turns":1},{"damage":0,"enemies":"Cultist","floor":54,"turns":1},{"damage":0,"enemies":"3 Sentries","floor":57,"turns":4},{"damage":0,"enemies":"2 Fungi Beasts","floor":59,"turns":1},{"damage":0,"enemies":"Large Slime","floor":60,"turns":7},{"damage":0,"enemies":"Large Slime","floor":61,"turns":2},{"damage":0,"enemies":"Lagavulin","floor":62,"turns":3},{"damage":0,"enemies":"Looter","floor":63,"turns":2},{"damage":0,"enemies":"Hexaghost","floor":67,"turns":4},{"damage":0,"enemies":"theJungle:GiantWrat","floor":69,"turns":3},{"damage":10,"enemies":"theJungle:MUSHROOMGANG","floor":70,"turns":4},{"damage":0,"enemies":"theJungle:JungleHuntersEncounter","floor":72,"turns":3},{"damage":0,"enemies":"theJungle:Snecko_Cultist_And_Trap","floor":73,"turns":4},{"damage":0,"enemies":"theJungle:Cassacara","floor":74,"turns":3},{"damage":0,"enemies":"Nightmare","floor":76,"turns":6},{"damage":0,"enemies":"theJungle:MamaSnecko","floor":78,"turns":5},{"damage":0,"enemies":"theJungle:Lyon","floor":79,"turns":3},{"damage":15,"enemies":"theJungle:2_Flameangoes","floor":80,"turns":5},{"damage":0,"enemies":"theJungle:JungleHuntersEncounter","floor":81,"turns":3},{"damage":7,"enemies":"theJungle:Lyon","floor":82,"turns":3},{"damage":0,"enemies":"theJungle:FunGuy","floor":84,"turns":6},{"damage":0,"enemies":"3 Darklings","floor":86,"turns":3},{"damage":0,"enemies":"3 Shapes","floor":87,"turns":3},{"damage":11,"enemies":"Writhing Mass","floor":88,"turns":3},{"damage":0,"enemies":"Maw","floor":89,"turns":4},{"damage":0,"enemies":"Transient","floor":92,"turns":5},{"damage":0,"enemies":"Giant Head","floor":95,"turns":4},{"damage":0,"enemies":"Reptomancer","floor":97,"turns":4},{"damage":0,"enemies":"Nightmare","floor":99,"turns":4},{"damage":0,"enemies":"conspire:OrnateMirror","floor":101,"turns":7},{"damage":0,"enemies":"Small Slimes","floor":103,"turns":1},{"damage":0,"enemies":"Jaw Worm","floor":104,"turns":2},{"damage":0,"enemies":"2 Louse","floor":106,"turns":1},{"damage":0,"enemies":"Large Slime","floor":107,"turns":2},{"damage":0,"enemies":"Gremlin Nob","floor":108,"turns":2},{"damage":0,"enemies":"Blue Slaver","floor":109,"turns":1},{"damage":0,"enemies":"Lagavulin","floor":110,"turns":2},{"damage":0,"enemies":"3 Sentries","floor":112,"turns":2},{"damage":0,"enemies":"Lagavulin","floor":114,"turns":2},{"damage":0,"enemies":"Exordium Wildlife","floor":116,"turns":2},{"damage":0,"enemies":"Slime Boss","floor":118,"turns":4},{"damage":0,"enemies":"theJungle:Flameango_and_Byrd","floor":120,"turns":3},{"damage":0,"enemies":"Shell Parasite","floor":121,"turns":2},{"damage":12,"enemies":"theJungle:Lyon","floor":124,"turns":3},{"damage":0,"enemies":"theJungle:MamaSnecko","floor":127,"turns":4},{"damage":0,"enemies":"theJungle:JungleHuntersEncounter","floor":130,"turns":3},{"damage":0,"enemies":"theJungle:2_Phrogs","floor":133,"turns":1},{"damage":0,"enemies":"theJungle:FunGuy","floor":135,"turns":4},{"damage":0,"enemies":"Orb Walker","floor":137,"turns":2},{"damage":0,"enemies":"3 Shapes","floor":139,"turns":1},{"damage":0,"enemies":"Sphere and 2 Shapes","floor":140,"turns":1},{"damage":0,"enemies":"3 Darklings","floor":141,"turns":2},{"damage":0,"enemies":"Reptomancer","floor":144,"turns":3},{"damage":0,"enemies":"R_Hoarder","floor":146,"turns":4},{"damage":0,"enemies":"3 Darklings","floor":148,"turns":2},{"damage":0,"enemies":"Spire Growth","floor":150,"turns":1},{"damage":0,"enemies":"infinitespire:LordOfFortification","floor":152,"turns":13},{"damage":0,"enemies":"Shield and Spear","floor":156,"turns":2},{"damage":0,"enemies":"The Heart","floor":157,"turns":5}],"seed_played":"877961476248029815","potions_obtained":[{"floor":1,"key":"Swift Potion"},{"floor":6,"key":"Block Potion"},{"floor":14,"key":"Weak Potion"},{"floor":16,"key":"Elixir"},{"floor":21,"key":"SpeedPotion"},{"floor":23,"key":"SteroidPotion"},{"floor":27,"key":"Explosive Potion"},{"floor":33,"key":"DuplicationPotion"},{"floor":36,"key":"bronze:BurnAndBuffPotion"},{"floor":38,"key":"Ancient Potion"},{"floor":52,"key":"Weak Potion"},{"floor":54,"key":"sneckomod:MuddlingPotion"},{"floor":59,"key":"Elixir"},{"floor":62,"key":"Dexterity Potion"},{"floor":69,"key":"bronze:BurnAndBuffPotion"},{"floor":80,"key":"AttackPotion"},{"floor":87,"key":"SpeedPotion"},{"floor":92,"key":"Dexterity Potion"},{"floor":101,"key":"LiquidBronze"},{"floor":103,"key":"Energy Potion"},{"floor":146,"key":"Doom Potion"},{"floor":148,"key":"FearPotion"},{"floor":150,"key":"AttackPotion"},{"floor":157,"key":"Strength Potion"}],"is_trial":false,"path_per_floor":["M","M","M","?","$","M","$","E","T","?","R","E","R","M","R","B",null,"M","M","M","M","$","E","R","M","T","M","R","M","E","AVR","R","B",null,"M","?","?","M","$","R","E","R","T","NM","M","T","?","?","R","B",null,"M","M","M","?","?","E","R","M","MIM","M","E","M","R","$","R","B",null,"M","M","?","M","M","E","R","NM","T","E","M","M","M","M","R","B",null,"M","M","M","M","?","R","M","R","T","E","R","E","$","NM","R","B",null,"M","M","?","M","M","E","M","E","T","E","R","E","?","M","R","B",null,"M","M","?","AVR","M","R","?","E","T","R","MIM","?","?","E","R","B",null,"M","$","M","M","MIM","?","?","E","T","E","R","M","R","M","R","B",null,"R","$","E","B",null],"character_chosen":"THE_WILD_CARD","items_purchased":["theWildCard:MaskChange","theWildCard:Attunement","Molten Egg 2","Grinning Jar","theWildCard:PowerOfTheArcana","theWildCard:ArchaicAssault+1","ClockworkSouvenir","theWildCard:PowerOfTheArcana","hubris:EvacipatedBox","OrangePellets","theWildCard:Attunement"],"campfire_rested":4,"item_purchase_floors":[5,5,7,22,22,39,39,65,98,138,155],"current_hp_per_floor":[60,50,50,50,50,50,50,34,48,48,48,38,74,69,69,55,74,61,60,56,56,56,54,54,44,44,44,44,33,19,19,56,56,74,74,74,74,74,74,74,74,74,74,74,74,74,74,70,70,14,70,70,70,70,63,63,63,63,63,63,63,63,63,63,63,63,63,70,70,60,60,60,60,60,60,60,60,70,70,58,60,53,53,55,70,70,70,59,61,68,68,70,70,70,70,70,70,41,45,45,52,70,70,70,70,70,70,70,70,70,70,70,70,70,54,54,70,70,70,70,70,66,66,59,59,73,88,88,88,89,68,68,68,89,89,89,89,89,89,89,89,89,89,89,89,89,89,89,89,89,89,89,89,89,89,89,89],"gold":166,"neow_bonus":"TWO_FIFTY_GOLD","is_daily":false,"chose_seed":false,"campfire_upgraded":17,"win_rate":0.0,"timestamp":1612156609,"path_taken":["M","M","M","?","$","M","$","E","T","?","R","E","R","M","R","BOSS","M","?","M","M","$","E","R","M","T","M","R","?","E","AVR","R","BOSS","M","?","?","M","$","R","E","R","T","NM","M","?","?","?","R","BOSS","M","M","M","?","?","E","R","M","MIM","M","E","M","R","?","R","BOSS","M","M","?","M","M","E","R","NM","T","E","?","M","M","M","R","BOSS","M","M","M","M","?","R","M","R","T","E","R","E","?","NM","R","BOSS","M","M","?","M","M","E","M","E","T","E","R","E","?","?","R","BOSS","M","M","?","AVR","M","R","?","E","T","R","?","?","?","E","R","BOSS","M","?","M","M","?","?","?","E","T","E","R","M","R","M","R","BOSS","R","$","E","BOSS"],"items_purchased_type":["Card","Card","Relic","Relic","Card","Card","Relic","Card","Relic","Relic","Card"],"build_version":"2020-12-22","purchased_purges":5,"victory":true,"max_hp_per_floor":[60,60,60,60,60,60,60,60,74,74,74,74,74,74,74,74,74,74,74,74,74,74,74,74,74,74,74,74,74,74,74,74,74,74,74,74,74,74,74,74,74,74,74,74,74,74,74,70,70,70,70,70,70,70,70,70,70,70,70,70,70,70,70,70,70,70,70,70,70,70,70,70,70,70,70,70,70,70,70,70,70,70,70,70,70,70,70,70,70,70,70,70,70,70,70,70,70,70,70,70,70,70,70,70,70,70,70,70,70,70,70,70,70,70,70,70,70,70,70,70,70,75,75,75,75,89,89,89,89,89,89,89,89,89,89,89,89,89,89,89,89,89,89,89,89,89,89,89,89,89,89,89,89,89,89,89,89],"card_choices":[{"not_picked":["theWildCard:Michael","theWildCard:Polydeuces"],"picked":"theWildCard:SeveringSlash","floor":1},{"not_picked":["theWildCard:StingingStrike","theWildCard:Providence"],"picked":"theWildCard:CryOfAgony","floor":2},{"not_picked":["theWildCard:ManOfManyFaces","theWildCard:SacrificialStroke"],"picked":"theWildCard:ArchaicAssault","floor":3},{"not_picked":["theWildCard:EnergizedStroke","theWildCard:MagicalMight"],"picked":"theWildCard:MaskChange","floor":6},{"not_picked":["theWildCard:Providence+1","theWildCard:Caesar"],"picked":"theWildCard:Abstinence","floor":8},{"not_picked":["theWildCard:Impatience","theWildCard:UnderLockAndKey","theWildCard:SacrificialStroke+1"],"picked":"SKIP","floor":12},{"not_picked":["theWildCard:UnderLockAndKey","theWildCard:TheGreatSeal+1"],"picked":"theWildCard:StingingStrike+1","floor":14},{"not_picked":["theWildCard:Metatron","theWildCard:Providence+1","theWildCard:Michael+1"],"picked":"SKIP","floor":18},{"not_picked":["theWildCard:Michael","theWildCard:Polydeuces+1"],"picked":"theWildCard:BladeOfGenerations+1","floor":19},{"not_picked":["theWildCard:PaleRider+1","theWildCard:Unburden"],"picked":"theWildCard:BladeOfGenerations+1","floor":20},{"not_picked":["theWildCard:EnergizedStroke+1","theWildCard:Alice+1"],"picked":"theWildCard:ArcanaArtistry+1","floor":21},{"not_picked":["theWildCard:BladeOfGenerations+1","theWildCard:Lucifer"],"picked":"theWildCard:Abstinence+1","floor":23},{"not_picked":["theWildCard:Unburden","theWildCard:MasterPlan"],"picked":"theWildCard:SeveringSlash+1","floor":25},{"not_picked":["theWildCard:Unburden+1","theWildCard:BladeOfGenerations+1"],"picked":"theWildCard:MaskChange","floor":27},{"not_picked":["theWildCard:StingingStrike+1","theWildCard:Providence+1"],"picked":"theWildCard:MaskChange+1","floor":29},{"not_picked":["theWildCard:Patience","theWildCard:StingingStrike+1"],"picked":"theWildCard:MagicalMight+1","floor":30},{"not_picked":["theWildCard:ArcaneArts+1","theWildCard:BladeOfGenerations+1"],"picked":"theWildCard:SeveringSlash+1","floor":35},{"not_picked":["theWildCard:Providence+1","theWildCard:IdentityTheft+1"],"picked":"theWildCard:SeveringSlash+1","floor":36},{"not_picked":["theWildCard:Providence+1","theWildCard:CryOfAgony+1"],"picked":"theWildCard:SeveringSlash+1","floor":38},{"not_picked":["theWildCard:StingingStrike+1","theWildCard:BladeOfGenerations+1"],"picked":"theWildCard:ArcaneArts+1","floor":41},{"not_picked":["theWildCard:Odin+1","theWildCard:TheUniverse"],"picked":"theWildCard:ArcanaArtistry+1","floor":44},{"not_picked":["theWildCard:ManOfManyFaces","theWildCard:Patience","theWildCard:UnendingRitual"],"picked":"SKIP","floor":45},{"not_picked":["theWildCard:Proficiency","theWildCard:StingingStrike+1"],"picked":"theWildCard:SeveringSlash+1","floor":52},{"not_picked":["theWildCard:ArcanaArtistry","theWildCard:Polydeuces"],"picked":"theWildCard:CryOfAgony+1","floor":53},{"not_picked":["theWildCard:Sakuya","theWildCard:Polydeuces"],"picked":"theWildCard:ArcanaArtistry","floor":54},{"not_picked":["theWildCard:EnergizedStroke+1","theWildCard:Scathach"],"picked":"theWildCard:MagicMettle","floor":57},{"not_picked":["theWildCard:CryOfAgony+1","theWildCard:MaskChange","theWildCard:Unburden"],"picked":"SKIP","floor":59},{"not_picked":["theWildCard:Sakuya","theWildCard:Polydeuces"],"picked":"theWildCard:Safeguard","floor":60},{"not_picked":["theWildCard:MagicMettle","theWildCard:SeveringSlash+1"],"picked":"theWildCard:Attunement","floor":61},{"not_picked":["theWildCard:Michael","theWildCard:MagicalMight+1"],"picked":"theWildCard:ArcanaArtistry","floor":62},{"not_picked":["theWildCard:EnergyTheft+1","theWildCard:EnergizedStroke+1","theWildCard:Sakuya"],"picked":"SKIP","floor":63},{"not_picked":["theWildCard:Lucifer","theWildCard:FinalHour"],"picked":"theWildCard:TheArcanaUnleashed","floor":67},{"not_picked":["theWildCard:Patience","theWildCard:Unburden","theWildCard:Sakuya"],"picked":"SKIP","floor":69},{"not_picked":["theWildCard:ArcaneArts","theWildCard:Michael+1"],"picked":"theWildCard:MaskChange","floor":70},{"not_picked":["theWildCard:Unburden","theWildCard:Sakuya","theWildCard:TheUniverse"],"picked":"SKIP","floor":72},{"not_picked":["theWildCard:ShieldOfMany","theWildCard:Alice"],"picked":"theWildCard:StingingStrike+1","floor":73},{"not_picked":["theWildCard:StalwartBlade+1","theWildCard:MagicalMight+1"],"picked":"theWildCard:Providence+1","floor":74},{"not_picked":["theWildCard:Sakuya","theWildCard:MagicalMight+1","theWildCard:ShieldOfMany"],"picked":"SKIP","floor":76},{"not_picked":["theWildCard:Unburden","theWildCard:StingingStrike+1","theWildCard:ArcanaArtistry"],"picked":"SKIP","floor":78},{"not_picked":["theWildCard:ArcaneArts","theWildCard:StalwartBlade+1"],"picked":"theWildCard:ArchaicAssault+1","floor":79},{"not_picked":["theWildCard:PowerOfTheArcana","theWildCard:Michael"],"picked":"theWildCard:SeveringSlash+1","floor":80},{"not_picked":["theWildCard:StingingStrike+1","theWildCard:Michael"],"picked":"theWildCard:SeveringSlash+1","floor":81},{"not_picked":["theWildCard:BladeOfGenerations+1","theWildCard:CryOfAgony+1"],"picked":"theWildCard:SeveringSlash+1","floor":82},{"not_picked":["theWildCard:Amaterasu","theWildCard:Caesar"],"picked":"theWildCard:TheArcanaUnleashed","floor":84},{"not_picked":["theWildCard:UnendingRitual+1","theWildCard:UnderLockAndKey+1","theWildCard:SacrificialStroke+1"],"picked":"SKIP","floor":86},{"not_picked":["theWildCard:Odin","theWildCard:BladeOfGenerations+1"],"picked":"theWildCard:MaskChange+1","floor":87},{"not_picked":["theWildCard:Patience","theWildCard:Impatience+1"],"picked":"theWildCard:ArchaicAssault+1","floor":88},{"not_picked":["theWildCard:Sakuya","theWildCard:EnergizedStroke+1","theWildCard:MasterPlan"],"picked":"SKIP","floor":89},{"not_picked":["theWildCard:CryOfAgony+1","theWildCard:StingingStrike+1"],"picked":"theWildCard:MaskChange","floor":92},{"not_picked":["theWildCard:SeveringSlash+1","theWildCard:StingingStrike+1","theWildCard:FinalHour"],"picked":"SKIP","floor":95},{"not_picked":["theWildCard:Odin+1","theWildCard:Caesar"],"picked":"theWildCard:Providence+1","floor":97},{"not_picked":["theWildCard:TheGreatSeal+1","theWildCard:SeveringSlash+1"],"picked":"theWildCard:Attunement","floor":99},{"not_picked":["theWildCard:SeveringSlash+1","theWildCard:EnergizedStroke+1"],"picked":"theWildCard:Abstinence","floor":103},{"not_picked":["theWildCard:PaleRider","theWildCard:PowerOfTheArcana","theWildCard:Michael"],"picked":"SKIP","floor":104},{"not_picked":["theWildCard:StingingStrike+1","theWildCard:SeveringSlash+1"],"picked":"theWildCard:BladeOfGenerations+1","floor":106},{"not_picked":["theWildCard:MasterPlan","theWildCard:PaleRider","theWildCard:Sakuya"],"picked":"SKIP","floor":107},{"not_picked":["theWildCard:Proficiency","theWildCard:SeveringSlash+1","theWildCard:ChangingDestiny"],"picked":"SKIP","floor":108},{"not_picked":["theWildCard:ArcanaArtistry","theWildCard:Proficiency"],"picked":"theWildCard:Salvation+1","floor":109},{"not_picked":["theWildCard:Polydeuces","theWildCard:Desolation+1"],"picked":"theWildCard:SeveringSlash+1","floor":110},{"not_picked":["theWildCard:SeveringSlash+1","theWildCard:FuelForTheFire","theWildCard:Overwhelm+1"],"picked":"SKIP","floor":112},{"not_picked":["theWildCard:ManOfManyFaces","theWildCard:SeveringSlash+1","theWildCard:SacrificialStroke+1"],"picked":"SKIP","floor":114},{"not_picked":["theWildCard:SeveringSlash+1","theWildCard:SacrificialStroke+1"],"picked":"theWildCard:ArchaicAssault+1","floor":116},{"not_picked":["theWildCard:Polydeuces","theWildCard:Sakuya"],"picked":"theWildCard:MaskChange+1","floor":120},{"not_picked":["theWildCard:Sakuya","theWildCard:CryOfAgony+1"],"picked":"theWildCard:ArcaneArts+1","floor":121},{"not_picked":["theWildCard:EnergyTheft+1","theWildCard:ArcaneArts","theWildCard:UnderLockAndKey"],"picked":"SKIP","floor":124},{"not_picked":["theWildCard:ManOfManyFaces+1","theWildCard:Polydeuces","theWildCard:Patience"],"picked":"SKIP","floor":127},{"not_picked":["theWildCard:Unburden","theWildCard:Odin"],"picked":"theWildCard:MagicMettle","floor":130},{"not_picked":["theWildCard:Amaterasu","theWildCard:Salvation+1"],"picked":"theWildCard:EnergizedStroke+1","floor":133},{"not_picked":["theWildCard:ShieldOfMany","theWildCard:SacrificialStroke+1","theWildCard:ArcanaArtistry"],"picked":"SKIP","floor":137},{"not_picked":["theWildCard:ArcaneArts","theWildCard:UnderLockAndKey+1","theWildCard:Unburden+1"],"picked":"SKIP","floor":139},{"not_picked":["theWildCard:CryOfAgony+1","theWildCard:Unburden"],"picked":"theWildCard:SeveringSlash+1","floor":140},{"not_picked":["theWildCard:PaleRider+1","theWildCard:Michael+1"],"picked":"theWildCard:ArcaneArts+1","floor":141},{"not_picked":["theWildCard:TheGreatSeal+1","theWildCard:PowerOfTheArcana","theWildCard:Michael+1"],"picked":"SKIP","floor":144},{"not_picked":["theWildCard:TheGreatSeal+1","theWildCard:ArcaneArts+1","theWildCard:SeveringSlash+1"],"picked":"SKIP","floor":146},{"not_picked":["theWildCard:ArcaneArts+1","theWildCard:ManOfManyFaces+1","theWildCard:StalwartBlade+1"],"picked":"SKIP","floor":148},{"not_picked":["theWildCard:MagicalMight+1","theWildCard:EnergyTheft+1","theWildCard:Polydeuces+1"],"picked":"SKIP","floor":150},{"not_picked":["theWildCard:Lucifer","theWildCard:StingingStrike+1","theWildCard:Unburden+1"],"picked":"SKIP","floor":156}],"player_experience":342076,"relics_obtained":[{"floor":8,"key":"Regal Pillow"},{"floor":9,"key":"Mango"},{"floor":12,"key":"infinitespire:FocusingShard"},{"floor":23,"key":"conspire:BottledYoYo"},{"floor":26,"key":"Gremlin Food"},{"floor":30,"key":"Girya"},{"floor":36,"key":"Incense Burner"},{"floor":41,"key":"conspire:TopHat"},{"floor":43,"key":"Replay:Mystery Machine"},{"floor":44,"key":"Rawhide"},{"floor":46,"key":"Golden Egg"},{"floor":47,"key":"Ring of Hypnosis"},{"floor":47,"key":"Ring of Fury"},{"floor":57,"key":"theWildCard:Evoker"},{"floor":60,"key":"TungstenRod"},{"floor":62,"key":"Omamori"},{"floor":74,"key":"aspiration:TomeofQuesting"},{"floor":76,"key":"CherryCoatedStake"},{"floor":77,"key":"Bag of Marbles"},{"floor":78,"key":"Art of War"},{"floor":94,"key":"Onion Ring"},{"floor":97,"key":"conspire:Dentures"},{"floor":99,"key":"Anchor"},{"floor":108,"key":"CrustySpines"},{"floor":110,"key":"Pantograph"},{"floor":111,"key":"Quantum Egg"},{"floor":112,"key":"Replay:Baseball"},{"floor":114,"key":"BrokenLever"},{"floor":127,"key":"hubris:BottledRain"},{"floor":128,"key":"Matryoshka"},{"floor":130,"key":"Gambling Chip"},{"floor":131,"key":"conspire:Boomerang"},{"floor":131,"key":"hubris:PeanutButter"},{"floor":133,"key":"Mummified Hand"},{"floor":141,"key":"Ginger"},{"floor":144,"key":"Replay:Bottled Flurry"},{"floor":145,"key":"hubris:ToyBattleship"},{"floor":146,"key":"Potion Belt"},{"floor":156,"key":"Blue Doll"}],"event_choices":[{"damage_healed":0,"gold_gain":0,"player_choice":"2 cards matched","damage_taken":0,"max_hp_gain":0,"max_hp_loss":0,"event_name":"Match and Keep!","floor":10,"gold_loss":0,"cards_obtained":["theWildCard:Arsene","theWildCard:ArchaicAssault"]},{"damage_healed":0,"gold_gain":0,"player_choice":"2 cards matched","damage_taken":0,"max_hp_gain":0,"max_hp_loss":0,"event_name":"Match and Keep!","floor":10,"gold_loss":0,"cards_obtained":["theWildCard:Arsene","theWildCard:ArchaicAssault"]},{"damage_healed":0,"gold_gain":0,"player_choice":"Fight","damage_taken":0,"max_hp_gain":0,"max_hp_loss":0,"event_name":"MindBloom","floor":36,"gold_loss":0},{"damage_healed":0,"gold_gain":0,"player_choice":"Max HP","damage_taken":0,"max_hp_gain":0,"max_hp_loss":4,"event_name":"Winding Halls","floor":48,"gold_loss":0},{"damage_healed":0,"gold_gain":0,"player_choice":"Success","damage_taken":7,"relics_obtained":["Bronze Scales"],"max_hp_gain":0,"max_hp_loss":0,"event_name":"Scrap Ooze","floor":55,"gold_loss":0},{"damage_healed":0,"gold_gain":0,"player_choice":"1 cards matched","damage_taken":0,"max_hp_gain":0,"max_hp_loss":0,"event_name":"Match and Keep!","floor":71,"gold_loss":0,"cards_obtained":["theWildCard:Arsene"]},{"damage_healed":0,"gold_gain":0,"player_choice":"Take Damage","damage_taken":17,"relics_obtained":["Golden Idol"],"max_hp_gain":0,"max_hp_loss":0,"event_name":"Golden Idol","floor":115,"gold_loss":0},{"damage_healed":0,"gold_gain":0,"player_choice":"Got Potions","damage_taken":0,"max_hp_gain":0,"max_hp_loss":0,"event_name":"Lab","floor":132,"gold_loss":0},{"damage_healed":0,"gold_gain":0,"player_choice":"Ignored","damage_taken":0,"max_hp_gain":0,"max_hp_loss":0,"event_name":"The Moai Head","floor":142,"gold_loss":0},{"damage_healed":0,"gold_gain":0,"player_choice":"Ignored","damage_taken":0,"max_hp_gain":0,"max_hp_loss":0,"event_name":"SecretPortal","floor":143,"gold_loss":0}],"is_beta":false,"boss_relics":[{"not_picked":["Empty Cage","Ring of Chaos"],"picked":"Philosopher\u0027s Stone"},{"not_picked":["ReplayTheSpireMod:SealedPack","theWildCard:FigureOfDeath"],"picked":"Cursed Key"},{"not_picked":["aspiration:RitualDagger","ReplayTheSpireMod:DimensionalGlitch","Runic Dome"]},{"not_picked":["Replay:Grab Bag","aspiration:PoetsPen_weak"],"picked":"hubris:Backtick"},{"not_picked":["aspiration:RitualDagger","hubris:GrandSneckoEye"],"picked":"conspire:RunicOctahedron"},{"not_picked":["Replay:Ancient Bell","Sozu","aspiration:FutureDiary"],"picked":"hubris:ScarierMask"},{"not_picked":["Kintsugi","aspiration:MarisaSkillbook","hubris:BlackHole"],"picked":"Replay:Bronze Core"},{"not_picked":["Replay:Wanted Poster","Replay:Fungal Core","Fusion Hammer"],"picked":"hubris:HollowSoul"},{"not_picked":["Sandwich","Black Star","aspiration:PoetsPen_weak"],"picked":"conspire:SpecialSausage"}],"items_purged_floors":[39,65,98,98,138],"is_endless":true,"potions_floor_spawned":[1,6,14,16,21,23,27,33,36,38,41,52,54,59,62,69,73,76,78,80,87,92,97,99,101,103,106,108,109,110,114,124,133,139,140,144,146,148,150,157],"ascension_level":4}}