{"host":"3y33rrrkia6pkpow","time":1612154559,"event":{"mods":["2.2 Compatiblity","AchievementEnabler","Act Like it!","BaseMod","BetterRewards","Block Reminder","Colored Map","Colored Powertips","DeckTracker","Faster Ascension Climbing","Gensokyo","Highlight Path","Infinite Spire","Minty Spire (QoL Compilation)","Quick Restart","Rare Cards Sparkle","Replay The Spire","Shop Mod","Spicy Shops","StSLib","Synergy Search","The Animator","The Blue Laboratory","Unknown Chances"],"gold_per_floor":[125,125,140,190,219,270,282,319,331,368,405,417,103,137,137,211,211,230,271,293,293,224,224,224,224],"floor_reached":24,"language":"ENG","playtime":4043,"items_purged":["animator:Defend","Normality"],"score":619,"play_id":"c94ecd44-e0b5-40ba-90ac-f3c945325d85","local_time":"20210131224239","is_ascension_mode":true,"campfire_choices":[{"data":"animator:AcuraAkari","floor":7.0,"key":"SMITH"},{"floor":12.0,"key":"REST"},{"data":"animator:Evileye","floor":15.0,"key":"SMITH"},{"data":"animator:HinaKagiyama","floor":23,"key":"SMITH"}],"circlet_count":0,"master_deck":["AscendersBane","animator:Strike_HitsugiNoChaika","animator:Defend_HitsugiNoChaika","animator:Strike","animator:Strike","animator:Strike","animator:Defend","animator:Defend","animator:AcuraAkari+1","animator:Gillette","animator:WinryRockbell","animator:WinryRockbell","animator:PandorasActor","animator:EmiyaShirou","animator:Elsword","animator:Fredrika","animator:Curse_Dizziness","animator:DolaCouronne","animator:Elesis+2","animator:Demiurge+1","animator:HououinKyouma+1","animator:MisaKurobane+1","animator:Kuroyukihime+1","animator:Evileye+1","animator:Elesis+2","animator:AcuraAkari","animator:Fredrika","animator:Guy","animator:Guy","Voices","animator:YunYun+1","animator:RinTohsaka","Parasite","Parasite","animator:NarberalGamma","animator:HinaKagiyama+1","animator:Curse_Dizziness","animator:Archer+1","Shame","animator:Rena+1","animator:DolaSchwi+1","animator:Demiurge+1","animator:Eve+1","animator:Aisha+1"],"relics":["animator:LivingPicture","animator:TheMissingPiece","animator:PurgingStone","Membership Card","Ring of Greed","MawBank","Golden Egg","Ring of Peace","Meat on the Bone","Replay:Bottled Snecko","animator:WornHelmet","ReplayTheSpireMod:Lightbulb","infinitespire:Lychee Nut","ReplayTheSpireMod:ShopPack","animator:RacePiece","animator:Buoy","Orrery"],"acts_visited":["Gensokyo:Gensokyo","Gensokyo:Gensokyoer"],"potions_floor_usage":[20,20],"damage_taken":[{"damage":7.0,"enemies":"Gensokyo:2_Kodama","floor":1.0,"turns":3.0},{"damage":0.0,"enemies":"Gensokyo:Python","floor":3.0,"turns":3.0},{"damage":0.0,"enemies":"Gensokyo:3_Fairies","floor":5.0,"turns":5.0},{"damage":0.0,"enemies":"Gensokyo:Mamizou","floor":6.0,"turns":8.0},{"damage":0.0,"enemies":"Gensokyo:Kitsune","floor":8.0,"turns":3.0},{"damage":19.0,"enemies":"Gensokyo:Cirno","floor":10.0,"turns":8.0},{"damage":0.0,"enemies":"Gensokyo:Mamizou","floor":14.0,"turns":9.0},{"damage":23.0,"enemies":"Gensokyo:Reimu","floor":16.0,"turns":18.0},{"damage":4.0,"enemies":"Gensokyo:CosmicMonolith","floor":18.0,"turns":5.0},{"damage":0,"enemies":"Gensokyo:3_Dogs","floor":20,"turns":5},{"damage":45,"enemies":"Gensokyo:Tenshi","floor":24,"turns":3}],"seed_played":"-1856102197701296033","potions_obtained":[{"floor":1.0,"key":"FearPotion"},{"floor":8.0,"key":"Ancient Potion"},{"floor":14.0,"key":"blueLaboratory:Moonshine"},{"floor":16.0,"key":"blueLaboratory:EmptyBottle"}],"is_trial":false,"path_per_floor":["M","?","M","?","M","E","R","M","T","E","T","R","$","E","R","B",null,"M","?","M","?","$","R","E"],"character_chosen":"THE_ANIMATOR","items_purchased":["Membership Card","animator:WinryRockbell","animator:WinryRockbell","animator:Demiurge","infinitespire:Lychee Nut","ReplayTheSpireMod:ShopPack","animator:Archer","Orrery"],"campfire_rested":1,"item_purchase_floors":[0,0,0,13,13,13,22,22],"current_hp_per_floor":[47,40,40,40,40,40,40,40,40,33,33,51,45,46,46,35,43,42,24,30,30,31,31,0,0],"gold":224,"neow_bonus":"","is_daily":false,"chose_seed":false,"campfire_upgraded":3,"win_rate":0.0,"timestamp":1612154559,"path_taken":["M","?","?","?","M","E","R","M","T","E","?","R","?","E","R","BOSS","M","?","M","?","$","R","E"],"items_purchased_type":["Relic","Card","Card","Card","Relic","Relic","Card","Relic"],"build_version":"2020-12-22","purchased_purges":2,"victory":false,"max_hp_per_floor":[60,60,60,60,60,60,60,60,60,60,60,60,45,46,46,46,46,46,46,46,46,47,47,47,47],"card_choices":[{"not_picked":["animator:Darkness","animator:HiiragiShinya"],"picked":"animator:PandorasActor","floor":1.0},{"not_picked":["animator:Ciel","animator:Guy"],"picked":"animator:EmiyaShirou","floor":3.0},{"not_picked":["animator:Illya","animator:DolaRiku"],"picked":"animator:Elsword","floor":5.0},{"not_picked":["animator:Layla","animator:ChaikaBohdan"],"picked":"animator:Fredrika","floor":6.0},{"not_picked":["animator:Verdia","animator:Lu"],"picked":"animator:DolaCouronne","floor":8.0},{"not_picked":["animator:YaoHaDucy","animator:Ciel"],"picked":"animator:Elesis","floor":10.0},{"not_picked":["animator:Megunee","animator:NaoTomori"],"picked":"animator:HououinKyouma","floor":13.0},{"not_picked":["animator:Urushihara","animator:HatsuneMiku"],"picked":"animator:MisaKurobane","floor":13.0},{"not_picked":["animator:NaoTomori","animator:Urushihara"],"picked":"animator:Kuroyukihime","floor":13.0},{"not_picked":["animator:Guren","animator:Ain"],"picked":"animator:Evileye","floor":14.0},{"not_picked":["animator:Father","animator:Shiro"],"picked":"animator:Elesis","floor":16.0},{"not_picked":["animator:Layla","animator:Viivi"],"picked":"animator:Guy","floor":18.0},{"not_picked":["animator:KrulTepes","animator:Layla"],"picked":"animator:YunYun+1","floor":19.0},{"not_picked":["animator:Jibril","animator:Verdia"],"picked":"animator:RinTohsaka","floor":19.0},{"not_picked":["animator:Jibril","animator:RoryMercury"],"picked":"animator:NarberalGamma","floor":20},{"not_picked":["animator:Aqua","animator:Assassin+1"],"picked":"animator:Rena+1","floor":22},{"not_picked":["animator:DolaCouronne","animator:Mitsurugi"],"picked":"animator:DolaSchwi","floor":22},{"not_picked":["animator:Kuribayashi","animator:Shigure+1"],"picked":"animator:Demiurge","floor":22},{"not_picked":["animator:Sebas","animator:Entoma"],"picked":"animator:Eve","floor":22},{"not_picked":["animator:Guy","animator:Assassin"],"picked":"animator:Aisha","floor":22}],"player_experience":945122,"relics_obtained":[{"floor":4.0,"key":"Ring of Greed"},{"floor":4.0,"key":"MawBank"},{"floor":4.0,"key":"Golden Egg"},{"floor":4.0,"key":"Ring of Peace"},{"floor":6.0,"key":"Meat on the Bone"},{"floor":9.0,"key":"Replay:Bottled Snecko"},{"floor":10.0,"key":"animator:WornHelmet"},{"floor":11.0,"key":"ReplayTheSpireMod:Lightbulb"},{"floor":19.0,"key":"animator:Buoy"}],"event_choices":[],"is_beta":false,"boss_relics":[{"not_picked":["Busted Crown","SacredBark"],"picked":"animator:RacePiece"}],"items_purged_floors":[0,13],"is_endless":false,"potions_floor_spawned":[1,8,14,16],"killed_by":"Gensokyo:Tenshi","ascension_level":20}}