{"host":"7jl348xfsxr8glry","time":1612168939,"event":{"mods":["AchievementEnabler","BaseMod","Colored Map","Minty Spire (QoL Compilation)","Random Character Button","Unceasing Turn Reminder"],"gold_per_floor":[11,27,37,15,32,32,49,76,76,88,88,106,106,141,141,242,242,259,259,269,24,24,24,24,24,47,58,77,77,0,16,16,16,16],"floor_reached":33,"language":"ENG","playtime":1286,"items_purged":[],"score":285,"play_id":"da203744-069b-4b42-9253-98064d472db3","local_time":"20210201194219","is_ascension_mode":true,"campfire_choices":[{"floor":6,"key":"REST"},{"floor":11,"key":"REST"},{"floor":13,"key":"REST"},{"floor":15,"key":"REST"},{"floor":23,"key":"REST"},{"floor":25,"key":"REST"},{"floor":29,"key":"REST"},{"floor":32,"key":"REST"}],"circlet_count":0,"master_deck":["Strike_B+1","Defend_B+1","Defend_B+1","Defend_B+1","Defend_B+1","Zap","Dualcast","Streamline","Loop","Compile Driver","Cold Snap","Loop","Ball Lightning","Conserve Battery","Static Discharge","Double Energy","Core Surge","Sweeping Beam+1","Self Repair","Static Discharge","Ball Lightning","White Noise","Rip and Tear","Melter"],"relics":["Cracked Core","Incense Burner","Smiling Mask","Juzu Bracelet","Empty Cage","Strawberry"],"acts_visited":["Exordium","TheCity"],"potions_floor_usage":[10,10,27,28],"damage_taken":[{"damage":0,"enemies":"Cultist","floor":1,"turns":3},{"damage":7,"enemies":"Jaw Worm","floor":2,"turns":3},{"damage":7,"enemies":"2 Louse","floor":3,"turns":2},{"damage":29,"enemies":"Lots of Slimes","floor":5,"turns":5},{"damage":10,"enemies":"Looter","floor":7,"turns":3},{"damage":12,"enemies":"Lagavulin","floor":8,"turns":5},{"damage":0,"enemies":"Blue Slaver","floor":10,"turns":1},{"damage":14,"enemies":"Red Slaver","floor":12,"turns":2},{"damage":24,"enemies":"3 Sentries","floor":14,"turns":5},{"damage":59,"enemies":"The Guardian","floor":16,"turns":9},{"damage":36,"enemies":"3 Byrds","floor":18,"turns":3},{"damage":14,"enemies":"Shell Parasite","floor":20,"turns":5},{"damage":22,"enemies":"Sentry and Sphere","floor":27,"turns":4},{"damage":42,"enemies":"Shelled Parasite and Fungi","floor":28,"turns":6},{"damage":23,"enemies":"Snake Plant","floor":31,"turns":3},{"damage":69,"enemies":"Automaton","floor":33,"turns":6}],"seed_played":"7913337251345977409","potions_obtained":[{"floor":3,"key":"Fire Potion"},{"floor":7,"key":"Strength Potion"},{"floor":8,"key":"SteroidPotion"},{"floor":14,"key":"DistilledChaos"},{"floor":16,"key":"Dexterity Potion"}],"is_trial":false,"path_per_floor":["M","M","M","$","M","R","M","E","T","M","R","M","R","E","R","B",null,"M","?","M","$","?","R","$","R","T","M","M","R","?","M","R","B"],"character_chosen":"DEFECT","items_purchased":["Cold Snap","Static Discharge","Ball Lightning","White Noise","Rip and Tear"],"campfire_rested":8,"item_purchase_floors":[4,21,21,21,21],"current_hp_per_floor":[75,68,61,61,32,54,44,32,32,32,54,40,62,38,60,1,75,39,39,25,25,25,47,47,69,76,61,33,57,57,41,65,0,0],"gold":16,"neow_bonus":"ONE_RARE_RELIC","is_daily":false,"chose_seed":false,"campfire_upgraded":0,"win_rate":0.0,"timestamp":1612168939,"path_taken":["M","M","M","$","M","R","M","E","T","M","R","M","R","E","R","BOSS","M","?","M","$","?","R","$","R","T","M","M","R","?","M","R","BOSS"],"items_purchased_type":["Card","Card","Card","Card","Card"],"build_version":"2020-12-22","purchased_purges":0,"victory":false,"max_hp_per_floor":[75,75,75,75,75,75,75,75,75,75,75,75,75,75,75,75,75,75,75,75,75,75,75,75,75,82,82,82,82,82,82,82,82,82],"card_choices":[{"not_picked":["Rebound","Coolheaded"],"picked":"Streamline","floor":1},{"not_picked":["Capacitor","Cold Snap"],"picked":"Loop","floor":2},{"not_picked":["Barrage","Recycle"],"picked":"Compile Driver","floor":3},{"not_picked":["Barrage","Hologram"],"picked":"Loop","floor":5},{"not_picked":["Sweeping Beam","All For One"],"picked":"Ball Lightning","floor":7},{"not_picked":["Heatsinks","Cold Snap"],"picked":"Conserve Battery","floor":8},{"not_picked":["Redo","Coolheaded","Go for the Eyes"],"picked":"SKIP","floor":10},{"not_picked":["Biased Cognition","Barrage"],"picked":"Static Discharge","floor":12},{"not_picked":["Turbo","Tempest"],"picked":"Double Energy","floor":14},{"not_picked":["Reboot","Hyperbeam"],"picked":"Core Surge","floor":16},{"not_picked":["Go for the Eyes","Coolheaded"],"picked":"Sweeping Beam+1","floor":18},{"not_picked":["Doom and Gloom","Barrage"],"picked":"Self Repair","floor":20},{"not_picked":["Streamline","Stack+1","Steam"],"picked":"SKIP","floor":27},{"not_picked":["Steam","Auto Shields","Barrage"],"picked":"SKIP","floor":28},{"not_picked":["Gash","Reprogram"],"picked":"Melter","floor":31}],"player_experience":200382,"relics_obtained":[{"floor":8,"key":"Smiling Mask"},{"floor":14,"key":"Juzu Bracelet"},{"floor":26,"key":"Strawberry"}],"event_choices":[{"damage_healed":0,"gold_gain":0,"player_choice":"Simplicity","damage_taken":0,"max_hp_gain":0,"max_hp_loss":0,"event_name":"Back to Basics","floor":19,"gold_loss":0,"cards_upgraded":["Strike_B","Strike_B","Defend_B","Defend_B","Defend_B","Defend_B"]},{"cards_removed":["Strike_B"],"damage_healed":0,"gold_gain":0,"player_choice":"Purged","damage_taken":0,"max_hp_gain":0,"max_hp_loss":0,"event_name":"Purifier","floor":22,"gold_loss":0},{"damage_healed":0,"gold_gain":0,"player_choice":"Paid Fearfully","damage_taken":0,"max_hp_gain":0,"max_hp_loss":0,"event_name":"Masked Bandits","floor":30,"gold_loss":77}],"is_beta":false,"boss_relics":[{"not_picked":["FrozenCore","Runic Dome"],"picked":"Empty Cage"}],"items_purged_floors":[],"is_endless":false,"potions_floor_spawned":[3,7,8,14,16,20],"killed_by":"Automaton","ascension_level":2}}