{"host":"aukiz5jlacd3g5yc","time":1612146504,"event":{"mods":["2.2 Compatiblity","BaseMod","Bestiary","Colored Map","Colored Powertips","Downfall","GifTheSpireLib","Hubris","Minty Spire (QoL Compilation)","Permanent Neow","Quick Restart","Random Character Button","Rare Cards Sparkle","Relic Sorter","Relic Stats","Replay The Spire","StSLib","everything is the same but u backflip on backflip","slay the spire mod where everything is the same but ironclad has a cowboy hat"],"gold_per_floor":[10,29,45,10,29,60,60,70,70,87,121,121,121,152,152,254,254,264,189,104,162,12,12,38,38,38,48,62,97,17,47,47,150,150,163,163,180,27,0,29,29,61,61,61,81,81,100,100,100,100],"floor_reached":51,"language":"ENG","playtime":2434,"items_purged":["Strike_B"],"score":999,"play_id":"0fc8e619-668c-4d7c-965a-f57fb0f0ba96","local_time":"20210131202824","is_ascension_mode":true,"campfire_choices":[{"data":"Gash","floor":7.0,"key":"SMITH"},{"data":"Gash","floor":12.0,"key":"SMITH"},{"data":"Go for the Eyes","floor":15.0,"key":"SMITH"},{"data":"All For One","floor":23.0,"key":"SMITH"},{"data":"Dualcast","floor":25.0,"key":"SMITH"},{"floor":32.0,"key":"REST"},{"data":"BootSequence","floor":44.0,"key":"SMITH"},{"data":"Melter","floor":49,"key":"SMITH"}],"circlet_count":0,"master_deck":["Strike_B","Defend_B","Defend_B","Defend_B","Defend_B","Zap","Dualcast+1","Gash+1","Beam Cell","Beam Cell","Conserve Battery","BootSequence+1","Steam Power","Steam+1","Gash+1","Reprogram+1","BootSequence+1","Go for the Eyes+1","All For One+1","Panic Button+1","Rebound+1","ReplayTheSpireMod:Splinters","Redo+1","Stack+1","Double Energy+1","Hologram+1","Machine Learning+1","Skim+1","Reprogram+1","Melter+1","Gash+1","ReplayTheSpireMod:GoodbyeWorld+1","Violence+1","Scrape+1","hubris:DuctTapeCard","Aggregate+1","Pain","Hologram+1","Hologram+1"],"relics":["Cracked Core","hubris:RGBLights","Prayer Wheel","Toxic Egg 2","hubris:PeanutButter","Frozen Egg 2","Pet Ghost","ChewingGum","Slimebound:StickyStick","HandDrill","Pear","Akabeko","Chameleon Ring","Geode","hubris:TerracottaHorce","Replay:Wax Seal","Red Mask","Regal Pillow","Cables","hubris:DuctTape","WarpedTongs"],"acts_visited":["Exordium","TheCity","TheBeyond"],"potions_floor_usage":[50,50],"damage_taken":[{"damage":6.0,"enemies":"Cultist","floor":1.0,"turns":3.0},{"damage":5.0,"enemies":"Small Slimes","floor":2.0,"turns":2.0},{"damage":11.0,"enemies":"Jaw Worm","floor":3.0,"turns":3.0},{"damage":3.0,"enemies":"Exordium Thugs","floor":5.0,"turns":3.0},{"damage":26.0,"enemies":"3 Sentries","floor":6.0,"turns":6.0},{"damage":4.0,"enemies":"Large Slime","floor":8.0,"turns":5.0},{"damage":0.0,"enemies":"Looter","floor":10.0,"turns":3.0},{"damage":14.0,"enemies":"Lagavulin","floor":11.0,"turns":6.0},{"damage":0.0,"enemies":"Gremlin Nob","floor":14.0,"turns":2.0},{"damage":13.0,"enemies":"Fading Forest","floor":16.0,"turns":11.0},{"damage":12.0,"enemies":"Shell Parasite","floor":18.0,"turns":5.0},{"damage":5.0,"enemies":"Replay:Snechameleon","floor":24.0,"turns":5.0},{"damage":10.0,"enemies":"Spheric Guardian","floor":27.0,"turns":4.0},{"damage":0.0,"enemies":"3 Cultists","floor":28.0,"turns":5.0},{"damage":6.0,"enemies":"Gremlin Leader","floor":29.0,"turns":3.0},{"damage":16.0,"enemies":"Replay:Snechameleon","floor":31.0,"turns":7.0},{"damage":8.0,"enemies":"hubris:MusketHawk","floor":33.0,"turns":5.0},{"damage":0.0,"enemies":"Orb Walker","floor":35.0,"turns":2.0},{"damage":0.0,"enemies":"3 Shapes","floor":37.0,"turns":3.0},{"damage":69.0,"enemies":"Reptomancer","floor":40.0,"turns":4.0},{"damage":0.0,"enemies":"Giant Head","floor":42.0,"turns":2.0},{"damage":0,"enemies":"Jaw Worm Horde","floor":45,"turns":3},{"damage":6,"enemies":"Sphere and 2 Shapes","floor":47,"turns":4},{"damage":29,"enemies":"Awakened One","floor":50,"turns":7}],"seed_played":"6099938954820713700","potions_obtained":[{"floor":1.0,"key":"Explosive Potion"},{"floor":3.0,"key":"Venom Potion"},{"floor":11.0,"key":"sneckomod:MuddlingPotion"},{"floor":14.0,"key":"Strength Potion"},{"floor":16.0,"key":"Block Potion"},{"floor":24.0,"key":"Adrenaline Potion"},{"floor":27.0,"key":"SteroidPotion"},{"floor":37.0,"key":"Toxic Potion"},{"floor":42.0,"key":"SteroidPotion"},{"floor":45,"key":"BlessingOfTheForge"}],"is_trial":false,"path_per_floor":["M","M","M","?","M","E","R","M","T","M","E","R","?","E","R","B",null,"M","?","?","?","$","R","E","R","T","M","M","E","$","E","R","B",null,"M","?","M","$","?","E","?","E","T","R","M","?","M","?","R","B",null],"character_chosen":"DEFECT","items_purchased":["HandDrill","Reprogram+1","Replay:Wax Seal"],"campfire_rested":1,"item_purchase_floors":[22,30,38],"current_hp_per_floor":[69,64,53,71,68,42,42,38,38,38,24,24,24,24,24,25,75,63,63,63,63,63,63,68,68,68,58,58,52,52,36,61,53,77,77,77,77,77,77,8,8,8,8,8,8,8,2,74,74,45],"gold":100,"neow_bonus":"THREE_RARE_CARDS","is_daily":false,"chose_seed":false,"campfire_upgraded":7,"win_rate":0.0,"timestamp":1612146504,"path_taken":["M","M","?","?","M","E","R","M","T","M","E","R","?","E","R","BOSS","M","?","?","?","?","R","E","R","T","M","M","E","?","E","R","BOSS","M","?","M","$","?","E","?","E","T","R","?","?","?","?","R","BOSS"],"items_purchased_type":["Relic","Card","Relic"],"build_version":"2020-12-22","purchased_purges":1,"victory":true,"max_hp_per_floor":[75,75,75,75,75,75,75,75,75,75,75,75,75,75,75,75,75,75,75,75,75,75,75,85,85,85,85,85,85,85,85,85,85,85,85,85,85,85,85,85,85,85,85,85,85,85,85,74,74,74],"relic_stats":{"Regal Pillow":0,"counters":[24,103],"Prayer Wheel":13,"HandDrill":[14],"obtain_stats":[{"Regal Pillow":40,"Pear":24,"hubris:DuctTape":43,"Geode":31,"Frozen Egg 2":11,"Pet Ghost":14,"Akabeko":26,"hubris:TerracottaHorce":34,"Cables":42,"WarpedTongs":46,"Chameleon Ring":29,"Slimebound:StickyStick":20,"Prayer Wheel":1,"hubris:PeanutButter":9,"ChewingGum":17,"HandDrill":22,"Red Mask":39,"Toxic Egg 2":6,"Replay:Wax Seal":38,"Cracked Core":0,"hubris:RGBLights":21},{"Regal Pillow":20,"Pear":12,"hubris:DuctTape":21,"Geode":16,"Frozen Egg 2":8,"Pet Ghost":9,"Akabeko":12,"hubris:TerracottaHorce":17,"Cables":21,"WarpedTongs":22,"Chameleon Ring":15,"Slimebound:StickyStick":11,"Prayer Wheel":1,"hubris:PeanutButter":6,"ChewingGum":10,"HandDrill":11,"Red Mask":19,"Toxic Egg 2":5,"Replay:Wax Seal":19,"Cracked Core":0,"hubris:RGBLights":11},{"Regal Pillow":87,"Pear":54,"hubris:DuctTape":89,"Geode":73,"Frozen Egg 2":31,"Pet Ghost":33,"Akabeko":54,"hubris:TerracottaHorce":78,"Cables":89,"WarpedTongs":92,"Chameleon Ring":66,"Slimebound:StickyStick":49,"Prayer Wheel":3,"hubris:PeanutButter":22,"ChewingGum":44,"HandDrill":49,"Red Mask":83,"Toxic Egg 2":17,"Replay:Wax Seal":83,"Cracked Core":0,"hubris:RGBLights":49}],"Cables":[8,7,0,0,0],"WarpedTongs":[9]},"card_choices":[{"not_picked":["Seek","Thunder Strike"],"picked":"ReplayTheSpireMod:Fabricate Wheel","floor":0.0},{"not_picked":["Blizzard","Panic Button"],"picked":"Gash","floor":1.0},{"not_picked":["Panic Button","Self Repair"],"picked":"Beam Cell","floor":1.0},{"not_picked":["Steam Power","Hologram"],"picked":"Beam Cell","floor":2.0},{"not_picked":["Time Bomb","Chaos"],"picked":"Conserve Battery","floor":2.0},{"not_picked":["Leap","Chaos"],"picked":"BootSequence","floor":3.0},{"not_picked":["Static Discharge","Barrage","Hello World"],"picked":"SKIP","floor":3.0},{"not_picked":["Tempest","Aggregate"],"picked":"Beam Cell","floor":5.0},{"not_picked":["Stack","Cold Snap"],"picked":"Steam Power","floor":5.0},{"not_picked":["Streamline","Darkness+1"],"picked":"hubris:DoWhile+1","floor":6.0},{"not_picked":["Sweeping Beam","Compile Driver"],"picked":"Steam+1","floor":8.0},{"not_picked":["Ball Lightning","Leap+1","Steam+1"],"picked":"SKIP","floor":8.0},{"not_picked":["Skim+1","Rebound"],"picked":"Gash","floor":10.0},{"not_picked":["FTL","Compile Driver"],"picked":"Reprogram+1","floor":10.0},{"not_picked":["Reinforced Body+1","Beam Cell"],"picked":"Double Energy+1","floor":11.0},{"not_picked":["Biased Cognition+1","Gash"],"picked":"Go for the Eyes","floor":14.0},{"not_picked":["Echo Form+1","Electrodynamics+1"],"picked":"All For One","floor":16.0},{"not_picked":["Go for the Eyes","Beam Cell"],"picked":"Panic Button+1","floor":18.0},{"not_picked":["Leap+1","Turbo+1"],"picked":"Rebound+1","floor":18.0},{"not_picked":["Stack+1","Chaos+1"],"picked":"Redo+1","floor":21.0},{"not_picked":["Redo+1","ReplayTheSpireMod:Reroute Power+1"],"picked":"Stack+1","floor":21.0},{"not_picked":["Stack+1","Barrage"],"picked":"Double Energy+1","floor":24.0},{"not_picked":["ReplaySort+1","Static Discharge+1"],"picked":"Hologram+1","floor":27.0},{"not_picked":["Fusion+1","Defragment+1","Turbo+1"],"picked":"SKIP","floor":27.0},{"not_picked":["Tempest+1","Streamline+1"],"picked":"Machine Learning+1","floor":28.0},{"not_picked":["Rebound+1","Lockon"],"picked":"Skim+1","floor":28.0},{"not_picked":["Streamline","Redo+1","White Noise+1"],"picked":"SKIP","floor":29.0},{"not_picked":["Storm+1","Redo+1"],"picked":"Melter","floor":31.0},{"not_picked":["Turbo+1","Go for the Eyes+1"],"picked":"Gash+1","floor":35.0},{"not_picked":["ReplayTheSpireMod:Reroute Power+1","Compile Driver"],"picked":"ReplayTheSpireMod:GoodbyeWorld+1","floor":35.0},{"not_picked":["Bandage Up+1","Jack Of All Trades+1"],"picked":"Violence+1","floor":36.0},{"not_picked":["Conserve Battery+1","Barrage","Sweeping Beam+1"],"picked":"SKIP","floor":37.0},{"not_picked":["Cold Snap+1","ReplayTheSpireMod:Reroute Power+1","Conserve Battery+1"],"picked":"SKIP","floor":37.0},{"not_picked":["Conserve Battery+1","Steam+1"],"picked":"Scrape+1","floor":40.0},{"not_picked":["Leap+1","Barrage+1","Compile Driver+1"],"picked":"SKIP","floor":42.0},{"not_picked":["ReplayTheSpireMod:Omega Cannon","Streamline+1"],"picked":"Aggregate+1","floor":45},{"not_picked":["BasicCrystalCard+1","Fusion+1","Redo+1"],"picked":"SKIP","floor":45},{"not_picked":["Steam+1","hubris:PowerSurge+1"],"picked":"Hologram+1","floor":47},{"not_picked":["Auto Shields+1","Turbo+1"],"picked":"Hologram+1","floor":47}],"player_experience":376052,"relics_obtained":[{"floor":6.0,"key":"Toxic Egg 2"},{"floor":9.0,"key":"hubris:PeanutButter"},{"floor":11.0,"key":"Frozen Egg 2"},{"floor":14.0,"key":"Pet Ghost"},{"floor":21.0,"key":"hubris:RGBLights"},{"floor":24.0,"key":"Pear"},{"floor":26.0,"key":"Akabeko"},{"floor":29.0,"key":"Chameleon Ring"},{"floor":31.0,"key":"Geode"},{"floor":40.0,"key":"Regal Pillow"},{"floor":42.0,"key":"Cables"},{"floor":43.0,"key":"hubris:DuctTape"}],"event_choices":[{"damage_healed":18.0,"max_hp_gain":0.0,"max_hp_loss":0.0,"gold_gain":0.0,"event_name":"The Cleric","player_choice":"Healed","floor":4.0,"gold_loss":35.0,"damage_taken":0.0},{"damage_healed":0.0,"max_hp_gain":0.0,"max_hp_loss":0.0,"gold_gain":0.0,"cards_transformed":["Strike_B"],"event_name":"Transmorgrifier","player_choice":"Transformed","floor":13.0,"gold_loss":0.0,"damage_taken":0.0,"cards_obtained":["BootSequence"]},{"cards_removed":["Strike_B"],"damage_healed":0.0,"max_hp_gain":0.0,"max_hp_loss":0.0,"gold_gain":0.0,"event_name":"Beggar","player_choice":"Gave Gold","floor":19.0,"gold_loss":75.0,"damage_taken":0.0},{"damage_healed":0.0,"max_hp_gain":0.0,"max_hp_loss":0.0,"gold_gain":0.0,"event_name":"Addict","player_choice":"Obtained Relic","floor":20.0,"gold_loss":85.0,"damage_taken":0.0,"relics_obtained":["Slimebound:StickyStick"]},{"damage_healed":0.0,"max_hp_gain":0.0,"max_hp_loss":0.0,"gold_gain":0.0,"event_name":"SensoryStone","player_choice":"Memory 1","floor":36.0,"gold_loss":0.0,"damage_taken":0.0},{"damage_healed":0.0,"max_hp_gain":0.0,"max_hp_loss":0.0,"gold_gain":0.0,"event_name":"Tomb of Lord Red Mask","player_choice":"Paid","floor":39.0,"gold_loss":27.0,"damage_taken":0.0,"relics_obtained":["Red Mask"]},{"cards_removed":["Beam Cell"],"damage_healed":0.0,"max_hp_gain":0.0,"max_hp_loss":0.0,"gold_gain":0.0,"event_name":"Falling","player_choice":"Removed Attack","floor":41.0,"gold_loss":0.0,"damage_taken":0.0},{"damage_healed":0,"gold_gain":0,"player_choice":"Rummage","damage_taken":0,"relics_obtained":["WarpedTongs"],"max_hp_gain":0,"max_hp_loss":0,"event_name":"Accursed Blacksmith","floor":46,"gold_loss":0,"cards_obtained":["Pain"]},{"damage_healed":74,"gold_gain":0,"player_choice":"Heal","damage_taken":0,"max_hp_gain":0,"max_hp_loss":11,"event_name":"The Moai Head","floor":48,"gold_loss":0}],"is_beta":false,"boss_relics":[{"not_picked":["hubris:RunicObelisk","Runic Pyramid"],"picked":"ChewingGum"},{"not_picked":["SlaversCollar","Velvet Choker"],"picked":"hubris:TerracottaHorce"}],"items_purged_floors":[38],"is_endless":false,"potions_floor_spawned":[1,3,11,14,16,24,27,28,37,42,45],"ascension_level":1}}