{"host":"i8x3uekhioq8aaet","time":1612194296,"event":{"mods":["AchievementEnabler","BaseMod","Colored Map","Colored Powertips","DeckTracker","Minty Spire (QoL Compilation)","Relic Sorter"],"gold_per_floor":[117,82,182,196,216,250,271,271,298,322,322,345,345,370,370,483,492,517,537,537,537,10,10,29,29,52,52,151,151,176,199,199,303,303,323,323,323],"floor_reached":36,"language":"ZHT","playtime":1421,"items_purged":["Strike_B"],"score":538,"play_id":"993a13fd-f1b6-4a0e-a5ef-1943c38391f1","local_time":"20210201234456","is_ascension_mode":true,"campfire_choices":[{"floor":11.0,"key":"REST"},{"floor":15,"key":"REST"},{"floor":23,"key":"REST"},{"floor":27,"key":"REST"},{"floor":29,"key":"REST"},{"data":"Defragment","floor":32,"key":"SMITH"}],"circlet_count":0,"master_deck":["Strike_B","Strike_B","Strike_B","Defend_B","Defend_B","Defend_B+1","Defend_B","Zap+1","Dualcast+1","Defragment","Defragment+1","Coolheaded","Seek","Doom and Gloom","Undo","Conserve Battery","Core Surge","CurseOfTheBell","Coolheaded","Conserve Battery","Glacier","Ball Lightning","Melter","Self Repair","Creative AI","Compile Driver"],"relics":["Cracked Core","CeramicFish","War Paint","Nunchaku","Calling Bell","Potion Belt","Darkstone Periapt","Emotion Chip","ClockworkSouvenir","Boot","Smiling Mask","Happy Flower","Snecko Eye"],"acts_visited":["Exordium","TheCity","TheBeyond"],"potions_floor_usage":[16,16,19,33,33],"damage_taken":[{"damage":11.0,"enemies":"Small Slimes","floor":1.0,"turns":3.0},{"damage":8.0,"enemies":"2 Louse","floor":4.0,"turns":3.0},{"damage":6.0,"enemies":"Cultist","floor":5.0,"turns":4.0},{"damage":27.0,"enemies":"3 Sentries","floor":6.0,"turns":4.0},{"damage":0.0,"enemies":"3 Louse","floor":7.0,"turns":1.0},{"damage":12.0,"enemies":"Exordium Wildlife","floor":12.0,"turns":4.0},{"damage":1.0,"enemies":"2 Fungi Beasts","floor":14.0,"turns":3.0},{"damage":0,"enemies":"The Guardian","floor":16,"turns":8},{"damage":18,"enemies":"Chosen","floor":18,"turns":5},{"damage":21,"enemies":"2 Thieves","floor":19,"turns":3},{"damage":5,"enemies":"Snecko","floor":24,"turns":6},{"damage":4,"enemies":"Centurion and Healer","floor":30,"turns":8},{"damage":7,"enemies":"3 Cultists","floor":31,"turns":7},{"damage":44,"enemies":"Automaton","floor":33,"turns":12},{"damage":25,"enemies":"Orb Walker","floor":35,"turns":7},{"damage":51,"enemies":"3 Darklings","floor":36,"turns":5}],"seed_played":"-8044372054355895988","potions_obtained":[{"floor":1.0,"key":"EntropicBrew"},{"floor":6.0,"key":"Explosive Potion"},{"floor":12.0,"key":"SkillPotion"},{"floor":14,"key":"AttackPotion"},{"floor":18,"key":"AttackPotion"},{"floor":24,"key":"CultistPotion"},{"floor":33,"key":"Swift Potion"}],"is_trial":false,"path_per_floor":["M","?","?","M","M","E","M","?","T","T","R","M","?","M","R","B",null,"M","M","?","?","$","R","M","?","T","R","?","R","M","M","R","B",null,"M","M"],"character_chosen":"DEFECT","items_purchased":["Glacier","Regen Potion","ClockworkSouvenir","Boot"],"campfire_rested":5,"item_purchase_floors":[22,22,22,22],"current_hp_per_floor":[57,75,75,67,61,34,34,34,34,34,56,44,44,43,65,65,73,55,34,34,20,20,44,39,39,39,63,63,80,76,69,69,37,69,51,0,0],"gold":323,"neow_bonus":"UPGRADE_CARD","is_daily":false,"chose_seed":false,"campfire_upgraded":1,"win_rate":0.0,"timestamp":1612194296,"path_taken":["M","?","?","M","?","E","M","?","T","?","R","M","?","M","R","BOSS","M","M","?","?","$","R","M","?","T","R","?","R","?","M","R","BOSS","M","M"],"items_purchased_type":["Card","Potion","Relic","Relic"],"build_version":"2020-12-22","purchased_purges":1,"victory":false,"max_hp_per_floor":[75,75,75,75,75,75,75,75,75,75,75,75,75,75,75,75,75,75,75,75,80,80,80,80,80,80,80,80,80,80,80,80,80,80,80,80,80],"card_choices":[{"not_picked":["Loop","Coolheaded"],"picked":"Defragment","floor":1.0},{"not_picked":["Gash","Heatsinks"],"picked":"Defragment","floor":4.0},{"not_picked":["Hello World","Turbo"],"picked":"Coolheaded","floor":5.0},{"not_picked":["Steam","Conserve Battery"],"picked":"Seek","floor":6.0},{"not_picked":["Go for the Eyes","Cold Snap"],"picked":"Doom and Gloom","floor":7.0},{"not_picked":["Cold Snap","Gash"],"picked":"Undo","floor":12.0},{"not_picked":["Lockon","Stack"],"picked":"Conserve Battery","floor":14},{"not_picked":["All For One","Multi-Cast"],"picked":"Core Surge","floor":16},{"not_picked":["Heatsinks+1","Compile Driver+1"],"picked":"Coolheaded","floor":18},{"not_picked":["Go for the Eyes","Cold Snap"],"picked":"Conserve Battery","floor":19},{"not_picked":["Leap","Gash"],"picked":"Ball Lightning","floor":24},{"not_picked":["Ball Lightning","Reprogram"],"picked":"Melter","floor":30},{"not_picked":["Meteor Strike","Steam Power"],"picked":"Self Repair","floor":31},{"not_picked":["Thunder Strike","Reboot"],"picked":"Creative AI","floor":33},{"not_picked":["Hologram+1","Go for the Eyes+1"],"picked":"Compile Driver","floor":35}],"player_experience":316035,"relics_obtained":[{"floor":6.0,"key":"CeramicFish"},{"floor":9.0,"key":"War Paint"},{"floor":10.0,"key":"Nunchaku"},{"floor":17,"key":"Potion Belt"},{"floor":17,"key":"Darkstone Periapt"},{"floor":17,"key":"Emotion Chip"},{"floor":26,"key":"Happy Flower"}],"event_choices":[{"damage_healed":18.0,"max_hp_gain":0.0,"max_hp_loss":0.0,"gold_gain":0.0,"event_name":"The Cleric","player_choice":"Healed","floor":2.0,"gold_loss":35.0,"damage_taken":0.0},{"damage_healed":0.0,"max_hp_gain":0.0,"max_hp_loss":0.0,"gold_gain":100.0,"event_name":"Golden Shrine","player_choice":"Pray","floor":3.0,"gold_loss":0.0,"damage_taken":0.0},{"damage_healed":0.0,"max_hp_gain":0.0,"max_hp_loss":0.0,"gold_gain":0.0,"event_name":"Dead Adventurer","player_choice":"Searched \u00270\u0027 times","floor":8.0,"gold_loss":0.0,"damage_taken":0.0},{"damage_healed":0.0,"max_hp_gain":0.0,"max_hp_loss":0.0,"gold_gain":0.0,"event_name":"Liars Game","player_choice":"Ignored","floor":13.0,"gold_loss":0.0,"damage_taken":0.0},{"damage_healed":0,"gold_gain":0,"player_choice":"Ignored","damage_taken":0,"max_hp_gain":0,"max_hp_loss":0,"event_name":"Ghosts","floor":20,"gold_loss":0},{"damage_healed":0,"gold_gain":0,"player_choice":"Shed Blood","damage_taken":19,"max_hp_gain":5,"max_hp_loss":0,"event_name":"Forgotten Altar","floor":21,"gold_loss":0},{"damage_healed":0,"gold_gain":0,"player_choice":"Opened","damage_taken":0,"relics_obtained":["Smiling Mask"],"max_hp_gain":0,"max_hp_loss":0,"event_name":"The Mausoleum","floor":25,"gold_loss":0},{"damage_healed":0,"gold_gain":99,"player_choice":"Stole From Cult","damage_taken":0,"max_hp_gain":0,"max_hp_loss":0,"event_name":"Nest","floor":28,"gold_loss":0}],"is_beta":false,"boss_relics":[{"not_picked":["Black Star","Pandora\u0027s Box"],"picked":"Calling Bell"},{"not_picked":["Fusion Hammer","Philosopher\u0027s Stone"],"picked":"Snecko Eye"}],"items_purged_floors":[22],"is_endless":false,"potions_floor_spawned":[1,4,6,12,14,18,24,33],"killed_by":"3 Darklings","ascension_level":6}}