{"host":"kkntor5wdjky96yl","time":1612190887,"event":{"mods":["AchievementEnabler","BaseMod","Colored Map","KOR Keyword Fix","Minty Spire (QoL Compilation)","Shop Mod","StSLib","SuperFastMode","Swap Starting Deck Mod"],"gold_per_floor":[118,293,293,138,149,179,179,193,218,234,260,260,270,270,270,365,365,383,400,400,315,15,15,15],"floor_reached":23,"language":"KOR","playtime":677,"items_purged":["Doubt"],"score":234,"play_id":"ce60ff74-831c-4b15-ba71-9f8296448a90","local_time":"20210201234807","is_ascension_mode":true,"campfire_choices":[{"data":"Aggregate","floor":7.0,"key":"SMITH"},{"floor":15.0,"key":"REST"}],"circlet_count":0,"master_deck":["Ball Lightning","Ball Lightning","Ball Lightning","Ball Lightning","Thunder Strike","Stack+1","Stack+1","Stack+1","Zap+1","Consume","Aggregate+1","Seek","Redo","Loop","White Noise","Double Energy","Hologram+1","FTL","Tempest"],"relics":["Cracked Core","swapstartingdeckmod:Bellows","War Paint","Bronze Scales","Pen Nib","Inserter","Lantern","Runic Capacitor","MerchantsRug"],"acts_visited":["Exordium","TheCity"],"potions_floor_usage":[],"damage_taken":[{"damage":6.0,"enemies":"2 Louse","floor":1.0,"turns":2.0},{"damage":2.0,"enemies":"Small Slimes","floor":5.0,"turns":2.0},{"damage":16.0,"enemies":"Gremlin Nob","floor":6.0,"turns":3.0},{"damage":7.0,"enemies":"Jaw Worm","floor":8.0,"turns":2.0},{"damage":0.0,"enemies":"2 Fungi Beasts","floor":10.0,"turns":2.0},{"damage":2.0,"enemies":"3 Sentries","floor":11.0,"turns":3.0},{"damage":26.0,"enemies":"Gremlin Gang","floor":13.0,"turns":3.0},{"damage":21.0,"enemies":"The Guardian","floor":16.0,"turns":6.0},{"damage":20,"enemies":"2 Thieves","floor":18,"turns":2},{"damage":10,"enemies":"Shell Parasite","floor":19,"turns":3},{"damage":46,"enemies":"Slavers","floor":23,"turns":2}],"seed_played":"594914337230934451","potions_obtained":[{"floor":5.0,"key":"SneckoOil"},{"floor":6.0,"key":"PowerPotion"},{"floor":10.0,"key":"SkillPotion"},{"floor":11.0,"key":"PowerPotion"},{"floor":18,"key":"SkillPotion"}],"is_trial":false,"path_per_floor":["M","?","?","$","M","E","R","M","T","M","E","?","M","?","R","B",null,"M","M","?","?","$","E"],"character_chosen":"DEFECT","items_purchased":["Consume","Runic Capacitor","MerchantsRug"],"campfire_rested":1,"item_purchase_floors":[4,22,22],"current_hp_per_floor":[69,69,54,54,52,36,36,29,29,29,27,27,1,1,23,2,75,55,45,45,45,45,0,0],"gold":15,"neow_bonus":"","is_daily":false,"chose_seed":false,"campfire_upgraded":1,"win_rate":0.0,"timestamp":1612190887,"path_taken":["M","?","?","?","M","E","R","M","T","M","E","?","?","?","R","BOSS","M","M","?","?","?","E"],"items_purchased_type":["Card","Relic","Relic"],"build_version":"2020-12-22","purchased_purges":1,"victory":false,"max_hp_per_floor":[75,75,75,75,75,75,75,75,75,75,75,75,75,75,75,75,75,75,75,75,75,75,75,75],"card_choices":[{"not_picked":["Cold Snap","Sweeping Beam","Hello World"],"picked":"SKIP","floor":1.0},{"not_picked":["Scrape","Sweeping Beam"],"picked":"Aggregate","floor":5.0},{"not_picked":["Compile Driver","Tempest"],"picked":"Seek","floor":6.0},{"not_picked":["Reprogram","Steam Power"],"picked":"Redo","floor":8.0},{"not_picked":["Scrape","Stack"],"picked":"Loop","floor":10.0},{"not_picked":["Sweeping Beam","Reprogram"],"picked":"White Noise","floor":11.0},{"not_picked":["Go for the Eyes","Conserve Battery"],"picked":"Double Energy","floor":13.0},{"not_picked":["Undo+1","Streamline"],"picked":"Hologram+1","floor":18},{"not_picked":["Leap","Chill"],"picked":"FTL","floor":19}],"player_experience":125637,"relics_obtained":[{"floor":6.0,"key":"War Paint"},{"floor":9.0,"key":"Bronze Scales"},{"floor":11.0,"key":"Pen Nib"}],"event_choices":[{"damage_healed":0.0,"max_hp_gain":0.0,"max_hp_loss":0.0,"gold_gain":175.0,"event_name":"Liars Game","player_choice":"AGREE","floor":2.0,"gold_loss":0.0,"damage_taken":0.0,"cards_obtained":["Doubt"]},{"damage_healed":0.0,"max_hp_gain":0.0,"max_hp_loss":0.0,"gold_gain":0.0,"event_name":"Shining Light","player_choice":"Entered Light","floor":3.0,"gold_loss":0.0,"damage_taken":15.0,"cards_upgraded":["Zap","Stack"]},{"cards_removed":["Stack"],"damage_healed":0.0,"max_hp_gain":0.0,"max_hp_loss":0.0,"gold_gain":0.0,"event_name":"Purifier","player_choice":"Purged","floor":12.0,"gold_loss":0.0,"damage_taken":0.0},{"damage_healed":0.0,"max_hp_gain":0.0,"max_hp_loss":0.0,"gold_gain":0.0,"event_name":"Golden Wing","player_choice":"Ignored","floor":14.0,"gold_loss":0.0,"damage_taken":0.0},{"damage_healed":0,"gold_gain":0,"player_choice":"Read","damage_taken":0,"max_hp_gain":0,"max_hp_loss":0,"event_name":"The Library","floor":20,"gold_loss":0,"cards_obtained":["Tempest"]},{"damage_healed":0,"gold_gain":0,"player_choice":"Obtained Relic","damage_taken":0,"relics_obtained":["Lantern"],"max_hp_gain":0,"max_hp_loss":0,"event_name":"Addict","floor":21,"gold_loss":85}],"is_beta":false,"boss_relics":[{"not_picked":["Philosopher\u0027s Stone","Pandora\u0027s Box"],"picked":"Inserter"}],"items_purged_floors":[4],"is_endless":false,"potions_floor_spawned":[5,6,10,11,18],"killed_by":"Slavers","ascension_level":1}}