{"host":"msmkw03x1o7nq45i","time":1612189355,"event":{"mods":["AchievementEnabler","BaseMod","Bestiary","Colored Powertips","GifTheSpireLib","Highlight Path","Minty Spire (QoL Compilation)","Random Character Button","StSLib","everything is the same but u backflip on backflip"],"gold_per_floor":[110,182,182,194,212,244,262,262,262,118,118,118,146,161,161,233,233,249,265,15,33,46,46,46,73,98,129,152,175,225,241,241,318,318,335,344,76,102,120,120,164,181,254,279,292,306,306,328,328,328,328,328,89,116,116],"floor_reached":56,"language":"ENG","playtime":3593,"items_purged":["Pain","Strike_R","Defend_R"],"score":2185,"play_id":"7d3ba05e-1830-46b7-bd86-adbdf9aba7db","local_time":"20210201162235","is_ascension_mode":true,"campfire_choices":[{"data":"Sword Boomerang","floor":8,"key":"SMITH"},{"data":"Feed","floor":12,"key":"SMITH"},{"data":"Bash","floor":15,"key":"SMITH"},{"data":"Rupture","floor":23,"key":"SMITH"},{"data":"Pommel Strike","floor":32,"key":"SMITH"},{"floor":40,"key":"RECALL"},{"floor":49,"key":"REST"},{"floor":52,"key":"REST"}],"circlet_count":0,"master_deck":["AscendersBane","Strike_R","Strike_R","Strike_R","Defend_R","Defend_R","Bash+1","Spot Weakness","Reaper","Sword Boomerang+1","Metallicize","Feed+1","Heavy Blade","Brutality","Rupture+1","Whirlwind","Pommel Strike+1","Sword Boomerang","Shockwave","Spot Weakness","Disarm","Limit Break","Disarm","Shrug It Off"],"relics":["Sozu","Mercury Hourglass","WarpedTongs","Vajra","HornCleat","StrikeDummy","Runic Pyramid","Centennial Puzzle","CeramicFish","Blood Vial","Darkstone Periapt","Akabeko","Fusion Hammer","Pen Nib","Orichalcum","Bag of Marbles","DollysMirror","Mango"],"acts_visited":["Exordium","TheCity","TheBeyond","TheEnding"],"potions_floor_usage":[],"damage_taken":[{"damage":1,"enemies":"Cultist","floor":1,"turns":3},{"damage":2,"enemies":"2 Louse","floor":4,"turns":2},{"damage":4,"enemies":"Jaw Worm","floor":5,"turns":2},{"damage":15,"enemies":"3 Sentries","floor":6,"turns":6},{"damage":0,"enemies":"Lots of Slimes","floor":7,"turns":2},{"damage":0,"enemies":"Lagavulin","floor":13,"turns":3},{"damage":7,"enemies":"Exordium Wildlife","floor":14,"turns":4},{"damage":0,"enemies":"Slime Boss","floor":16,"turns":5},{"damage":0,"enemies":"Spheric Guardian","floor":18,"turns":3},{"damage":10,"enemies":"Chosen","floor":19,"turns":4},{"damage":15,"enemies":"Shelled Parasite and Fungi","floor":21,"turns":3},{"damage":0,"enemies":"Snake Plant","floor":22,"turns":4},{"damage":36,"enemies":"Book of Stabbing","floor":25,"turns":5},{"damage":3,"enemies":"Gremlin Leader","floor":27,"turns":4},{"damage":12,"enemies":"Chosen and Byrds","floor":28,"turns":3},{"damage":25,"enemies":"Centurion and Healer","floor":29,"turns":5},{"damage":33,"enemies":"Shelled Parasite and Fungi","floor":31,"turns":4},{"damage":29,"enemies":"Champ","floor":33,"turns":8},{"damage":11,"enemies":"Orb Walker","floor":35,"turns":2},{"damage":0,"enemies":"3 Darklings","floor":38,"turns":1},{"damage":19,"enemies":"Spire Growth","floor":39,"turns":4},{"damage":36,"enemies":"Nemesis","floor":41,"turns":5},{"damage":0,"enemies":"Sphere and 2 Shapes","floor":42,"turns":2},{"damage":9,"enemies":"Giant Head","floor":44,"turns":5},{"damage":3,"enemies":"Transient","floor":45,"turns":5},{"damage":14,"enemies":"Writhing Mass","floor":46,"turns":4},{"damage":5,"enemies":"Maw","floor":48,"turns":4},{"damage":48,"enemies":"Time Eater","floor":50,"turns":6},{"damage":43,"enemies":"Shield and Spear","floor":54,"turns":5},{"damage":135,"enemies":"The Heart","floor":55,"turns":7}],"seed_played":"-525517714072484071","potions_obtained":[],"is_trial":false,"path_per_floor":["M","T","?","M","M","E","M","R","T","$","?","R","E","M","R","B",null,"M","M","$","M","M","R","?","E","T","E","M","M","T","M","R","B",null,"M","?","$","M","M","R","E","M","T","E","M","M","?","M","R","B",null,"R","$","E","B",null],"character_chosen":"IRONCLAD","items_purchased":["Feed","Centennial Puzzle","Pen Nib","Limit Break","DollysMirror","Shrug It Off"],"campfire_rested":2,"item_purchase_floors":[10,20,37,53,53,53],"current_hp_per_floor":[67,67,67,65,61,60,75,75,75,75,75,75,75,77,77,83,83,87,91,91,89,96,96,99,86,86,106,109,114,114,104,104,107,116,119,119,119,121,124,124,116,135,135,130,139,139,139,143,143,143,143,143,143,130,84],"gold":116,"neow_bonus":"BOSS_RELIC","is_daily":false,"chose_seed":false,"campfire_upgraded":5,"win_rate":0.0,"timestamp":1612189355,"path_taken":["M","?","?","M","?","E","M","R","T","$","?","R","E","M","R","BOSS","M","M","?","M","M","R","?","E","T","E","M","?","?","M","R","BOSS","M","?","?","M","M","R","E","M","T","E","M","M","?","M","R","BOSS","R","$","E","BOSS"],"items_purchased_type":["Card","Relic","Relic","Card","Relic","Card"],"build_version":"2020-12-22","purchased_purges":3,"victory":true,"max_hp_per_floor":[75,75,75,75,75,75,75,75,75,75,75,75,75,79,79,83,83,87,91,91,95,99,99,99,103,103,107,111,115,115,119,119,119,119,123,123,123,123,127,127,131,135,135,139,139,139,139,143,143,143,143,143,143,161,161],"card_choices":[{"not_picked":["Perfected Strike","Iron Wave"],"picked":"Spot Weakness","floor":1},{"not_picked":["Thunderclap","Combust"],"picked":"Perfected Strike","floor":4},{"not_picked":["Twin Strike","Wild Strike"],"picked":"Reaper","floor":5},{"not_picked":["Flex","Inflame"],"picked":"Sword Boomerang","floor":6},{"not_picked":["Cleave","Wild Strike"],"picked":"Metallicize","floor":7},{"not_picked":["Shrug It Off","Entrench"],"picked":"Heavy Blade","floor":13},{"not_picked":["Searing Blow","Power Through","Clothesline"],"picked":"SKIP","floor":14},{"not_picked":["Bludgeon","Feed"],"picked":"Brutality","floor":16},{"not_picked":["Warcry","Cleave+1"],"picked":"Rupture","floor":18},{"not_picked":["Combust+1","Headbutt","Perfected Strike"],"picked":"SKIP","floor":19},{"not_picked":["Combust+1","Headbutt","Perfected Strike"],"picked":"SKIP","floor":19},{"not_picked":["Flex","Twin Strike","Clothesline"],"picked":"SKIP","floor":21},{"not_picked":["Thunderclap","Havoc","Sword Boomerang"],"picked":"SKIP","floor":22},{"not_picked":["Body Slam+1","Cleave+1","Wild Strike+1"],"picked":"SKIP","floor":25},{"not_picked":["Dropkick","Rampage","Clothesline"],"picked":"SKIP","floor":27},{"not_picked":["Entrench","Warcry"],"picked":"Whirlwind","floor":28},{"not_picked":["Reaper","Dark Embrace"],"picked":"Pommel Strike","floor":29},{"not_picked":["Headbutt","Twin Strike","Clothesline"],"picked":"SKIP","floor":31},{"not_picked":["Thunderclap","Sword Boomerang","Clash+1"],"picked":"SKIP","floor":35},{"not_picked":["Thunderclap","Rampage+1"],"picked":"Shockwave","floor":38},{"not_picked":["Clash+1","Carnage+1","Wild Strike"],"picked":"SKIP","floor":39},{"not_picked":["Havoc","Exhume"],"picked":"Spot Weakness","floor":41},{"not_picked":["Pummel","Twin Strike","Clash"],"picked":"SKIP","floor":42},{"not_picked":["Infernal Blade+1","Perfected Strike","Heavy Blade"],"picked":"SKIP","floor":44},{"not_picked":["Hemokinesis","Perfected Strike","Demon Form"],"picked":"SKIP","floor":45},{"not_picked":["Infernal Blade","Sword Boomerang","Body Slam"],"picked":"SKIP","floor":46},{"not_picked":["Thunderclap","Armaments+1"],"picked":"Disarm","floor":48},{"not_picked":["Uppercut","Shrug It Off","Sword Boomerang"],"picked":"SKIP","floor":54}],"player_experience":447771,"relics_obtained":[{"floor":2,"key":"Mercury Hourglass"},{"floor":6,"key":"Vajra"},{"floor":9,"key":"HornCleat"},{"floor":13,"key":"StrikeDummy"},{"floor":25,"key":"CeramicFish"},{"floor":26,"key":"Blood Vial"},{"floor":27,"key":"Darkstone Periapt"},{"floor":30,"key":"Akabeko"},{"floor":41,"key":"Orichalcum"},{"floor":44,"key":"Bag of Marbles"},{"floor":54,"key":"Mango"}],"event_choices":[{"damage_healed":0,"gold_gain":0,"player_choice":"Rummage","damage_taken":0,"relics_obtained":["WarpedTongs"],"max_hp_gain":0,"max_hp_loss":0,"event_name":"Accursed Blacksmith","floor":3,"gold_loss":0,"cards_obtained":["Pain"]},{"damage_healed":0,"gold_gain":0,"player_choice":"Got Potions","damage_taken":0,"max_hp_gain":0,"max_hp_loss":0,"event_name":"Lab","floor":11,"gold_loss":0},{"cards_removed":["Perfected Strike"],"damage_healed":5,"gold_gain":0,"player_choice":"Offered Common","damage_taken":0,"max_hp_gain":0,"max_hp_loss":0,"event_name":"Bonfire Elementals","floor":24,"gold_loss":0},{"cards_removed":["Perfected Strike"],"damage_healed":5,"gold_gain":0,"player_choice":"Offered Special","damage_taken":0,"max_hp_gain":0,"max_hp_loss":0,"event_name":"Bonfire Elementals","floor":24,"gold_loss":0},{"damage_healed":0,"gold_gain":0,"cards_transformed":["Strike_R"],"player_choice":"Transformed","damage_taken":0,"max_hp_gain":0,"max_hp_loss":0,"event_name":"Transmorgrifier","floor":36,"gold_loss":0,"cards_obtained":["Sword Boomerang"]},{"cards_removed":["Defend_R"],"damage_healed":0,"gold_gain":0,"player_choice":"Removed Skill","damage_taken":0,"max_hp_gain":0,"max_hp_loss":0,"event_name":"Falling","floor":47,"gold_loss":0}],"is_beta":false,"boss_relics":[{"not_picked":["Calling Bell","Cursed Key"],"picked":"Runic Pyramid"},{"not_picked":["Astrolabe","Philosopher\u0027s Stone"],"picked":"Fusion Hammer"}],"items_purged_floors":[10,20,37],"is_endless":false,"potions_floor_spawned":[1,4,16,19,21,28,29,38,39,46,48,54],"ascension_level":15}}