{"host":"oxttf2o6jwqrmkaz","time":1612185096,"event":{"mods":["100% Spire Juice","Act Like it!","BaseMod","CapriCore","Colored Map","Minty Spire (QoL Compilation)","StSLib","SuperFastMode","The Immortal"],"gold_per_floor":[99,99,99,99,99,99,99,99],"floor_reached":6,"language":"KOR","playtime":396,"items_purged":[],"score":42,"play_id":"9f1b02f6-45ee-40db-9d25-185f85308511","local_time":"20210201221136","is_ascension_mode":true,"campfire_choices":[],"circlet_count":0,"master_deck":["MokouMod:Strike","MokouMod:Strike","MokouMod:Strike","MokouMod:Strike","MokouMod:Strike","MokouMod:Defend","MokouMod:Defend","MokouMod:Defend","MokouMod:Defend","MokouMod:HeatSpark","MokouMod:BurningDraft","MokouMod:BlazingComet","MokouMod:Afterburner","MokouMod:BurningDraft","MokouMod:IgnitionBarrier"],"relics":["Ectoplasm"],"acts_visited":["Exordium"],"potions_floor_usage":[],"damage_taken":[{"damage":5,"enemies":"Cultist","floor":1,"turns":4},{"damage":3,"enemies":"Jaw Worm","floor":2,"turns":3},{"damage":0,"enemies":"Small Slimes","floor":3,"turns":3},{"damage":0,"enemies":"3 Louse","floor":4,"turns":3},{"damage":1,"enemies":"2 Fungi Beasts","floor":5,"turns":3},{"damage":13,"enemies":"3 Sentries","floor":6,"turns":4}],"seed_played":"-1561867502993570327","potions_obtained":[{"floor":1,"key":"Block Potion"},{"floor":2,"key":"EntropicBrew"}],"is_trial":false,"path_per_floor":["M","M","M","M","M","E"],"character_chosen":"MKU","items_purchased":[],"campfire_rested":0,"item_purchase_floors":[],"current_hp_per_floor":[70,67,67,67,66,53,53,53],"gold":99,"neow_bonus":"BOSS_RELIC","is_daily":false,"chose_seed":false,"campfire_upgraded":0,"win_rate":0.0,"timestamp":1612185096,"path_taken":["M","M","M","M","M","E"],"items_purchased_type":[],"build_version":"2020-12-22","purchased_purges":0,"victory":false,"max_hp_per_floor":[75,75,75,75,75,75,75,75],"card_choices":[{"not_picked":["MokouMod:CrimsonArmoury","MokouMod:AdaptivePyromancy"],"picked":"MokouMod:BurningDraft","floor":1},{"not_picked":["MokouMod:BurningDraft","MokouMod:SearingShot"],"picked":"MokouMod:BlazingComet","floor":2},{"not_picked":["MokouMod:FujiyamaVolcano","MokouMod:Overheat"],"picked":"MokouMod:Afterburner","floor":3},{"not_picked":["MokouMod:ResoluteFlare","MokouMod:ScorchingColumn"],"picked":"MokouMod:BurningDraft","floor":4},{"not_picked":["MokouMod:Ember","MokouMod:EternalBurstReactor"],"picked":"MokouMod:IgnitionBarrier","floor":5}],"player_experience":889221,"relics_obtained":[],"event_choices":[],"is_beta":false,"boss_relics":[],"items_purged_floors":[],"is_endless":false,"potions_floor_spawned":[1,2],"killed_by":"3 Sentries","ascension_level":1}}