{"host":"rk1e5mmpnpniq13w","time":1612195392,"event":{"mods":["BaseMod","Colored Powertips","Hubris","Minty Spire (QoL Compilation)","Replay The Spire","StSLib","The Bug Knight"],"gold_per_floor":[111,186,38,94,109,124,156,173,173,143,173,173,20,38,38,38,38],"floor_reached":16,"language":"ENG","playtime":1198,"items_purged":[],"score":135,"play_id":"bbf46c4f-9243-40bf-a09e-250925e6d705","local_time":"20210201110312","is_ascension_mode":false,"campfire_choices":[{"data":"HollowMod:ShadowDash","floor":12,"key":"SMITH"},{"floor":15,"key":"REST"}],"circlet_count":0,"master_deck":["HollowMod:NailStrikeStart","HollowMod:NailStrikeStart","HollowMod:NailStrikeStart","HollowMod:NailStrikeStart","HollowMod:QuickDashStart","HollowMod:QuickDashStart","HollowMod:QuickDashStart","HollowMod:QuickDashStart","HollowMod:FocusHealStart","HollowMod:PogoStrike","HollowMod:SharpenedShadows","HollowMod:DescendingDark","HollowMod:WraithStrike","HollowMod:SoulSplash","HollowMod:GoodIntentions","HollowMod:ShadowDash+1","HollowMod:CloakDash","HollowMod:CloakDash","ReplayTheSpireMod:Muscle Training"],"relics":["HollowMod:VesselMask","Blood Vial","PreservedInsect","Mango","HollowMod:LifeEnderRelic","Lantern","PrismaticShard"],"acts_visited":["Exordium"],"potions_floor_usage":[7,16,16,16],"damage_taken":[{"damage":0,"enemies":"Jaw Worm","floor":1,"turns":5},{"damage":0,"enemies":"2 Louse","floor":5,"turns":1},{"damage":7,"enemies":"Small Slimes","floor":6,"turns":3},{"damage":11,"enemies":"Gremlin Nob","floor":7,"turns":3},{"damage":8,"enemies":"3 Louse","floor":8,"turns":4},{"damage":5,"enemies":"Looter","floor":10,"turns":4},{"damage":38,"enemies":"Lagavulin","floor":11,"turns":8},{"damage":7,"enemies":"Red Slaver","floor":14,"turns":3},{"damage":71,"enemies":"Slime Boss","floor":16,"turns":12}],"seed_played":"4477496937621302720","potions_obtained":[{"floor":1,"key":"Fire Potion"},{"floor":4,"key":"SneckoOil"},{"floor":4,"key":"SkillPotion"},{"floor":7,"key":"FearPotion"},{"floor":8,"key":"Reflective Coating"}],"is_trial":false,"path_per_floor":["M","?","$","?","M","M","E","M","T","M","E","R","$","M","R","B"],"character_chosen":"THE_BUGKNIGHT","items_purchased":["Blood Vial","PrismaticShard"],"campfire_rested":1,"item_purchase_floors":[3,13],"current_hp_per_floor":[82,71,71,71,73,74,79,79,79,82,46,46,46,41,69,0,0],"gold":38,"neow_bonus":"TEN_PERCENT_HP_BONUS","is_daily":false,"chose_seed":false,"campfire_upgraded":1,"win_rate":0.0,"timestamp":1612195392,"path_taken":["M","?","$","?","M","M","E","M","T","M","E","R","$","M","R","BOSS"],"items_purchased_type":["Relic","Relic"],"build_version":"2020-12-22","purchased_purges":0,"victory":false,"max_hp_per_floor":[82,82,82,82,82,82,96,96,96,96,96,96,96,96,96,96,96],"card_choices":[{"not_picked":["HollowMod:CloakDash","HollowMod:SoulSplash"],"picked":"HollowMod:SharpenedShadows","floor":1},{"not_picked":["HollowMod:SiblingsShadow","HollowMod:MawleksShell"],"picked":"HollowMod:DescendingDark","floor":4},{"not_picked":["HollowMod:InfectedCysts","HollowMod:SharpenedNail"],"picked":"HollowMod:WraithStrike","floor":5},{"not_picked":["HollowMod:BaldurShell","HollowMod:MonarchWings"],"picked":"HollowMod:SoulSplash","floor":6},{"not_picked":["HollowMod:DungDefenderAura","HollowMod:FastStrike"],"picked":"HollowMod:GoodIntentions","floor":7},{"not_picked":["HollowMod:InfectedAttack","HollowMod:theNailsmith"],"picked":"HollowMod:ShadowDash","floor":8},{"not_picked":["HollowMod:GreatSlash","HollowMod:SiblingsSouls"],"picked":"HollowMod:CloakDash","floor":10},{"not_picked":["HollowMod:LifebloodCocoon","HollowMod:ChannelNail"],"picked":"HollowMod:CloakDash","floor":11},{"not_picked":["Underhanded Strike","Anger"],"picked":"ReplayTheSpireMod:Muscle Training","floor":14}],"player_experience":421587,"relics_obtained":[{"floor":4,"key":"PreservedInsect"},{"floor":7,"key":"Mango"},{"floor":9,"key":"HollowMod:LifeEnderRelic"},{"floor":11,"key":"Lantern"}],"event_choices":[{"damage_healed":0,"gold_gain":75,"player_choice":"Gather Gold","damage_taken":11,"max_hp_gain":0,"max_hp_loss":0,"event_name":"World of Goop","floor":2,"gold_loss":0}],"is_beta":false,"boss_relics":[],"items_purged_floors":[],"is_endless":false,"potions_floor_spawned":[1,7,8,11],"killed_by":"Slime Boss","ascension_level":0}}