{"host":"7jl4uf745pjtflnx","time":1612156786,"event":{"mods":["BaseMod","BetterRewards","Hubris","Minty Spire (QoL Compilation)","Replay The Spire","StSLib","SuperFastMode","The Construct"],"gold_per_floor":[118,133,143,143,156,186,199,228,228,228,262,13,40,55,55,129,129,143,157,173,173,191,191,219,239,239,239,274,291,316,316,316,393,393,408,460,473,473,487,516,516,542,569,569,601,601,25,59,59,59,59,59,59,0,31,31],"floor_reached":57,"language":"ENG","playtime":2739,"items_purged":["Strike_B","Strike_B","Strike_B","Strike_B","Defend_B"],"score":4110,"play_id":"759e0b36-ec0e-4d80-94a2-5629e6ea7919","local_time":"20210201001946","is_ascension_mode":true,"campfire_choices":[{"data":"Defragment","floor":10,"key":"SMITH"},{"data":"hubris:DuctTapeCard","floor":15,"key":"SMITH"},{"data":"Consume","floor":23,"key":"SMITH"},{"floor":32,"key":"RECALL"},{"data":"ReplayTheSpireMod:Calculation Training","floor":41,"key":"SMITH"},{"data":"Chill","floor":44,"key":"SMITH"},{"data":"hubris:PowerSurge","floor":46,"key":"SMITH"},{"floor":49,"key":"DIG"},{"floor":53,"key":"DIG"}],"circlet_count":0,"master_deck":["AscendersBane","Defend_B","Defend_B","Zap","Dualcast","Coolheaded","Self Repair","Ball Lightning","Master of Strategy+1","Master of Strategy+1","Cold Snap","Self Repair","Heatsinks","Heatsinks","Ball Lightning","Barrage","Consume+1","hubris:PowerSurge+1","FTL+1","Conserve Battery+1","Defragment+1","Static Discharge","Mirror Shield+1","BootSequence","Capacitor+1","hubris:DuctTapeCard+2","ReplayRNGCard+1","Leap+1","hubris:PowerSurge+1","ReplayTheSpireMod:Calculation Training+1","Cold Snap","Echo Form+1","hubris:PowerSurge","Echo Form+1","Chill+1","Capacitor+1","Defragment+1","Glacier","Barrage+1","Chaos+1"],"relics":["Cracked Core","ClockworkSouvenir","Lantern","DollysMirror","Replay:Antivirus Software","hubris:SoftwareUpdate","Guide Book","Golden Egg","Pantograph","Replay:Baseball","Thread and Needle","Omamori","hubris:BallOfYels","hubris:DuctTape","hubris:RunicObelisk","Shovel","Bottled Flame","hubris:Icosahedron","hubris:CuriousFeather","Pear","Cursed Key","hubris:Spice","Blue Doll","Darkstone Periapt","Bag of Marbles","hubris:DeckOfHolding"],"acts_visited":["Exordium","TheCity","TheBeyond","TheEnding"],"potions_floor_usage":[7,8,24,56],"damage_taken":[{"damage":0,"enemies":"Small Slimes","floor":1,"turns":2},{"damage":0,"enemies":"Cultist","floor":2,"turns":2},{"damage":1,"enemies":"Jaw Worm","floor":3,"turns":2},{"damage":5,"enemies":"2 Fungi Beasts","floor":5,"turns":4},{"damage":7,"enemies":"3 Sentries","floor":6,"turns":4},{"damage":6,"enemies":"Large Slime","floor":7,"turns":6},{"damage":10,"enemies":"Lagavulin","floor":8,"turns":5},{"damage":0,"enemies":"Gremlin Nob","floor":11,"turns":3},{"damage":6,"enemies":"Replay:BlueRogue","floor":13,"turns":5},{"damage":0,"enemies":"Exordium Wildlife","floor":14,"turns":1},{"damage":0,"enemies":"Hexaghost","floor":16,"turns":8},{"damage":0,"enemies":"Spheric Guardian","floor":18,"turns":3},{"damage":0,"enemies":"Chosen","floor":19,"turns":3},{"damage":2,"enemies":"Shelled Parasite and Fungi","floor":20,"turns":4},{"damage":9,"enemies":"Centurion and Healer","floor":22,"turns":5},{"damage":7,"enemies":"Book of Stabbing","floor":24,"turns":4},{"damage":0,"enemies":"Snecko","floor":25,"turns":4},{"damage":0,"enemies":"Slavers","floor":28,"turns":6},{"damage":0,"enemies":"3 Cultists","floor":29,"turns":3},{"damage":0,"enemies":"Gremlin Leader","floor":30,"turns":6},{"damage":23,"enemies":"hubris:MusketHawk","floor":33,"turns":7},{"damage":0,"enemies":"Orb Walker","floor":35,"turns":4},{"damage":3,"enemies":"2 Orb Walkers","floor":36,"turns":4},{"damage":30,"enemies":"3 Darklings","floor":37,"turns":4},{"damage":0,"enemies":"Transient","floor":39,"turns":6},{"damage":0,"enemies":"R_Hoarder","floor":40,"turns":5},{"damage":1,"enemies":"Nemesis","floor":42,"turns":5},{"damage":0,"enemies":"R_Hoarder","floor":45,"turns":5},{"damage":0,"enemies":"hubris:GrandSnecko","floor":50,"turns":9},{"damage":0,"enemies":"Awakened One","floor":51,"turns":9},{"damage":11,"enemies":"Shield and Spear","floor":55,"turns":6},{"damage":35,"enemies":"The Heart","floor":56,"turns":8}],"seed_played":"7987933490497586401","potions_obtained":[{"floor":2,"key":"PowerPotion"},{"floor":11,"key":"SpeedPotion"},{"floor":16,"key":"SteroidPotion"},{"floor":18,"key":"Languid Potion"},{"floor":24,"key":"construct:ShiftPotion"},{"floor":25,"key":"Ancient Potion"},{"floor":30,"key":"LiquidBronze"},{"floor":35,"key":"Explosive Potion"},{"floor":37,"key":"PowerPotion"}],"is_trial":false,"path_per_floor":["M","M","M","?","M","E","M","E","T","R","E","$","E","M","R","B",null,"M","M","M","?","M","R","E","M","T","?","E","M","E","?","R","B",null,"M","?","M","?","M","E","R","E","T","R","E","R","$","?","R","B","B",null,"R","$","E","B",null],"character_chosen":"DEFECT","items_purchased":["ClockworkSouvenir","Coolheaded","Self Repair","Ball Lightning","Master of Strategy","Lantern","DollysMirror","Cold Snap","Self Repair","Conserve Battery","Heatsinks","Replay:Antivirus Software","hubris:SoftwareUpdate","Ball Lightning","PowerPotion","Barrage","Consume","Guide Book","Golden Egg","hubris:PowerSurge","FTL","Pantograph","Conserve Battery","Capacitor","hubris:BallOfYels","hubris:Spice","Defragment","Barrage"],"campfire_rested":0,"item_purchase_floors":[0,0,0,0,0,0,0,0,0,0,0,0,0,0,0,0,0,0,0,0,0,0,0,12,12,47,47,54],"current_hp_per_floor":[29,43,56,52,61,61,69,71,71,71,71,71,71,71,71,71,71,71,71,71,71,71,71,71,71,71,71,71,71,81,81,81,79,81,81,89,73,73,87,89,89,97,89,89,89,89,81,73,73,73,73,73,73,73,65,44],"gold":31,"neow_bonus":"","is_daily":false,"chose_seed":false,"campfire_upgraded":6,"win_rate":0.0,"timestamp":1612156786,"path_taken":["M","M","M","?","M","E","?","E","T","R","E","$","E","M","R","BOSS","M","M","M","?","M","R","E","M","T","?","E","M","E","?","R","BOSS","M","?","M","?","M","E","R","E","T","R","E","R","$","?","R","BOSS","BOSS","R","$","E","BOSS"],"items_purchased_type":["Relic","Card","Card","Card","Card","Relic","Relic","Card","Card","Card","Card","Relic","Relic","Card","Potion","Card","Card","Relic","Relic","Card","Card","Relic","Card","Card","Relic","Relic","Card","Card"],"build_version":"2020-12-22","purchased_purges":5,"victory":true,"max_hp_per_floor":[71,71,71,71,71,71,71,71,71,71,71,71,71,71,71,71,71,71,71,71,71,71,71,71,71,71,71,71,71,81,81,81,81,81,81,89,89,89,89,89,89,97,89,89,89,89,81,73,73,73,73,73,73,73,65,65],"card_choices":[{"not_picked":["BootSequence","Sweeping Beam"],"picked":"Defragment","floor":1},{"not_picked":["Rebound","Compile Driver","Streamline"],"picked":"SKIP","floor":2},{"not_picked":["Gash","Fusion","Rebound"],"picked":"SKIP","floor":3},{"not_picked":["Skim","Go for the Eyes"],"picked":"Static Discharge","floor":5},{"not_picked":["BasicCrystalCard","Conserve Battery"],"picked":"Mirror Shield","floor":6},{"not_picked":["ReplaySort","Steam"],"picked":"BootSequence","floor":7},{"not_picked":["Beam Cell","Skim","ReplayTheSpireMod:Reroute Power"],"picked":"SKIP","floor":8},{"not_picked":["Panic Button","ReplayTheSpireMod:System Scan","Stack"],"picked":"SKIP","floor":11},{"not_picked":["ReplayTheSpireMod:GoodbyeWorld","Gash","Beam Cell"],"picked":"SKIP","floor":13},{"not_picked":["Turbo","Reprogram","Panic Button"],"picked":"SKIP","floor":14},{"not_picked":["Hyperbeam","Fission"],"picked":"ReplayRNGCard","floor":16},{"not_picked":["ReplayGash","Streamline"],"picked":"Leap+1","floor":18},{"not_picked":["Rebound","Cold Snap","Hologram"],"picked":"SKIP","floor":19},{"not_picked":["Aggregate","Steam Power"],"picked":"hubris:PowerSurge","floor":20},{"not_picked":["Heatsinks","Ball Lightning"],"picked":"Cold Snap","floor":22},{"not_picked":["Beam Cell","Barrage"],"picked":"Echo Form","floor":24},{"not_picked":["Force Field","Gash","Conserve Battery"],"picked":"SKIP","floor":25},{"not_picked":["Force Field","Conserve Battery"],"picked":"hubris:PowerSurge","floor":28},{"not_picked":["Lockon+1","Self Repair","Go for the Eyes"],"picked":"SKIP","floor":29},{"not_picked":["Tempest","Rip and Tear+1","Scrape"],"picked":"SKIP","floor":30},{"not_picked":["ReplayRNGCard","Thunder Strike"],"picked":"Echo Form","floor":33},{"not_picked":["Tempest","Sunder","Stack"],"picked":"SKIP","floor":35},{"not_picked":["Ball Lightning+1","Compile Driver","ReplayTheSpireMod:Reroute Power"],"picked":"SKIP","floor":37},{"not_picked":["Steam Power+1","Skim+1","Conserve Battery+1"],"picked":"SKIP","floor":39},{"not_picked":["ReplayTheSpireMod:Omega Cannon","Sunder","Panic Button"],"picked":"SKIP","floor":40},{"not_picked":["Capacitor","Ball Lightning"],"picked":"Chill","floor":42},{"not_picked":["Gash","Coolheaded"],"picked":"Capacitor+1","floor":45},{"not_picked":["Consume","Turbo"],"picked":"Glacier","floor":48},{"not_picked":["hubris:PowerSurge","Coolheaded"],"picked":"Chaos+1","floor":55}],"player_experience":751190,"relics_obtained":[{"floor":6,"key":"Replay:Baseball"},{"floor":8,"key":"Thread and Needle"},{"floor":11,"key":"Omamori"},{"floor":13,"key":"hubris:DuctTape"},{"floor":24,"key":"Shovel"},{"floor":26,"key":"Bottled Flame"},{"floor":28,"key":"hubris:CuriousFeather"},{"floor":30,"key":"Pear"},{"floor":36,"key":"hubris:Spice"},{"floor":40,"key":"Blue Doll"},{"floor":42,"key":"hubris:Spice"},{"floor":43,"key":"hubris:Spice"},{"floor":45,"key":"Darkstone Periapt"},{"floor":48,"key":"hubris:Spice"},{"floor":49,"key":"Bag of Marbles"},{"floor":53,"key":"hubris:DeckOfHolding"},{"floor":55,"key":"hubris:Spice"}],"event_choices":[{"damage_healed":0,"gold_gain":0,"player_choice":"Bought 0 Potions","damage_taken":0,"max_hp_gain":0,"max_hp_loss":0,"event_name":"The Woman in Blue","floor":4,"gold_loss":0},{"damage_healed":0,"gold_gain":0,"player_choice":"Fight","damage_taken":0,"max_hp_gain":0,"max_hp_loss":0,"event_name":"Mysterious Sphere","floor":36,"gold_loss":0},{"damage_healed":0,"gold_gain":0,"player_choice":"Ignored","damage_taken":0,"max_hp_gain":0,"max_hp_loss":0,"event_name":"Tomb of Lord Red Mask","floor":38,"gold_loss":0}],"is_beta":false,"boss_relics":[{"not_picked":["hubris:CrackedHourglass","hubris:GrandSneckoEye"],"picked":"hubris:RunicObelisk"},{"not_picked":["Kintsugi","construct:WeddingRing"],"picked":"Cursed Key"}],"items_purged_floors":[0,0,0,0,47],"is_endless":false,"potions_floor_spawned":[2,5,6,11,16,18,24,25,30,35,37,45,55],"ascension_level":20}}