{"host":"jfbo3eu2ui08ej1u","time":1612162431,"event":{"mods":["2.2 Compatiblity","AchievementEnabler","Act Like it!","Aspiration","BaseMod","Better Altar","Better Match","Better Note","Better Sensory Stone","Better Skull","Better Third Choice","Block Reminder","Colored Map","Colored Powertips","Conspire","DeckTracker","Displayed Cursed Tome","Energized Spire","Fox Events","GifTheSpireLib","Hubris","Infinite Spire","Marked Mod","Minty Spire (QoL Compilation)","Pale of the Ancients","Poor People Problems","Quick Restart","Relic Filter","Reliquary","Reorder Act Four","Replay The Spire","Shop Mod","Spicy Shops","Spire Arcade","StSLib","Stuff the Spire","The Blue Laboratory","The Disciple","The Forsaken","The Hierophant","The Marked","Uncapped","Unceasing Turn Reminder","Wandering Minibosses"],"gold_per_floor":[110,126,137,150,150,150,178,178,178,178,37,37,37,72,72,72,72],"floor_reached":16,"language":"ENG","playtime":406,"items_purged":[],"score":216,"play_id":"c80a480c-f772-46ae-95a4-23c8cc2cd710","local_time":"20210201015351","is_ascension_mode":true,"campfire_choices":[{"data":"StuffTheSpire:Slingshot","floor":6.0,"key":"SMITH"},{"floor":8.0,"key":"REST"},{"data":"Bash","floor":10.0,"key":"SMITH"},{"data":"Cleave","floor":13.0,"key":"SMITH"},{"data":"Thunderclap","floor":15.0,"key":"SMITH"}],"circlet_count":0,"master_deck":["AscendersBane","Strike_R","Strike_R","Strike_R","Strike_R","Defend_R","Defend_R","Defend_R","Defend_R","Bash+1","ReplayTheSpireMod:Muscle Training","ReplayTheSpireMod:Stacked","Cleave+1","Shrug It Off","StuffTheSpire:Slingshot+1","Thunderclap+1","Shrug It Off"],"relics":["Burning Blood","Frozen Egg 2","reliquary:Sideboard","reliquary:RoseTintedGlasses","Art of War"],"acts_visited":["Exordium"],"potions_floor_usage":[],"damage_taken":[{"damage":27.0,"enemies":"Jaw Worm","floor":1.0,"turns":4.0},{"damage":6.0,"enemies":"Small Slimes","floor":2.0,"turns":4.0},{"damage":16.0,"enemies":"infinitespire:Voidling","floor":3.0,"turns":4.0},{"damage":55.0,"enemies":"Exordium Wildlife","floor":4.0,"turns":8.0},{"damage":35.0,"enemies":"Lagavulin","floor":7.0,"turns":8.0},{"damage":31.0,"enemies":"3 Sentries","floor":14.0,"turns":7.0},{"damage":1,"enemies":"Fading Forest","floor":16,"turns":1}],"seed_played":"474932210346254591","potions_obtained":[{"floor":2.0,"key":"blueLaboratory:SmithPotion"},{"floor":3.0,"key":"blueLaboratory:ForbiddenFruitJuice"},{"floor":4.0,"key":"blueLaboratory:EmptyBottle"},{"floor":14.0,"key":"blueLaboratory:BottledHope"}],"is_trial":false,"path_per_floor":["M","M","M","M","?","R","E","R","T","R","$","?","R","E","R","B"],"character_chosen":"IRONCLAD","items_purchased":["Shrug It Off","reliquary:RoseTintedGlasses"],"campfire_rested":1,"item_purchase_floors":[11,11],"current_hp_per_floor":[47,47,42,46,51,51,22,43,43,43,43,70,70,45,45,44,44],"gold":72,"neow_bonus":"TRANSFORM_CARD","is_daily":false,"chose_seed":false,"campfire_upgraded":4,"win_rate":0.0,"timestamp":1612162431,"path_taken":["M","M","M","M","?","R","E","R","T","R","$","?","R","E","R","BOSS"],"items_purchased_type":["Card","Relic"],"build_version":"2020-12-22","purchased_purges":0,"victory":false,"max_hp_per_floor":[75,75,75,65,70,70,70,70,70,70,70,70,70,70,70,70,70],"card_choices":[{"not_picked":["Blood for Blood","Warcry"],"picked":"ReplayTheSpireMod:Stacked","floor":1.0},{"not_picked":["Searing Blow","Burning Pact"],"picked":"Cleave","floor":2.0},{"not_picked":["Warcry","Body Slam"],"picked":"Shrug It Off","floor":3.0},{"not_picked":["StuffTheSpire:Incineration","Power Through"],"picked":"StuffTheSpire:Slingshot","floor":4.0},{"not_picked":["StuffTheSpire:Slingshot","Spot Weakness"],"picked":"Thunderclap","floor":7.0},{"not_picked":["ReplayTheSpireMod:Strike From Hell","ReplayTheSpireMod:Muscle Training"],"picked":"Headbutt","floor":14.0}],"player_experience":1268011,"relics_obtained":[{"floor":7.0,"key":"Frozen Egg 2"},{"floor":9.0,"key":"reliquary:Sideboard"},{"floor":14.0,"key":"Art of War"}],"event_choices":[{"damage_healed":0.0,"max_hp_gain":5.0,"max_hp_loss":0.0,"gold_gain":0.0,"event_name":"Big Fish","player_choice":"Donut","floor":5.0,"gold_loss":0.0,"damage_taken":0.0},{"damage_healed":27.0,"max_hp_gain":0.0,"max_hp_loss":0.0,"gold_gain":0.0,"event_name":"Wheel of Change","player_choice":"Full Heal","floor":12.0,"gold_loss":0.0,"damage_taken":0.0}],"is_beta":false,"boss_relics":[],"items_purged_floors":[],"is_endless":false,"potions_floor_spawned":[2,3,4,14],"killed_by":"Fading Forest","ascension_level":20}}