{"host":"Jinnai","time":1612152295,"event":{"mods":["BaseMod","Bestiary","Block Reminder","Colored Map","Colored Powertips","Highlight Path","Minty Spire (QoL Compilation)","Quick Restart","Relic Stats","StSLib"],"gold_per_floor":[113,124,274,285,285,285,285,302,302,302,320,320,337,337,337,430,430,455,455,455],"floor_reached":19,"language":"ENG","playtime":784,"items_purged":[],"score":318,"play_id":"d95900f4-55d4-4c64-adc8-b640db843fcc","local_time":"20210131230455","is_ascension_mode":true,"campfire_choices":[{"data":"Footwork","floor":6,"key":"SMITH"},{"floor":10,"key":"REST"},{"data":"Blade Dance","floor":12,"key":"SMITH"},{"floor":15,"key":"REST"}],"circlet_count":0,"master_deck":["AscendersBane","Strike_G","Strike_G","Strike_G","Strike_G","Strike_G","Defend_G","Defend_G","Defend_G","Defend_G","Defend_G","Survivor","Neutralize","Footwork+1","Noxious Fumes","Slice","Blade Dance+1","Venomology","Catalyst","Envenom","Deflect"],"relics":["Ring of the Snake","Sundial","Golden Idol","WristBlade"],"acts_visited":["Exordium","TheCity"],"potions_floor_usage":[13,16,16,16,19,19,19],"damage_taken":[{"damage":2,"enemies":"Jaw Worm","floor":1,"turns":6},{"damage":5,"enemies":"2 Louse","floor":2,"turns":3},{"damage":15,"enemies":"Small Slimes","floor":4,"turns":4},{"damage":23,"enemies":"Exordium Wildlife","floor":8,"turns":6},{"damage":5,"enemies":"Blue Slaver","floor":11,"turns":5},{"damage":0,"enemies":"2 Fungi Beasts","floor":13,"turns":4},{"damage":39,"enemies":"The Guardian","floor":16,"turns":10},{"damage":41,"enemies":"3 Byrds","floor":18,"turns":5},{"damage":19,"enemies":"Masked Bandits","floor":19,"turns":2}],"seed_played":"-1565947060585390020","potions_obtained":[{"floor":1,"key":"EssenceOfSteel"},{"floor":8,"key":"SkillPotion"},{"floor":16,"key":"GamblersBrew"}],"is_trial":false,"path_per_floor":["M","M","?","M","?","R","?","M","T","R","M","R","M","?","R","B",null,"M","?"],"character_chosen":"THE_SILENT","items_purchased":[],"campfire_rested":2,"item_purchase_floors":[],"current_hp_per_floor":[63,58,58,43,36,36,36,13,13,34,29,29,29,29,48,9,51,10,0,0],"gold":455,"neow_bonus":"TEN_PERCENT_HP_BONUS","is_daily":false,"chose_seed":false,"campfire_upgraded":2,"win_rate":0.0,"timestamp":1612152295,"path_taken":["M","M","?","M","?","R","?","M","T","R","M","R","M","?","R","BOSS","M","?"],"items_purchased_type":[],"build_version":"2020-12-18","purchased_purges":0,"victory":false,"max_hp_per_floor":[72,72,72,72,72,72,72,72,72,72,72,72,72,65,65,65,65,65,65,65],"relic_stats":{"counters":[9,45],"Sundial":[4],"Golden Idol":31,"obtain_stats":[{"WristBlade":17,"Sundial":9,"Golden Idol":14,"Ring of the Snake":0},{"WristBlade":7,"Sundial":4,"Golden Idol":6,"Ring of the Snake":0},{"WristBlade":38,"Sundial":19,"Golden Idol":28,"Ring of the Snake":0}],"Ring of the Snake":[18]},"card_choices":[{"not_picked":["Calculated Gamble","Acrobatics"],"picked":"Footwork","floor":1},{"not_picked":["Backflip","Cloak And Dagger"],"picked":"Noxious Fumes","floor":2},{"not_picked":["Deflect","PiercingWail"],"picked":"Slice","floor":4},{"not_picked":["Flechettes","Cloak And Dagger"],"picked":"Blade Dance","floor":8},{"not_picked":["Dodge and Roll","Bane"],"picked":"Venomology","floor":11},{"not_picked":["All Out Attack","Outmaneuver"],"picked":"Catalyst","floor":13},{"not_picked":["Die Die Die","Burst"],"picked":"Envenom","floor":16},{"not_picked":["Masterful Stab","Flying Knee"],"picked":"Deflect","floor":18}],"player_experience":1625698,"relics_obtained":[{"floor":9,"key":"Sundial"}],"event_choices":[{"damage_healed":0,"gold_gain":150,"player_choice":"AGREE","damage_taken":0,"max_hp_gain":0,"max_hp_loss":0,"event_name":"Liars Game","floor":3,"gold_loss":0,"cards_obtained":["Doubt"]},{"cards_removed":["Doubt"],"damage_healed":0,"gold_gain":0,"player_choice":"Card Removal","damage_taken":7,"max_hp_gain":0,"max_hp_loss":0,"event_name":"Golden Wing","floor":5,"gold_loss":0},{"damage_healed":0,"gold_gain":0,"player_choice":"Fled","damage_taken":0,"max_hp_gain":0,"max_hp_loss":0,"event_name":"Scrap Ooze","floor":7,"gold_loss":0},{"damage_healed":0,"gold_gain":0,"player_choice":"Lose Max HP","damage_taken":0,"relics_obtained":["Golden Idol"],"max_hp_gain":0,"max_hp_loss":7,"event_name":"Golden Idol","floor":14,"gold_loss":0},{"damage_healed":0,"gold_gain":0,"player_choice":"Fought Bandits","damage_taken":0,"max_hp_gain":0,"max_hp_loss":0,"event_name":"Masked Bandits","floor":19,"gold_loss":0}],"is_beta":true,"boss_relics":[{"not_picked":["Philosopher\u0027s Stone","Tiny House"],"picked":"WristBlade"}],"items_purged_floors":[],"is_endless":false,"potions_floor_spawned":[1,8,13,16],"killed_by":"Masked Bandits","ascension_level":20}}