{"host":"u0qetpmu4y58k1tf","time":1612194149,"event":{"mods":["AchievementEnabler","BaseMod","Colored Map","Colored Powertips","Hermit","Marisa£¨Ùöéë¡¡Øª×âÞÞ£©","Minty Spire (QoL Compilation)","Replay The Spire","StSLib","SuperFastMode","The Bug Knight","The Cursed","The Hierophant","The Runesmith"],"gold_per_floor":[109,34,34,34,34,68,68,94,94,94,109,109,138,150,150,249,249,280,307,319,343,372,414,426,455,467,550,585,597,148,162,162,262,262,279,295,295,295,311,342,342,358,358,371,371,397,436,486,486,506,506,506,34,112,140],"floor_reached":56,"language":"KOR","playtime":2698,"items_purged":["Defend_R","Strike_R","Strike_R"],"score":1318,"play_id":"983b3a04-2b7c-44ed-aa9c-7a9ba76f8064","local_time":"20210202004229","is_ascension_mode":true,"campfire_choices":[{"data":"Pommel Strike","floor":7.0,"key":"SMITH"},{"data":"Reckless Charge","floor":10.0,"key":"SMITH"},{"data":"Seeing Red","floor":12.0,"key":"SMITH"},{"data":"Clash","floor":15,"key":"SMITH"},{"data":"Exhume","floor":24,"key":"SMITH"},{"floor":32,"key":"DIG"},{"data":"Flex","floor":41,"key":"SMITH"},{"floor":45,"key":"RECALL"},{"floor":49,"key":"DIG"},{"data":"Demon Form","floor":52,"key":"SMITH"}],"circlet_count":0,"master_deck":["Strike_R","Defend_R","Bash","Clash+1","Flex+1","Pommel Strike+1","Reckless Charge+1","Seeing Red+1","Battle Trance","Exhume+1","CurseOfTheBell","Rampage","Disarm+1","Reckless Charge+1","Survey Options","Reckless Charge+1","Demon Form+1","Flex+1","Burning Pact+1","Reaper+1","Replay:Undeath\u0027s Touch+1","Spot Weakness","Flex+1","Exhume+1","Spreading Infection"],"relics":["Burning Blood","NeowsBlessing","ReplayTheSpireMod:TigerMarble","Ginger","Orichalcum","Replay:Bottled Flurry","Calling Bell","MawBank","Iron Hammer","Durian","Ancient Tea Set","Molten Egg 2","Replay:Mystery Machine","Counterbalance","Pantograph","Ooze Armor","Toy Ornithopter","Runesmith:Nanobots","Replay:Bandana","Ring of Greed","Golden Egg","Golden Idol","Ring of Searing","Bird Faced Urn","Red Skull","DollysMirror","Strawberry"],"acts_visited":["Exordium","TheCity","TheBeyond","TheEnding"],"potions_floor_usage":[18,21,23,23,33,46,50,55,55],"damage_taken":[{"damage":0.0,"enemies":"Cultist","floor":1.0,"turns":1.0},{"damage":0.0,"enemies":"3 Sentries","floor":6.0,"turns":1.0},{"damage":0.0,"enemies":"Replay:BlueRogue","floor":8.0,"turns":1.0},{"damage":0.0,"enemies":"Jaw Worm","floor":11.0,"turns":1.0},{"damage":20.0,"enemies":"3 Sentries","floor":13.0,"turns":5.0},{"damage":0,"enemies":"2 Louse","floor":14,"turns":1},{"damage":17,"enemies":"The Guardian","floor":16,"turns":6},{"damage":12,"enemies":"Shell Parasite","floor":18,"turns":1},{"damage":0,"enemies":"Spheric Guardian","floor":19,"turns":3},{"damage":7,"enemies":"Snecko","floor":21,"turns":3},{"damage":16,"enemies":"Centurion and Healer","floor":22,"turns":4},{"damage":50,"enemies":"Replay:Snechameleon","floor":23,"turns":3},{"damage":2,"enemies":"Chosen and Byrds","floor":25,"turns":5},{"damage":0,"enemies":"Snake Plant","floor":31,"turns":2},{"damage":68,"enemies":"Collector","floor":33,"turns":13},{"damage":10,"enemies":"3 Shapes","floor":35,"turns":4},{"damage":0,"enemies":"Orb Walker","floor":36,"turns":2},{"damage":9,"enemies":"Sphere and 2 Shapes","floor":39,"turns":5},{"damage":3,"enemies":"HollowMod:StalkingDevout","floor":40,"turns":4},{"damage":39,"enemies":"Transient","floor":42,"turns":5},{"damage":0,"enemies":"3 Darklings","floor":44,"turns":5},{"damage":6,"enemies":"R_Hoarder","floor":46,"turns":9},{"damage":0,"enemies":"Maw","floor":47,"turns":6},{"damage":42,"enemies":"Replay:Hell Engine","floor":50,"turns":7},{"damage":26,"enemies":"Shield and Spear","floor":54,"turns":4},{"damage":71,"enemies":"The Heart","floor":55,"turns":4}],"seed_played":"-8421081011500745472","potions_obtained":[{"floor":6.0,"key":"Languid Potion"},{"floor":8.0,"key":"Dexterity Potion"},{"floor":11.0,"key":"Regen Potion"},{"floor":16,"key":"DuplicationPotion"},{"floor":18,"key":"Toxic Potion"},{"floor":19,"key":"BloodPotion"},{"floor":31,"key":"Regen Potion"},{"floor":33,"key":"AttackPotion"},{"floor":35,"key":"DuplicationPotion"},{"floor":40,"key":"Strength Potion"},{"floor":46,"key":"Fire Potion"}],"is_trial":false,"path_per_floor":["M","$","?","?","?","E","R","E","T","R","M","R","E","M","R","B",null,"M","M","?","M","M","E","R","M","T","T","T","?","$","M","R_BF","B",null,"M","M","?","?","M","E","R","M","T","M","R","E","M","?","R_BF","B",null,"R","$","E","B",null],"character_chosen":"IRONCLAD","items_purchased":["Reckless Charge+1","Counterbalance","Flex+1","Red Skull","DollysMirror"],"campfire_rested":0,"item_purchase_floors":[30,30,53,53,53],"current_hp_per_floor":[80,80,73,73,73,79,79,80,80,80,80,80,71,77,77,66,85,79,85,77,76,66,39,39,43,43,43,43,43,43,49,49,27,85,81,85,85,85,82,85,85,52,52,58,58,83,85,85,85,85,85,85,85,88,36],"gold":140,"neow_bonus":"THREE_ENEMY_KILL","is_daily":false,"chose_seed":false,"campfire_upgraded":7,"win_rate":0.0,"timestamp":1612194149,"path_taken":["M","$","?","?","?","E","R","E","T","R","?","R","E","M","R","BOSS","M","M","?","M","?","E","R","M","T","?","?","?","$","M","R_BF","BOSS","M","M","?","?","?","E","R","M","T","M","R","E","M","?","R_BF","BOSS","R","$","E","BOSS"],"items_purchased_type":["Card","Relic","Card","Relic","Relic"],"build_version":"2020-12-22","purchased_purges":3,"victory":true,"max_hp_per_floor":[80,80,80,80,80,80,80,80,80,80,80,80,80,80,80,80,85,85,85,85,85,85,85,85,85,85,85,85,85,85,85,85,85,85,85,85,85,85,85,85,85,85,85,85,85,85,85,85,85,85,85,85,85,92,92],"card_choices":[{"not_picked":["Replay:Undeath\u0027s Touch","Shockwave"],"picked":"Clash","floor":1.0},{"not_picked":["Shrug It Off","Dual Wield"],"picked":"Pommel Strike","floor":6.0},{"not_picked":["Heavy Blade","Seeing Red"],"picked":"Reckless Charge","floor":8.0},{"not_picked":["Sword Boomerang","Body Slam"],"picked":"Seeing Red","floor":11.0},{"not_picked":["Defy Death","Run Through"],"picked":"Battle Trance","floor":13},{"not_picked":["Clothesline","Sever Soul","Armaments"],"picked":"SKIP","floor":14},{"not_picked":["Eclipse","Fiend Fire"],"picked":"Exhume","floor":16},{"not_picked":["Havoc","ReplayTheSpireMod:Strike From Hell"],"picked":"Rampage","floor":18},{"not_picked":["Body Slam","True Grit","Pummel"],"picked":"SKIP","floor":19},{"not_picked":["Uppercut","Twin Strike","ReplayTheSpireMod:LeadingStrike"],"picked":"SKIP","floor":21},{"not_picked":["Heavy Blade+1","Barricade","Life Link"],"picked":"SKIP","floor":22},{"not_picked":["Whirlwind","Rampage"],"picked":"Disarm+1","floor":23},{"not_picked":["Heavy Blade","Twin Strike"],"picked":"Reckless Charge+1","floor":25},{"not_picked":["Clothesline+1","True Grit+1","Sword Boomerang+1"],"picked":"SKIP","floor":31},{"not_picked":["Exhume","Brutality"],"picked":"Demon Form","floor":33},{"not_picked":["Armaments+1","Run Through+1","Uppercut+1"],"picked":"SKIP","floor":35},{"not_picked":["Blood for Blood+1","Shrug It Off+1","Cleave+1"],"picked":"SKIP","floor":36},{"not_picked":["Cleave+1","Twin Strike+1","Havoc+1"],"picked":"SKIP","floor":39},{"not_picked":["ReplayTheSpireMod:Corrosion Curse","Havoc+1"],"picked":"Flex","floor":40},{"not_picked":["Perfected Strike+1","True Grit"],"picked":"Burning Pact+1","floor":42},{"not_picked":["Shrug It Off+1","Wild Strike+1"],"picked":"Reaper+1","floor":44},{"not_picked":["Juggernaut","Havoc+1"],"picked":"Replay:Undeath\u0027s Touch+1","floor":46},{"not_picked":["Evolve","Rampage+1"],"picked":"Spot Weakness","floor":47},{"not_picked":["Combust+1","Anger+1","Armaments"],"picked":"SKIP","floor":54}],"player_experience":70717,"relics_obtained":[{"floor":6.0,"key":"ReplayTheSpireMod:TigerMarble"},{"floor":8.0,"key":"Ginger"},{"floor":9.0,"key":"Orichalcum"},{"floor":13,"key":"Replay:Bottled Flurry"},{"floor":17,"key":"MawBank"},{"floor":17,"key":"Iron Hammer"},{"floor":17,"key":"Durian"},{"floor":23,"key":"Ancient Tea Set"},{"floor":27,"key":"Molten Egg 2"},{"floor":28,"key":"Replay:Mystery Machine"},{"floor":32,"key":"Pantograph"},{"floor":40,"key":"Toy Ornithopter"},{"floor":43,"key":"Runesmith:Nanobots"},{"floor":46,"key":"Replay:Bandana"},{"floor":48,"key":"Ring of Greed"},{"floor":48,"key":"Golden Egg"},{"floor":48,"key":"Golden Idol"},{"floor":48,"key":"Ring of Searing"},{"floor":49,"key":"Bird Faced Urn"},{"floor":54,"key":"Strawberry"}],"event_choices":[{"cards_removed":["Defend_R"],"damage_healed":0.0,"max_hp_gain":0.0,"max_hp_loss":0.0,"gold_gain":0.0,"event_name":"Golden Wing","player_choice":"Card Removal","floor":3.0,"gold_loss":0.0,"damage_taken":7.0},{"damage_healed":0,"gold_gain":0,"player_choice":"Damaged","damage_taken":8,"max_hp_gain":0,"max_hp_loss":0,"event_name":"Wheel of Change","floor":20,"gold_loss":0},{"damage_healed":0,"gold_gain":0,"player_choice":"1 cards matched","damage_taken":0,"max_hp_gain":0,"max_hp_loss":0,"event_name":"Match and Keep!","floor":29,"gold_loss":0,"cards_obtained":["Survey Options"]},{"damage_healed":0,"gold_gain":0,"player_choice":"Ignored","damage_taken":0,"max_hp_gain":0,"max_hp_loss":0,"event_name":"Tomb of Lord Red Mask","floor":37,"gold_loss":0},{"cards_removed":["Strike_R"],"damage_healed":0,"gold_gain":0,"player_choice":"Purged","damage_taken":0,"max_hp_gain":0,"max_hp_loss":0,"event_name":"Purifier","floor":38,"gold_loss":0}],"is_beta":false,"boss_relics":[{"not_picked":["Cursed Key","Busted Crown"],"picked":"Calling Bell"},{"not_picked":["Replay:Bronze Core","Snecko Eye"],"picked":"Ooze Armor"}],"items_purged_floors":[2,30,53],"is_endless":false,"potions_floor_spawned":[6,8,11,16,18,19,31,33,35,40,46,47],"ascension_level":3}}