{"host":"vca5odlxycr7xk6d","time":1612180113,"event":{"mods":["Act Like it!","Arknights","BaseMod","Better Note","BetterRewards","Gensokyo","GungeonMod","Hermit","Hubris","Infinite Spire","Marisa????????","Minty Spire (QoL Compilation)","Morshu Shopkeeper","Reimu??????","Replay The Spire","Shop Mod","Spire Arcade","StSLib","The Animator","The Cursed","The Fake Hero","The Poker Player"],"gold_per_floor":[125,125,85,105,30,30,67,79,79,107,120,134,134,134,134,259,259,296,296,256,256,65,103,117,117,117,117,150,194,194,214,214,357,357,380,394,190,211,211,211,255,255,301,340,354,354,374,394,394,394,394,394,40,78,78,78],"floor_reached":55,"language":"ENG","playtime":2645,"items_purged":["animator:Defend","animator:Strike","animator:Strike","animator:Defend","animator:Strike","animator:Defend"],"score":840,"play_id":"5b21f551-ea6e-4504-adaa-bc7c8611c290","local_time":"20210201184833","is_ascension_mode":true,"campfire_choices":[{"data":"animator:Aqua","floor":6,"key":"SMITH"},{"data":"animator:Darkness","floor":13,"key":"SMITH"},{"data":"animator:Shigure","floor":15,"key":"SMITH"},{"data":"infinitespire:Menacing","floor":27,"key":"SMITH"},{"floor":32,"key":"RECALL"},{"data":"J.A.X.","floor":40,"key":"SMITH"},{"data":"animator:Genos","floor":42,"key":"SMITH"},{"data":"infinitespire:UltimateForm","floor":49,"key":"SMITH"},{"data":"animator:ChaikaTrabant","floor":52,"key":"SMITH"}],"circlet_count":0,"master_deck":["ats:Closed Bolt Burst Fire+1","animator:Strike_Konosuba","animator:Defend_Konosuba","animator:Kazuma","animator:Aqua+1","animator:Mitsurugi","animator:Genos+1","animator:Shigure+1","animator:Darkness+1","animator:KrulTepes","animator:ChaikaTrabant+1","animator:Vanir","infinitespire:Menacing+1","ReplayTheSpireMod:Haul","animator:PinaCoLada","infinitespire:Starlight","animator:Megumin+9","J.A.X.+1","animator:Wiz","animator:YunYun","animator:Darkness","animator:Arpeggio","animator:Kuroyukihime","animator:Entoma+1","infinitespire:UltimateForm+1","animator:Verdia","animator:Tatsumaki"],"relics":["animator:LivingPicture","animator:TheMissingPiece","NeowsBlessing","hubris:Spice","PaintedHorse:ReiMu","ats:Originium","animator:Hoodie","Golden Idol","Mark of Pain","DemoMod:MeltedRock","ZunR:ReiMu","MerchantsRug","Blood Vial","DemoMod:Orange","Akabeko","Philosopher\u0027s Stone","Nunchaku","TwistedFunnel","infinitespire:PuzzleCube"],"acts_visited":["Exordium","TheCity","TheBeyond","TheEnding"],"potions_floor_usage":[33,44,50,55,55],"damage_taken":[{"damage":0,"enemies":"Small Slimes","floor":1,"turns":1},{"damage":0,"enemies":"Jaw Worm","floor":4,"turns":1},{"damage":0,"enemies":"3 Sentries","floor":7,"turns":1},{"damage":0,"enemies":"2 Louse","floor":8,"turns":1},{"damage":4,"enemies":"Gremlin Nob","floor":10,"turns":3},{"damage":1,"enemies":"Exordium Wildlife","floor":11,"turns":3},{"damage":0,"enemies":"Looter","floor":12,"turns":2},{"damage":9,"enemies":"Fading Forest","floor":16,"turns":11},{"damage":0,"enemies":"Shell Parasite","floor":18,"turns":3},{"damage":18,"enemies":"Slavers","floor":23,"turns":4},{"damage":0,"enemies":"Spheric Guardian","floor":24,"turns":1},{"damage":0,"enemies":"Chosen and Byrds","floor":28,"turns":3},{"damage":20,"enemies":"Nightmare","floor":29,"turns":5},{"damage":6,"enemies":"Cultist and Chosen","floor":31,"turns":4},{"damage":32,"enemies":"hubris:MusketHawk","floor":33,"turns":6},{"damage":0,"enemies":"Orb Walker","floor":35,"turns":2},{"damage":0,"enemies":"3 Shapes","floor":36,"turns":1},{"damage":3,"enemies":"Writhing Mass","floor":38,"turns":3},{"damage":10,"enemies":"Reptomancer","floor":41,"turns":4},{"damage":6,"enemies":"R_Hoarder","floor":44,"turns":4},{"damage":0,"enemies":"Sphere and 2 Shapes","floor":45,"turns":1},{"damage":0,"enemies":"Spire Growth","floor":47,"turns":3},{"damage":6,"enemies":"Maw","floor":48,"turns":4},{"damage":23,"enemies":"Donu and Deca","floor":50,"turns":6},{"damage":0,"enemies":"Shield and Spear","floor":54,"turns":3},{"damage":69,"enemies":"The Heart","floor":55,"turns":2}],"seed_played":"-3046889897490741681","potions_obtained":[{"floor":4,"key":"Milkshake"},{"floor":8,"key":"BlessingOfTheForge"},{"floor":10,"key":"FearPotion"},{"floor":24,"key":"SpeedPotion"},{"floor":28,"key":"Adrenaline Potion"},{"floor":31,"key":"GamblersBrew"},{"floor":33,"key":"animator:GrowthPotion"},{"floor":35,"key":"Explosive Potion"},{"floor":45,"key":"Fire Potion"},{"floor":47,"key":"AttackPotion"}],"is_trial":false,"path_per_floor":["M","?","?","M","$","R","E","M","T","E","M","M","R","?","R","B",null,"M","AVR","?","?","$","E","M","?","T","R","M","NM","?","M","R","B",null,"M","M","$","M","?","R","E","R","T","E","M","AVR","M","M","R","B",null,"R","$","E","B"],"character_chosen":"THE_ANIMATOR","items_purchased":["MerchantsRug","animator:YunYun","TwistedFunnel","animator:Tatsumaki"],"campfire_rested":0,"item_purchase_floors":[22,37,53,53],"current_hp_per_floor":[66,56,56,56,56,56,64,68,68,67,70,71,71,54,54,48,71,74,74,74,55,55,40,45,45,57,57,65,49,49,58,58,44,69,64,67,67,67,67,67,57,57,57,43,46,46,53,47,47,39,53,53,53,48,0,0],"gold":78,"neow_bonus":"THREE_ENEMY_KILL","is_daily":false,"chose_seed":false,"campfire_upgraded":8,"win_rate":0.0,"timestamp":1612180113,"path_taken":["M","?","?","M","?","R","E","M","T","E","M","M","R","?","R","BOSS","M","AVR","?","?","$","E","M","?","T","R","M","NM","?","M","R","BOSS","M","M","$","M","?","R","E","R","T","E","M","AVR","M","?","R","BOSS","R","$","E","BOSS"],"items_purchased_type":["Relic","Card","Relic","Card"],"build_version":"2020-12-22","purchased_purges":6,"victory":false,"max_hp_per_floor":[66,74,74,74,74,74,82,83,75,75,76,71,71,71,71,71,71,74,74,74,74,74,58,53,53,65,65,68,69,69,69,69,69,69,64,67,67,67,67,67,59,59,59,43,46,46,53,53,53,53,53,53,53,48,48,48],"card_choices":[{"not_picked":["animator:TsurugaMeisai","animator:Konayuki"],"picked":"animator:Mitsurugi","floor":1},{"not_picked":["animator:CrowleyEusford","animator:Shichika"],"picked":"animator:Genos","floor":4},{"not_picked":["animator:Mitsuba","animator:Yoichi"],"picked":"animator:Shigure","floor":7},{"not_picked":["animator:Mitsurugi","animator:Aqua"],"picked":"animator:Darkness","floor":8},{"not_picked":["animator:RoryMercury","animator:Guy","animator:Tyuule"],"picked":"SKIP","floor":10},{"not_picked":["animator:Azekura","animator:Viivi"],"picked":"animator:KrulTepes","floor":11},{"not_picked":["animator:YunYun","animator:Mikaela"],"picked":"hubris:SpiceAddiction","floor":12},{"not_picked":["animator:ItamiYouji","animator:Ainz"],"picked":"animator:ChaikaTrabant","floor":16},{"not_picked":["animator:YunYun","animator:Aqua"],"picked":"animator:Vanir","floor":18},{"not_picked":["ReplayTheSpireMod:??????????????????????","infinitespire:FinalStrike"],"picked":"ReplayTheSpireMod:Haul","floor":21},{"not_picked":["animator:TsurugaMeisai","hubris:SpiceAddiction"],"picked":"hubris:SpiceAddiction","floor":23},{"not_picked":["animator:Yuuichirou","animator:Tyuule"],"picked":"hubris:SpiceAddiction","floor":24},{"not_picked":["animator:Geryuganshoop","animator:TsurugaMeisai"],"picked":"animator:PinaCoLada","floor":28},{"not_picked":["hubris:Rewind","infinitespire:Punishment"],"picked":"infinitespire:Starlight","floor":29},{"not_picked":["animator:Kazuma","animator:Darkness"],"picked":"animator:Megumin","floor":29},{"not_picked":["animator:Azekura","animator:ChaikaTrabant","animator:ZankiKiguchi+1"],"picked":"SKIP","floor":31},{"not_picked":["animator:ChaikaTrabant","animator:FeridBathory"],"picked":"animator:Wiz","floor":33},{"not_picked":["animator:Mikaela","animator:Vanir+1"],"picked":"hubris:SpiceAddiction","floor":35},{"not_picked":["animator:Demiurge","animator:Shigure+1","animator:Shinoa"],"picked":"SKIP","floor":36},{"not_picked":["animator:Mitsurugi","animator:Aqua"],"picked":"animator:Darkness","floor":38},{"not_picked":["animator:Arpeggio","animator:Nanami+1","animator:Melzalgald+1"],"picked":"SKIP","floor":41},{"not_picked":["animator:Geryuganshoop","animator:YunYun+1"],"picked":"hubris:SpiceAddiction","floor":44},{"not_picked":["animator:Vanir","animator:Fredrika+1"],"picked":"animator:Entoma","floor":45},{"not_picked":["animator:Aqua","animator:Kazuma"],"picked":"animator:Verdia","floor":47},{"not_picked":["animator:Yoichi+1","animator:Evileye+1","animator:Hitei+1"],"picked":"SKIP","floor":48},{"not_picked":["animator:ZankiKiguchi+1","animator:Layla+1"],"picked":"hubris:SpiceAddiction","floor":54}],"player_experience":535107,"relics_obtained":[{"floor":7,"key":"ats:Originium"},{"floor":7,"key":"hubris:Spice"},{"floor":9,"key":"hubris:Spice"},{"floor":10,"key":"ats:Originium"},{"floor":10,"key":"animator:Hoodie"},{"floor":23,"key":"Blood Vial"},{"floor":23,"key":"ats:Originium"},{"floor":23,"key":"hubris:Spice"},{"floor":26,"key":"DemoMod:Orange"},{"floor":29,"key":"ats:Originium"},{"floor":29,"key":"Akabeko"},{"floor":41,"key":"hubris:Spice"},{"floor":44,"key":"hubris:Spice"},{"floor":54,"key":"infinitespire:PuzzleCube"}],"event_choices":[{"damage_healed":0,"gold_gain":0,"player_choice":"Success","damage_taken":18,"relics_obtained":["hubris:Spice"],"max_hp_gain":0,"max_hp_loss":0,"event_name":"Scrap Ooze","floor":2,"gold_loss":0},{"damage_healed":0,"gold_gain":0,"player_choice":"Donate","damage_taken":0,"relics_obtained":["PaintedHorse:ReiMu"],"max_hp_gain":0,"max_hp_loss":0,"event_name":"yidonshenshe","floor":3,"gold_loss":40},{"damage_healed":0,"gold_gain":0,"player_choice":"Take Damage","damage_taken":17,"relics_obtained":["Golden Idol"],"max_hp_gain":0,"max_hp_loss":0,"event_name":"Golden Idol","floor":14,"gold_loss":0},{"damage_healed":0,"gold_gain":0,"player_choice":"Keep O-miki","damage_taken":0,"relics_obtained":["ZunR:ReiMu"],"max_hp_gain":0,"max_hp_loss":0,"event_name":"ZunEvent","floor":20,"gold_loss":40},{"damage_healed":0,"gold_gain":0,"player_choice":"Ignored","damage_taken":0,"max_hp_gain":0,"max_hp_loss":0,"event_name":"Vampires","floor":25,"gold_loss":0},{"damage_healed":0,"gold_gain":0,"player_choice":"Obtain J.A.X.","damage_taken":0,"max_hp_gain":0,"max_hp_loss":0,"event_name":"Drug Dealer","floor":30,"gold_loss":0,"cards_obtained":["J.A.X."]},{"damage_healed":0,"gold_gain":0,"player_choice":"2 cards matched","damage_taken":0,"max_hp_gain":0,"max_hp_loss":0,"event_name":"Match and Keep!","floor":39,"gold_loss":0,"cards_obtained":["animator:Arpeggio","animator:Kuroyukihime"]}],"is_beta":false,"boss_relics":[{"not_picked":["Pandora\u0027s Box","hubris:Spice"],"picked":"Mark of Pain"},{"not_picked":["hubris:Spice","hubris:Spice"],"picked":"Philosopher\u0027s Stone"}],"items_purged_floors":[5,19,22,37,46,53],"is_endless":false,"potions_floor_spawned":[4,8,10,24,28,31,33,35,45,47,48],"killed_by":"The Heart","ascension_level":1}}