{"host":"sp1zv0ju5tlq9i78","time":1612148848,"event":{"mods":["2.2 Compatiblity","A Penny For Your Troubles","Act Like it!","BaseMod","Better Match","Better Note","Better Skull","Better Third Choice","CapriCore","Marked Mod","Minty Spire (QoL Compilation)","Reliquary","StSLib","The Marked","TheSurvivalist"],"gold_per_floor":[114,134,149,161,69,103,103,138,138,166,185,151,151,186,186,186,186],"floor_reached":16,"language":"ENG","playtime":585,"items_purged":[],"score":143,"play_id":"a0c0cf7c-a94f-4ca7-9c4d-7acbcd005ef0","local_time":"20210131210728","is_ascension_mode":true,"campfire_choices":[{"floor":7,"key":"RECALL"},{"floor":13,"key":"REST"},{"floor":15,"key":"REST"}],"circlet_count":0,"master_deck":["Strike_G","Strike_G","Strike_G","Strike_G","Strike_G","Defend_G","Defend_G","Defend_G","Defend_G","Defend_G","Survivor","Neutralize","Sucker Punch","Cloak And Dagger","Deadly Poison","Poisoned Stab","Bane","Accuracy","Catalyst","Leg Sweep","Deflect","Caltrops","Outmaneuver","Blur"],"relics":["Ring of the Snake","NeowsBlessing","Boot","reliquary:IridiumChain","Prayer Wheel","CaptainsWheel","Shovel"],"acts_visited":["Exordium"],"potions_floor_usage":[6,16],"damage_taken":[{"damage":0,"enemies":"Small Slimes","floor":1,"turns":1},{"damage":0,"enemies":"Jaw Worm","floor":2,"turns":1},{"damage":0,"enemies":"2 Louse","floor":3,"turns":1},{"damage":1,"enemies":"Looter","floor":4,"turns":4},{"damage":22,"enemies":"Lagavulin","floor":6,"turns":8},{"damage":26,"enemies":"Gremlin Nob","floor":8,"turns":4},{"damage":3,"enemies":"Lagavulin","floor":10,"turns":6},{"damage":0,"enemies":"Exordium Wildlife","floor":11,"turns":5},{"damage":31,"enemies":"3 Sentries","floor":14,"turns":10},{"damage":33,"enemies":"The Guardian","floor":16,"turns":11}],"seed_played":"-4447055170778411188","potions_obtained":[{"floor":3,"key":"Dexterity Potion"},{"floor":8,"key":"SteroidPotion"},{"floor":11,"key":"LiquidMemories"}],"is_trial":false,"path_per_floor":["M","M","M","M","$","E","R","E","T","E","M","?","R","E","R","B"],"character_chosen":"THE_SILENT","items_purchased":["Bane","Accuracy"],"campfire_rested":2,"item_purchase_floors":[5,5],"current_hp_per_floor":[70,70,70,69,69,47,47,21,21,18,18,18,39,8,29,0,0],"gold":186,"neow_bonus":"THREE_ENEMY_KILL","is_daily":false,"chose_seed":false,"campfire_upgraded":0,"win_rate":0.0,"timestamp":1612148848,"path_taken":["M","M","M","M","$","E","R","E","T","E","M","?","R","E","R","BOSS"],"items_purchased_type":["Card","Card"],"build_version":"2020-12-22","purchased_purges":0,"victory":false,"max_hp_per_floor":[70,70,70,70,70,70,70,70,70,70,70,70,70,70,70,70,70],"card_choices":[{"not_picked":["Underhanded Strike","All Out Attack"],"picked":"Sucker Punch","floor":1},{"not_picked":["Masterful Stab","Caltrops"],"picked":"Cloak And Dagger","floor":2},{"not_picked":["Slice","Escape Plan"],"picked":"Deadly Poison","floor":3},{"not_picked":["Dagger Throw","Endless Agony"],"picked":"Poisoned Stab","floor":4},{"not_picked":["Riddle With Holes","Cloak And Dagger"],"picked":"Catalyst","floor":6},{"not_picked":["Venomology","Deflect"],"picked":"Leg Sweep","floor":8},{"not_picked":["Dagger Throw","Slice"],"picked":"Deflect","floor":10},{"not_picked":["Riddle With Holes","Leg Sweep"],"picked":"Caltrops","floor":11},{"not_picked":["Poisoned Stab","All Out Attack"],"picked":"Outmaneuver","floor":11},{"not_picked":["Choke","Dodge and Roll"],"picked":"Blur","floor":14}],"player_experience":290504,"relics_obtained":[{"floor":6,"key":"Boot"},{"floor":8,"key":"reliquary:IridiumChain"},{"floor":9,"key":"Prayer Wheel"},{"floor":10,"key":"CaptainsWheel"},{"floor":14,"key":"Shovel"}],"event_choices":[{"damage_healed":0,"gold_gain":0,"player_choice":"Left","damage_taken":0,"max_hp_gain":0,"max_hp_loss":0,"event_name":"betterThird:BetterGoop","floor":12,"gold_loss":34}],"is_beta":false,"boss_relics":[],"items_purged_floors":[],"is_endless":false,"potions_floor_spawned":[3,8,11],"killed_by":"The Guardian","ascension_level":2}}