{"host":"eaiphzh066bwqdh7","time":1612150231,"event":{"mods":["BaseMod","Better Note","Halation","Hubris","Minty Spire (QoL Compilation)","Reliquary","Replay The Spire","StSLib"],"gold_per_floor":[115,115,115,133,58,58,116,116,169,169,195,207,207,217,217,319,319,337,337,94,94,114,114,124,144,168,168,168,168,168],"floor_reached":29,"language":"ENG","playtime":778,"items_purged":["Strike_B","Strike_B"],"score":254,"play_id":"a25585a4-c0d1-49d7-8db2-8affab194536","local_time":"20210131223031","is_ascension_mode":true,"campfire_choices":[{"data":"Streamline","floor":6,"key":"SMITH"},{"data":"Rebound","floor":8,"key":"SMITH"},{"data":"Streamline","floor":13,"key":"SMITH"},{"floor":15,"key":"REST"},{"floor":23,"key":"REST"},{"floor":28,"key":"REST"}],"circlet_count":0,"master_deck":["Strike_B","Strike_B","Defend_B","Defend_B","Defend_B","Zap","Dualcast","Rebound+1","Leap+1","Streamline+1","Streamline+1","Core Surge","Core Surge","Buffer"],"relics":["Cracked Core","NeowsBlessing","Pondfish Scales","reliquary:PorcupineQuills","halation:BlackBeret","Nunchaku","halation:HeavySnake","Bronze Scales","reliquary:RoseTintedGlasses"],"acts_visited":["Exordium","TheCity"],"potions_floor_usage":[24,24],"damage_taken":[{"damage":0,"enemies":"2 Louse","floor":1,"turns":1},{"damage":0,"enemies":"Jaw Worm","floor":4,"turns":1},{"damage":0,"enemies":"Gremlin Nob","floor":7,"turns":1},{"damage":14,"enemies":"3 Sentries","floor":11,"turns":6},{"damage":10,"enemies":"Small Slimes","floor":12,"turns":3},{"damage":6,"enemies":"Exordium Thugs","floor":14,"turns":3},{"damage":45,"enemies":"The Guardian","floor":16,"turns":7},{"damage":40,"enemies":"3 Byrds","floor":18,"turns":6},{"damage":3,"enemies":"Spheric Guardian","floor":22,"turns":3},{"damage":0,"enemies":"Snecko","floor":24,"turns":3},{"damage":34,"enemies":"Centurion and Healer","floor":25,"turns":8},{"damage":37,"enemies":"Gremlin Leader","floor":29,"turns":9}],"seed_played":"4645240212209890773","potions_obtained":[{"floor":1,"key":"Strength Potion"},{"floor":4,"key":"Venom Potion"},{"floor":18,"key":"Adrenaline Potion"},{"floor":22,"key":"AttackPotion"}],"is_trial":false,"path_per_floor":["M","?","?","M","$","R","?","R","T","T","E","M","R","M","R","B",null,"M","?","$","$","M","R","M","M","T","?","R","E"],"character_chosen":"DEFECT","items_purchased":["Bronze Scales"],"campfire_rested":3,"item_purchase_floors":[20],"current_hp_per_floor":[75,75,78,78,78,78,78,78,78,78,64,54,54,48,71,26,78,38,38,38,38,35,58,58,24,24,9,33,0,0],"gold":168,"neow_bonus":"THREE_ENEMY_KILL","is_daily":false,"chose_seed":false,"campfire_upgraded":3,"win_rate":0.0,"timestamp":1612150231,"path_taken":["M","?","?","M","$","R","?","R","T","?","E","M","R","M","R","BOSS","M","?","?","$","M","R","M","M","T","?","R","E"],"items_purchased_type":["Relic"],"build_version":"2020-12-22","purchased_purges":2,"victory":false,"max_hp_per_floor":[75,75,78,78,78,78,78,78,78,78,78,78,78,78,78,78,78,78,78,78,78,78,78,78,78,78,83,83,83,83],"card_choices":[{"not_picked":["ReplayTheSpireMod:Repulse","Leap"],"picked":"Rebound","floor":1},{"not_picked":["Sunder","Redo"],"picked":"Streamline","floor":4},{"not_picked":["Coolheaded","Chill","ReplayTheSpireMod:Omega Cannon"],"picked":"SKIP","floor":11},{"not_picked":["ReplayGash","Steam"],"picked":"Streamline","floor":12},{"not_picked":["Hologram","Streamline","Genetic Algorithm"],"picked":"SKIP","floor":14},{"not_picked":["hubris:Prefetch","Hyperbeam"],"picked":"Core Surge","floor":16},{"not_picked":["Beam Cell+1","Sweeping Beam","BasicCrystalCard"],"picked":"SKIP","floor":18},{"not_picked":["Ball Lightning","Beam Cell+1","Sweeping Beam+1"],"picked":"SKIP","floor":22},{"not_picked":["ReplaySort","Panic Button"],"picked":"Buffer","floor":24},{"not_picked":["ReplayTheSpireMod:Calculation Training","Aggregate","Rebound"],"picked":"SKIP","floor":25}],"player_experience":222141,"relics_obtained":[{"floor":9,"key":"reliquary:PorcupineQuills"},{"floor":10,"key":"halation:BlackBeret"},{"floor":11,"key":"Nunchaku"},{"floor":26,"key":"reliquary:RoseTintedGlasses"}],"event_choices":[{"damage_healed":0,"gold_gain":0,"player_choice":"Searched \u00273\u0027 times","damage_taken":0,"relics_obtained":["Pondfish Scales"],"max_hp_gain":0,"max_hp_loss":0,"event_name":"Dead Adventurer","floor":7,"gold_loss":0},{"damage_healed":0,"gold_gain":0,"player_choice":"Copied","damage_taken":0,"max_hp_gain":0,"max_hp_loss":0,"event_name":"Duplicator","floor":19,"gold_loss":0,"cards_obtained":["Core Surge"]},{"damage_healed":0,"gold_gain":0,"player_choice":"Shed Blood","damage_taken":20,"max_hp_gain":5,"max_hp_loss":0,"event_name":"Forgotten Altar","floor":27,"gold_loss":0}],"is_beta":false,"boss_relics":[{"not_picked":["Painkiller Herb","halation:MonkeysPaw"],"picked":"halation:HeavySnake"}],"items_purged_floors":[5,20],"is_endless":false,"potions_floor_spawned":[1,4,18,22],"killed_by":"Gremlin Leader","ascension_level":3}}