{"host":"mp3zbolja7t2zuvr","time":1612141507,"event":{"mods":["AchievementEnabler","BaseMod","Curses Come First","Minty Spire (QoL Compilation)","Permanent Neow","Relic Stats","StSLib","Synergy Search","Uncapped"],"gold_per_floor":[113,127,127,138,151,178,192,226,226,226,243,243,262,32,32,135,135,147,147,79,94,132,132,164,208,208,225,268,282,52,52,52,149,149,149,149],"floor_reached":35,"language":"ENG","playtime":1755,"items_purged":["Defend_P"],"score":468,"play_id":"fc7204b3-2c37-4942-bc8b-a42e095f0de0","local_time":"20210131200507","is_ascension_mode":false,"campfire_choices":[{"data":"Wallop","floor":10.0,"key":"SMITH"},{"data":"Weave","floor":15.0,"key":"SMITH"},{"data":"Wish","floor":23.0,"key":"SMITH"},{"floor":32,"key":"REST"}],"circlet_count":0,"master_deck":["Strike_P","Strike_P","Strike_P","Strike_P","Defend_P","Defend_P+1","Defend_P","Eruption","Vigilance","DeusExMachina","Conclude","WheelKick+1","Nirvana","Wallop+1","JustLucky","FearNoEvil","JustLucky","Weave+1","InnerPeace","Flash of Steel","Wish+1","ThirdEye","JustLucky","CutThroughFate","SashWhip","Wallop","CarveReality","FollowUp","Sanctity","Crescendo","Blasphemy","Vault"],"relics":["PureWater","Bag of Marbles","Oddly Smooth Stone","Toy Ornithopter","Busted Crown","Nilry\u0027s Codex","Frozen Egg 2","Blue Candle","Orrery","GremlinMask","Cursed Key"],"acts_visited":["Exordium","TheCity","TheBeyond"],"potions_floor_usage":[27,33,35],"damage_taken":[{"damage":4.0,"enemies":"Jaw Worm","floor":1.0,"turns":4.0},{"damage":0.0,"enemies":"Cultist","floor":2.0,"turns":2.0},{"damage":0.0,"enemies":"Small Slimes","floor":4.0,"turns":2.0},{"damage":5.0,"enemies":"Gremlin Gang","floor":5.0,"turns":3.0},{"damage":8.0,"enemies":"Gremlin Nob","floor":6.0,"turns":3.0},{"damage":0.0,"enemies":"2 Fungi Beasts","floor":7.0,"turns":2.0},{"damage":0.0,"enemies":"Lagavulin","floor":8.0,"turns":4.0},{"damage":0.0,"enemies":"Large Slime","floor":11.0,"turns":3.0},{"damage":0.0,"enemies":"Looter","floor":13.0,"turns":1.0},{"damage":0.0,"enemies":"Slime Boss","floor":16.0,"turns":4.0},{"damage":5.0,"enemies":"2 Thieves","floor":18.0,"turns":3.0},{"damage":0.0,"enemies":"Spheric Guardian","floor":21.0,"turns":2.0},{"damage":2.0,"enemies":"Cultist and Chosen","floor":22.0,"turns":4.0},{"damage":3.0,"enemies":"Book of Stabbing","floor":24.0,"turns":7.0},{"damage":31.0,"enemies":"Shelled Parasite and Fungi","floor":25.0,"turns":5.0},{"damage":12,"enemies":"Snake Plant","floor":27,"turns":4},{"damage":16,"enemies":"Cultist and Chosen","floor":28,"turns":6},{"damage":0,"enemies":"Centurion and Healer","floor":29,"turns":4},{"damage":27,"enemies":"Automaton","floor":33,"turns":10},{"damage":15,"enemies":"3 Darklings","floor":35,"turns":6}],"seed_played":"-3329297966238122609","potions_obtained":[{"floor":1.0,"key":"SkillPotion"},{"floor":4.0,"key":"Fire Potion"},{"floor":6.0,"key":"Block Potion"},{"floor":13.0,"key":"Dexterity Potion"},{"floor":33,"key":"Fruit Juice"}],"is_trial":false,"path_per_floor":["M","M","?","M","M","E","M","E","T","R","M","T","M","$","R","B",null,"M","?","$","M","M","R","E","M","T","M","M","M","$","?","R","B",null,"M"],"character_chosen":"WATCHER","items_purchased":["InnerPeace","Flash of Steel","ThirdEye","JustLucky","Orrery","Regen Potion"],"campfire_rested":1,"item_purchase_floors":[14,14,20,20,30,30],"current_hp_per_floor":[68,68,54,54,49,41,41,41,41,41,41,41,41,41,41,41,72,67,51,51,51,49,49,56,25,25,18,2,2,2,2,23,15,72,67,67],"gold":149,"neow_bonus":"ONE_RANDOM_RARE_CARD","is_daily":false,"chose_seed":false,"campfire_upgraded":3,"win_rate":0.0,"timestamp":1612141507,"path_taken":["M","M","?","M","M","E","M","E","T","R","M","?","?","$","R","BOSS","M","?","$","M","M","R","E","M","T","M","M","M","$","?","R","BOSS","M"],"items_purchased_type":["Card","Card","Card","Card","Relic","Potion"],"build_version":"2020-12-22","purchased_purges":1,"victory":false,"max_hp_per_floor":[72,72,72,72,72,72,72,72,72,72,72,72,72,72,72,72,72,72,72,72,72,72,72,72,72,72,72,72,72,72,72,72,72,72,77,77],"relic_stats":{"Busted Crown":28,"counters":[20,79],"Blue Candle":[0],"Cursed Key":0,"obtain_stats":[{"Busted Crown":17,"Nilry\u0027s Codex":19,"Blue Candle":26,"Oddly Smooth Stone":8,"Orrery":30,"GremlinMask":31,"Bag of Marbles":6,"PureWater":0,"Frozen Egg 2":24,"Cursed Key":34,"Toy Ornithopter":12},{"Busted Crown":10,"Nilry\u0027s Codex":11,"Blue Candle":15,"Oddly Smooth Stone":7,"Orrery":18,"GremlinMask":18,"Bag of Marbles":5,"PureWater":0,"Frozen Egg 2":14,"Cursed Key":19,"Toy Ornithopter":8},{"Busted Crown":28,"Nilry\u0027s Codex":31,"Blue Candle":49,"Oddly Smooth Stone":20,"Orrery":63,"GremlinMask":63,"Bag of Marbles":14,"PureWater":0,"Frozen Egg 2":44,"Cursed Key":73,"Toy Ornithopter":23}],"Toy Ornithopter":25},"card_choices":[{"not_picked":["BowlingBash","ForeignInfluence"],"picked":"Conclude","floor":1.0},{"not_picked":["WreathOfFlame","CrushJoints"],"picked":"WheelKick","floor":2.0},{"not_picked":["Consecrate","Evaluate"],"picked":"Nirvana","floor":4.0},{"not_picked":["Crescendo","ThirdEye"],"picked":"Wallop","floor":5.0},{"not_picked":["Nirvana","EmptyBody"],"picked":"JustLucky","floor":6.0},{"not_picked":["BattleHymn","FlyingSleeves","Crescendo"],"picked":"SKIP","floor":7.0},{"not_picked":["CrushJoints","FlurryOfBlows"],"picked":"FearNoEvil","floor":8.0},{"not_picked":["BattleHymn","FollowUp"],"picked":"JustLucky","floor":11.0},{"not_picked":["Crescendo","Study"],"picked":"Weave","floor":13.0},{"not_picked":["Ragnarok","Brilliance"],"picked":"Wish","floor":16.0},{"not_picked":["CrushJoints"],"picked":"SKIP","floor":18.0},{"not_picked":[],"picked":"CutThroughFate","floor":21.0},{"not_picked":["Consecrate"],"picked":"SKIP","floor":22.0},{"not_picked":[],"picked":"SashWhip","floor":24.0},{"not_picked":["SandsOfTime"],"picked":"SKIP","floor":25.0},{"not_picked":[],"picked":"Wallop","floor":27},{"not_picked":["ClearTheMind"],"picked":"SKIP","floor":28},{"not_picked":["BattleHymn+1"],"picked":"SKIP","floor":29},{"not_picked":[],"picked":"CarveReality","floor":30},{"not_picked":[],"picked":"FollowUp","floor":30},{"not_picked":[],"picked":"Sanctity","floor":30},{"not_picked":[],"picked":"Crescendo","floor":30},{"not_picked":[],"picked":"Blasphemy","floor":30},{"not_picked":[],"picked":"Vault","floor":33}],"player_experience":125475,"relics_obtained":[{"floor":6.0,"key":"Bag of Marbles"},{"floor":8.0,"key":"Oddly Smooth Stone"},{"floor":12.0,"key":"Toy Ornithopter"},{"floor":19.0,"key":"Nilry\u0027s Codex"},{"floor":24.0,"key":"Frozen Egg 2"},{"floor":26.0,"key":"Blue Candle"}],"event_choices":[{"damage_healed":0.0,"max_hp_gain":0.0,"max_hp_loss":0.0,"gold_gain":0.0,"event_name":"Shining Light","player_choice":"Entered Light","floor":3.0,"gold_loss":0.0,"damage_taken":14.0,"cards_upgraded":["Defend_P","WheelKick"]},{"damage_healed":0.0,"max_hp_gain":0.0,"max_hp_loss":0.0,"gold_gain":0.0,"event_name":"Cursed Tome","player_choice":"Obtained Book","floor":19.0,"gold_loss":0.0,"damage_taken":16.0},{"damage_healed":0,"gold_gain":0,"player_choice":"Trade","damage_taken":0,"relics_obtained":["GremlinMask"],"max_hp_gain":0,"max_hp_loss":0,"event_name":"FaceTrader","floor":31,"gold_loss":0}],"is_beta":false,"boss_relics":[{"not_picked":["Astrolabe","Snecko Eye"],"picked":"Busted Crown"},{"not_picked":["Runic Pyramid","HolyWater"],"picked":"Cursed Key"}],"items_purged_floors":[14],"is_endless":false,"potions_floor_spawned":[1,4,6,13,16,22,33],"killed_by":"3 Darklings","ascension_level":0}}