{"host":"0qlrtuw7bw78ucw4","time":1612150222,"event":{"mods":["BaseMod","Downfall","Minty Spire (QoL Compilation)","StSLib"],"gold_per_floor":[99,114,128,128,143,43,43,43,71,71,86,71,71,71,86,182,182,82,95,115,25,39,49,74,107,107,7,24,24,36,70,84,182,182,182,194,204,43,63,63,141,166,211,211,211,226,126,146,156,156,156,182,24,24,24,24],"floor_reached":57,"language":"ENG","playtime":8960,"items_purged":["downfall:Malfunctioning","bronze:Strike","bronze:Strike","bronze:Strike+1"],"score":1436,"play_id":"f987d80a-0d71-44ce-b0d3-18580f4d5d2d","local_time":"20210201143022","is_ascension_mode":true,"campfire_choices":[{"floor":1.0,"key":"RECALL"},{"data":"bronze:Invalidate","floor":6.0,"key":"SMITH"},{"data":"bronze:DigitalCarnage","floor":8.0,"key":"SMITH"},{"data":"bronze:Safeguard","floor":10.0,"key":"SMITH"},{"data":"bronze:BronzeOrb","floor":13.0,"key":"SMITH"},{"data":"bronze:HyperBeam","floor":18.0,"key":"SMITH"},{"floor":27.0,"key":"REST"},{"data":"bronze:Repair","floor":29.0,"key":"SMITH"},{"data":"bronze:ForceShield","floor":35.0,"key":"SMITH"},{"data":"bronze:CutThrough","floor":40.0,"key":"SMITH"},{"data":"bronze:Hardcode","floor":44.0,"key":"SMITH"},{"data":"bronze:NullPointer","floor":54.0,"key":"SMITH"}],"circlet_count":0,"master_deck":["bronze:Strike+1","bronze:Defend+1","bronze:Defend","bronze:Defend","bronze:Defend","bronze:Replicate+1","bronze:Goto+1","bronze:CloningBeam+1","bronze:DigitalCarnage+1","bronze:Safeguard+1","bronze:BronzeOrb+1","bronze:Repair+1","bronze:CutThrough+1","bronze:HyperBeam+1","bronze:ForceShield+1","bronze:Boost","bronze:Fortify","bronze:Overheat","bronze:CleanCode","bronze:Refactor+1","bronze:FunctionCard","bronze:FineTuning+1","bronze:NullPointer+1"],"relics":["bronze:PlatinumCore","downfall:HeartBlessingRed","bronze:SilverBullet","downfall:HeartBlessingBlue","Boot","Pen Nib","downfall:HeartBlessingGreen","War Paint","Coffee Dripper","OrangePellets","hexamod:CandleOfCauterizing","The Courier","Kunai","Mango","Gremlin Horn"],"acts_visited":["Exordium","TheCity","TheBeyond","TheEnding"],"potions_floor_usage":[56,56,56],"damage_taken":[{"damage":2.0,"enemies":"Small Slimes","floor":2.0,"turns":4.0},{"damage":2.0,"enemies":"2 Louse","floor":3.0,"turns":2.0},{"damage":0.0,"enemies":"Cultist","floor":5.0,"turns":2.0},{"damage":15.0,"enemies":"3 Sentries","floor":9.0,"turns":3.0},{"damage":0.0,"enemies":"Exordium Thugs","floor":11.0,"turns":1.0},{"damage":2.0,"enemies":"downfall:FleeingMerchant","floor":12.0,"turns":4.0},{"damage":0.0,"enemies":"Exordium Wildlife","floor":15.0,"turns":2.0},{"damage":13.0,"enemies":"WA_ARCHETYPE_RETAIN","floor":16.0,"turns":4.0},{"damage":9.0,"enemies":"3 Byrds","floor":19.0,"turns":4.0},{"damage":0.0,"enemies":"Chosen","floor":20.0,"turns":2.0},{"damage":0.0,"enemies":"downfall:FleeingMerchant","floor":21.0,"turns":4.0},{"damage":18.0,"enemies":"Centurion and Healer","floor":22.0,"turns":3.0},{"damage":13.0,"enemies":"3 Cultists","floor":23.0,"turns":5.0},{"damage":56.0,"enemies":"Slavers","floor":25.0,"turns":3.0},{"damage":14.0,"enemies":"Shelled Parasite and Fungi","floor":28.0,"turns":6.0},{"damage":0.0,"enemies":"Cultist and Chosen","floor":30.0,"turns":5.0},{"damage":6.0,"enemies":"Book of Stabbing","floor":31.0,"turns":3.0},{"damage":0.0,"enemies":"Snecko","floor":32.0,"turns":4.0},{"damage":60.0,"enemies":"DF_ARCHETYPE_CLAW","floor":33.0,"turns":9.0},{"damage":3.0,"enemies":"3 Shapes","floor":36.0,"turns":4.0},{"damage":0.0,"enemies":"Orb Walker","floor":37.0,"turns":2.0},{"damage":0.0,"enemies":"downfall:FleeingMerchant","floor":38.0,"turns":3.0},{"damage":27.0,"enemies":"Maw","floor":39.0,"turns":7.0},{"damage":7.0,"enemies":"Nemesis","floor":42.0,"turns":5.0},{"damage":6.0,"enemies":"2 Orb Walkers","floor":43.0,"turns":3.0},{"damage":6.0,"enemies":"Jaw Worm Horde","floor":46.0,"turns":6.0},{"damage":0.0,"enemies":"4 Shapes","floor":48.0,"turns":3.0},{"damage":17.0,"enemies":"Writhing Mass","floor":49.0,"turns":4.0},{"damage":25.0,"enemies":"SI_POISON_ARCHETYPE","floor":50.0,"turns":11.0},{"damage":58.0,"enemies":"downfall:CharBossMerchant","floor":52.0,"turns":11.0},{"damage":7.0,"enemies":"downfall:NeowBoss","floor":55.0,"turns":14.0},{"damage":43,"enemies":"downfall:NeowBossFinal","floor":56,"turns":14}],"seed_played":"-2882454310909301230","potions_obtained":[{"floor":2.0,"key":"PowerPotion"},{"floor":5.0,"key":"Swift Potion"},{"floor":15.0,"key":"Fire Potion"},{"floor":16.0,"key":"Energy Potion"},{"floor":22.0,"key":"Dexterity Potion"},{"floor":25.0,"key":"Slimebound:ThreeZeroPotion"},{"floor":31.0,"key":"PowerPotion"},{"floor":33.0,"key":"LiquidMemories"},{"floor":39.0,"key":"champ:CounterPotion"},{"floor":49.0,"key":"LiquidBronze"},{"floor":52.0,"key":"LiquidBronze"}],"is_trial":false,"path_per_floor":["R","M","M","?","M","R","T","R","E","R","M","$","R","?","M","B",null,"R","M","M","$","M","M","T","E","?","R","M","R","M","E","M","B",null,"R","M","M","$","M","R","T","E","?","R","?","M","$","M","M","B",null,"E","$","R","B","B",null],"character_chosen":"THE_AUTOMATON","items_purchased":["OrangePellets","hexamod:CandleOfCauterizing","Swift Potion"],"campfire_rested":1,"item_purchase_floors":[38,38,53],"current_hp_per_floor":[70,68,66,66,66,66,66,66,51,51,51,49,49,49,63,50,70,80,71,78,78,62,56,56,7,7,31,31,31,41,45,55,5,80,80,77,77,80,57,57,57,60,78,78,78,82,82,82,75,60,94,36,36,36,39,6],"gold":24,"neow_bonus":"UPGRADE_CARD","is_daily":false,"chose_seed":false,"campfire_upgraded":10,"win_rate":0.0,"timestamp":1612150222,"path_taken":["R","M","M","?","M","R","T","R","E","R","M","$","R","?","M","BOSS","R","M","M","$","?","M","T","E","?","R","M","R","M","E","M","BOSS","R","M","M","$","M","R","T","E","?","R","?","M","$","M","M","BOSS","E","$","R","BOSS","BOSS"],"items_purchased_type":["Relic","Relic","Potion"],"build_version":"2020-12-22","purchased_purges":4,"victory":true,"max_hp_per_floor":[70,70,70,70,70,70,70,70,70,70,70,70,70,70,70,70,70,80,80,80,80,80,80,80,80,80,80,80,80,80,80,80,80,80,80,80,80,80,80,80,80,80,94,94,94,94,94,94,94,94,94,94,94,94,94,94],"card_choices":[{"not_picked":["bronze:Safeguard","bronze:Iterate"],"picked":"bronze:CloningBeam","floor":2.0},{"not_picked":["bronze:BuggyMess","bronze:Overload"],"picked":"bronze:Invalidate","floor":3.0},{"not_picked":["bronze:Separator","bronze:Repair"],"picked":"bronze:DigitalCarnage","floor":5.0},{"not_picked":["bronze:ShipIt","bronze:BugBarrage"],"picked":"bronze:Safeguard","floor":9.0},{"not_picked":["bronze:DelayedGuard","bronze:BuggyMess"],"picked":"bronze:BronzeOrb","floor":11.0},{"not_picked":["bronze:Mutator","bronze:WildBeam"],"picked":"bronze:Repair","floor":12.0},{"not_picked":["bronze:BugBarrage","bronze:FineTuning"],"picked":"bronze:CutThrough","floor":15.0},{"not_picked":["bronze:ShipIt","bronze:ThunderWave"],"picked":"bronze:HyperBeam","floor":16.0},{"not_picked":["bronze:Constructor","bronze:Turbo"],"picked":"bronze:ForceShield","floor":19.0},{"not_picked":["bronze:Invalidate+1","bronze:Iterate","bronze:NullPointer+1"],"picked":"SKIP","floor":20.0},{"not_picked":["bronze:Turbo+1","bronze:BuggyMess"],"picked":"bronze:BronzeArmor","floor":21.0},{"not_picked":["bronze:Constructor","bronze:Separator","bronze:OilSpill"],"picked":"SKIP","floor":22.0},{"not_picked":["bronze:Branch+1","bronze:Constructor+1"],"picked":"bronze:Boost","floor":23.0},{"not_picked":["bronze:DelayedSlice","bronze:OilSpill","bronze:CloningBeam"],"picked":"SKIP","floor":25.0},{"not_picked":["bronze:Mutator","bronze:DelayedGuard","bronze:Branch+1"],"picked":"SKIP","floor":28.0},{"not_picked":["bronze:Deprecate","bronze:BuggyMess"],"picked":"bronze:Fortify","floor":30.0},{"not_picked":["bronze:WhirlingStrike","bronze:Turbo"],"picked":"bronze:Overheat","floor":31.0},{"not_picked":["bronze:Overheat","bronze:BitShift+1","bronze:Invalidate"],"picked":"SKIP","floor":32.0},{"not_picked":["bronze:Assembly","bronze:Library"],"picked":"bronze:CleanCode","floor":33.0},{"not_picked":["bronze:BitShift","bronze:BuggyMess+1"],"picked":"bronze:Refactor+1","floor":36.0},{"not_picked":["bronze:Backtrace","bronze:ChosenStrike","bronze:Shell+1"],"picked":"SKIP","floor":37.0},{"not_picked":["bronze:Frontload","bronze:Shell","bronze:BronzeArmor"],"picked":"SKIP","floor":38.0},{"not_picked":["bronze:Refactor","bronze:Constructor+1"],"picked":"bronze:Deprecate+1","floor":39.0},{"not_picked":["bronze:NullPointer","bronze:BronzeOrb+1"],"picked":"bronze:Hardcode","floor":42.0},{"not_picked":["bronze:WildBeam","bronze:Deprecate+1","bronze:Shield+1"],"picked":"SKIP","floor":46.0},{"not_picked":["bronze:Shell","bronze:Frontload","bronze:BuggyMess+1"],"picked":"SKIP","floor":48.0},{"not_picked":["bronze:WhirlingStrike","bronze:GetLatest+1"],"picked":"bronze:FineTuning+1","floor":49.0},{"not_picked":["bronze:Overload+1","bronze:Shield"],"picked":"bronze:NullPointer","floor":52.0}],"player_experience":922682,"relics_obtained":[{"floor":9.0,"key":"bronze:SilverBullet"},{"floor":24.0,"key":"Boot"},{"floor":25.0,"key":"Pen Nib"},{"floor":31.0,"key":"War Paint"},{"floor":41.0,"key":"The Courier"},{"floor":42.0,"key":"Kunai"},{"floor":43.0,"key":"Mango"},{"floor":52.0,"key":"Gremlin Horn"}],"event_choices":[{"damage_healed":0.0,"max_hp_gain":0.0,"max_hp_loss":0.0,"gold_gain":0.0,"event_name":"Vampires","player_choice":"Ignored","floor":26.0,"gold_loss":0.0,"damage_taken":0.0},{"damage_healed":0.0,"max_hp_gain":0.0,"max_hp_loss":0.0,"gold_gain":0.0,"event_name":"Mysterious Sphere","player_choice":"Fight","floor":43.0,"gold_loss":0.0,"damage_taken":0.0}],"is_beta":false,"boss_relics":[{"not_picked":["bronze:MakeshiftBattery","Busted Crown"],"picked":"bronze:PlatinumCore"},{"not_picked":["Snecko Eye","Runic Dome"],"picked":"Coffee Dripper"}],"items_purged_floors":[21,38,47,53],"is_endless":false,"potions_floor_spawned":[2,5,15,16,19,22,25,28,31,33,37,39,43,49,52],"ascension_level":3}}