{"host":"klrvvo16pazy794l","time":1612140988,"event":{"mods":["BaseMod","Minty Spire (QoL Compilation)"],"gold_per_floor":[209,209,159,176,32,32,32,32,32,49,76,76,109,128,128,228,228,248,268,72,72,85,85,111,126,126,126,126,179,47,47,47,151,151,167,222,222,236,236,236,236,249,273,29,29,29,29,42,42,42,42],"floor_reached":50,"language":"ENG","playtime":1891,"items_purged":["Brutality"],"score":565,"play_id":"c6375239-b06b-4724-b24f-e35b6327ccc2","local_time":"20210131185628","is_ascension_mode":true,"campfire_choices":[{"data":"Bash","floor":6,"key":"SMITH"},{"data":"Thunderclap","floor":8,"key":"SMITH"},{"data":"Combust","floor":12,"key":"SMITH"},{"data":"Pommel Strike","floor":15,"key":"SMITH"},{"data":"Juggernaut","floor":23,"key":"SMITH"},{"data":"Inflame","floor":27,"key":"SMITH"},{"data":"Fiend Fire","floor":32,"key":"SMITH"},{"floor":40,"key":"RECALL"},{"data":"Body Slam","floor":45,"key":"SMITH"},{"data":"True Grit","floor":47,"key":"SMITH"},{"data":"Madness","floor":49,"key":"SMITH"}],"circlet_count":0,"master_deck":["Strike_R","Strike_R","Strike_R","Defend_R","Defend_R","Defend_R","Defend_R","Bash+1","Thunderclap+1","Power Through","Combust+1","Reaper","Rage","Pommel Strike+1","Juggernaut+1","Shrug It Off","Necronomicurse","Fiend Fire+1","Inflame+1","Battle Trance","Entrench+1","Flex+1","True Grit+1","Purity","Headbutt","True Grit+1","Body Slam+1","Madness","Madness+1","Armaments+1","Cleave+1"],"relics":["Burning Blood","Tiny Chest","Darkstone Periapt","Bird Faced Urn","Potion Belt","Runic Cube","Happy Flower","Necronomicon","Bag of Preparation","Gremlin Horn","Regal Pillow","Mark of Pain","Prayer Wheel","Pocketwatch","Calipers","MawBank","Membership Card"],"acts_visited":["Exordium","TheCity","TheBeyond"],"potions_floor_usage":[16,22,24,24,25,33,33,33,36,48,50,50],"damage_taken":[{"damage":8,"enemies":"2 Louse","floor":1,"turns":2},{"damage":7,"enemies":"Jaw Worm","floor":4,"turns":3},{"damage":1,"enemies":"Cultist","floor":10,"turns":4},{"damage":15,"enemies":"3 Sentries","floor":11,"turns":5},{"damage":25,"enemies":"Gremlin Nob","floor":13,"turns":5},{"damage":4,"enemies":"Looter","floor":14,"turns":3},{"damage":6,"enemies":"Slime Boss","floor":16,"turns":8},{"damage":12,"enemies":"Spheric Guardian","floor":18,"turns":4},{"damage":21,"enemies":"2 Thieves","floor":19,"turns":4},{"damage":32,"enemies":"Centurion and Healer","floor":22,"turns":5},{"damage":21,"enemies":"Slavers","floor":24,"turns":4},{"damage":33,"enemies":"Cultist and Chosen","floor":25,"turns":6},{"damage":41,"enemies":"Automaton","floor":33,"turns":6},{"damage":26,"enemies":"3 Shapes","floor":35,"turns":4},{"damage":52,"enemies":"2 Orb Walkers","floor":36,"turns":4},{"damage":15,"enemies":"Orb Walker","floor":38,"turns":3},{"damage":28,"enemies":"Spire Growth","floor":42,"turns":4},{"damage":10,"enemies":"Writhing Mass","floor":48,"turns":2},{"damage":74,"enemies":"Donu and Deca","floor":50,"turns":6}],"seed_played":"6132693300701556514","potions_obtained":[{"floor":10,"key":"DistilledChaos"},{"floor":13,"key":"HeartOfIron"},{"floor":14,"key":"SkillPotion"},{"floor":18,"key":"Strength Potion"},{"floor":24,"key":"Energy Potion"},{"floor":28,"key":"ElixirPotion"},{"floor":28,"key":"BloodPotion"},{"floor":28,"key":"Dexterity Potion"},{"floor":33,"key":"AttackPotion"},{"floor":35,"key":"HeartOfIron"},{"floor":38,"key":"Weak Potion"},{"floor":42,"key":"Dexterity Potion"}],"is_trial":false,"path_per_floor":["M","?","?","M","$","R","?","R","T","M","E","R","E","M","R","B",null,"M","M","$","?","M","R","E","M","T","R","?","T","$","?","R","B",null,"M","?","?","M","T","R","?","M","T","$","R","?","R","M","R","B"],"character_chosen":"IRONCLAD","items_purchased":["Tiny Chest","Happy Flower","Shrug It Off","Battle Trance","Energy Potion","Membership Card","Regen Potion","Body Slam"],"campfire_rested":0,"item_purchase_floors":[5,20,20,30,30,44,44,44],"current_hp_per_floor":[78,78,78,77,77,77,65,65,65,70,61,61,44,52,52,60,80,74,63,63,53,37,37,48,41,41,41,41,41,41,41,41,29,86,72,34,34,51,51,51,51,59,59,59,59,48,48,48,48,0,0],"gold":42,"neow_bonus":"HUNDRED_GOLD","is_daily":false,"chose_seed":false,"campfire_upgraded":10,"win_rate":0.0,"timestamp":1612140988,"path_taken":["M","?","?","M","$","R","?","R","T","M","E","R","E","M","R","BOSS","M","M","$","?","M","R","E","M","T","R","?","?","$","?","R","BOSS","M","?","?","M","?","R","?","?","T","$","R","?","R","M","R","BOSS"],"items_purchased_type":["Relic","Relic","Card","Card","Potion","Relic","Potion","Card"],"build_version":"2020-12-22","purchased_purges":1,"victory":false,"max_hp_per_floor":[80,80,80,80,80,80,80,80,80,80,80,80,80,80,80,80,80,80,80,80,86,86,86,86,86,86,86,86,86,86,86,86,86,86,86,86,86,86,86,86,86,86,86,86,86,86,86,86,86,86,86],"card_choices":[{"not_picked":["Ghostly Armor","Dropkick"],"picked":"Thunderclap","floor":1},{"not_picked":["Anger","Heavy Blade"],"picked":"Power Through","floor":4},{"not_picked":["Heavy Blade","Wild Strike"],"picked":"Combust","floor":10},{"not_picked":["Ghostly Armor","Perfected Strike"],"picked":"Reaper","floor":11},{"not_picked":["Twin Strike","Feed"],"picked":"Rage","floor":13},{"not_picked":["Havoc","Perfected Strike"],"picked":"Pommel Strike","floor":14},{"not_picked":["Fiend Fire","Barricade"],"picked":"Juggernaut","floor":16},{"not_picked":["Blood for Blood","Whirlwind","Thunderclap"],"picked":"SKIP","floor":18},{"not_picked":["Thunderclap","Perfected Strike","Searing Blow"],"picked":"SKIP","floor":19},{"not_picked":["Twin Strike","Iron Wave","Rampage"],"picked":"SKIP","floor":22},{"not_picked":["Evolve+1","Pummel+1"],"picked":"Fiend Fire","floor":24},{"not_picked":["Clothesline+1","Wild Strike+1"],"picked":"Inflame","floor":25},{"not_picked":["Impervious","Fiend Fire"],"picked":"Brutality","floor":33},{"not_picked":["Headbutt","Dark Embrace"],"picked":"Entrench+1","floor":35},{"not_picked":["Anger+1","Spot Weakness"],"picked":"Flex+1","floor":38},{"not_picked":["Warcry","Thunderclap+1"],"picked":"True Grit","floor":38},{"not_picked":["Chrysalis","Finesse"],"picked":"Purity","floor":41},{"not_picked":["Perfected Strike+1","Pommel Strike"],"picked":"Headbutt","floor":42},{"not_picked":["Havoc","Heavy Blade+1"],"picked":"True Grit+1","floor":42},{"not_picked":["Impervious","Headbutt+1"],"picked":"Armaments+1","floor":48},{"not_picked":["Entrench+1","Sword Boomerang+1"],"picked":"Cleave+1","floor":48}],"player_experience":478707,"relics_obtained":[{"floor":11,"key":"Bird Faced Urn"},{"floor":13,"key":"Potion Belt"},{"floor":21,"key":"Necronomicon"},{"floor":24,"key":"Bag of Preparation"},{"floor":26,"key":"Gremlin Horn"},{"floor":29,"key":"Regal Pillow"},{"floor":36,"key":"Prayer Wheel"},{"floor":39,"key":"Calipers"},{"floor":43,"key":"MawBank"}],"event_choices":[{"cards_removed":["Strike_R"],"damage_healed":0,"gold_gain":0,"player_choice":"Forget","damage_taken":0,"max_hp_gain":0,"max_hp_loss":0,"event_name":"Living Wall","floor":2,"gold_loss":0},{"cards_removed":["Strike_R"],"damage_healed":0,"gold_gain":0,"player_choice":"Card Removal","damage_taken":0,"max_hp_gain":0,"max_hp_loss":0,"event_name":"The Cleric","floor":3,"gold_loss":50},{"damage_healed":0,"gold_gain":0,"player_choice":"Success","damage_taken":12,"relics_obtained":["Darkstone Periapt"],"max_hp_gain":0,"max_hp_loss":0,"event_name":"Scrap Ooze","floor":7,"gold_loss":0},{"damage_healed":0,"gold_gain":0,"player_choice":"Obtained Book","damage_taken":16,"max_hp_gain":0,"max_hp_loss":0,"event_name":"Cursed Tome","floor":21,"gold_loss":0},{"damage_healed":0,"gold_gain":0,"player_choice":"Got Potions","damage_taken":0,"max_hp_gain":0,"max_hp_loss":0,"event_name":"Lab","floor":28,"gold_loss":0},{"damage_healed":0,"gold_gain":0,"player_choice":"Ignored","damage_taken":0,"max_hp_gain":0,"max_hp_loss":0,"event_name":"Vampires","floor":31,"gold_loss":0},{"damage_healed":0,"gold_gain":0,"player_choice":"Fight","damage_taken":0,"max_hp_gain":0,"max_hp_loss":0,"event_name":"Mysterious Sphere","floor":36,"gold_loss":0},{"damage_healed":0,"gold_gain":0,"player_choice":"Gave Potion","damage_taken":0,"relics_obtained":["Pocketwatch"],"max_hp_gain":0,"max_hp_loss":0,"event_name":"WeMeetAgain","floor":37,"gold_loss":0},{"damage_healed":0,"gold_gain":0,"player_choice":"Memory 1","damage_taken":0,"max_hp_gain":0,"max_hp_loss":0,"event_name":"SensoryStone","floor":41,"gold_loss":0},{"damage_healed":0,"gold_gain":0,"player_choice":"Embrace Madness","damage_taken":11,"max_hp_gain":0,"max_hp_loss":0,"event_name":"Winding Halls","floor":46,"gold_loss":0,"cards_obtained":["Madness","Madness"]}],"is_beta":false,"boss_relics":[{"not_picked":["Velvet Choker","Tiny House"],"picked":"Runic Cube"},{"not_picked":["Astrolabe","Fusion Hammer"],"picked":"Mark of Pain"}],"items_purged_floors":[44],"is_endless":false,"potions_floor_spawned":[10,13,14,18,24,33,35,38,42],"killed_by":"Donu and Deca","ascension_level":2}}