{"host":"x5w9zppki4gdwvc7","time":1612176681,"event":{"mods":["AchievementEnabler","BaseMod","Colored Powertips","DeckTracker","Minty Spire (QoL Compilation)","Relic Sorter"],"gold_per_floor":[165,165,340,340,355,355,370,397,424,129,129,146,162,179,179,284,284,297,8,14,14,14],"floor_reached":21,"language":"ENG","playtime":1379,"items_purged":["Doubt","Steam"],"score":199,"play_id":"f37b4230-8aa6-40f5-a34a-a10c3c6faa8b","local_time":"20210201115121","is_ascension_mode":true,"campfire_choices":[{"data":"Go for the Eyes","floor":6,"key":"SMITH"},{"data":"Creative AI","floor":11,"key":"SMITH"},{"floor":15,"key":"REST"}],"circlet_count":0,"master_deck":["Strike_B","Strike_B+1","Strike_B","Strike_B+1","Defend_B","Defend_B","Defend_B+1","Defend_B","Zap+1","Dualcast+1","Leap","Go for the Eyes+1","Streamline","Redo","Creative AI+1","FTL","Gash","Cold Snap","Defragment","Echo Form","CurseOfTheBell","Coolheaded","Master of Strategy"],"relics":["Tiny House","Strawberry","Art of War","Ancient Tea Set","Dream Catcher","Calling Bell","War Paint","Pantograph","FossilizedHelix","Membership Card"],"acts_visited":["Exordium","TheCity"],"potions_floor_usage":[13,13,16,21],"damage_taken":[{"damage":0,"enemies":"Jaw Worm","floor":1,"turns":3},{"damage":1,"enemies":"Small Slimes","floor":5,"turns":4},{"damage":2,"enemies":"Cultist","floor":7,"turns":5},{"damage":18,"enemies":"Gremlin Nob","floor":8,"turns":5},{"damage":44,"enemies":"Gremlin Gang","floor":12,"turns":6},{"damage":0,"enemies":"Large Slime","floor":13,"turns":4},{"damage":5,"enemies":"2 Fungi Beasts","floor":14,"turns":3},{"damage":17,"enemies":"The Guardian","floor":16,"turns":12},{"damage":22,"enemies":"Spheric Guardian","floor":18,"turns":6},{"damage":16,"enemies":"2 Thieves","floor":20,"turns":5},{"damage":56,"enemies":"Cultist and Chosen","floor":21,"turns":6}],"seed_played":"-3232795248488826132","potions_obtained":[{"floor":0,"key":"Energy Potion"},{"floor":8,"key":"AttackPotion"},{"floor":12,"key":"Regen Potion"},{"floor":13,"key":"Fire Potion"},{"floor":14,"key":"SpeedPotion"},{"floor":18,"key":"FearPotion"}],"is_trial":false,"path_per_floor":["M","?","?","?","M","R","M","E","T","$","R","M","M","M","R","B",null,"M","$","M","M"],"character_chosen":"DEFECT","items_purchased":["Creative AI","Dream Catcher","Membership Card","Master of Strategy"],"campfire_rested":1,"item_purchase_floors":[10,10,19,19],"current_hp_per_floor":[80,64,64,71,70,70,68,50,50,50,50,6,18,13,39,22,87,65,65,49,0,0],"gold":14,"neow_bonus":"BOSS_RELIC","is_daily":false,"chose_seed":false,"campfire_upgraded":2,"win_rate":0.0,"timestamp":1612176681,"path_taken":["M","?","?","?","M","R","?","E","T","$","R","M","?","M","R","BOSS","M","$","M","M"],"items_purchased_type":["Card","Relic","Relic","Card"],"build_version":"2020-12-22","purchased_purges":2,"victory":false,"max_hp_per_floor":[80,80,80,87,87,87,87,87,87,87,87,87,87,87,87,87,87,87,87,87,87,87],"card_choices":[{"not_picked":["Steam","Capacitor"],"picked":"Leap","floor":0},{"not_picked":["Compile Driver","Leap"],"picked":"Steam","floor":1},{"not_picked":["Steam","White Noise"],"picked":"Go for the Eyes","floor":5},{"not_picked":["Amplify","Gash"],"picked":"Streamline","floor":7},{"not_picked":["Melter","Cold Snap"],"picked":"Redo","floor":8},{"not_picked":["Barrage","Scrape"],"picked":"FTL","floor":12},{"not_picked":["Storm","Reinforced Body"],"picked":"Gash","floor":13},{"not_picked":["Sweeping Beam","Doom and Gloom"],"picked":"Cold Snap","floor":14},{"not_picked":["Steam","Rebound"],"picked":"Defragment","floor":15},{"not_picked":["Fission","All For One"],"picked":"Echo Form","floor":16},{"not_picked":["Heatsinks","BootSequence"],"picked":"Coolheaded","floor":18},{"not_picked":["Fusion","Streamline","Tempest"],"picked":"SKIP","floor":20}],"player_experience":366894,"relics_obtained":[{"floor":8,"key":"Art of War"},{"floor":9,"key":"Ancient Tea Set"},{"floor":17,"key":"War Paint"},{"floor":17,"key":"Pantograph"},{"floor":17,"key":"FossilizedHelix"}],"event_choices":[{"damage_healed":0,"gold_gain":0,"player_choice":"Entered Light","damage_taken":16,"max_hp_gain":0,"max_hp_loss":0,"event_name":"Shining Light","floor":2,"gold_loss":0,"cards_upgraded":["Strike_B","Defend_B"]},{"damage_healed":0,"gold_gain":175,"player_choice":"AGREE","damage_taken":0,"max_hp_gain":0,"max_hp_loss":0,"event_name":"Liars Game","floor":3,"gold_loss":0,"cards_obtained":["Doubt"]},{"damage_healed":0,"gold_gain":0,"player_choice":"Gave Potion","damage_taken":0,"relics_obtained":["Strawberry"],"max_hp_gain":0,"max_hp_loss":0,"event_name":"WeMeetAgain","floor":4,"gold_loss":0}],"is_beta":false,"boss_relics":[{"not_picked":["Runic Pyramid","Ectoplasm"],"picked":"Calling Bell"}],"items_purged_floors":[10,19],"is_endless":false,"potions_floor_spawned":[8,12,13,14,18],"killed_by":"Cultist and Chosen","ascension_level":2}}