{"host":"hpn0uxah5qjr7pa6","time":1612215089,"event":{"mods":["Act Like it!","Aspiration","BaseMod","Better Third Choice","BetterRewards","Challenge The Spire","Colored Powertips","Conspire","Downfall","Energized Spire","Hallownest","Hermit","Hubris","Infinite Spire","Minty Spire (QoL Compilation)","Permanent Neow","Quick Restart","Rare Cards Sparkle","Replay The Spire","Spicy Shops","StSLib","The Bug Knight","The Jungle"],"gold_per_floor":[99,99,113,48,64,79,79,64,77,77,90,90,103,117,130,231,231,231,245,265,167,167,181,232,232,244,244,260,271,288,301,321,421,421,421,438,458,475,485,585,585,585,600,600,600,625,625,640,670,694],"floor_reached":51,"language":"ENG","playtime":2919,"items_purged":[],"score":1012,"play_id":"9c440122-d8e9-43b4-aa88-3f5026b0b0ab","local_time":"20210201133129","is_ascension_mode":true,"campfire_choices":[{"data":"bronze:Strike","floor":1,"key":"SMITH"},{"data":"Bandage Up","floor":12,"key":"SMITH"},{"data":"bronze:RecursiveStrike","floor":18,"key":"SMITH"},{"data":"bronze:FollowUp","floor":35,"key":"SMITH"},{"data":"bronze:Branch","floor":42,"key":"SMITH"},{"data":"bronze:DelayedSlice","floor":44,"key":"SMITH"}],"circlet_count":0,"master_deck":["bronze:Strike","bronze:Strike","bronze:Strike","bronze:Strike+1","bronze:Defend","bronze:Defend","bronze:Defend","bronze:Defend","bronze:Replicate","bronze:DelayedSlice","bronze:DelayedSlice","bronze:Branch+1","bronze:WhirlingStrike","Bandage Up+1","bronze:FollowUp+1","bronze:OilSpill","bronze:RecursiveStrike+1","bronze:Repair","bronze:ChildClass+1","bronze:DelayedSlice+1","bronze:Branch+1","bronze:WhirlingStrike+1","bronze:OilSpill+1"],"relics":["bronze:BronzeCore","HollowMod:PaleOreRelic","hubris:BundleOfHerbs","Painkiller Herb","Unceasing Top","hubris:HerbalPaste","Centennial Puzzle","Iron Hammer","hubris:VirtuousBlindfold","Potion Belt","infinitespire:Midas Blood","Ancient Tea Set"],"acts_visited":["Exordium","TheCity","TheBeyond"],"potions_floor_usage":[13,15,16,16,19,29,33,33,36,38,40,43,46,50,50,50,50,50,50,50,50],"damage_taken":[{"damage":0,"enemies":"2 Louse","floor":3,"turns":1},{"damage":0,"enemies":"downfall:FleeingMerchant","floor":4,"turns":4},{"damage":0,"enemies":"Cultist","floor":5,"turns":2},{"damage":7,"enemies":"Jaw Worm","floor":6,"turns":2},{"damage":2,"enemies":"downfall:FleeingMerchant","floor":8,"turns":4},{"damage":3,"enemies":"Lots of Slimes","floor":9,"turns":3},{"damage":0,"enemies":"Large Slime","floor":11,"turns":2},{"damage":7,"enemies":"Exordium Thugs","floor":13,"turns":3},{"damage":0,"enemies":"Red Slaver","floor":14,"turns":1},{"damage":3,"enemies":"Lots of Slimes","floor":15,"turns":2},{"damage":39,"enemies":"IC_STATUS_ARCHETYPE","floor":16,"turns":9},{"damage":0,"enemies":"Sentry and Sphere","floor":19,"turns":3},{"damage":10,"enemies":"Centurion and Healer","floor":20,"turns":4},{"damage":0,"enemies":"downfall:FleeingMerchant","floor":21,"turns":4},{"damage":22,"enemies":"Snake Plant","floor":23,"turns":3},{"damage":7,"enemies":"conspire:HollyBat","floor":26,"turns":7},{"damage":5,"enemies":"Centurion and Healer","floor":28,"turns":4},{"damage":24,"enemies":"Snake Plant","floor":29,"turns":4},{"damage":12,"enemies":"conspire:HollyBat","floor":30,"turns":7},{"damage":10,"enemies":"Shelled Parasite and Fungi","floor":31,"turns":3},{"damage":5,"enemies":"Centurion and Healer","floor":32,"turns":3},{"damage":2,"enemies":"WA_ARCHETYPE_CALM","floor":33,"turns":5},{"damage":20,"enemies":"3 Darklings","floor":36,"turns":3},{"damage":40,"enemies":"3 Shapes","floor":37,"turns":3},{"damage":21,"enemies":"Transient","floor":38,"turns":5},{"damage":12,"enemies":"3 Darklings","floor":39,"turns":4},{"damage":8,"enemies":"downfall:LadyInBlue","floor":40,"turns":5},{"damage":9,"enemies":"Transient","floor":43,"turns":5},{"damage":0,"enemies":"HollowMod:StalkingDevout","floor":46,"turns":2},{"damage":5,"enemies":"Spire Growth","floor":48,"turns":3},{"damage":32,"enemies":"4 Shapes","floor":49,"turns":2},{"damage":68,"enemies":"DF_ARCHETYPE_ORBS","floor":50,"turns":7}],"seed_played":"3283985952571057305","potions_obtained":[{"floor":5,"key":"SteroidPotion"},{"floor":9,"key":"Dexterity Potion"},{"floor":11,"key":"Fire Potion"},{"floor":13,"key":"Block Potion"},{"floor":16,"key":"Fire Potion"},{"floor":26,"key":"FearPotion"},{"floor":28,"key":"SneckoOil"},{"floor":30,"key":"FearPotion"},{"floor":33,"key":"Weak Potion"},{"floor":37,"key":"Energy Potion"},{"floor":38,"key":"BlessingOfTheForge"},{"floor":39,"key":"Venom Potion"},{"floor":40,"key":"DuplicationPotion"},{"floor":40,"key":"Explosive Potion"},{"floor":40,"key":"bronze:BuildAFunctionPotion"},{"floor":49,"key":"ColorlessPotion"}],"is_trial":false,"path_per_floor":["R","?","M","$","M","M","T","$","M","?","M","R","M","M","M","B",null,"T","?","?","T","AVR","?","T","T","?","?","?","?","?","?","?","B",null,"T","?","?","?","?","?","T","T","?","T","?","E","?","?","?","B",null],"character_chosen":"THE_AUTOMATON","items_purchased":["bronze:DelayedSlice","Unceasing Top"],"campfire_rested":0,"item_purchase_floors":[4,21],"current_hp_per_floor":[70,70,70,70,70,63,63,61,58,58,62,62,61,61,64,31,70,70,70,66,70,70,56,56,56,70,70,66,47,54,65,70,68,70,70,57,39,43,56,62,68,70,61,67,70,70,70,70,47,7],"gold":694,"neow_bonus":"RANDOM_COMMON_RELIC","is_daily":false,"chose_seed":false,"campfire_upgraded":6,"win_rate":0.0,"timestamp":1612215089,"path_taken":["R","?","M","$","?","M","T","$","M","?","M","R","M","M","M","BOSS","T","?","?","?","AVR","?","T","?","?","?","?","?","?","?","?","BOSS","T","?","?","?","?","?","T","T","?","T","?","E","?","?","?","BOSS"],"items_purchased_type":["Card","Relic"],"build_version":"2020-12-22","purchased_purges":0,"victory":true,"max_hp_per_floor":[70,70,70,70,70,70,70,70,70,70,70,70,70,70,70,70,70,70,70,70,70,70,70,70,70,70,70,70,70,70,70,70,70,70,70,70,70,70,70,70,70,70,70,70,70,70,70,70,70,70],"card_choices":[{"not_picked":["bronze:Frontload","bronze:Deprecate","bronze:BuggyMess"],"picked":"SKIP","floor":3},{"not_picked":["bronze:ForceShield","bronze:Turbo","bronze:FineTuning"],"picked":"SKIP","floor":4},{"not_picked":["bronze:Verify","bronze:BugBarrage"],"picked":"bronze:Branch","floor":5},{"not_picked":["bronze:Overheat","bronze:Optimize","bronze:NullPointer"],"picked":"SKIP","floor":6},{"not_picked":["bronze:DelayedGuard","bronze:Overheat","bronze:BuggyMess"],"picked":"SKIP","floor":8},{"not_picked":["bronze:BitShift","bronze:Backtrace"],"picked":"bronze:WhirlingStrike","floor":9},{"not_picked":["bronze:CutThrough","bronze:CloningBeam","bronze:Philosophize"],"picked":"SKIP","floor":11},{"not_picked":["bronze:Fortify","bronze:Invalidate"],"picked":"bronze:FollowUp","floor":13},{"not_picked":["bronze:SpaghettiCode","bronze:Terminator"],"picked":"bronze:OilSpill","floor":14},{"not_picked":["bronze:Invalidate","bronze:GetLatest","bronze:BugBarrage"],"picked":"SKIP","floor":15},{"not_picked":["bronze:Format","bronze:Mutator"],"picked":"bronze:RecursiveStrike","floor":16},{"not_picked":["bronze:Boost+1","bronze:WildBeam","bronze:DelayedGuard"],"picked":"SKIP","floor":19},{"not_picked":["bronze:Repulsor","bronze:Turbo"],"picked":"bronze:Repair","floor":20},{"not_picked":["bronze:BitShift","bronze:Repulsor"],"picked":"bronze:ChildClass+1","floor":21},{"not_picked":["bronze:Safeguard","bronze:DigitalCarnage","bronze:Deprecate+1"],"picked":"SKIP","floor":23},{"not_picked":["bronze:Turbo","bronze:CutThrough","bronze:Overheat"],"picked":"SKIP","floor":26},{"not_picked":["bronze:Invalidate+1","bronze:Refactor","bronze:Frontload+1"],"picked":"SKIP","floor":28},{"not_picked":["bronze:Constructor","bronze:NullPointer","bronze:Overload"],"picked":"SKIP","floor":29},{"not_picked":["bronze:FindAndReplace","bronze:Turbo","bronze:Deprecate+1"],"picked":"SKIP","floor":30},{"not_picked":["bronze:Overheat","bronze:ItsAFeature","bronze:DelayedGuard"],"picked":"SKIP","floor":31},{"not_picked":["bronze:Separator+1","bronze:Deprecate","bronze:WhirlingStrike"],"picked":"SKIP","floor":32},{"not_picked":["bronze:Constructor+1","bronze:DelayedGuard","bronze:WildBeam+1"],"picked":"SKIP","floor":36},{"not_picked":["bronze:Overheat","bronze:BitShift"],"picked":"bronze:DelayedSlice","floor":37},{"not_picked":["bronze:Optimize+1","bronze:Overheat+1","bronze:WhirlingStrike"],"picked":"SKIP","floor":38},{"not_picked":["bronze:HyperBeam","bronze:CloningBeam+1","bronze:Overheat+1"],"picked":"SKIP","floor":39},{"not_picked":["bronze:BitShift","bronze:Invalidate+1"],"picked":"bronze:Branch+1","floor":40},{"not_picked":["bronze:BitShift+1","bronze:BronzeArmor","bronze:Boost+1"],"picked":"SKIP","floor":43},{"not_picked":["bronze:MaxOutput","bronze:DigitalCarnage+1"],"picked":"bronze:WhirlingStrike+1","floor":46},{"not_picked":["bronze:Separator","bronze:ForLoop","bronze:WhirlingStrike+1"],"picked":"SKIP","floor":48},{"not_picked":["bronze:ItsAFeature+1","bronze:BitShift"],"picked":"bronze:OilSpill+1","floor":49}],"player_experience":153049,"relics_obtained":[{"floor":7,"key":"hubris:BundleOfHerbs"},{"floor":24,"key":"Centennial Puzzle"},{"floor":25,"key":"Iron Hammer"},{"floor":40,"key":"Potion Belt"},{"floor":41,"key":"infinitespire:Midas Blood"},{"floor":46,"key":"Ancient Tea Set"}],"event_choices":[{"damage_healed":0,"gold_gain":0,"player_choice":"Ignored","damage_taken":0,"max_hp_gain":0,"max_hp_loss":0,"event_name":"Mysterious Sphere","floor":47,"gold_loss":0}],"is_beta":false,"boss_relics":[{"not_picked":["ReplayTheSpireMod:SealedPack","ChewingGum"],"picked":"Painkiller Herb"},{"not_picked":["Kintsugi","Astrolabe"],"picked":"hubris:VirtuousBlindfold"}],"items_purged_floors":[],"is_endless":false,"potions_floor_spawned":[5,9,11,13,16,26,28,30,31,33,37,38,39,49],"ascension_level":3}}