{"host":"4a0aa7b2d8dxohwr","time":1612186979,"event":{"mods":["ATMod(∞¢Ë™Mod)","Act Like it!","BaseMod","Dota2Spire","Friendly Minions","Gensokyo","GifTheSpireLib","GungeonMod","Marisa£®ÏF”Í°°ƒß¿Ì…≥£©","Minty Spire (QoL Compilation)","Reimu£®≤©¿ˆ¡È√Œ£©","Reliquary","Remilia£®¿Ÿ√◊¿Ú—«£©","Shop Mod","StSLib","The Cursed","The Senshi","The Servant 0.9.4","Youmu£®ªÍ∆«—˝√Œ£©","[IsaacMod]“‘»ˆº‚À˛","°æ“≈ŒÔø®≈∆°øREMEMod"],"gold_per_floor":[118,118,118,82,95,95,105,130,130,130,144,176,189,208,208,308,308,325,342,342,354,354,407,210,236,236,236,564,583,610,620,620,718,718,731,288,288,300,315,348,359,105,105,133,151,165,197,197,197,197,197,197,55,84,84],"floor_reached":56,"language":"ZHS","playtime":4636,"items_purged":["Strike_G","Strike_G","Strike_G"],"score":2377,"play_id":"dc16a84d-ef64-44c1-8dff-a17d1267de36","local_time":"20210201214259","is_ascension_mode":true,"campfire_choices":[{"data":"AT_FamilyPortrait","floor":6.0,"key":"SMITH"},{"data":"Neutralize","floor":10.0,"key":"SMITH"},{"data":"Footwork","floor":15.0,"key":"SMITH"},{"data":"REME_SpectralBlade","floor":27.0,"key":"SMITH"},{"data":"Tactician","floor":32.0,"key":"SMITH"},{"floor":49,"key":"RECALL"},{"data":"AT_EssenceShift","floor":52,"key":"SMITH"}],"circlet_count":0,"master_deck":["Strike_G","Defend_G","Defend_G","Defend_G","Defend_G","Defend_G+1","Survivor","Neutralize+1","AT_FamilyPortrait+1","Blade Dance","Backflip","Heel Hook","Sucker Punch","Footwork+1","AT_FamilyPortrait+1","REME_SpectralBlade+1","Acrobatics","Blade Dance+1","PiercingWail","AT_WindFlip+1","Underhanded Strike+1","Tactician+1","Concentrate+1","AT_ShadowStep","Envenom","Finisher+1","REME_GreenPollution","AT_KingSlayer","Cloak And Dagger","After Image","Tactician+1","Prepared+1","Dagger Throw","AT_EssenceShift+1","Accuracy","Accuracy+1"],"relics":["HushsDoor","AT_ATBox","REME_ComplimentaryCards","Coffee Dripper","Dota2Spire:BladeMail","Gensokyo:NagashiBinaDoll","Ancient Tea Set","BlankCard","HoveringKite","Gensokyo:DirgeOfMelancholy","Dota2Spire:MagicBottle","REME_CardOfGreed","reliquary:RoseTintedGlasses","theSenshi:SuperSailorFukuRelic","reliquary:Stiletto","Kunai","DemoMod:GlassGuonStoneRelic","MagicMushroom","Membership Card","Dota2Spire:UrnOfShadows","reliquary:SilkGlove","Dota2Spire:LinkenSphere","Bag of Preparation","The Courier","BookOfRevelations","MerchantsRug","Boot","Mercury Hourglass","Dota2Spire:ArcaneBoots","DemoMod:MonsterBlood"],"acts_visited":["Exordium","Gensokyo:Gensokyo","TheBeyond","TheEnding"],"potions_floor_usage":[55,55],"damage_taken":[{"damage":0.0,"enemies":"Gensokyo:3_Fairies","floor":1.0,"turns":4.0},{"damage":0.0,"enemies":"Gensokyo:2_Kodama","floor":5.0,"turns":5.0},{"damage":0.0,"enemies":"Gensokyo:Python","floor":7.0,"turns":3.0},{"damage":0.0,"enemies":"Gensokyo:Cirno","floor":8.0,"turns":6.0},{"damage":1.0,"enemies":"Gensokyo:5_Fairies","floor":11.0,"turns":6.0},{"damage":0.0,"enemies":"Gensokyo:Aya","floor":12.0,"turns":4.0},{"damage":0.0,"enemies":"Gensokyo:Kitsune","floor":13.0,"turns":4.0},{"damage":0.0,"enemies":"Gensokyo:2_Rabbits","floor":14.0,"turns":3.0},{"damage":0.0,"enemies":"Gensokyo:Reimu","floor":16.0,"turns":13.0},{"damage":2.0,"enemies":"Gensokyo:3_Dogs","floor":18.0,"turns":7.0},{"damage":2.0,"enemies":"Gensokyo:CosmicMonolith","floor":19.0,"turns":4.0},{"damage":9.0,"enemies":"Gensokyo:Slime_Group","floor":21.0,"turns":4.0},{"damage":2.0,"enemies":"Gensokyo:Tenshi","floor":23.0,"turns":6.0},{"damage":1.0,"enemies":"Gensokyo:Koishi","floor":25.0,"turns":7.0},{"damage":4.0,"enemies":"Gensokyo:Tenshi","floor":28.0,"turns":4.0},{"damage":0.0,"enemies":"Gensokyo:Wraith","floor":29.0,"turns":4.0},{"damage":0.0,"enemies":"Gensokyo:Reisen","floor":30.0,"turns":7.0},{"damage":0.0,"enemies":"Gensokyo:Mirror_and_Dog","floor":31.0,"turns":2.0},{"damage":0.0,"enemies":"Gensokyo:Eternal_Rivals","floor":33.0,"turns":8.0},{"damage":0.0,"enemies":"3 Darklings","floor":35.0,"turns":3.0},{"damage":0.0,"enemies":"Orb Walker","floor":38.0,"turns":2.0},{"damage":11.0,"enemies":"Sphere and 2 Shapes","floor":39.0,"turns":2.0},{"damage":0.0,"enemies":"Reptomancer","floor":40.0,"turns":4.0},{"damage":0.0,"enemies":"Spire Growth","floor":41.0,"turns":2.0},{"damage":0.0,"enemies":"Giant Head","floor":44.0,"turns":5.0},{"damage":0.0,"enemies":"Writhing Mass","floor":45.0,"turns":4.0},{"damage":0,"enemies":"4 Shapes","floor":46,"turns":2},{"damage":0,"enemies":"Reptomancer","floor":47,"turns":4},{"damage":0,"enemies":"Time Eater","floor":50,"turns":6},{"damage":0,"enemies":"Shield and Spear","floor":54,"turns":4},{"damage":0,"enemies":"The Heart","floor":55,"turns":5}],"seed_played":"8393845338982226461","potions_obtained":[{"floor":1.0,"key":"BlessingOfTheForge"},{"floor":5.0,"key":"EntropicBrew"},{"floor":13.0,"key":"DuplicationPotion"},{"floor":21.0,"key":"Strength Potion"},{"floor":23.0,"key":"SteroidPotion"},{"floor":28.0,"key":"FearPotion"},{"floor":30.0,"key":"Fire Potion"},{"floor":31.0,"key":"CunningPotion"},{"floor":39.0,"key":"GamblersBrew"},{"floor":41.0,"key":"PowerPotion"}],"is_trial":false,"path_per_floor":["M","?","?","COS","M","R","M","E","T","R","M","E","M","M","R","B",null,"M","M","?","M","?","E","COS","E","T","R","E","M","E","M","R","B",null,"M","$","?","M","M","E","M","$","T","E","M","M","E","?","R","B",null,"R","$","E","B",null],"character_chosen":"THE_SILENT","items_purchased":["Membership Card","Dota2Spire:UrnOfShadows","reliquary:SilkGlove","AT_KingSlayer","Cloak And Dagger","Medical Kit","Dota2Spire:LinkenSphere","NineVolt","MerchantsRug","Boot","Mercury Hourglass","Dota2Spire:ArcaneBoots"],"campfire_rested":0,"item_purchase_floors":[36,36,36,36,36,42,42,53,53,53,53,53],"current_hp_per_floor":[63,48,48,48,48,48,48,48,48,48,47,56,56,56,56,56,67,68,66,66,57,57,55,55,70,70,70,70,70,70,70,70,70,77,77,77,77,77,67,68,69,69,69,77,77,77,77,77,77,77,77,77,77,84,84],"gold":84,"neow_bonus":"BOSS_RELIC","is_daily":false,"chose_seed":false,"campfire_upgraded":6,"win_rate":0.0,"timestamp":1612186979,"path_taken":["M","?","?","COS","M","R","M","E","T","R","M","E","M","M","R","BOSS","M","M","?","M","?","E","COS","E","T","R","E","M","E","M","R","BOSS","M","$","?","M","M","E","M","$","T","E","M","M","E","?","R","BOSS","R","$","E","BOSS"],"items_purchased_type":["Relic","Relic","Relic","Card","Card","Relic","Relic","Relic","Relic","Relic","Relic","Relic"],"build_version":"2020-12-22","purchased_purges":3,"victory":true,"max_hp_per_floor":[70,70,70,70,70,70,70,70,70,70,70,70,70,70,70,70,70,70,70,70,70,70,70,70,70,70,70,70,70,70,70,70,70,77,77,77,77,77,77,77,77,77,77,77,77,77,77,77,77,77,77,77,77,84,84],"card_choices":[{"not_picked":["Predator","Underhanded Strike","AT_TwilightShroud"],"picked":"SKIP","floor":1.0},{"not_picked":["Bane","Quick Slash"],"picked":"Blade Dance","floor":5.0},{"not_picked":["Dash","Flechettes"],"picked":"Backflip","floor":7.0},{"not_picked":["Flechettes","Blade Dance"],"picked":"Heel Hook","floor":8.0},{"not_picked":["Concentrate","Deflect"],"picked":"Sucker Punch","floor":11.0},{"not_picked":["Catalyst","Dagger Throw"],"picked":"Footwork","floor":12.0},{"not_picked":["Dodge and Roll","Bane","Well Laid Plans"],"picked":"SKIP","floor":13.0},{"not_picked":["Outmaneuver","Concentrate","Reflex"],"picked":"SKIP","floor":14.0},{"not_picked":["Tools of the Trade","Die Die Die"],"picked":"REME_SpectralBlade","floor":16.0},{"not_picked":["Bouncing Flask+1","Bane"],"picked":"Acrobatics","floor":18.0},{"not_picked":["Reflex","Blur"],"picked":"Blade Dance+1","floor":19.0},{"not_picked":["Deflect","Cloak And Dagger"],"picked":"PiercingWail","floor":21.0},{"not_picked":["Outmaneuver+1","Footwork"],"picked":"AT_WindFlip+1","floor":23.0},{"not_picked":["Quick Slash","AT_WindFlip+1"],"picked":"Underhanded Strike+1","floor":25.0},{"not_picked":["Dagger Spray+1","Night Terror"],"picked":"Tactician","floor":28.0},{"not_picked":["Expertise","Slice","Acrobatics"],"picked":"SKIP","floor":29.0},{"not_picked":["Poisoned Stab+1","Bane"],"picked":"Concentrate+1","floor":30.0},{"not_picked":["Quick Slash","Deadly Poison+1"],"picked":"AT_ShadowStep","floor":31.0},{"not_picked":["Bane","Quick Slash","Blade Dance"],"picked":"SKIP","floor":31.0},{"not_picked":["Malaise","Adrenaline"],"picked":"Envenom","floor":33.0},{"not_picked":["Flying Knee","Bane+1"],"picked":"Finisher+1","floor":35.0},{"not_picked":["Bane","Prepared"],"picked":"REME_GreenPollution","floor":35.0},{"not_picked":["Quick Slash","Storm of Steel"],"picked":"Tactician+1","floor":38.0},{"not_picked":["Poisoned Stab","Flechettes+1","Crippling Poison"],"picked":"SKIP","floor":38.0},{"not_picked":["Bane","Dagger Throw+1"],"picked":"Prepared+1","floor":39.0},{"not_picked":["AT_WindRun","Dash","Blade Dance+1"],"picked":"SKIP","floor":39.0},{"not_picked":["Bouncing Flask","AT_MyraUnstableElement","Backflip+1"],"picked":"SKIP","floor":40.0},{"not_picked":["Acrobatics+1","Slice","Blade Dance+1"],"picked":"SKIP","floor":41.0},{"not_picked":["Acrobatics+1","Bane","AT_TwilightShroud"],"picked":"SKIP","floor":41.0},{"not_picked":["Storm of Steel","AT_WomanClash","Flying Knee"],"picked":"SKIP","floor":44.0},{"not_picked":["Quick Slash+1","Deadly Poison"],"picked":"Dagger Throw","floor":45},{"not_picked":["Poisoned Stab","Sucker Punch","AT_Desolate+1"],"picked":"SKIP","floor":45},{"not_picked":["Concentrate+1","Outmaneuver+1"],"picked":"AT_EssenceShift","floor":46},{"not_picked":["Distraction","Dagger Spray+1"],"picked":"Accuracy","floor":46},{"not_picked":["Backflip+1","Sucker Punch","Flying Knee"],"picked":"SKIP","floor":47},{"not_picked":["Flying Knee+1","Bane"],"picked":"Accuracy+1","floor":54}],"player_experience":531684,"relics_obtained":[{"floor":8.0,"key":"Ancient Tea Set"},{"floor":12.0,"key":"BlankCard"},{"floor":23.0,"key":"Dota2Spire:MagicBottle"},{"floor":25.0,"key":"reliquary:RoseTintedGlasses"},{"floor":26.0,"key":"theSenshi:SuperSailorFukuRelic"},{"floor":28.0,"key":"Kunai"},{"floor":30.0,"key":"Prayer Wheel"},{"floor":40.0,"key":"AT_RedTearstoneRing"},{"floor":43.0,"key":"Bag of Preparation"},{"floor":44.0,"key":"The Courier"},{"floor":47,"key":"BookOfRevelations"},{"floor":54,"key":"DemoMod:MonsterBlood"}],"event_choices":[{"damage_healed":0.0,"max_hp_gain":0.0,"max_hp_loss":0.0,"gold_gain":0.0,"event_name":"Match and Keep!","player_choice":"1 cards matched","floor":37.0,"gold_loss":0.0,"damage_taken":0.0,"cards_obtained":["After Image"]},{"damage_healed":0,"gold_gain":0,"player_choice":"Memory 1","damage_taken":0,"max_hp_gain":0,"max_hp_loss":0,"event_name":"SensoryStone","floor":48,"gold_loss":0}],"is_beta":false,"boss_relics":[{"not_picked":["REME_DemonsWealth","REME_ChargedStone"],"picked":"HoveringKite"},{"not_picked":[]},{"not_picked":["SacredBark","SlaversCollar"],"picked":"MagicMushroom"},{"not_picked":[]}],"items_purged_floors":[36,42,53],"is_endless":false,"potions_floor_spawned":[1,5,13,21,23,28,30,31,38,39,41,44,46,54],"ascension_level":9}}