{"host":"uv231blk40vjdojr","time":1612190587,"event":{"mods":["BaseMod","Bestiary","Minty Spire (QoL Compilation)","Relic Stats"],"gold_per_floor":[109,129,94,94,105,139,3,23,23,23,23,54,72,82,82,161,161,179,179,199,199,199,199,228,228,228,228,246,275,288,0,0,77,77,93,93,106,117,127,154,154,186,211,161,178,198,198,223,223,223,223,223,223,7,38,38,38],"floor_reached":56,"language":"ENG","playtime":4090,"items_purged":["Injury","Clumsy","Bite"],"score":1999,"play_id":"f6a12ae9-2cc8-4591-9056-696a851e6cd0","local_time":"20210201154307","is_ascension_mode":true,"campfire_choices":[{"data":"1","floor":11.0,"key":"LIFT"},{"floor":15.0,"key":"REST"},{"data":"Armaments","floor":23.0,"key":"SMITH"},{"data":"2","floor":25.0,"key":"LIFT"},{"data":"3","floor":32.0,"key":"LIFT"},{"data":"Apotheosis","floor":41.0,"key":"SMITH"},{"floor":47.0,"key":"RECALL"},{"data":"Apotheosis","floor":49.0,"key":"SMITH"},{"data":"Feel No Pain","floor":53.0,"key":"SMITH"}],"circlet_count":0,"master_deck":["AscendersBane","Defend_R+1","Defend_R+1","Defend_R+1","Bash","Iron Wave","Inflame","Feel No Pain+1","Shockwave","Dropkick+1","Spot Weakness","Dropkick","Armaments+1","Disarm","Double Tap","Battle Trance","Bite","Bite+1","Bite","Bite","Burning Pact","Rage","True Grit","Offering","Apotheosis+1","Feed","Shrug It Off+1","Apotheosis+1","Ghostly Armor","Dark Embrace","Pommel Strike+1"],"relics":["Burning Blood","Charon\u0027s Ashes","Girya","Shuriken","Cursed Key","Enchiridion","Boot","Mercury Hourglass","White Beast Statue","SlaversCollar","Art of War","Smiling Mask","TungstenRod","Pen Nib","Whetstone"],"acts_visited":["Exordium","TheCity","TheBeyond","TheEnding"],"potions_floor_usage":[55,56],"damage_taken":[{"damage":8.0,"enemies":"Jaw Worm","floor":1.0,"turns":6.0},{"damage":13.0,"enemies":"Small Slimes","floor":2.0,"turns":4.0},{"damage":2.0,"enemies":"2 Louse","floor":5.0,"turns":4.0},{"damage":44.0,"enemies":"Lagavulin","floor":6.0,"turns":7.0},{"damage":6.0,"enemies":"2 Fungi Beasts","floor":8.0,"turns":4.0},{"damage":6.0,"enemies":"Gremlin Nob","floor":12.0,"turns":3.0},{"damage":19.0,"enemies":"Large Slime","floor":13.0,"turns":4.0},{"damage":11.0,"enemies":"3 Louse","floor":14.0,"turns":4.0},{"damage":12.0,"enemies":"The Guardian","floor":16.0,"turns":9.0},{"damage":22.0,"enemies":"Shell Parasite","floor":18.0,"turns":5.0},{"damage":8.0,"enemies":"3 Byrds","floor":20.0,"turns":2.0},{"damage":17.0,"enemies":"Gremlin Leader","floor":24.0,"turns":5.0},{"damage":22.0,"enemies":"Snake Plant","floor":28.0,"turns":4.0},{"damage":23.0,"enemies":"Slavers","floor":29.0,"turns":4.0},{"damage":6.0,"enemies":"3 Cultists","floor":30.0,"turns":3.0},{"damage":41.0,"enemies":"Automaton","floor":33.0,"turns":7.0},{"damage":6.0,"enemies":"Orb Walker","floor":35.0,"turns":2.0},{"damage":28.0,"enemies":"3 Darklings","floor":37.0,"turns":5.0},{"damage":6.0,"enemies":"Sphere and 2 Shapes","floor":38.0,"turns":3.0},{"damage":15.0,"enemies":"4 Shapes","floor":39.0,"turns":6.0},{"damage":6.0,"enemies":"Nemesis","floor":40.0,"turns":5.0},{"damage":21.0,"enemies":"Reptomancer","floor":42.0,"turns":8.0},{"damage":46.0,"enemies":"Maw","floor":45.0,"turns":8.0},{"damage":30.0,"enemies":"3 Darklings","floor":46.0,"turns":5.0},{"damage":15.0,"enemies":"Giant Head","floor":48.0,"turns":5.0},{"damage":59.0,"enemies":"Awakened One","floor":50.0,"turns":11.0},{"damage":45.0,"enemies":"Donu and Deca","floor":51.0,"turns":8.0},{"damage":90,"enemies":"Shield and Spear","floor":55,"turns":8},{"damage":52,"enemies":"The Heart","floor":56,"turns":3}],"seed_played":"-1522289562690602836","potions_obtained":[{"floor":0.0,"key":"FearPotion"},{"floor":0.0,"key":"ElixirPotion"},{"floor":0.0,"key":"LiquidBronze"},{"floor":13.0,"key":"DuplicationPotion"},{"floor":20.0,"key":"Weak Potion"},{"floor":24.0,"key":"Explosive Potion"},{"floor":30.0,"key":"ElixirPotion"},{"floor":33.0,"key":"Swift Potion"},{"floor":35.0,"key":"Fire Potion"},{"floor":38.0,"key":"Strength Potion"},{"floor":39.0,"key":"SteroidPotion"},{"floor":40.0,"key":"BloodPotion"},{"floor":45.0,"key":"SkillPotion"},{"floor":46.0,"key":"Fire Potion"},{"floor":48.0,"key":"BloodPotion"},{"floor":55,"key":"BloodPotion"}],"is_trial":false,"path_per_floor":["M","M","?","?","M","E","$","M","T","$","R","E","M","M","R","B",null,"M","?","M","?","?","R","E","R","T","?","M","E","M","$","R","B",null,"M","?","M","M","M","E","R","E","T","$","M","M","R","E","R","B","B",null,"R","$","E","B"],"character_chosen":"IRONCLAD","items_purchased":["Dropkick","Explosive Potion","Apotheosis","Pen Nib"],"campfire_rested":1,"item_purchase_floors":[7,7,31,54],"current_hp_per_floor":[66,59,75,68,72,34,34,34,34,34,34,34,21,16,38,32,64,48,48,52,52,31,31,36,36,36,36,32,28,38,38,38,33,47,55,55,56,59,60,63,63,67,67,67,46,55,55,66,66,78,74,78,78,78,22,0,0],"gold":38,"neow_bonus":"THREE_SMALL_POTIONS","is_daily":false,"chose_seed":false,"campfire_upgraded":4,"win_rate":0.0,"timestamp":1612190587,"path_taken":["M","M","?","?","M","E","$","M","T","$","R","E","M","M","R","BOSS","M","?","M","?","?","R","E","R","T","?","M","E","M","$","R","BOSS","M","?","M","M","M","E","R","E","T","$","M","M","R","E","R","BOSS","BOSS","R","$","E","BOSS"],"items_purchased_type":["Card","Potion","Card","Relic"],"build_version":"2020-12-22","purchased_purges":3,"victory":false,"max_hp_per_floor":[75,75,75,75,75,75,75,75,75,75,75,75,75,75,75,75,75,75,52,52,52,52,52,52,52,52,52,52,52,52,52,52,52,52,55,55,59,59,63,63,63,67,67,67,71,75,75,75,75,79,79,79,79,79,79,79,79],"relic_stats":{"counters":[29,151],"Charon\u0027s Ashes":[595],"Pen Nib":[2],"Whetstone":["Dropkick","Bite"],"Cursed Key":2,"Boot":[25],"Smiling Mask":125,"Burning Blood":155,"Mercury Hourglass":[382],"Shuriken":[41],"Art of War":[3],"obtain_stats":[{"Girya":9,"Enchiridion":22,"Charon\u0027s Ashes":6,"Pen Nib":54,"Whetstone":55,"Cursed Key":17,"Boot":24,"Smiling Mask":42,"Burning Blood":0,"White Beast Statue":29,"Mercury Hourglass":26,"SlaversCollar":34,"Shuriken":12,"Art of War":40,"TungstenRod":48},{"Girya":5,"Enchiridion":11,"Charon\u0027s Ashes":4,"Pen Nib":27,"Whetstone":28,"Cursed Key":9,"Boot":12,"Smiling Mask":22,"Burning Blood":0,"White Beast Statue":14,"Mercury Hourglass":12,"SlaversCollar":16,"Shuriken":6,"Art of War":21,"TungstenRod":25},{"Girya":25,"Enchiridion":52,"Charon\u0027s Ashes":21,"Pen Nib":140,"Whetstone":148,"Cursed Key":45,"Boot":57,"Smiling Mask":103,"Burning Blood":0,"White Beast Statue":65,"Mercury Hourglass":57,"SlaversCollar":75,"Shuriken":28,"Art of War":95,"TungstenRod":121}],"TungstenRod":43},"card_choices":[{"not_picked":["Power Through","Armaments"],"picked":"Iron Wave","floor":1.0},{"not_picked":["Shockwave","Flame Barrier"],"picked":"Inflame","floor":2.0},{"not_picked":["Body Slam","Heavy Blade"],"picked":"Feel No Pain","floor":5.0},{"not_picked":["Heavy Blade","Reckless Charge"],"picked":"Shockwave","floor":6.0},{"not_picked":["Sword Boomerang","Flex"],"picked":"Spot Weakness","floor":8.0},{"not_picked":["Twin Strike","Thunderclap"],"picked":"Dropkick","floor":12.0},{"not_picked":["True Grit","Rampage"],"picked":"Armaments","floor":13.0},{"not_picked":["Armaments","Impervious"],"picked":"Disarm","floor":14.0},{"not_picked":["Bludgeon","Juggernaut"],"picked":"Double Tap","floor":16.0},{"not_picked":["Havoc","Uppercut"],"picked":"Battle Trance","floor":18.0},{"not_picked":["Twin Strike","Thunderclap"],"picked":"Burning Pact","floor":20.0},{"not_picked":["Dropkick","Carnage","Headbutt"],"picked":"SKIP","floor":24.0},{"not_picked":["Flex","Power Through"],"picked":"True Grit","floor":28.0},{"not_picked":["Heavy Blade","Fire Breathing"],"picked":"Offering","floor":29.0},{"not_picked":["Flex","Armaments","Searing Blow"],"picked":"SKIP","floor":30.0},{"not_picked":["Bludgeon","Demon Form"],"picked":"Feed","floor":33.0},{"not_picked":["Armaments","Warcry+1"],"picked":"Shrug It Off+1","floor":35.0},{"not_picked":["Metamorphosis","Discovery"],"picked":"Apotheosis","floor":36.0},{"not_picked":["Armaments+1","Thunderclap+1","Infernal Blade"],"picked":"SKIP","floor":37.0},{"not_picked":["Clash","Perfected Strike"],"picked":"Ghostly Armor","floor":38.0},{"not_picked":["Warcry","Pommel Strike"],"picked":"Dark Embrace","floor":39.0},{"not_picked":["Juggernaut","Headbutt","Anger"],"picked":"SKIP","floor":40.0},{"not_picked":["Wild Strike+1","Perfected Strike+1"],"picked":"Pommel Strike+1","floor":42.0},{"not_picked":["Twin Strike+1","Inflame","Shrug It Off"],"picked":"SKIP","floor":45.0},{"not_picked":["Bloodletting","Rupture","Perfected Strike"],"picked":"SKIP","floor":46.0},{"not_picked":["Burning Pact","Sword Boomerang","Entrench+1"],"picked":"SKIP","floor":48.0},{"not_picked":["Flex","Metallicize","Twin Strike"],"picked":"SKIP","floor":55}],"player_experience":731219,"relics_obtained":[{"floor":6.0,"key":"Charon\u0027s Ashes"},{"floor":9.0,"key":"Girya"},{"floor":12.0,"key":"Shuriken"},{"floor":22.0,"key":"Enchiridion"},{"floor":24.0,"key":"Boot"},{"floor":26.0,"key":"Mercury Hourglass"},{"floor":29.0,"key":"White Beast Statue"},{"floor":40.0,"key":"Art of War"},{"floor":42.0,"key":"Smiling Mask"},{"floor":48.0,"key":"TungstenRod"},{"floor":55,"key":"Whetstone"}],"event_choices":[{"damage_healed":18.0,"max_hp_gain":0.0,"max_hp_loss":0.0,"gold_gain":0.0,"event_name":"The Cleric","player_choice":"Healed","floor":3.0,"gold_loss":35.0,"damage_taken":0.0},{"cards_removed":["Defend_R"],"damage_healed":0.0,"max_hp_gain":0.0,"max_hp_loss":0.0,"gold_gain":0.0,"event_name":"Golden Wing","player_choice":"Card Removal","floor":4.0,"gold_loss":0.0,"damage_taken":7.0},{"damage_healed":0.0,"max_hp_gain":0.0,"max_hp_loss":23.0,"gold_gain":0.0,"event_name":"Vampires","player_choice":"Became a vampire","floor":19.0,"gold_loss":0.0,"damage_taken":0.0,"cards_obtained":["Bite","Bite","Bite","Bite","Bite"]},{"damage_healed":0.0,"max_hp_gain":0.0,"max_hp_loss":0.0,"gold_gain":0.0,"event_name":"Back to Basics","player_choice":"Simplicity","floor":21.0,"gold_loss":0.0,"damage_taken":0.0,"cards_upgraded":["Defend_R","Defend_R","Defend_R"]},{"damage_healed":0.0,"max_hp_gain":0.0,"max_hp_loss":0.0,"gold_gain":0.0,"event_name":"Cursed Tome","player_choice":"Obtained Book","floor":22.0,"gold_loss":0.0,"damage_taken":21.0},{"damage_healed":0.0,"max_hp_gain":0.0,"max_hp_loss":0.0,"gold_gain":0.0,"event_name":"The Library","player_choice":"Read","floor":27.0,"gold_loss":0.0,"damage_taken":0.0,"cards_obtained":["Rage"]},{"damage_healed":0.0,"max_hp_gain":0.0,"max_hp_loss":0.0,"gold_gain":0.0,"event_name":"SensoryStone","player_choice":"Memory 1","floor":36.0,"gold_loss":0.0,"damage_taken":0.0}],"is_beta":false,"boss_relics":[{"not_picked":["Runic Cube","Ectoplasm"],"picked":"Cursed Key"},{"not_picked":["Black Blood","Runic Pyramid"],"picked":"SlaversCollar"}],"items_purged_floors":[31,44,54],"is_endless":false,"potions_floor_spawned":[1,2,8,13,14,20,24,30,33,35,37,38,39,40,42,45,46,48,55],"killed_by":"The Heart","ascension_level":20}}