{"host":"wuernuywc9gl215o","time":1612223720,"event":{"mods":["AchievementEnabler","BaseMod","Block Reminder","Key Reminder","Minty Spire (QoL Compilation)","Permanent Neow","Potion Indicator Mod","Quick Restart","Relic Stats"],"gold_per_floor":[15,28,42,42,60,60,94,94,140,157,192,192,207,207,207,303,303,323,341,375,300,318,318,345,345,345,371,371,23,58,58,58,162,162,178,178,196,212,229,229,258,258,258,285,305,316,15,35,35,35],"floor_reached":51,"language":"ENG","playtime":3584,"items_purged":["Regret","Clumsy"],"score":1241,"play_id":"03d5d25a-91bb-428f-9e67-645120f8376c","local_time":"20210201235520","is_ascension_mode":true,"campfire_choices":[{"data":"Apotheosis","floor":6.0,"key":"SMITH"},{"data":"Skewer","floor":8.0,"key":"SMITH"},{"floor":12.0,"key":"REST"},{"data":"Envenom","floor":15.0,"key":"SMITH"},{"data":"Dagger Spray","floor":23.0,"key":"SMITH"},{"data":"Backflip","floor":25.0,"key":"SMITH"},{"floor":28.0,"key":"REST"},{"data":"Footwork","floor":32.0,"key":"SMITH"},{"floor":40.0,"key":"REST"},{"floor":42.0,"key":"REST"},{"data":"PiercingWail","floor":49,"key":"SMITH"}],"circlet_count":0,"master_deck":["AscendersBane","Strike_G","Strike_G","Strike_G","Strike_G","Defend_G","Defend_G","Defend_G","Defend_G","Defend_G","Survivor","Neutralize","Apotheosis+1","Dagger Spray+1","Underhanded Strike","Skewer+1","Heel Hook","Blade Dance","Escape Plan","Backflip+1","Envenom+1","Corpse Explosion","Flying Knee+1","Predator+1","Blade Dance+1","Outmaneuver","Blur","Burst+1","Dash+1","Footwork+1","Cloak And Dagger","Die Die Die+1","Well Laid Plans+1","PiercingWail+1","Acrobatics+1","PiercingWail+1"],"relics":["Ring of the Snake","Pear","Bag of Marbles","Tiny Chest","Regal Pillow","Cursed Key","Red Mask","Question Card","keyreminder:keyreminder","Molten Egg 2","Letter Opener","Smiling Mask","SlaversCollar","Nunchaku","Mango","Bottled Tornado","Shuriken"],"acts_visited":["Exordium","TheCity","TheBeyond"],"potions_floor_usage":[48],"damage_taken":[{"damage":3.0,"enemies":"Jaw Worm","floor":1.0,"turns":7.0},{"damage":0.0,"enemies":"Small Slimes","floor":2.0,"turns":3.0},{"damage":0.0,"enemies":"Cultist","floor":3.0,"turns":3.0},{"damage":6.0,"enemies":"Lots of Slimes","floor":5.0,"turns":3.0},{"damage":24.0,"enemies":"Lagavulin","floor":7.0,"turns":8.0},{"damage":0.0,"enemies":"Gremlin Gang","floor":10.0,"turns":1.0},{"damage":13.0,"enemies":"3 Sentries","floor":11.0,"turns":7.0},{"damage":6.0,"enemies":"Looter","floor":13.0,"turns":3.0},{"damage":4.0,"enemies":"Hexaghost","floor":16.0,"turns":10.0},{"damage":10.0,"enemies":"Shell Parasite","floor":18.0,"turns":4.0},{"damage":0.0,"enemies":"Spheric Guardian","floor":19.0,"turns":3.0},{"damage":0.0,"enemies":"Masked Bandits","floor":20.0,"turns":3.0},{"damage":0.0,"enemies":"Snake Plant","floor":22.0,"turns":4.0},{"damage":0.0,"enemies":"Gremlin Leader","floor":24.0,"turns":3.0},{"damage":41.0,"enemies":"Book of Stabbing","floor":27.0,"turns":5.0},{"damage":2.0,"enemies":"Gremlin Leader","floor":30.0,"turns":5.0},{"damage":51.0,"enemies":"Collector","floor":33.0,"turns":12.0},{"damage":0.0,"enemies":"Orb Walker","floor":35.0,"turns":2.0},{"damage":0.0,"enemies":"3 Shapes","floor":37.0,"turns":2.0},{"damage":47.0,"enemies":"Spire Growth","floor":38.0,"turns":6.0},{"damage":4.0,"enemies":"Maw","floor":39.0,"turns":8.0},{"damage":10.0,"enemies":"Reptomancer","floor":41.0,"turns":6.0},{"damage":26.0,"enemies":"Nemesis","floor":44.0,"turns":7.0},{"damage":22.0,"enemies":"Transient","floor":45.0,"turns":5.0},{"damage":0.0,"enemies":"3 Darklings","floor":46.0,"turns":6.0},{"damage":0,"enemies":"4 Shapes","floor":48,"turns":3},{"damage":46,"enemies":"Donu and Deca","floor":50,"turns":9}],"seed_played":"4365696267968778817","potions_obtained":[{"floor":1.0,"key":"ColorlessPotion"},{"floor":3.0,"key":"Block Potion"},{"floor":10.0,"key":"DuplicationPotion"},{"floor":16.0,"key":"SpeedPotion"},{"floor":18.0,"key":"DistilledChaos"},{"floor":19.0,"key":"Dexterity Potion"},{"floor":22.0,"key":"Energy Potion"},{"floor":24.0,"key":"Explosive Potion"},{"floor":38.0,"key":"FairyPotion"},{"floor":39.0,"key":"Ancient Potion"},{"floor":41.0,"key":"DistilledChaos"},{"floor":46.0,"key":"Regen Potion"}],"is_trial":false,"path_per_floor":["M","M","M","?","M","R","E","R","T","M","E","R","M","?","R","B",null,"M","M","?","?","M","R","E","R","T","E","R","$","E","T","R","B",null,"M","?","M","M","M","R","E","R","T","E","M","M","$","M","R","B",null],"character_chosen":"THE_SILENT","items_purchased":["Burst","Dash+1","Footwork","Shuriken"],"campfire_rested":4,"item_purchase_floors":[29,29,29,47],"current_hp_per_floor":[60,60,60,65,59,59,45,45,45,45,32,57,51,48,48,44,75,65,65,65,65,65,65,65,65,65,24,64,64,62,62,62,11,67,67,67,67,20,16,56,46,85,99,73,51,51,51,63,63,17],"gold":35,"neow_bonus":"RANDOM_COLORLESS_2","is_daily":false,"chose_seed":false,"campfire_upgraded":7,"win_rate":0.0,"timestamp":1612223720,"path_taken":["M","M","M","?","M","R","E","R","T","M","E","R","M","?","R","BOSS","M","M","?","?","M","R","E","R","T","E","R","$","E","?","R","BOSS","M","?","M","M","M","R","E","R","T","E","?","?","$","M","R","BOSS"],"items_purchased_type":["Card","Card","Card","Relic"],"build_version":"2020-12-22","purchased_purges":2,"victory":true,"max_hp_per_floor":[70,70,70,75,75,75,85,85,85,85,85,85,85,85,85,85,85,85,85,85,85,85,85,85,85,85,85,85,85,85,85,85,85,85,85,85,85,85,85,85,85,85,99,99,99,99,99,99,99,99],"relic_stats":{"Regal Pillow":44,"Nunchaku":[10],"counters":[27,138],"Shuriken":[9],"Tiny Chest":1,"Letter Opener":[295],"Cursed Key":2,"Question Card":12,"Smiling Mask":50,"obtain_stats":[{"Regal Pillow":14,"Pear":7,"Mango":43,"Letter Opener":27,"Bottled Tornado":44,"Cursed Key":17,"Question Card":24,"Smiling Mask":30,"keyreminder:keyreminder":24,"SlaversCollar":34,"Nunchaku":41,"Shuriken":47,"Tiny Chest":11,"Molten Egg 2":26,"Bag of Marbles":9,"Red Mask":20,"Ring of the Snake":0},{"Regal Pillow":8,"Pear":5,"Mango":22,"Letter Opener":15,"Bottled Tornado":23,"Cursed Key":9,"Question Card":14,"Smiling Mask":16,"keyreminder:keyreminder":14,"SlaversCollar":17,"Nunchaku":22,"Shuriken":25,"Tiny Chest":7,"Molten Egg 2":14,"Bag of Marbles":5,"Red Mask":12,"Ring of the Snake":0},{"Regal Pillow":35,"Pear":24,"Mango":108,"Letter Opener":67,"Bottled Tornado":115,"Cursed Key":45,"Question Card":62,"Smiling Mask":72,"keyreminder:keyreminder":62,"SlaversCollar":84,"Nunchaku":108,"Shuriken":126,"Tiny Chest":32,"Molten Egg 2":62,"Bag of Marbles":24,"Red Mask":55,"Ring of the Snake":0}],"Ring of the Snake":[54]},"card_choices":[{"not_picked":["Master of Strategy","Magnetism"],"picked":"Apotheosis","floor":0.0},{"not_picked":["Quick Slash","Caltrops"],"picked":"Dagger Spray","floor":1.0},{"not_picked":["Noxious Fumes","Infinite Blades"],"picked":"Underhanded Strike","floor":2.0},{"not_picked":["Bane","Sucker Punch"],"picked":"Skewer","floor":3.0},{"not_picked":["Setup","Reflex"],"picked":"Heel Hook","floor":5.0},{"not_picked":["Deadly Poison","Sucker Punch"],"picked":"Blade Dance","floor":7.0},{"not_picked":["Flechettes","Underhanded Strike"],"picked":"Escape Plan","floor":10.0},{"not_picked":["Blade Dance","Dodge and Roll"],"picked":"Backflip","floor":11.0},{"not_picked":["Prepared","Crippling Poison"],"picked":"Envenom","floor":13.0},{"not_picked":["Envenom","Storm of Steel"],"picked":"Corpse Explosion","floor":16.0},{"not_picked":["Backflip","Slice"],"picked":"Flying Knee+1","floor":18.0},{"not_picked":["Slice","Poisoned Stab"],"picked":"Predator+1","floor":19.0},{"not_picked":["Finisher","Prepared"],"picked":"Blade Dance+1","floor":22.0},{"not_picked":["Backflip+1","Cloak And Dagger"],"picked":"Outmaneuver","floor":24.0},{"not_picked":["Prepared","Blade Dance+1","Riddle With Holes+1"],"picked":"Blur","floor":27.0},{"not_picked":["Concentrate","Choke+1","Dodge and Roll"],"picked":"Cloak And Dagger","floor":30.0},{"not_picked":["Storm of Steel","Unload+1","Doppelganger"],"picked":"Die Die Die+1","floor":33.0},{"not_picked":["Flying Knee+1","Prepared","Deadly Poison+1"],"picked":"Well Laid Plans+1","floor":35.0},{"not_picked":["Underhanded Strike+1","Masterful Stab+1","Quick Slash+1","Eviscerate+1"],"picked":"SKIP","floor":37.0},{"not_picked":["Quick Slash+1","Setup","Bane+1"],"picked":"PiercingWail+1","floor":38.0},{"not_picked":["Tools of the Trade","Cloak And Dagger","Underhanded Strike+1"],"picked":"Acrobatics+1","floor":39.0},{"not_picked":["Flying Knee+1","Escape Plan+1","Cloak And Dagger"],"picked":"PiercingWail","floor":41.0},{"not_picked":["Backflip+1","Quick Slash+1","Underhanded Strike+1","Poisoned Stab+1"],"picked":"SKIP","floor":44.0},{"not_picked":["Poisoned Stab+1","Phantasmal Killer","Dagger Throw+1","Predator+1"],"picked":"SKIP","floor":45.0},{"not_picked":["Sucker Punch+1","Flechettes+1","Reflex","Acrobatics+1"],"picked":"SKIP","floor":46.0},{"not_picked":["Prepared+1","Underhanded Strike+1","Dodge and Roll","Poisoned Stab+1"],"picked":"SKIP","floor":48}],"player_experience":759759,"relics_obtained":[{"floor":7.0,"key":"Pear"},{"floor":9.0,"key":"Bag of Marbles"},{"floor":11.0,"key":"Tiny Chest"},{"floor":20.0,"key":"Red Mask"},{"floor":24.0,"key":"Question Card"},{"floor":26.0,"key":"Molten Egg 2"},{"floor":27.0,"key":"Letter Opener"},{"floor":30.0,"key":"Smiling Mask"},{"floor":41.0,"key":"Nunchaku"},{"floor":43.0,"key":"Mango"},{"floor":44.0,"key":"Bottled Tornado"}],"event_choices":[{"damage_healed":0.0,"max_hp_gain":5.0,"max_hp_loss":0.0,"gold_gain":0.0,"event_name":"Big Fish","player_choice":"Donut","floor":4.0,"gold_loss":0.0,"damage_taken":0.0},{"damage_healed":0.0,"max_hp_gain":0.0,"max_hp_loss":0.0,"gold_gain":0.0,"event_name":"Scrap Ooze","player_choice":"Success","floor":14.0,"gold_loss":0.0,"damage_taken":3.0,"relics_obtained":["Regal Pillow"]},{"damage_healed":0.0,"max_hp_gain":0.0,"max_hp_loss":0.0,"gold_gain":0.0,"event_name":"Masked Bandits","player_choice":"Fought Bandits","floor":20.0,"gold_loss":0.0,"damage_taken":0.0},{"cards_removed":["Strike_G"],"damage_healed":0.0,"max_hp_gain":0.0,"max_hp_loss":0.0,"gold_gain":0.0,"event_name":"Beggar","player_choice":"Gave Gold","floor":21.0,"gold_loss":75.0,"damage_taken":0.0},{"damage_healed":0.0,"max_hp_gain":0.0,"max_hp_loss":0.0,"gold_gain":0.0,"event_name":"Accursed Blacksmith","player_choice":"Forge","floor":36.0,"gold_loss":0.0,"damage_taken":0.0,"cards_upgraded":["Burst"]}],"is_beta":false,"boss_relics":[{"not_picked":["SacredBark","Runic Dome"],"picked":"Cursed Key"},{"not_picked":["Tiny House","Empty Cage"],"picked":"SlaversCollar"}],"items_purged_floors":[29,47],"is_endless":false,"potions_floor_spawned":[1,3,5,10,16,18,19,22,24,38,39,41,44,46],"ascension_level":11}}