{"host":"15dd7v8o90xso62x","time":1612181574,"event":{"mods":["BaseMod","Minty Spire (QoL Compilation)","Quick Restart","StSLib","SuperFastMode"],"gold_per_floor":[15,15,15,25,25,25,53,53,105,30,41,41,74,100,100,100,100],"floor_reached":16,"language":"KOR","playtime":335,"items_purged":["Defend_G"],"score":266,"play_id":"601236eb-344d-4495-8b31-97969c418d1c","local_time":"20210201211254","is_ascension_mode":true,"campfire_choices":[{"data":"Neutralize","floor":6.0,"key":"SMITH"},{"floor":8.0,"key":"REST"},{"floor":12.0,"key":"REST"},{"data":"Venomology","floor":15.0,"key":"SMITH"}],"circlet_count":0,"master_deck":["AscendersBane","Strike_G","Strike_G","Strike_G","Strike_G","Defend_G","Defend_G","Defend_G","Defend_G","Survivor","Neutralize+1","Grand Finale","Venomology+1"],"relics":["Ring of the Snake","Akabeko","FossilizedHelix","CeramicFish","Frozen Egg 2"],"acts_visited":["Exordium"],"potions_floor_usage":[16,16],"damage_taken":[{"damage":8.0,"enemies":"Jaw Worm","floor":1.0,"turns":5.0},{"damage":0.0,"enemies":"2 Louse","floor":4.0,"turns":4.0},{"damage":38.0,"enemies":"Gremlin Nob","floor":7.0,"turns":5.0},{"damage":0.0,"enemies":"Cultist","floor":11.0,"turns":4.0},{"damage":0.0,"enemies":"3 Sentries","floor":13.0,"turns":2.0},{"damage":0.0,"enemies":"Red Slaver","floor":14.0,"turns":6.0},{"damage":38,"enemies":"Slime Boss","floor":16,"turns":9}],"seed_played":"-6634241959538663176","potions_obtained":[{"floor":4.0,"key":"Poison Potion"},{"floor":7.0,"key":"DistilledChaos"}],"is_trial":false,"path_per_floor":["M","?","?","M","$","R","E","R","T","$","M","R","E","M","R","B"],"character_chosen":"THE_SILENT","items_purchased":[],"campfire_rested":2,"item_purchase_floors":[],"current_hp_per_floor":[51,51,40,40,40,40,2,21,21,21,21,40,40,40,40,2,2],"gold":100,"neow_bonus":"THREE_RARE_CARDS","is_daily":false,"chose_seed":false,"campfire_upgraded":2,"win_rate":0.0,"timestamp":1612181574,"path_taken":["M","?","?","M","?","R","E","R","T","?","M","R","E","M","R","BOSS"],"items_purchased_type":[],"build_version":"2020-12-22","purchased_purges":1,"victory":false,"max_hp_per_floor":[66,66,66,66,66,66,66,66,66,66,66,66,66,66,66,66,66],"card_choices":[{"not_picked":["Doppelganger","Night Terror"],"picked":"Grand Finale","floor":0.0},{"not_picked":["Dodge and Roll","Deflect","Skewer"],"picked":"SKIP","floor":1.0},{"not_picked":["Slice","Concentrate","Flying Knee"],"picked":"SKIP","floor":4.0},{"not_picked":["Sucker Punch","Cloak And Dagger","Caltrops"],"picked":"SKIP","floor":7.0},{"not_picked":["Slice","Bouncing Flask","Outmaneuver"],"picked":"SKIP","floor":11.0},{"not_picked":["Outmaneuver","Dagger Spray","Predator"],"picked":"SKIP","floor":13.0},{"not_picked":["Footwork+1","Backstab"],"picked":"Venomology","floor":14.0}],"player_experience":925572,"relics_obtained":[{"floor":7.0,"key":"FossilizedHelix"},{"floor":9.0,"key":"CeramicFish"},{"floor":13.0,"key":"Frozen Egg 2"}],"event_choices":[{"cards_removed":["Strike_G"],"damage_healed":0.0,"max_hp_gain":0.0,"max_hp_loss":0.0,"gold_gain":0.0,"event_name":"Living Wall","player_choice":"Forget","floor":2.0,"gold_loss":0.0,"damage_taken":0.0},{"damage_healed":0.0,"max_hp_gain":0.0,"max_hp_loss":0.0,"gold_gain":0.0,"event_name":"Scrap Ooze","player_choice":"Success","floor":3.0,"gold_loss":0.0,"damage_taken":11.0,"relics_obtained":["Akabeko"]}],"is_beta":false,"boss_relics":[],"items_purged_floors":[10],"is_endless":false,"potions_floor_spawned":[4,7],"killed_by":"Slime Boss","ascension_level":20}}