{"host":"vl29iwkwnyytuw8q","time":1612139119,"event":{"mods":["BaseMod","Minty Spire (QoL Compilation)","Permanent Neow","Relic Stats","StSLib"],"gold_per_floor":[112,129,149,149,149,174,174,174,174],"floor_reached":8,"language":"ENG","playtime":245,"items_purged":[],"score":112,"play_id":"18931a94-7e86-47fd-b8d3-e44ec6b47631","local_time":"20210201012519","is_ascension_mode":true,"campfire_choices":[{"floor":7,"key":"REST"}],"circlet_count":0,"master_deck":["AscendersBane","Strike_G","Strike_G","Strike_G","Strike_G","Strike_G","Defend_G","Defend_G","Defend_G","Defend_G","Defend_G","Survivor","Neutralize","Dash","Heel Hook","Predator","Caltrops"],"relics":["Cursed Key","MealTicket"],"acts_visited":["Exordium"],"potions_floor_usage":[],"damage_taken":[{"damage":2.0,"enemies":"2 Louse","floor":1.0,"turns":4.0},{"damage":4.0,"enemies":"Jaw Worm","floor":2.0,"turns":5.0},{"damage":0.0,"enemies":"Cultist","floor":3.0,"turns":4.0},{"damage":37,"enemies":"Lagavulin","floor":6,"turns":8},{"damage":40,"enemies":"3 Sentries","floor":8,"turns":8}],"seed_played":"-5777128205829058626","potions_obtained":[],"is_trial":false,"path_per_floor":["M","M","M","?","?","E","R","E"],"character_chosen":"THE_SILENT","items_purchased":[],"campfire_rested":1,"item_purchase_floors":[],"current_hp_per_floor":[57,53,53,53,53,16,35,0,0],"gold":174,"neow_bonus":"BOSS_RELIC","is_daily":false,"chose_seed":false,"campfire_upgraded":0,"win_rate":0.0,"timestamp":1612139119,"path_taken":["M","M","M","?","?","E","R","E"],"items_purchased_type":[],"build_version":"2020-12-22","purchased_purges":0,"victory":false,"max_hp_per_floor":[66,66,66,66,66,66,66,66,66],"relic_stats":{"counters":[5,29],"MealTicket":0,"Cursed Key":0,"obtain_stats":[{"MealTicket":6,"Cursed Key":0,"Ring of the Snake":0},{"MealTicket":4,"Cursed Key":0,"Ring of the Snake":0},{"MealTicket":21,"Cursed Key":0,"Ring of the Snake":0}]},"card_choices":[{"not_picked":["Dagger Throw","Bane"],"picked":"Dash","floor":1.0},{"not_picked":["Outmaneuver","Sucker Punch"],"picked":"Heel Hook","floor":2.0},{"not_picked":["Expertise","Underhanded Strike"],"picked":"Predator","floor":3.0},{"not_picked":["Well Laid Plans","Dodge and Roll"],"picked":"Caltrops","floor":6}],"player_experience":656517,"relics_obtained":[{"floor":6,"key":"MealTicket"}],"event_choices":[{"damage_healed":0.0,"max_hp_gain":0.0,"max_hp_loss":0.0,"gold_gain":0.0,"event_name":"Shining Light","player_choice":"Ignored","floor":4.0,"gold_loss":0.0,"damage_taken":0.0},{"damage_healed":0,"gold_gain":0,"player_choice":"Ignored","damage_taken":0,"max_hp_gain":0,"max_hp_loss":0,"event_name":"Liars Game","floor":5,"gold_loss":0}],"is_beta":false,"boss_relics":[],"items_purged_floors":[],"is_endless":false,"potions_floor_spawned":[],"killed_by":"3 Sentries","ascension_level":20}}