{"host":"2i0myh7fqij2ti1z","time":1612169723,"event":{"mods":["Aspiration","BaseMod","Better Third Choice","Colored Powertips","Conspire","Evolution","FoggyMod","GifTheSpireLib","Highlight Path","Hubris","Minty Spire (QoL Compilation)","Permanent Neow","Quick Restart","Random Character Button","Random Character Mod","Replay The Spire","Shop Mod","Spicy Shops","StSLib","Stuff the Spire","Wandering Minibosses","óô»ðÖ¸ÄÏ"],"gold_per_floor":[117,141,141,66,3,38,38,72,72,72,72,105,105,139,139,243,243,257,356,356,356,356,356,384,384,384,408,440,440,32,60,60,156,156,176,226,226,226,37,72,72,72,72,105,129,162,162,196,196,196,196,196,96,128,128],"floor_reached":56,"language":"ENG","playtime":2371,"items_purged":["Pain","conspire:GhostlyStrike","conspire:GhostlyStrike","conspire:GhostlyDefend"],"score":1956,"play_id":"8b71da91-54ab-4bb1-b1e1-9e5c9c510bdf","local_time":"20210201165523","is_ascension_mode":true,"campfire_choices":[{"floor":15,"key":"REST"},{"data":"Bloodletting","floor":23,"key":"SMITH"},{"data":"StuffTheSpire:Slingshot","floor":25,"key":"SMITH"},{"data":"Shockwave","floor":29,"key":"SMITH"},{"floor":32,"key":"RECALL"},{"data":"Whirlwind+2","floor":49,"key":"SMITH"},{"data":"Whirlwind+3","floor":52,"key":"SMITH"}],"circlet_count":0,"master_deck":["conspire:GhostlyDefend+1","Bloodletting+1","Whirlwind+4","Shockwave+1","StuffTheSpire:Slingshot+1","Demonic Infusion+1","Shrug It Off+2","Whirlwind+1","Dual Wield+1","Panacea+1","Armaments+1"],"relics":["Burning Blood","EVO:Axolotl","Black Star","Juzu Bracelet","WarpedTongs","Mango","Lantern","Snack Pack","hubris:SphereOfDissonance","White Beast Statue","aspiration:FetidBarrel","Golden Egg","StuffTheSpire:GrapeVine","StuffTheSpire:Mouthbags","TungstenRod","StuffTheSpire:OldFever","Empty Cage","Replay:Ringing Soul","hubris:FruitBowl","Sling","hubris:Metronome","King of Hearts","Durian","StuffTheSpire:Gunfinga","FossilizedHelix","Toxic Egg 2","Replay:Bottled Flurry","Anchor","Kunai","Shuriken","StuffTheSpire:ModemDavis","StuffTheSpire:Wildfire","Letter Opener","Strawberry","StuffTheSpire:NeowsTribute","The Courier","Magic Flower","conspire:InfiniteJournal","MealTicket","Orichalcum","War Paint","StuffTheSpire:Rhapsscallions","Bottled Flame","hubris:TinFlute","Replay:Baseball"],"acts_visited":[],"potions_floor_usage":[8,14,28,33,50,50,55],"damage_taken":[{"damage":1,"enemies":"Cultist","floor":1,"turns":4},{"damage":40,"enemies":"Gremlin Nob","floor":6,"turns":6},{"damage":42,"enemies":"Lagavulin","floor":8,"turns":7},{"damage":19,"enemies":"Gremlin Nob","floor":12,"turns":3},{"damage":5,"enemies":"3 Sentries","floor":14,"turns":3},{"damage":11,"enemies":"Fading Forest","floor":16,"turns":11},{"damage":3,"enemies":"Chosen","floor":18,"turns":2},{"damage":2,"enemies":"Gremlin Leader","floor":24,"turns":3},{"damage":0,"enemies":"Slavers","floor":28,"turns":1},{"damage":3,"enemies":"Book of Stabbing","floor":31,"turns":2},{"damage":1,"enemies":"conspire:MysteriousRune","floor":33,"turns":3},{"damage":0,"enemies":"Orb Walker","floor":35,"turns":1},{"damage":0,"enemies":"2 Orb Walkers","floor":36,"turns":2},{"damage":0,"enemies":"R_Hoarder","floor":40,"turns":2},{"damage":11,"enemies":"Reptomancer","floor":44,"turns":3},{"damage":0,"enemies":"R_Hoarder","floor":46,"turns":6},{"damage":0,"enemies":"Reptomancer","floor":48,"turns":2},{"damage":18,"enemies":"Replay:Hell Engine","floor":50,"turns":5},{"damage":6,"enemies":"Shield and Spear","floor":54,"turns":2},{"damage":68,"enemies":"The Heart","floor":55,"turns":5}],"seed_played":"8194296616980488095","potions_obtained":[{"floor":6,"key":"Explosive Potion"},{"floor":12,"key":"Fire Potion"},{"floor":14,"key":"FairyPotion"},{"floor":16,"key":"Energy Potion"},{"floor":18,"key":"SteroidPotion"},{"floor":28,"key":"GamblersBrew"},{"floor":33,"key":"Cursed Concoction"},{"floor":40,"key":"PowerPotion"},{"floor":54,"key":"Reflective Coating"}],"is_trial":false,"path_per_floor":["M","T","?","$","?","E","T","E","T","$","?","E","?","E","R","B",null,"M","?","?","?","$","R","E","R","T","T","E","R","$","E","R","B",null,"M","?","?","?","$","E","?","$","T","E","T","E","?","E","R","B",null,"R","$","E","B",null],"character_chosen":"IRONCLAD","items_purchased":["Replay:Ringing Soul","hubris:FruitBowl","Sling","Replay:Bottled Flurry","Anchor","Panacea+1"],"campfire_rested":1,"item_purchase_floors":[22,22,22,30,30,39],"current_hp_per_floor":[72,72,72,72,86,52,52,16,16,16,19,10,13,14,39,40,75,78,81,84,86,25,25,29,29,36,39,45,45,48,55,55,60,88,94,97,97,97,101,111,111,111,111,106,109,111,111,122,122,113,120,120,122,122,63],"gold":128,"neow_bonus":"REMOVE_TWO","is_daily":false,"chose_seed":false,"campfire_upgraded":5,"win_rate":0.0,"timestamp":1612169723,"path_taken":["M","?","?","$","?","E","?","E","T","$","?","E","?","E","R","BOSS","M","?","?","?","?","R","E","R","T","?","E","R","?","E","R","BOSS","M","?","?","?","$","E","?","?","T","E","?","E","?","E","R","BOSS","R","$","E","BOSS"],"items_purchased_type":["Relic","Relic","Relic","Relic","Relic","Card"],"build_version":"2020-12-22","purchased_purges":4,"victory":true,"max_hp_per_floor":[72,72,72,72,86,86,86,86,86,86,86,86,86,86,86,86,86,86,86,86,86,86,86,86,86,93,93,93,93,93,97,97,97,97,97,97,97,97,101,111,111,111,111,111,111,111,111,122,122,122,122,122,122,122,122],"card_choices":[{"not_picked":["Body Slam","Shrug It Off"],"picked":"Rage","floor":1},{"not_picked":["Warcry","Clash"],"picked":"Bloodletting","floor":6},{"not_picked":["StuffTheSpire:TitanForm","hubris:SharpeningStone"],"picked":"Whirlwind","floor":8},{"not_picked":["Anger","StuffTheSpire:RockThrow"],"picked":"Shockwave","floor":12},{"not_picked":["True Grit","Thunderclap"],"picked":"StuffTheSpire:Slingshot","floor":14},{"not_picked":["Barricade","Limit Break"],"picked":"Demonic Infusion","floor":16},{"not_picked":["Heavy Blade+1","Body Slam"],"picked":"Shrug It Off+1","floor":18},{"not_picked":["ReplayTheSpireMod:Limb From Limb+1","Cleave+1","Spot Weakness"],"picked":"SKIP","floor":24},{"not_picked":["Perfected Strike+1","Twin Strike+1","StuffTheSpire:Incineration"],"picked":"SKIP","floor":28},{"not_picked":["conspire:HitWhereItHurts","ReplayTheSpireMod:LeadingStrike+1"],"picked":"Dual Wield+1","floor":31},{"not_picked":["hubris:SharpeningStone+1","Replay:Undeath\u0027s Touch","StuffTheSpire:Slingshot+1"],"picked":"SKIP","floor":35},{"not_picked":["Combust+1","hubris:ReadiedAction+1","Seeing Red+1"],"picked":"SKIP","floor":40},{"not_picked":["ReplayTheSpireMod:Corrosion Curse+1","StuffTheSpire:Slingshot+1","Warcry+1"],"picked":"SKIP","floor":44},{"not_picked":["Sword Boomerang","ReplayTheSpireMod:LeadingStrike+1","Cleave"],"picked":"SKIP","floor":46},{"not_picked":["hubris:StunningStrike","StuffTheSpire:Resist+1"],"picked":"Armaments+1","floor":48},{"not_picked":["Run Through+1","ReplayReversal+1","Body Slam+1"],"picked":"SKIP","floor":54}],"player_experience":321074,"relics_obtained":[{"floor":6,"key":"Lantern"},{"floor":6,"key":"Snack Pack"},{"floor":7,"key":"hubris:SphereOfDissonance"},{"floor":8,"key":"White Beast Statue"},{"floor":8,"key":"aspiration:FetidBarrel"},{"floor":9,"key":"Golden Egg"},{"floor":12,"key":"StuffTheSpire:GrapeVine"},{"floor":12,"key":"StuffTheSpire:Mouthbags"},{"floor":14,"key":"TungstenRod"},{"floor":14,"key":"StuffTheSpire:OldFever"},{"floor":24,"key":"hubris:Metronome"},{"floor":24,"key":"King of Hearts"},{"floor":26,"key":"Durian"},{"floor":27,"key":"StuffTheSpire:Gunfinga"},{"floor":28,"key":"FossilizedHelix"},{"floor":28,"key":"Toxic Egg 2"},{"floor":31,"key":"Kunai"},{"floor":31,"key":"Shuriken"},{"floor":36,"key":"StuffTheSpire:Wildfire"},{"floor":40,"key":"Letter Opener"},{"floor":40,"key":"Strawberry"},{"floor":43,"key":"StuffTheSpire:NeowsTribute"},{"floor":44,"key":"The Courier"},{"floor":44,"key":"Magic Flower"},{"floor":45,"key":"MealTicket"},{"floor":46,"key":"Orichalcum"},{"floor":46,"key":"War Paint"},{"floor":48,"key":"StuffTheSpire:Rhapsscallions"},{"floor":48,"key":"Bottled Flame"},{"floor":54,"key":"hubris:TinFlute"},{"floor":54,"key":"Replay:Baseball"}],"event_choices":[{"damage_healed":0,"gold_gain":0,"player_choice":"Rummage","damage_taken":0,"relics_obtained":["WarpedTongs"],"max_hp_gain":0,"max_hp_loss":0,"event_name":"Accursed Blacksmith","floor":3,"gold_loss":0,"cards_obtained":["Pain"]},{"damage_healed":0,"gold_gain":0,"player_choice":"Paid Gold","damage_taken":0,"relics_obtained":["Mango"],"max_hp_gain":0,"max_hp_loss":0,"event_name":"WeMeetAgain","floor":5,"gold_loss":63},{"damage_healed":0,"gold_gain":0,"player_choice":"Agree","damage_taken":0,"max_hp_gain":0,"max_hp_loss":0,"event_name":"conspire:LoneGhost","floor":11,"gold_loss":0},{"damage_healed":0,"gold_gain":99,"player_choice":"Steal","damage_taken":0,"max_hp_gain":0,"max_hp_loss":0,"event_name":"betterThird:BetterNest","floor":19,"gold_loss":0},{"cards_removed":["Bash"],"damage_healed":0,"gold_gain":0,"player_choice":"Purged","damage_taken":0,"max_hp_gain":0,"max_hp_loss":0,"event_name":"Purifier","floor":20,"gold_loss":0},{"damage_healed":0,"gold_gain":0,"player_choice":"Copied","damage_taken":0,"max_hp_gain":0,"max_hp_loss":0,"event_name":"Duplicator","floor":21,"gold_loss":0,"cards_obtained":["Whirlwind"]},{"damage_healed":0,"gold_gain":0,"player_choice":"Fight","damage_taken":0,"max_hp_gain":0,"max_hp_loss":0,"event_name":"Mysterious Sphere","floor":36,"gold_loss":0},{"cards_removed":["Rage"],"damage_healed":0,"gold_gain":0,"player_choice":"Removed Skill","damage_taken":0,"max_hp_gain":0,"max_hp_loss":0,"event_name":"Falling","floor":37,"gold_loss":0},{"damage_healed":0,"gold_gain":0,"player_choice":"Bought 0 Potions","damage_taken":0,"max_hp_gain":0,"max_hp_loss":0,"event_name":"The Woman in Blue","floor":38,"gold_loss":0},{"damage_healed":0,"gold_gain":0,"player_choice":"Upgraded","damage_taken":0,"max_hp_gain":0,"max_hp_loss":0,"event_name":"Upgrade Shrine","floor":47,"gold_loss":0,"cards_upgraded":["Whirlwind"]}],"is_beta":false,"boss_relics":[{"not_picked":["hubris:ScarierMask","ReplayTheSpireMod:DimensionalGlitch"],"picked":"Empty Cage"},{"not_picked":["Mark of Pain","Replay:Ancient Bell"],"picked":"StuffTheSpire:ModemDavis"}],"items_purged_floors":[4,22,39,53],"is_endless":false,"potions_floor_spawned":[6,12,14,16,18,24,28,31,33,35,36,40,44,46,48,54],"ascension_level":9}}