{"host":"pesfwaef25r60kxm","time":1612161866,"event":{"mods":["ATMod(阿瑾Mod)","Act Like it!","Arknights","BaseMod","Colored Powertips","Downfall","Gensokyo","Minty Spire (QoL Compilation)","Pale of the Ancients","Replay The Spire","RumiaBox-露米娅的神秘盒子","Shop Mod","Spicy Shops","StSLib","Waifu the Spire","WarShipGirlsR/战舰少女R mod","[IsaacMod]以撒尖塔","noobMod","【功能Mod】聪明的最终Boss","【遗物卡牌】REMEMod"],"gold_per_floor":[112,55,55,71,71,71,96,96,96,96,67,80,105,105,105,208,208,219,219,219],"floor_reached":19,"language":"ZHS","playtime":581,"items_purged":["Injury"],"score":284,"play_id":"6b5b0486-69e2-42aa-bd05-377185454175","local_time":"20210201144426","is_ascension_mode":true,"campfire_choices":[{"data":"rmod:maintain","floor":6,"key":"SMITH"},{"data":"ReplayTheSpireMod:Necrosis","floor":8,"key":"SMITH"},{"floor":10,"key":"RECALL"},{"floor":15,"key":"DIG"}],"circlet_count":0,"master_deck":["Strike_G","Strike_G","Strike_G","Strike_G","Strike_G+1","Defend_G","Defend_G","Defend_G","Survivor","Neutralize+1","AT_FamilyPortrait","rmod:maintain+1","Deadly Poison","Phantasmal Killer+1","ReplayTheSpireMod:Necrosis+1","AT_ArcaneSupremacy","Blur","Night Terror","AT_Desolate+1"],"relics":["Ring of the Serpent","HushsDoor","ice","REME_ComplimentaryCards","AT_ATBox","PillsDrop","NeowsBlessing","Juzu Bracelet","Baka2","Blue Doll","AT_SilvercatRing","SharpPlug","Replay:Bottled Flurry","SatanicBible"],"acts_visited":["Exordium","TheCity"],"potions_floor_usage":[11],"damage_taken":[{"damage":0,"enemies":"Cultist","floor":1,"turns":1},{"damage":9,"enemies":"Small Slimes","floor":4,"turns":1},{"damage":32,"enemies":"Gremlin Nob","floor":7,"turns":4},{"damage":8,"enemies":"Jaw Worm","floor":11,"turns":4},{"damage":20,"enemies":"Gremlin Gang","floor":12,"turns":4},{"damage":3,"enemies":"Lagavulin","floor":13,"turns":5},{"damage":0,"enemies":"Slime Boss","floor":16,"turns":3},{"damage":0,"enemies":"Spheric Guardian","floor":18,"turns":3},{"damage":0,"enemies":"Chosen","floor":19,"turns":1}],"seed_played":"-6138819370629523641","potions_obtained":[{"floor":7,"key":"Fire Potion"},{"floor":11,"key":"DuplicationPotion"}],"is_trial":false,"path_per_floor":["M","$","?","M","?","R","E","R","T","R","M","M","E","?","R","B",null,"M","M"],"character_chosen":"THE_SILENT","items_purchased":["Juzu Bracelet","SatanicBible"],"campfire_rested":0,"item_purchase_floors":[2,17],"current_hp_per_floor":[65,65,65,60,60,60,28,28,28,28,32,12,62,49,49,49,51,51,52,52],"gold":219,"neow_bonus":"THREE_ENEMY_KILL","is_daily":false,"chose_seed":false,"campfire_upgraded":2,"win_rate":0.0,"timestamp":1612161866,"path_taken":["M","?","?","M","?","R","E","R","T","R","M","M","E","?","R","BOSS","M","M"],"items_purchased_type":["Relic","Relic"],"build_version":"2020-12-22","purchased_purges":1,"victory":false,"max_hp_per_floor":[65,65,65,65,65,65,65,65,65,65,65,65,66,66,66,66,51,52,52,52],"card_choices":[{"not_picked":["Dagger Throw","Hidden Blade"],"picked":"Deadly Poison","floor":1},{"not_picked":["PiercingWail","Cloak And Dagger","Deadly Poison"],"picked":"SKIP","floor":4},{"not_picked":["PiercingWail","Prepared"],"picked":"ReplayTheSpireMod:Necrosis","floor":7},{"not_picked":["Outmaneuver","Deadly Poison"],"picked":"AT_ArcaneSupremacy","floor":11},{"not_picked":["ReplayTheSpireMod:Tripwire","Finisher","Expertise"],"picked":"SKIP","floor":12},{"not_picked":["Hidden Blade","Slice"],"picked":"Blur","floor":13},{"not_picked":["Venomology","Grand Finale"],"picked":"Night Terror","floor":16},{"not_picked":["Bane","Dagger Throw"],"picked":"AT_Desolate+1","floor":18}],"player_experience":122153,"relics_obtained":[{"floor":1,"key":"Baka"},{"floor":4,"key":"Baka2"},{"floor":7,"key":"Blue Doll"},{"floor":9,"key":"AT_SilvercatRing"},{"floor":13,"key":"SharpPlug"},{"floor":15,"key":"Replay:Bottled Flurry"}],"event_choices":[{"damage_healed":0,"gold_gain":0,"player_choice":"Entered Light","damage_taken":13,"max_hp_gain":0,"max_hp_loss":0,"event_name":"Shining Light","floor":14,"gold_loss":0,"cards_upgraded":["Strike_G","Neutralize"]}],"is_beta":false,"boss_relics":[{"not_picked":["Sozu","Replay:Ancient Bell"],"picked":"Ring of the Serpent"},{"not_picked":[]}],"items_purged_floors":[17],"is_endless":false,"potions_floor_spawned":[7,11],"killed_by":"Chosen","ascension_level":3}}