{"host":"szp1d6dso4pv7ddl","time":1612154541,"event":{"mods":["AchievementEnabler","Alarm Clock","BaseMod","Bestiary","Block Reminder","Colored Map","Colored Powertips","Curses Come First","Dark Map","Displayed Cursed Tome","Highlight Path","Minty Spire (QoL Compilation)","Permanent Neow","Quick Restart","Relic Sorter","Relic Stats","StSLib","Synergy Search"],"gold_per_floor":[367,383,395,7,7,20,35,35,61,75,90,17,35,49,49,123,123,142,142,66,66,78,78,95,95,95],"floor_reached":25,"language":"ENG","playtime":1588,"items_purged":["Normality"],"score":348,"play_id":"fe532a5b-add2-428e-abbd-490c281c62b9","local_time":"20210131204221","is_ascension_mode":true,"campfire_choices":[{"data":"Defragment","floor":8,"key":"SMITH"},{"floor":15,"key":"REST"},{"floor":23,"key":"REST"}],"circlet_count":0,"master_deck":["AscendersBane","Strike_B","Strike_B","Strike_B","Defend_B","Defend_B","Defend_B","Defend_B","Zap","Dualcast","Self Repair","Defragment+1","Capacitor","Machine Learning","Melter","Self Repair","Lockon","Leap","Conserve Battery","Glacier","Conserve Battery","Amplify","Multi-Cast","Shame","Glacier","Blizzard"],"relics":["Cracked Core","Nunchaku","Mercury Hourglass","Art of War","Philosopher\u0027s Stone"],"acts_visited":["Exordium","TheCity"],"potions_floor_usage":[10,13,25],"damage_taken":[{"damage":4,"enemies":"Jaw Worm","floor":1,"turns":4},{"damage":11,"enemies":"Cultist","floor":2,"turns":4},{"damage":6,"enemies":"2 Louse","floor":3,"turns":3},{"damage":6,"enemies":"Looter","floor":6,"turns":2},{"damage":14,"enemies":"3 Louse","floor":7,"turns":3},{"damage":14,"enemies":"Exordium Wildlife","floor":10,"turns":5},{"damage":0,"enemies":"Blue Slaver","floor":11,"turns":3},{"damage":20,"enemies":"Gremlin Gang","floor":13,"turns":4},{"damage":12,"enemies":"Exordium Wildlife","floor":14,"turns":3},{"damage":22,"enemies":"The Guardian","floor":16,"turns":12},{"damage":35,"enemies":"3 Byrds","floor":18,"turns":5},{"damage":0,"enemies":"Spheric Guardian","floor":22,"turns":2},{"damage":13,"enemies":"Centurion and Healer","floor":24,"turns":12},{"damage":61,"enemies":"Book of Stabbing","floor":25,"turns":10}],"seed_played":"-5347995123712291285","potions_obtained":[{"floor":1,"key":"Block Potion"},{"floor":2,"key":"ColorlessPotion"},{"floor":16,"key":"SteroidPotion"},{"floor":22,"key":"PowerPotion"}],"is_trial":false,"path_per_floor":["M","M","M","$","?","M","M","R","T","M","M","$","M","M","R","B",null,"M","?","$","?","M","R","M","E"],"character_chosen":"DEFECT","items_purchased":["Machine Learning","Mercury Hourglass","Glacier","Glacier"],"campfire_rested":2,"item_purchase_floors":[4,4,12,20],"current_hp_per_floor":[60,56,57,57,57,51,44,44,44,44,51,51,38,33,54,46,65,51,51,51,31,31,53,61,0,0],"gold":95,"neow_bonus":"TWO_FIFTY_GOLD","is_daily":false,"chose_seed":false,"campfire_upgraded":1,"win_rate":0.0,"timestamp":1612154541,"path_taken":["M","M","M","$","?","M","M","R","T","M","?","$","M","M","R","BOSS","M","?","$","?","M","R","M","E"],"items_purchased_type":["Card","Relic","Card","Card"],"build_version":"2020-12-22","purchased_purges":1,"victory":false,"max_hp_per_floor":[71,71,71,71,71,71,71,71,71,71,71,71,71,71,71,71,71,71,71,71,76,76,76,76,76,76],"relic_stats":{"Nunchaku":[2],"counters":[14,71],"Art of War":[14],"obtain_stats":[{"Nunchaku":19,"Philosopher\u0027s Stone":17,"Art of War":9,"Cracked Core":0,"Mercury Hourglass":4},{"Nunchaku":11,"Philosopher\u0027s Stone":10,"Art of War":5,"Cracked Core":0,"Mercury Hourglass":3},{"Nunchaku":47,"Philosopher\u0027s Stone":42,"Art of War":15,"Cracked Core":0,"Mercury Hourglass":11}],"Mercury Hourglass":[242]},"card_choices":[{"not_picked":["Beam Cell","Darkness"],"picked":"Self Repair","floor":1},{"not_picked":["Conserve Battery","Coolheaded"],"picked":"Defragment","floor":2},{"not_picked":["Sunder","Cold Snap"],"picked":"Capacitor","floor":3},{"not_picked":["Consume","Undo"],"picked":"Self Repair","floor":6},{"not_picked":["Fusion","Steam"],"picked":"Lockon","floor":7},{"not_picked":["Hologram","Cold Snap"],"picked":"Leap","floor":10},{"not_picked":["Leap","Compile Driver"],"picked":"Conserve Battery","floor":11},{"not_picked":["Coolheaded","Beam Cell"],"picked":"Conserve Battery","floor":13},{"not_picked":["Static Discharge","Redo"],"picked":"Amplify","floor":14},{"not_picked":["Rainbow","All For One"],"picked":"Multi-Cast","floor":16},{"not_picked":["Redo","Cold Snap","Beam Cell"],"picked":"SKIP","floor":18},{"not_picked":["Conserve Battery","Go for the Eyes","Heatsinks"],"picked":"SKIP","floor":22},{"not_picked":["Redo","Cold Snap"],"picked":"Blizzard","floor":24}],"player_experience":1337187,"relics_obtained":[{"floor":9,"key":"Art of War"}],"event_choices":[{"damage_healed":0,"gold_gain":0,"cards_transformed":["Strike_B"],"player_choice":"Transformed","damage_taken":0,"max_hp_gain":0,"max_hp_loss":0,"event_name":"Transmorgrifier","floor":5,"gold_loss":0,"cards_obtained":["Melter"]},{"damage_healed":0,"gold_gain":0,"player_choice":"Stole Relic","damage_taken":0,"relics_obtained":["Nunchaku"],"max_hp_gain":0,"max_hp_loss":0,"event_name":"Addict","floor":19,"gold_loss":0,"cards_obtained":["Shame"]},{"damage_healed":0,"gold_gain":0,"player_choice":"Shed Blood","damage_taken":25,"max_hp_gain":5,"max_hp_loss":0,"event_name":"Forgotten Altar","floor":21,"gold_loss":0}],"is_beta":false,"boss_relics":[{"not_picked":["Busted Crown","Astrolabe"],"picked":"Philosopher\u0027s Stone"}],"items_purged_floors":[4],"is_endless":false,"potions_floor_spawned":[1,2,3,6,16,22,24],"killed_by":"Book of Stabbing","ascension_level":15}}