{"host":"3y2rtlgteqp2nuo3","time":1612162503,"event":{"mods":["2.2 Compatiblity","AchievementEnabler","BaseMod","Colored Map","DeckTracker","Highlight Path","Keyboard Shortcuts","Minty Spire (QoL Compilation)","Permanent Neow","Quick Restart","StSLib","SuperFastMode","everything is the same but u backflip on backflip"],"gold_per_floor":[111,130,140,65,77,77,108,108,157,157,19,30,63,73,73,151,151,169,94,109,109,109,109],"floor_reached":22,"language":"KOR","playtime":620,"items_purged":["Strike_G","Strike_G"],"score":353,"play_id":"2d8284d7-9e41-4360-ac93-508fda0f6535","local_time":"20210201155503","is_ascension_mode":true,"campfire_choices":[{"data":"Deadly Poison","floor":6.0,"key":"SMITH"},{"floor":10.0,"key":"REST"},{"data":"Catalyst","floor":15.0,"key":"SMITH"}],"circlet_count":0,"master_deck":["AscendersBane","Defend_G+1","Defend_G+1","Defend_G+1","Defend_G+1","Survivor","Neutralize","Leg Sweep","A Thousand Cuts","Catalyst+1","Crippling Poison","Deadly Poison+1","Heel Hook","Noxious Fumes","Well Laid Plans","PiercingWail","Escape Plan","Malaise","Dodge and Roll"],"relics":["Ring of the Snake","White Beast Statue","Smiling Mask","Bottled Lightning","Empty Cage"],"acts_visited":["Exordium","TheCity"],"potions_floor_usage":[16,16,20],"damage_taken":[{"damage":0.0,"enemies":"Cultist","floor":1.0,"turns":5.0},{"damage":0.0,"enemies":"2 Louse","floor":2.0,"turns":4.0},{"damage":5.0,"enemies":"Small Slimes","floor":3.0,"turns":4.0},{"damage":4.0,"enemies":"3 Louse","floor":5.0,"turns":5.0},{"damage":26.0,"enemies":"Gremlin Nob","floor":7.0,"turns":5.0},{"damage":0.0,"enemies":"2 Fungi Beasts","floor":12.0,"turns":4.0},{"damage":24.0,"enemies":"3 Sentries","floor":13.0,"turns":8.0},{"damage":0.0,"enemies":"Red Slaver","floor":14.0,"turns":5.0},{"damage":7,"enemies":"The Guardian","floor":16,"turns":4},{"damage":19,"enemies":"Shell Parasite","floor":18,"turns":5},{"damage":22,"enemies":"3 Byrds","floor":20,"turns":4},{"damage":11,"enemies":"Cultist and Chosen","floor":22,"turns":5}],"seed_played":"7455850431447265460","potions_obtained":[{"floor":3.0,"key":"SpeedPotion"},{"floor":7.0,"key":"SkillPotion"},{"floor":12.0,"key":"Poison Potion"},{"floor":13.0,"key":"SkillPotion"},{"floor":16,"key":"SkillPotion"},{"floor":18,"key":"CultistPotion"},{"floor":20,"key":"SpeedPotion"}],"is_trial":false,"path_per_floor":["M","M","M","$","M","R","E","T","T","R","$","M","E","M","R","B",null,"M","?","M","?","M"],"character_chosen":"THE_SILENT","items_purchased":["Noxious Fumes"],"campfire_rested":1,"item_purchase_floors":[11],"current_hp_per_floor":[59,59,54,54,50,50,24,24,24,42,42,42,18,18,18,11,48,29,29,7,7,0,0],"gold":109,"neow_bonus":"TRANSFORM_TWO_CARDS","is_daily":false,"chose_seed":false,"campfire_upgraded":2,"win_rate":0.0,"timestamp":1612162503,"path_taken":["M","M","?","$","M","R","E","?","T","R","$","M","E","M","R","BOSS","M","?","M","?","M"],"items_purchased_type":["Card"],"build_version":"2020-12-22","purchased_purges":2,"victory":false,"max_hp_per_floor":[60,60,60,60,60,60,60,60,60,60,60,60,60,60,60,60,60,60,60,60,60,60,60],"card_choices":[{"not_picked":["PiercingWail","Prepared"],"picked":"Catalyst","floor":1.0},{"not_picked":["Leg Sweep","Deflect"],"picked":"Crippling Poison","floor":2.0},{"not_picked":["Terror","Leg Sweep"],"picked":"Crippling Poison","floor":3.0},{"not_picked":["Dagger Spray","Dash"],"picked":"Deadly Poison","floor":5.0},{"not_picked":["Unload","Setup"],"picked":"Heel Hook","floor":7.0},{"not_picked":["Cloak And Dagger","Endless Agony"],"picked":"Well Laid Plans","floor":12.0},{"not_picked":["Quick Slash","Eviscerate"],"picked":"PiercingWail","floor":13.0},{"not_picked":["Heel Hook","Outmaneuver"],"picked":"Escape Plan","floor":14.0},{"not_picked":["Envenom","Storm of Steel"],"picked":"Malaise","floor":16},{"not_picked":["Finisher","Blade Dance"],"picked":"Dodge and Roll","floor":18},{"not_picked":["Noxious Fumes+1","Cloak And Dagger","Underhanded Strike"],"picked":"SKIP","floor":20}],"player_experience":736468,"relics_obtained":[{"floor":7.0,"key":"White Beast Statue"},{"floor":9.0,"key":"Smiling Mask"},{"floor":13.0,"key":"Bottled Lightning"}],"event_choices":[{"cards_removed":["Crippling Poison"],"damage_healed":0,"gold_gain":0,"player_choice":"Gave Gold","damage_taken":0,"max_hp_gain":0,"max_hp_loss":0,"event_name":"Beggar","floor":19,"gold_loss":75},{"damage_healed":0,"gold_gain":0,"player_choice":"Simplicity","damage_taken":0,"max_hp_gain":0,"max_hp_loss":0,"event_name":"Back to Basics","floor":21,"gold_loss":0,"cards_upgraded":["Defend_G","Defend_G","Defend_G","Defend_G"]}],"is_beta":false,"boss_relics":[{"not_picked":["Tiny House","Black Star"],"picked":"Empty Cage"}],"items_purged_floors":[4,11],"is_endless":false,"potions_floor_spawned":[3,7,12,13,14,16,18,20],"killed_by":"Cultist and Chosen","ascension_level":16}}