{"host":"d5i1qeb9dejicw1z","time":1612145343,"event":{"mods":["AchievementEnabler","BaseMod","Better Note","BetterRewards","Evolution","Gold Saver","Minty Spire (QoL Compilation)","Permanent Neow","Relic Filter Mod","Reliquary","StSLib"],"gold_per_floor":[407,407,169,179,193,193,33,33,111,111,111,111,140,105,105,182,182,200,28,28,48,48,67,67,67],"floor_reached":24,"language":"ENG","playtime":817,"items_purged":["Barrage","Barrage"],"score":399,"play_id":"c6d35146-05a2-4ccb-bde2-184069fc01ca","local_time":"20210131180903","is_ascension_mode":true,"campfire_choices":[{"data":"Zap","floor":6,"key":"SMITH"},{"data":"Echo Form","floor":8,"key":"SMITH"},{"floor":15,"key":"REST"}],"circlet_count":0,"master_deck":["AscendersBane","Barrage","Barrage","Conserve Battery","Conserve Battery","Conserve Battery","Conserve Battery","Zap+1","Dualcast","Echo Form+1","Static Discharge","Reboot","Echo Form+1","Coolheaded+1"],"relics":["Cracked Core","EVO:Axolotl","GremlinMask","Membership Card","DataDisk","reliquary:QuartzCube","Pocketwatch","reliquary:Knoch","Nuclear Battery","DollysMirror","Bronze Scales","reliquary:PurpleTingedLeaf"],"acts_visited":["Exordium","TheCity"],"potions_floor_usage":[13,16,16],"damage_taken":[{"damage":6,"enemies":"2 Louse","floor":1,"turns":2},{"damage":6,"enemies":"Cultist","floor":4,"turns":3},{"damage":5,"enemies":"Jaw Worm","floor":5,"turns":3},{"damage":8,"enemies":"Gremlin Nob","floor":13,"turns":3},{"damage":18,"enemies":"The Guardian","floor":16,"turns":10},{"damage":16,"enemies":"Shell Parasite","floor":18,"turns":4},{"damage":37,"enemies":"2 Thieves","floor":21,"turns":4},{"damage":12,"enemies":"Sentry and Sphere","floor":23,"turns":5},{"damage":11,"enemies":"Gremlin Leader","floor":24,"turns":3}],"seed_played":"-2749404756585773220","potions_obtained":[{"floor":1,"key":"Dexterity Potion"},{"floor":13,"key":"Regen Potion"},{"floor":21,"key":"GamblersBrew"}],"is_trial":false,"path_per_floor":["M","?","$","M","M","R","$","R","T","$","?","T","E","?","R","B",null,"M","$","?","M","?","M","E"],"character_chosen":"DEFECT","items_purchased":["Membership Card","Static Discharge","DataDisk","FocusPotion","DollysMirror","Bronze Scales"],"campfire_rested":1,"item_purchase_floors":[3,3,7,7,19,19],"current_hp_per_floor":[43,43,43,37,32,32,32,32,32,32,32,32,24,42,64,61,71,55,55,55,18,18,7,0,0],"gold":67,"neow_bonus":"THREE_RARE_CARDS","is_daily":false,"chose_seed":false,"campfire_upgraded":2,"win_rate":0.0,"timestamp":1612145343,"path_taken":["M","?","?","?","M","R","$","R","T","$","?","?","E","?","R","BOSS","M","$","?","M","?","M","E"],"items_purchased_type":["Relic","Card","Relic","Potion","Relic","Relic"],"build_version":"2020-12-22","purchased_purges":2,"victory":false,"max_hp_per_floor":[74,74,74,74,74,74,74,74,74,74,74,74,74,74,74,74,74,74,74,74,74,74,74,74,74],"card_choices":[{"not_picked":["Multi-Cast","Seek"],"picked":"Echo Form","floor":0},{"not_picked":["Gash","Turbo","Barrage"],"picked":"SKIP","floor":1},{"not_picked":["Double Energy","Steam","Leap"],"picked":"SKIP","floor":4},{"not_picked":["Undo","Rebound","Conserve Battery"],"picked":"SKIP","floor":5},{"not_picked":["Leap","Double Energy","Recycle"],"picked":"SKIP","floor":13},{"not_picked":["Fission","Echo Form"],"picked":"Reboot","floor":16},{"not_picked":["Rebound","Doom and Gloom","Undo"],"picked":"SKIP","floor":18},{"not_picked":["Turbo","Aggregate"],"picked":"Coolheaded+1","floor":21},{"not_picked":["Rebound","Sweeping Beam+1","Storm"],"picked":"SKIP","floor":23}],"player_experience":1210991,"relics_obtained":[{"floor":9,"key":"reliquary:QuartzCube"},{"floor":12,"key":"Pocketwatch"},{"floor":13,"key":"reliquary:Knoch"}],"event_choices":[{"damage_healed":0,"gold_gain":0,"player_choice":"Trade","damage_taken":0,"relics_obtained":["GremlinMask"],"max_hp_gain":0,"max_hp_loss":0,"event_name":"FaceTrader","floor":2,"gold_loss":0},{"damage_healed":0,"gold_gain":0,"player_choice":"Ignored","damage_taken":0,"max_hp_gain":0,"max_hp_loss":0,"event_name":"Golden Idol","floor":11,"gold_loss":0},{"damage_healed":18,"gold_gain":0,"player_choice":"Healed","damage_taken":0,"max_hp_gain":0,"max_hp_loss":0,"event_name":"The Cleric","floor":14,"gold_loss":35},{"damage_healed":0,"gold_gain":0,"player_choice":"Ignored","damage_taken":0,"max_hp_gain":0,"max_hp_loss":0,"event_name":"N\u0027loth","floor":20,"gold_loss":0},{"damage_healed":0,"gold_gain":0,"player_choice":"Gave Potion","damage_taken":0,"relics_obtained":["reliquary:PurpleTingedLeaf"],"max_hp_gain":0,"max_hp_loss":0,"event_name":"WeMeetAgain","floor":22,"gold_loss":0}],"is_beta":false,"boss_relics":[{"not_picked":["reliquary:RedPaperclip","Busted Crown"],"picked":"Nuclear Battery"}],"items_purged_floors":[3,7],"is_endless":false,"potions_floor_spawned":[1,13,21],"killed_by":"Gremlin Leader","ascension_level":19}}