{"host":"fzjysjq26ryju8gm","time":1612186495,"event":{"mods":["BaseMod","BetterRewards","CapriCore","Downfall","Koishi","Minty Spire (QoL Compilation)","Replay The Spire","Shop Mod","StSLib","The Immortal","Waifu the Spire","Yakumo Yukari mod","[IsaacMod]以撒尖塔","noobMod","篝火指南"],"gold_per_floor":[99,110,120,170,184,204,204,214,230,263,248,88,102,134,148,252,252,152,168,168,268,281,291,291,325,325,353,404,434,434,434,452,557,557,557,576,576,589,589,589,589,615,319,345,345,357,357,374,391,391],"floor_reached":51,"language":"ZHS","playtime":4390,"items_purged":[],"score":954,"play_id":"f0f93a4e-e956-4996-a8db-c35b71ec55c9","local_time":"20210201213455","is_ascension_mode":false,"campfire_choices":[{"data":"sneckomod:UnlimitedRolls","floor":30.0,"key":"SMITH"},{"data":"sneckomod:UnlimitedRolls","floor":35,"key":"SMITH"},{"data":"Replay:SS_forest_2","floor":47,"key":"SMITH"}],"circlet_count":0,"master_deck":["sneckomod:TailWhip+1","sneckomod:SnekBite+1","sneckomod:Unknown+1","RealityDreamConfluencek_purple+1","sneckomod:RainOfDice+1","sneckomod:CheapStock+1","sneckomod:UnknownDraw+1","sneckomod:UnknownRareAttack+1","sneckomod:UnknownBlock+1","sneckomod:Unknown1Cost+1","sneckomod:UnknownDraw+1","sneckomod:UnknownDraw+1","sneckomod:UnknownBoss+1","sneckomod:MasterEye+1","sneckomod:SoulDraw+1","sneckomod:UnknownClassHEXA_GHOST_PURPLE+1","sneckomod:UnknownRareSkill+1","sneckomod:UnknownWeak+1","sneckomod:UnknownClassPURPLEEX+1","sneckomod:UnknownClassHEXA_GHOST_PURPLE+1","sneckomod:UnknownClassPURPLEEX+1","sneckomod:Unknown2Cost+1","sneckomod:UnknownClassHEXA_GHOST_PURPLE+1","sneckomod:UnlimitedRolls+1","sneckomod:UnknownUncommonSkill+1","sneckomod:UnknownRareSkill+1","sneckomod:UnknownDexterity+1","sneckomod:UnknownDexterity+1","sneckomod:UnknownX+1","sneckomod:UnknownCommonAttack+1","sneckomod:UnknownUncommonAttack+1","sneckomod:UnlimitedRolls+1","sneckomod:SoulRoll+1","sneckomod:UnendingSupply+1","sneckomod:UnknownClassHEXA_GHOST_PURPLE+1","sneckomod:UnknownUncommonPower+1","sneckomod:UnknownClassRED+1","Mayhem+1","Replay:SS_forest_2+1","sneckomod:SnekBeam+1","expansioncontent:PrepareCrush","expansioncontent:HyperBeam","expansioncontent:GuardianWhirl","sneckomod:UnknownWeak+1","Parasite","sneckomod:UnknownUncommonAttack+1","sneckomod:Restock"],"relics":["sneckomod:SuperSneckoSoul","HushsDoor","ice","BookOfRevelations","Nunchaku","Incense Burner","Strange Spoon","TheBible","downfall:HeartBlessingGreen","downfall:GremlinWheel","Bird Faced Urn","PreservedInsect","FossilizedHelix","Ornamental Fan","Toy Ornithopter","PillsDrop","ChewingGum","Iron Hammer","SharpPlug","Quantum Egg","Leech"],"acts_visited":["Exordium","TheCity","TheBeyond"],"potions_floor_usage":[43,50],"damage_taken":[{"damage":4.0,"enemies":"Cultist","floor":2.0,"turns":4.0},{"damage":0.0,"enemies":"Small Slimes","floor":3.0,"turns":3.0},{"damage":22.0,"enemies":"Hiden Room Battle","floor":4.0,"turns":5.0},{"damage":10.0,"enemies":"Jaw Worm","floor":5.0,"turns":6.0},{"damage":14.0,"enemies":"Exordium Thugs","floor":6.0,"turns":5.0},{"damage":11.0,"enemies":"Gremlin Gang","floor":8.0,"turns":4.0},{"damage":9.0,"enemies":"Exordium Wildlife","floor":9.0,"turns":3.0},{"damage":15.0,"enemies":"Gremlin Nob","floor":10.0,"turns":5.0},{"damage":10.0,"enemies":"downfall:FleeingMerchant","floor":11.0,"turns":4.0},{"damage":0.0,"enemies":"downfall:FleeingMerchant","floor":12.0,"turns":4.0},{"damage":32.0,"enemies":"Large Slime","floor":13.0,"turns":3.0},{"damage":56.0,"enemies":"3 Sentries","floor":14.0,"turns":9.0},{"damage":0.0,"enemies":"2 Fungi Beasts","floor":15.0,"turns":3.0},{"damage":24.0,"enemies":"DF_ARCHETYPE_STREAMLINE","floor":16.0,"turns":5.0},{"damage":0.0,"enemies":"Spheric Guardian","floor":19.0,"turns":3.0},{"damage":0.0,"enemies":"Spheric Guardian","floor":21.0,"turns":3.0},{"damage":1.0,"enemies":"3 Byrds","floor":22.0,"turns":3.0},{"damage":0.0,"enemies":"Snake Plant","floor":23.0,"turns":1.0},{"damage":6.0,"enemies":"Slavers","floor":25.0,"turns":2.0},{"damage":12.0,"enemies":"Book of Stabbing","floor":27.0,"turns":3.0},{"damage":18.0,"enemies":"Gremlin Leader","floor":29.0,"turns":3.0},{"damage":0.0,"enemies":"Snecko","floor":32.0,"turns":3.0},{"damage":3.0,"enemies":"WA_ARCHETYPE_CALM","floor":33.0,"turns":5.0},{"damage":49,"enemies":"3 Darklings","floor":36,"turns":6},{"damage":32,"enemies":"3 Darklings","floor":37,"turns":25},{"damage":0,"enemies":"Orb Walker","floor":38,"turns":3},{"damage":34,"enemies":"Nemesis","floor":42,"turns":5},{"damage":16,"enemies":"downfall:FleeingMerchant","floor":43,"turns":4},{"damage":9,"enemies":"Giant Head","floor":44,"turns":5},{"damage":19,"enemies":"Transient","floor":46,"turns":5},{"damage":9,"enemies":"Writhing Mass","floor":48,"turns":5},{"damage":0,"enemies":"Spire Growth","floor":49,"turns":3},{"damage":0,"enemies":"IC_BLOCK_ARCHETYPE","floor":50,"turns":7}],"seed_played":"7174286111547981552","potions_obtained":[{"floor":2.0,"key":"bronze:BurnAndBuffPotion"},{"floor":4.0,"key":"PanachePotion"},{"floor":8.0,"key":"Languid Potion"},{"floor":10.0,"key":"CultistPotion"},{"floor":13.0,"key":"Cursed Concoction"},{"floor":15.0,"key":"Explosive Potion"},{"floor":16.0,"key":"GamblersBrew"},{"floor":25.0,"key":"Ancient Potion"},{"floor":42,"key":"Adrenaline Potion"},{"floor":43,"key":"LiquidBronze"}],"is_trial":false,"path_per_floor":["R","M","M","?","M","M","T","M","M","E","$","$","M","E","M","B",null,"R","M","?","?","M","M","T","E","?","E","?","E","R","?","M","B",null,"R","M","?","M","?","?","T","E","$","E","?","M","R","M","M","B",null],"character_chosen":"THE_SNECKO","items_purchased":["Strange Spoon","Mayhem","Replay:SS_forest_2"],"campfire_rested":0,"item_purchase_floors":[12,43,43],"current_hp_per_floor":[99,95,95,58,48,35,35,27,18,102,92,92,61,5,125,101,128,128,128,128,128,135,135,135,129,129,125,125,107,107,107,111,121,147,147,114,150,150,150,150,150,132,133,142,132,134,134,138,144,145],"gold":391,"neow_bonus":"TEN_PERCENT_HP_BONUS","is_daily":false,"chose_seed":false,"campfire_upgraded":3,"win_rate":0.0,"timestamp":1612186495,"path_taken":["R","M","M","?","M","M","T","M","?","E","?","$","M","E","M","BOSS","R","M","?","?","M","?","T","E","?","E","?","E","R","?","M","BOSS","R","M","?","M","?","?","T","E","$","E","?","M","R","?","M","BOSS"],"items_purchased_type":["Relic","Card","Card"],"build_version":"2020-12-22","purchased_purges":0,"victory":true,"max_hp_per_floor":[99,99,99,99,99,99,99,102,102,102,107,112,114,124,125,128,128,128,129,129,131,136,136,136,137,137,140,140,143,143,143,144,147,147,147,150,150,150,150,150,150,150,145,145,145,145,145,145,145,145],"card_choices":[{"not_picked":["sneckomod:UnknownBlock","sneckomod:Nope"],"picked":"sneckomod:RainOfDice","floor":2.0},{"not_picked":["sneckomod:QuickBite","sneckomod:DiceBlock"],"picked":"sneckomod:CheapStock","floor":3.0},{"not_picked":["sneckomod:IronFang","sneckomod:SoulDraw"],"picked":"sneckomod:UnknownDraw","floor":4.0},{"not_picked":["sneckomod:Nope","sneckomod:UnknownUncommonAttack"],"picked":"sneckomod:UnknownRareAttack","floor":5.0},{"not_picked":["sneckomod:QuickBite","sneckomod:SoulRoll","sneckomod:SoulDraw"],"picked":"SKIP","floor":6.0},{"not_picked":["sneckomod:UnknownWeak","sneckomod:UnknownCommonAttack"],"picked":"sneckomod:UnknownBlock","floor":8.0},{"not_picked":["sneckomod:QuickMove","sneckomod:UnknownCommonAttack"],"picked":"sneckomod:Unknown1Cost","floor":9.0},{"not_picked":["sneckomod:SlitherStrike","sneckomod:Nope"],"picked":"sneckomod:UnknownDraw","floor":10.0},{"not_picked":["sneckomod:UnknownCommonAttack","sneckomod:IronFang"],"picked":"sneckomod:UnknownDraw","floor":11.0},{"not_picked":["sneckomod:UnknownBlock","sneckomod:WideSting"],"picked":"sneckomod:UnknownBoss","floor":12.0},{"not_picked":["sneckomod:DiceCrush","sneckomod:UnknownStrike"],"picked":"sneckomod:MasterEye","floor":13.0},{"not_picked":["sneckomod:SnekBeam","sneckomod:UnknownUncommonAttack"],"picked":"Bomb","floor":14.0},{"not_picked":["sneckomod:WideSting","sneckomod:UnknownCommonAttack","sneckomod:QuickMove"],"picked":"SKIP","floor":15.0},{"not_picked":["sneckomod:SerpentMind","sneckomod:UnknownBoss"],"picked":"sneckomod:UnknownRareAttack","floor":16.0},{"not_picked":["sneckomod:UnknownCommonAttack","sneckomod:QuickMove"],"picked":"sneckomod:UnknownClassHEXA_GHOST_PURPLE","floor":19.0},{"not_picked":["sneckomod:CheapStock","sneckomod:UnknownVulnerable"],"picked":"sneckomod:UnknownWeak+1","floor":22.0},{"not_picked":["sneckomod:DiceCrush","sneckomod:QuickBite+1"],"picked":"sneckomod:UnknownClassPURPLEEX","floor":23.0},{"not_picked":["sneckomod:SlitherStrike","sneckomod:DiceBlock"],"picked":"sneckomod:UnknownClassHEXA_GHOST_PURPLE+1","floor":25.0},{"not_picked":["sneckomod:ImprovisedAttack","sneckomod:SoulCleanse"],"picked":"sneckomod:UnknownClassPURPLEEX","floor":27.0},{"not_picked":["sneckomod:WideSting","sneckomod:TrashToTreasure"],"picked":"sneckomod:Unknown2Cost","floor":28.0},{"not_picked":["sneckomod:UnknownCommonSkill","sneckomod:UnknownDraw"],"picked":"sneckomod:UnknownClassHEXA_GHOST_PURPLE","floor":28.0},{"not_picked":["sneckomod:DiceCrush","sneckomod:UnknownDraw"],"picked":"sneckomod:UnlimitedRolls","floor":29.0},{"not_picked":["sneckomod:Nope","sneckomod:TrashToTreasure+1"],"picked":"sneckomod:UnknownUncommonAttack+1","floor":32.0},{"not_picked":["sneckomod:DangerNoodle","sneckomod:UnknownRareAttack"],"picked":"sneckomod:UnlimitedRolls","floor":33.0},{"not_picked":["sneckomod:RainOfDice+1","sneckomod:QuickBite+1"],"picked":"sneckomod:SoulRoll","floor":36},{"not_picked":["sneckomod:QuickMove","sneckomod:RainOfDice"],"picked":"sneckomod:UnendingSupply+1","floor":36},{"not_picked":["sneckomod:IronFang+1","sneckomod:DiceBlock"],"picked":"sneckomod:UnknownClassHEXA_GHOST_PURPLE","floor":37},{"not_picked":["sneckomod:UnknownVulnerable+1","sneckomod:IronFang+1"],"picked":"sneckomod:UnknownUncommonPower+1","floor":38},{"not_picked":["sneckomod:Unknown1Cost","sneckomod:DefensiveFlair"],"picked":"sneckomod:UnknownClassRED+1","floor":42},{"not_picked":["sneckomod:RainOfDice","sneckomod:SnakeSap","sneckomod:Nope+1"],"picked":"SKIP","floor":43},{"not_picked":["sneckomod:WideSting+1","sneckomod:UnknownUncommonAttack"],"picked":"sneckomod:SnekBeam+1","floor":44},{"not_picked":["Replay:SS_hec_1","expansioncontent:AwakenDeath"],"picked":"expansioncontent:PrepareCrush","floor":45},{"not_picked":["expansioncontent:AwakenDeath","expansioncontent:LastStand"],"picked":"expansioncontent:HyperBeam","floor":45},{"not_picked":["Replay:SS_hec_1","expansioncontent:InvincibleStrength"],"picked":"expansioncontent:GuardianWhirl","floor":45},{"not_picked":["sneckomod:SnekBeam","sneckomod:SlitherStrike+1"],"picked":"sneckomod:UnknownWeak+1","floor":46},{"not_picked":["sneckomod:UnknownDraw+1","sneckomod:SoulCleanse"],"picked":"sneckomod:UnknownUncommonAttack+1","floor":48},{"not_picked":["sneckomod:UnknownClassRED+1","sneckomod:UnknownUncommonSkill+1"],"picked":"sneckomod:Restock","floor":49}],"player_experience":759400,"relics_obtained":[{"floor":4.0,"key":"Nunchaku"},{"floor":7.0,"key":"TuHaoJin"},{"floor":10.0,"key":"Incense Burner"},{"floor":14.0,"key":"TheBible"},{"floor":21.0,"key":"downfall:GremlinWheel"},{"floor":24.0,"key":"Bird Faced Urn"},{"floor":25.0,"key":"PreservedInsect"},{"floor":27.0,"key":"FossilizedHelix"},{"floor":28.0,"key":"Ornamental Fan"},{"floor":29.0,"key":"Toy Ornithopter"},{"floor":30.0,"key":"PillsDrop"},{"floor":40,"key":"Iron Hammer"},{"floor":41,"key":"SharpPlug"},{"floor":42,"key":"Quantum Egg"},{"floor":44,"key":"Leech"}],"event_choices":[{"damage_healed":0.0,"max_hp_gain":0.0,"max_hp_loss":0.0,"gold_gain":0.0,"event_name":"HidenRoomEvent","player_choice":"Fight","floor":4.0,"gold_loss":0.0,"damage_taken":0.0},{"damage_healed":0.0,"max_hp_gain":0.0,"max_hp_loss":0.0,"gold_gain":0.0,"event_name":"Vampires","player_choice":"Ignored","floor":26.0,"gold_loss":0.0,"damage_taken":0.0},{"damage_healed":0.0,"max_hp_gain":0.0,"max_hp_loss":0.0,"gold_gain":0.0,"event_name":"Wheel of Change","player_choice":"Relic","floor":30.0,"gold_loss":0.0,"damage_taken":0.0}],"is_beta":false,"boss_relics":[{"not_picked":["Abe\u0027s Treasure","Replay:Wanted Poster"],"picked":"sneckomod:SuperSneckoSoul"},{"not_picked":[]},{"not_picked":["Runic Pyramid","Pandora\u0027s Box"],"picked":"ChewingGum"},{"not_picked":[]}],"items_purged_floors":[],"is_endless":false,"potions_floor_spawned":[2,4,8,10,13,15,16,25,27,29,42,46,48,49],"ascension_level":0}}