{"host":"qje7bge8e4rv32w4","time":1612176172,"event":{"mods":["Act Like it!","BaseMod","Gensokyo","KinomotoSakuraMod(ƒæ÷Æ±æ”£)","Marisa£®ÏF”Í°°ƒß¿Ì…≥£©","Minty Spire (QoL Compilation)","Remilia£®¿Ÿ√◊¿Ú—«£©","StSLib","The Bug Knight","The Servant 0.9.4","Youmu£®ªÍ∆«—˝√Œ£©"],"gold_per_floor":[115,132,57,74,91,91,91,266,342,342,359,359,359,309,309,429,429,452,452,471,471,471,471,484,484,534,546,546],"floor_reached":27,"language":"ZHS","playtime":1280,"items_purged":["Defend_S"],"score":201,"play_id":"62755f0e-69ec-4955-8d96-ef6b5c32a5c3","local_time":"20210201184252","is_ascension_mode":false,"campfire_choices":[{"data":"BestPractice","floor":6.0,"key":"SMITH"},{"data":"Duplication","floor":10.0,"key":"SMITH"},{"data":"ReturningBlade","floor":13.0,"key":"SMITH"},{"data":"ReturningBlade+1","floor":15.0,"key":"SMITH"},{"data":"ReturningBlade+2","floor":23,"key":"SMITH"},{"data":"ReturningBlade+3","floor":25,"key":"SMITH"}],"circlet_count":0,"master_deck":["Strike_S","Strike_S","Defend_S","Defend_S","Defend_S","KidneyShot","Exchange","Defy","Desolation","BestPractice+1","Duplication+1","ReturningBlade+4","LightFlow","Unruled+1"],"relics":["Uniform","NeowsBlessing","Eternal Feather","Golden Idol","Runic Pyramid","Nilry\u0027s Codex","MawBank"],"acts_visited":["Exordium","TheCity"],"potions_floor_usage":[16,20],"damage_taken":[{"damage":0.0,"enemies":"Cultist","floor":1.0,"turns":1.0},{"damage":0.0,"enemies":"Jaw Worm","floor":2.0,"turns":1.0},{"damage":0.0,"enemies":"Small Slimes","floor":4.0,"turns":1.0},{"damage":2.0,"enemies":"Looter","floor":5.0,"turns":4.0},{"damage":21.0,"enemies":"Lots of Slimes","floor":11.0,"turns":6.0},{"damage":37,"enemies":"Hexaghost","floor":16,"turns":11},{"damage":10,"enemies":"Shell Parasite","floor":18,"turns":6},{"damage":10,"enemies":"2 Thieves","floor":20,"turns":4},{"damage":15,"enemies":"Cultist and Chosen","floor":24,"turns":4},{"damage":15,"enemies":"Snecko","floor":27,"turns":4}],"seed_played":"1909865109588501518","potions_obtained":[{"floor":1.0,"key":"Fruit Juice"},{"floor":4.0,"key":"ColorlessPotion"},{"floor":11.0,"key":"Strength Potion"},{"floor":18,"key":"SkillPotion"},{"floor":19,"key":"DuplicationPotion"}],"is_trial":false,"path_per_floor":["M","M","$","M","M","R","?","?","T","R","M","?","R","?","R","B",null,"M","?","M","?","?","R","M","R","T","M"],"character_chosen":"THE_SERVANT","items_purchased":[],"campfire_rested":0,"item_purchase_floors":[],"current_hp_per_floor":[65,65,65,65,63,63,63,63,63,65,44,44,50,50,56,24,65,55,55,45,29,29,35,20,26,26,11,11],"gold":546,"neow_bonus":"THREE_ENEMY_KILL","is_daily":false,"chose_seed":false,"campfire_upgraded":6,"win_rate":0.0,"timestamp":1612176172,"path_taken":["M","M","?","M","M","R","?","?","T","R","?","?","R","?","R","BOSS","M","?","?","?","?","R","?","R","T","M"],"items_purchased_type":[],"build_version":"2020-12-22","purchased_purges":1,"victory":false,"max_hp_per_floor":[65,65,65,65,65,65,65,65,65,65,65,60,60,60,60,65,65,65,65,65,65,65,65,65,65,65,65,65],"card_choices":[{"not_picked":["StarChef","BottledTime","Unruled"],"picked":"SKIP","floor":1.0},{"not_picked":["BottledTime","Replace"],"picked":"Defy","floor":2.0},{"not_picked":["Defy","Comet"],"picked":"Desolation","floor":4.0},{"not_picked":["Rewind","Shuttle"],"picked":"BestPractice","floor":5.0},{"not_picked":["Unruled","SpecialFormula"],"picked":"ReturningBlade","floor":11.0},{"not_picked":["FloweringNight","Deny"],"picked":"LightFlow","floor":16},{"not_picked":["FastForward","Barrier","BottledTime"],"picked":"SKIP","floor":18},{"not_picked":["DoubleEdge","Read"],"picked":"Unruled+1","floor":20},{"not_picked":["Rewind","Ricochet+1","Unruled"],"picked":"SKIP","floor":24}],"player_experience":1017723,"relics_obtained":[{"floor":9.0,"key":"Eternal Feather"},{"floor":21,"key":"Nilry\u0027s Codex"},{"floor":26,"key":"MawBank"}],"event_choices":[{"damage_healed":0.0,"max_hp_gain":0.0,"max_hp_loss":0.0,"gold_gain":0.0,"cards_transformed":["Strike_S"],"event_name":"Living Wall","player_choice":"Change","floor":7.0,"gold_loss":0.0,"damage_taken":0.0,"cards_obtained":["Duplication"]},{"damage_healed":0.0,"max_hp_gain":0.0,"max_hp_loss":0.0,"gold_gain":175.0,"event_name":"Liars Game","player_choice":"AGREE","floor":8.0,"gold_loss":0.0,"damage_taken":0.0,"cards_obtained":["Doubt"]},{"damage_healed":0.0,"max_hp_gain":0.0,"max_hp_loss":5.0,"gold_gain":0.0,"event_name":"Golden Idol","player_choice":"Lose Max HP","floor":12.0,"gold_loss":0.0,"damage_taken":0.0,"relics_obtained":["Golden Idol"]},{"cards_removed":["Doubt"],"damage_healed":0.0,"max_hp_gain":0.0,"max_hp_loss":0.0,"gold_gain":0.0,"event_name":"The Cleric","player_choice":"Card Removal","floor":14.0,"gold_loss":50.0,"damage_taken":0.0},{"damage_healed":0,"gold_gain":0,"player_choice":"Got Potions","damage_taken":0,"max_hp_gain":0,"max_hp_loss":0,"event_name":"Lab","floor":19,"gold_loss":0},{"damage_healed":0,"gold_gain":0,"player_choice":"Obtained Book","damage_taken":16,"max_hp_gain":0,"max_hp_loss":0,"event_name":"Cursed Tome","floor":21,"gold_loss":0},{"cards_removed":["Strike_S"],"damage_healed":0,"gold_gain":0,"player_choice":"Purged","damage_taken":0,"max_hp_gain":0,"max_hp_loss":0,"event_name":"Purifier","floor":22,"gold_loss":0}],"is_beta":false,"boss_relics":[{"not_picked":["SlaversCollar","Fusion Hammer"],"picked":"Runic Pyramid"}],"items_purged_floors":[3],"is_endless":false,"potions_floor_spawned":[1,4,11,18],"killed_by":"Snecko","ascension_level":0}}