{"host":"87mnajev72vv2sjg","time":1612142247,"event":{"mods":["BaseMod","BetterRewards","Colored Map","Curses Come First","Infinite Spire","Minty Spire (QoL Compilation)","Shop Mod","StSLib","SuperFastMode","The Gatherer"],"gold_per_floor":[119,66,83,98,112,112,112,112],"floor_reached":6,"language":"ENG","playtime":375,"items_purged":["Gatherer:Strike_Gatherer"],"score":38,"play_id":"3ae7afc2-dec1-4649-ab1d-b4f0ceb4037f","local_time":"20210131201727","is_ascension_mode":false,"metric_token":657,"campfire_choices":[],"circlet_count":0,"master_deck":["Gatherer:Strike_Gatherer","Gatherer:Strike_Gatherer","Gatherer:Strike_Gatherer","Gatherer:Strike_Gatherer","Gatherer:Defend_Gatherer","Gatherer:Defend_Gatherer","Gatherer:Defend_Gatherer","Gatherer:Defend_Gatherer","Gatherer:Defend_Gatherer","Gatherer:Centralize","Gatherer:FlowerWhip","Gatherer:Liquidism","Gatherer:QuickSynthesis","Apotheosis","Gatherer:BalancedGrowth","Gatherer:BalancedGrowth","Gatherer:QuickSynthesis"],"relics":["Gatherer:AlchemyBag"],"acts_visited":["Exordium"],"potions_floor_usage":[6,6],"damage_taken":[{"damage":3,"enemies":"Cultist","floor":1,"turns":5},{"damage":15,"enemies":"Jaw Worm","floor":3,"turns":6},{"damage":6,"enemies":"2 Louse","floor":4,"turns":3},{"damage":6,"enemies":"Red Slaver","floor":5,"turns":6},{"damage":19,"enemies":"3 Sentries","floor":6,"turns":6}],"seed_played":"7495722059720759772","potions_obtained":[{"floor":3,"key":"Swift Potion"},{"floor":4,"key":"DuplicationPotion"}],"is_trial":false,"path_per_floor":["M","$","M","M","M","E"],"character_chosen":"THE_GATHERER","items_purchased":["Gatherer:Liquidism","Gatherer:QuickSynthesis","Apotheosis","Gatherer:BalancedGrowth","Gatherer:BalancedGrowth","Gatherer:QuickSynthesis"],"campfire_rested":0,"item_purchase_floors":[0,0,0,0,0,2],"current_hp_per_floor":[40,40,25,19,13,0,0,0],"gold":112,"neow_bonus":"","is_daily":false,"chose_seed":false,"campfire_upgraded":0,"win_rate":0.0,"timestamp":1612142247,"path_taken":["M","?","M","M","M","E"],"items_purchased_type":["Card","Card","Card","Card","Card","Card"],"build_version":"2020-12-22","purchased_purges":1,"victory":false,"max_hp_per_floor":[72,72,72,72,72,72,72,72],"card_choices":[{"not_picked":["Gatherer:AcidicSpray","Gatherer:Pollute","Gatherer:WoolGloves"],"picked":"SKIP","floor":1},{"not_picked":["Gatherer:ScherryThrow","Gatherer:MiningStrike","Gatherer:AromaProtection"],"picked":"SKIP","floor":3},{"not_picked":["Gatherer:BigPouch","Gatherer:SmartManeuver","Gatherer:FlowerPower"],"picked":"SKIP","floor":4},{"not_picked":["Gatherer:BambuSword","Gatherer:WitheringStrike","Gatherer:BigPouch"],"picked":"SKIP","floor":5}],"player_experience":336848,"relics_obtained":[],"event_choices":[],"is_beta":false,"boss_relics":[],"items_purged_floors":[0],"is_endless":false,"potions_floor_spawned":[3,4],"killed_by":"3 Sentries","ascension_level":0}}