{"host":"Nexxot","time":1612177525,"event":{"mods":["AchievementEnabler","BaseMod","Bestiary","Colored Map","Curses Come First","Downfall","Highlight Path","Minty Spire (QoL Compilation)","Relic Stats","StSLib"],"gold_per_floor":[99,118,118,58,75,108,131,166,316,316,327,327,427,461,481,481,481,481],"floor_reached":16,"language":"ENG","playtime":760,"items_purged":[],"score":124,"play_id":"f7a571d3-a25a-48be-bc4a-a8ef3b58b0a9","local_time":"20210201120525","is_ascension_mode":true,"campfire_choices":[{"data":"hexamod:UnlimitedPower","floor":1,"key":"SMITH"},{"floor":10,"key":"REST"},{"data":"hexamod:ExtraCrispy","floor":12,"key":"SMITH"}],"circlet_count":0,"master_deck":["hexamod:Strike","hexamod:Strike+1","hexamod:Strike","hexamod:Strike+1","hexamod:Defend","hexamod:Defend","hexamod:Defend","hexamod:Defend","hexamod:Sear","hexamod:Float","hexamod:UnlimitedPower+1","hexamod:DynamicBlow","hexamod:GhostflameBarrier","hexamod:SpectersWail","hexamod:GhostOfSpireFuture","hexamod:FlamesFromBeyond","downfall:Icky","hexamod:ExtraCrispy+1","hexamod:FirstSeal"],"relics":["hexamod:SpiritBrand","Blood Vial","Bird Faced Urn","Whetstone","Mercury Hourglass","Lantern"],"acts_visited":["Exordium"],"potions_floor_usage":[16,16,16,16,16,16],"damage_taken":[{"damage":0,"enemies":"Cultist","floor":2,"turns":3},{"damage":0,"enemies":"downfall:FleeingMerchant","floor":4,"turns":4},{"damage":0,"enemies":"Small Slimes","floor":5,"turns":3},{"damage":32,"enemies":"Lagavulin","floor":6,"turns":8},{"damage":23,"enemies":"Gremlin Nob","floor":8,"turns":5},{"damage":0,"enemies":"2 Louse","floor":11,"turns":2},{"damage":24,"enemies":"Lagavulin","floor":14,"turns":7},{"damage":6,"enemies":"Exordium Wildlife","floor":15,"turns":4},{"damage":47,"enemies":"WA_ARCHETYPE_RETAIN","floor":16,"turns":7}],"seed_played":"-246499969245121497","potions_obtained":[{"floor":2,"key":"EntropicBrew"},{"floor":5,"key":"SpeedPotion"},{"floor":8,"key":"GamblersBrew"},{"floor":11,"key":"PowerPotion"}],"is_trial":false,"path_per_floor":["R","M","?","$","M","E","T","E","?","R","M","R","?","E","M","B"],"character_chosen":"THE_SPIRIT","items_purchased":["hexamod:SpectersWail"],"campfire_rested":1,"item_purchase_floors":[4],"current_hp_per_floor":[63,63,63,63,63,31,31,12,12,30,32,32,32,14,23,0,0,0],"gold":481,"neow_bonus":"THREE_RARE_CARDS","is_daily":false,"chose_seed":false,"campfire_upgraded":2,"win_rate":0.0,"timestamp":1612177525,"path_taken":["R","M","?","$","M","E","T","E","?","R","M","R","?","E","M","BOSS"],"items_purchased_type":["Card"],"build_version":"2020-12-18","purchased_purges":0,"victory":false,"max_hp_per_floor":[63,63,63,63,63,63,63,63,63,63,63,63,63,63,63,63,63,63],"relic_stats":{"Blood Vial":10,"counters":[9,42],"Bird Faced Urn":[18],"Whetstone":["hexamod:Strike","hexamod:Strike"],"obtain_stats":[{"Blood Vial":3,"Lantern":14,"Bird Faced Urn":6,"Whetstone":7,"hexamod:SpiritBrand":0,"Mercury Hourglass":8},{"Blood Vial":1,"Lantern":7,"Bird Faced Urn":4,"Whetstone":4,"hexamod:SpiritBrand":0,"Mercury Hourglass":5},{"Blood Vial":3,"Lantern":31,"Bird Faced Urn":18,"Whetstone":18,"hexamod:SpiritBrand":0,"Mercury Hourglass":23}],"Mercury Hourglass":[43]},"card_choices":[{"not_picked":["hexamod:SearingWound","hexamod:GiftsFromTheDead"],"picked":"hexamod:UnlimitedPower","floor":0},{"not_picked":["hexamod:PhantomCloak","hexamod:Hexaguard"],"picked":"hexamod:DynamicBlow","floor":2},{"not_picked":["hexamod:NightmareGuise","hexamod:CatchUp"],"picked":"hexamod:GhostflameBarrier","floor":4},{"not_picked":["hexamod:FourthSeal","hexamod:PhantomFireball"],"picked":"hexamod:GhostOfSpireFuture","floor":5},{"not_picked":["hexamod:ThermalTransfer","hexamod:BacktrackSmack"],"picked":"hexamod:FlamesFromBeyond","floor":6},{"not_picked":["hexamod:SpectersWail","hexamod:UnlimitedPower","hexamod:NightmareGuise"],"picked":"SKIP","floor":8},{"not_picked":["hexamod:SuperheatedStrike","hexamod:NecessarySacrifice"],"picked":"hexamod:ExtraCrispy","floor":11},{"not_picked":["hexamod:NightmareStrike","hexamod:PowerFromBeyond"],"picked":"hexamod:FirstSeal","floor":14},{"not_picked":["hexamod:FirstSeal","hexamod:FlamesFromBeyond","hexamod:AdvancingGuard"],"picked":"SKIP","floor":15}],"player_experience":407591,"relics_obtained":[{"floor":6,"key":"Bird Faced Urn"},{"floor":7,"key":"Whetstone"},{"floor":8,"key":"Mercury Hourglass"},{"floor":14,"key":"Lantern"}],"event_choices":[],"is_beta":true,"boss_relics":[],"items_purged_floors":[],"is_endless":false,"potions_floor_spawned":[2,5,8,11],"killed_by":"WA_ARCHETYPE_RETAIN","ascension_level":1}}