{"host":"lfvf97io7xuhaz8c","time":1612176696,"event":{"mods":["2.2 Compatiblity","BaseMod","Bestiary","Colored Map","Colored Powertips","Curses Come First","Highlight Path","Minty Spire (QoL Compilation)","Relic Stats","StSLib","SuperFastMode"],"gold_per_floor":[365,38,49,67,82,82,82,82],"floor_reached":7,"language":"FRA","playtime":577,"items_purged":["Strike_R"],"score":58,"play_id":"83af08e1-8653-4a97-b9a3-35062474fdeb","local_time":"20210201115136","is_ascension_mode":true,"campfire_choices":[{"data":"True Grit","floor":6,"key":"SMITH"}],"circlet_count":0,"master_deck":["Strike_R","Strike_R","Strike_R","Strike_R","Defend_R","Defend_R","Defend_R","Defend_R","Bash","Parasite","Hemokinesis","Rupture","Disarm","Shrug It Off","Heavy Blade","True Grit+1"],"relics":["Burning Blood","Omamori"],"acts_visited":["Exordium"],"potions_floor_usage":[5,5],"damage_taken":[{"damage":9,"enemies":"2 Louse","floor":1,"turns":4},{"damage":4,"enemies":"Small Slimes","floor":3,"turns":5},{"damage":10,"enemies":"Cultist","floor":4,"turns":4},{"damage":29,"enemies":"Exordium Thugs","floor":5,"turns":6},{"damage":68,"enemies":"Lagavulin","floor":7,"turns":11}],"seed_played":"-7706334660732252943","potions_obtained":[{"floor":1,"key":"BloodPotion"},{"floor":4,"key":"ColorlessPotion"}],"is_trial":false,"path_per_floor":["M","$","M","M","M","R","E"],"character_chosen":"IRONCLAD","items_purchased":["Rupture","Omamori","Disarm"],"campfire_rested":0,"item_purchase_floors":[2,2,2],"current_hp_per_floor":[69,69,71,67,57,57,0,0],"gold":82,"neow_bonus":"TWO_FIFTY_GOLD","is_daily":false,"chose_seed":false,"campfire_upgraded":1,"win_rate":0.0,"timestamp":1612176696,"path_taken":["M","$","M","M","M","R","E"],"items_purchased_type":["Card","Relic","Card"],"build_version":"2020-12-22","purchased_purges":1,"victory":false,"max_hp_per_floor":[80,80,80,80,80,80,80,80],"relic_stats":{"counters":[5,30],"obtain_stats":[{"Omamori":2,"Burning Blood":0},{"Omamori":1,"Burning Blood":0},{"Omamori":4,"Burning Blood":0}],"Burning Blood":24},"card_choices":[{"not_picked":["Uppercut","Burning Pact"],"picked":"Hemokinesis","floor":1},{"not_picked":["Warcry","Sentinel"],"picked":"Shrug It Off","floor":3},{"not_picked":["Clash","Pummel"],"picked":"Heavy Blade","floor":4},{"not_picked":["Pommel Strike","Heavy Blade"],"picked":"True Grit","floor":5}],"player_experience":1495342,"relics_obtained":[],"event_choices":[],"is_beta":false,"boss_relics":[],"items_purged_floors":[2],"is_endless":false,"potions_floor_spawned":[1,4],"killed_by":"Lagavulin","ascension_level":7}}