{"host":"bd3tl98ed0kk4173","time":1612190160,"event":{"mods":["Arknights","Aspiration","BaseMod","Beaked The Cultist","Better Altar","Better Match","Better Note","Better Sensory Stone","Better Skull","Better Third Choice","BetterRewards","CapriCore","Colored Map","Colored Powertips","Conspire","Emptier Cage","Energized Spire","GifTheSpireLib","GungeonMod","Halation","HexUI Lib","Highlight Path","Hubris","Infinite Spire","Jorbs\u0027s Wanderer Trilogy","Minty Spire (QoL Compilation)","Permanent Neow","Quick Restart","Rare Cards Sparkle","Reliquary","Replay The Spire","SacredBarkPlus","Spicy Shops","StSLib","The Animator","The Blue Laboratory","The Death Knight","The Disciple","The Problem Sleuth","The Sage","The Valiant","[GremlinLeader]The Maniac","??????REMEMod"],"gold_per_floor":[135,159,5,17,17,17,41,41,41,41,23,23,23,23,23,23,23],"floor_reached":16,"language":"ENG","playtime":1260,"items_purged":[],"score":88,"play_id":"c69b5cd4-ac8b-443f-930d-c2b3de82c806","local_time":"20210201093600","is_ascension_mode":false,"campfire_choices":[{"data":"REME_MagicPocketWatch","floor":6.0,"key":"SMITH"},{"data":"SecondHand","floor":10.0,"key":"SMITH"},{"data":"ResonantCall","floor":12.0,"key":"SMITH"},{"floor":15.0,"key":"REST"}],"circlet_count":0,"master_deck":["Strike_Br","Strike_Br+1","Strike_Br","Strike_Br+1","Defend_Br","Defend_Br","Defend_Br","Defend_Br","SecondHand+1","PatternShift","LockedMawBank","PrimeTime","LockedMedicine","DaylightSavings","REME_MagicPocketWatch+1","ResonantCall+1","LockedBlood+1"],"relics":["Chronometer","REME_ComplimentaryCards","aspiration:Nostalgia","maniac:DamagedAnvil","Vajra","Replay:Ringing Soul"],"acts_visited":["Exordium"],"potions_floor_usage":[],"damage_taken":[{"damage":11.0,"enemies":"Jaw Worm","floor":1.0,"turns":7.0},{"damage":0.0,"enemies":"2 Louse","floor":2.0,"turns":3.0},{"damage":0.0,"enemies":"Cultist","floor":4.0,"turns":3.0},{"damage":0.0,"enemies":"Large Slime","floor":7.0,"turns":6.0},{"damage":0.0,"enemies":"Looter","floor":11.0,"turns":4.0},{"damage":74,"enemies":"Slime Boss","floor":16,"turns":13}],"seed_played":"2330408639682233328","potions_obtained":[{"floor":2.0,"key":"SteroidPotion"},{"floor":4.0,"key":"blueLaboratory:FruitPunch"}],"is_trial":false,"path_per_floor":["M","M","$","M","?","R","M","$","T","R","M","R","?","?","R","B"],"character_chosen":"CHRONO_CLASS","items_purchased":["Vajra"],"campfire_rested":1,"item_purchase_floors":[3],"current_hp_per_floor":[54,54,54,54,54,54,57,57,57,57,60,60,46,46,67,0,0],"gold":23,"neow_bonus":"NOSTALGIA","is_daily":false,"chose_seed":false,"campfire_upgraded":3,"win_rate":0.0,"timestamp":1612190160,"path_taken":["M","M","$","M","?","R","?","$","T","R","M","R","?","?","R","BOSS"],"items_purchased_type":["Relic"],"build_version":"2020-12-22","purchased_purges":0,"victory":false,"max_hp_per_floor":[65,65,65,65,65,65,68,68,68,68,71,71,71,71,71,71,71],"card_choices":[{"not_picked":["Echoward","BiteCommand"],"picked":"PrimeTime","floor":1.0},{"not_picked":["BiteCommand","ExoVibe"],"picked":"LockedMedicine","floor":2.0},{"not_picked":["BlueShift","LockedCalendar"],"picked":"DaylightSavings","floor":4.0},{"not_picked":["REME_HeartOfCthun","Swift Strike"],"picked":"REME_MagicPocketWatch","floor":5.0},{"not_picked":["CrunchTime","HandsUpB"],"picked":"ResonantCall","floor":7.0},{"not_picked":["PrimeTime","Stagnate"],"picked":"LockedBlood","floor":11.0}],"player_experience":100211,"relics_obtained":[{"floor":9.0,"key":"Replay:Ringing Soul"}],"event_choices":[{"damage_healed":0.0,"max_hp_gain":0.0,"max_hp_loss":0.0,"gold_gain":1.0,"event_name":"betterStone:BetterStone","player_choice":"1","floor":5.0,"gold_loss":0.0,"damage_taken":0.0},{"damage_healed":60.0,"max_hp_gain":0.0,"max_hp_loss":71.0,"gold_gain":0.0,"event_name":"betterThird:BetterShining","player_choice":"Upgrade","floor":13.0,"gold_loss":0.0,"damage_taken":14.0,"cards_upgraded":["Strike_Br","Strike_Br"]},{"damage_healed":0.0,"max_hp_gain":0.0,"max_hp_loss":0.0,"gold_gain":0.0,"event_name":"Accursed Blacksmith","player_choice":"Forge","floor":14.0,"gold_loss":0.0,"damage_taken":0.0,"cards_upgraded":["LockedBlood"]}],"is_beta":false,"boss_relics":[],"items_purged_floors":[],"is_endless":false,"potions_floor_spawned":[2,4],"killed_by":"Slime Boss","ascension_level":0}}