{"host":"x5w9zppki4gdwvc7","time":1612139716,"event":{"mods":["AchievementEnabler","BaseMod","Colored Powertips","DeckTracker","Minty Spire (QoL Compilation)","Relic Sorter","SuperFastMode"],"gold_per_floor":[114,114,114,129,56,90,90,118,118,34,34,52,71,71,71,170,170,185,185,198,198,208,208,235,235,262,272,290,215,215,49,49,148,148,166,166,241,241,241,241,241,241],"floor_reached":41,"language":"ENG","playtime":2083,"items_purged":["Bite"],"score":477,"play_id":"45a0975c-166c-4ebd-ad36-023d792d2f7e","local_time":"20210201013516","is_ascension_mode":true,"campfire_choices":[{"data":"Noxious Fumes","floor":7,"key":"SMITH"},{"floor":11,"key":"REST"},{"data":"Blade Dance","floor":15,"key":"SMITH"},{"data":"Burst","floor":23,"key":"SMITH"},{"data":"Infinite Blades","floor":25,"key":"SMITH"},{"data":"Acrobatics","floor":30,"key":"SMITH"},{"data":"Blind","floor":32,"key":"SMITH"},{"floor":40,"key":"REST"}],"circlet_count":0,"master_deck":["Defend_G","Defend_G+1","Defend_G","Defend_G","Survivor","Neutralize+1","Concentrate+1","Accuracy+1","Noxious Fumes+1","Flash of Steel","Blade Dance+1","Burst+1","Acrobatics+1","Bite","Bite","Bite","Underhanded Strike+1","Infinite Blades+1","Terror+1","Blind+1","Night Terror","Underhanded Strike+1"],"relics":["Ring of the Snake","Lizard Tail","Orichalcum","Vajra","Torii","HoveringKite","Bottled Tornado","Tiny Chest","SlaversCollar","Toxic Egg 2"],"acts_visited":["Exordium","TheCity","TheBeyond"],"potions_floor_usage":[6,18,27,33,33,41,41],"damage_taken":[{"damage":6,"enemies":"Small Slimes","floor":1,"turns":6},{"damage":4,"enemies":"Jaw Worm","floor":4,"turns":5},{"damage":54,"enemies":"Lagavulin","floor":6,"turns":11},{"damage":28,"enemies":"Gremlin Nob","floor":8,"turns":5},{"damage":0,"enemies":"Cultist","floor":12,"turns":3},{"damage":1,"enemies":"Blue Slaver","floor":13,"turns":4},{"damage":7,"enemies":"The Guardian","floor":16,"turns":9},{"damage":7,"enemies":"2 Thieves","floor":18,"turns":5},{"damage":1,"enemies":"Shell Parasite","floor":20,"turns":3},{"damage":8,"enemies":"3 Cultists","floor":22,"turns":4},{"damage":26,"enemies":"Book of Stabbing","floor":24,"turns":6},{"damage":12,"enemies":"Shelled Parasite and Fungi","floor":27,"turns":3},{"damage":12,"enemies":"Cultist and Chosen","floor":28,"turns":5},{"damage":30,"enemies":"Champ","floor":33,"turns":8},{"damage":35,"enemies":"3 Darklings","floor":35,"turns":6}],"seed_played":"5133497069500115437","potions_obtained":[{"floor":4,"key":"Weak Potion"},{"floor":8,"key":"Swift Potion"},{"floor":12,"key":"DistilledChaos"},{"floor":27,"key":"PowerPotion"},{"floor":28,"key":"EssenceOfSteel"},{"floor":33,"key":"Explosive Potion"},{"floor":35,"key":"DuplicationPotion"},{"floor":36,"key":"EntropicBrew"},{"floor":36,"key":"Fire Potion"}],"is_trial":false,"path_per_floor":["M","?","?","M","$","E","R","E","T","$","R","M","M","?","R","B",null,"M","?","M","?","M","R","E","R","T","M","M","?","R","$","R","B",null,"M","?","T","?","?","R","M"],"character_chosen":"THE_SILENT","items_purchased":["Noxious Fumes","Flash of Steel","Blind"],"campfire_rested":2,"item_purchase_floors":[5,10,31],"current_hp_per_floor":[64,61,47,43,43,35,35,7,7,7,28,28,27,27,27,20,70,63,49,48,48,45,45,29,29,29,27,23,23,23,23,23,7,49,18,18,18,18,18,32,0,0],"gold":241,"neow_bonus":"UPGRADE_CARD","is_daily":false,"chose_seed":false,"campfire_upgraded":6,"win_rate":0.0,"timestamp":1612139716,"path_taken":["M","?","?","M","$","E","R","E","T","?","R","M","?","?","R","BOSS","M","?","M","?","M","R","E","R","T","?","M","?","R","$","R","BOSS","M","?","?","?","?","R","M"],"items_purchased_type":["Card","Card","Card"],"build_version":"2020-12-22","purchased_purges":1,"victory":false,"max_hp_per_floor":[70,70,70,70,70,70,70,70,70,70,70,70,70,70,70,70,70,70,49,49,49,49,49,49,49,49,49,49,49,49,49,49,49,49,49,49,49,49,49,49,49,49],"card_choices":[{"not_picked":["Deadly Poison","Flying Knee"],"picked":"Concentrate","floor":1},{"not_picked":["Skewer","Slice"],"picked":"Accuracy","floor":4},{"not_picked":["Prepared","Dagger Spray","Deflect"],"picked":"SKIP","floor":6},{"not_picked":["Outmaneuver","Dagger Spray","Riddle With Holes"],"picked":"SKIP","floor":8},{"not_picked":["Flechettes","Cloak And Dagger","Bouncing Flask"],"picked":"SKIP","floor":12},{"not_picked":["Bane","Outmaneuver"],"picked":"Blade Dance","floor":13},{"not_picked":["Malaise","Doppelganger"],"picked":"Burst","floor":16},{"not_picked":["Deflect","Flechettes+1"],"picked":"Acrobatics","floor":18},{"not_picked":["Dagger Spray","Bouncing Flask"],"picked":"Underhanded Strike+1","floor":20},{"not_picked":["Sucker Punch","All Out Attack+1","Acrobatics"],"picked":"SKIP","floor":22},{"not_picked":["Catalyst","Infinite Blades","Quick Slash+1"],"picked":"SKIP","floor":24},{"not_picked":["Catalyst","Quick Slash+1"],"picked":"Infinite Blades","floor":24},{"not_picked":["Underhanded Strike","Crippling Poison"],"picked":"Terror+1","floor":27},{"not_picked":["Slice","Calculated Gamble+1","Setup+1"],"picked":"SKIP","floor":28},{"not_picked":["Corpse Explosion","Glass Knife"],"picked":"Night Terror","floor":33},{"not_picked":["Bane+1","Slice+1"],"picked":"Underhanded Strike+1","floor":35}],"player_experience":352739,"relics_obtained":[{"floor":6,"key":"Orichalcum"},{"floor":8,"key":"Vajra"},{"floor":9,"key":"Torii"},{"floor":24,"key":"Bottled Tornado"},{"floor":26,"key":"Tiny Chest"},{"floor":37,"key":"Toxic Egg 2"}],"event_choices":[{"damage_healed":0,"gold_gain":0,"player_choice":"Success","damage_taken":3,"relics_obtained":["Lizard Tail"],"max_hp_gain":0,"max_hp_loss":0,"event_name":"Scrap Ooze","floor":2,"gold_loss":0},{"damage_healed":0,"gold_gain":0,"player_choice":"Entered Light","damage_taken":14,"max_hp_gain":0,"max_hp_loss":0,"event_name":"Shining Light","floor":3,"gold_loss":0,"cards_upgraded":["Defend_G","Concentrate"]},{"damage_healed":0,"gold_gain":0,"player_choice":"Grow","damage_taken":0,"max_hp_gain":0,"max_hp_loss":0,"event_name":"Living Wall","floor":14,"gold_loss":0,"cards_upgraded":["Accuracy"]},{"damage_healed":0,"gold_gain":0,"player_choice":"Became a vampire","damage_taken":0,"max_hp_gain":0,"max_hp_loss":21,"event_name":"Vampires","floor":19,"gold_loss":0,"cards_obtained":["Bite","Bite","Bite","Bite","Bite"]},{"damage_healed":0,"gold_gain":0,"cards_transformed":["Defend_G"],"player_choice":"Transformed","damage_taken":0,"max_hp_gain":0,"max_hp_loss":0,"event_name":"Transmorgrifier","floor":21,"gold_loss":0,"cards_obtained":["Sucker Punch"]},{"cards_removed":["Sucker Punch"],"damage_healed":0,"gold_gain":0,"player_choice":"Gave Gold","damage_taken":0,"max_hp_gain":0,"max_hp_loss":0,"event_name":"Beggar","floor":29,"gold_loss":75},{"damage_healed":0,"gold_gain":0,"player_choice":"Got Potions","damage_taken":0,"max_hp_gain":0,"max_hp_loss":0,"event_name":"Lab","floor":36,"gold_loss":0},{"cards_removed":["Bite"],"damage_healed":0,"gold_gain":0,"player_choice":"Removed Attack","damage_taken":0,"max_hp_gain":0,"max_hp_loss":0,"event_name":"Falling","floor":38,"gold_loss":0},{"damage_healed":0,"gold_gain":0,"player_choice":"Ignored","damage_taken":0,"max_hp_gain":0,"max_hp_loss":0,"event_name":"Tomb of Lord Red Mask","floor":39,"gold_loss":0}],"is_beta":false,"boss_relics":[{"not_picked":["Fusion Hammer","Ectoplasm"],"picked":"HoveringKite"},{"not_picked":["SacredBark","Snecko Eye"],"picked":"SlaversCollar"}],"items_purged_floors":[31],"is_endless":false,"potions_floor_spawned":[4,8,12,27,28,33,35],"killed_by":"3 Shapes","ascension_level":3}}