{"host":"x8sop9v6zw8yitbt","time":1612152804,"event":{"mods":["BaseMod","Best Route Mod","Block Reminder","Colored Powertips","Dark Map","DeckTracker","Minty Spire (QoL Compilation)","Permanent Neow","Quick Restart","Reliquary","Spicy Shops","StSLib"],"gold_per_floor":[118,43,43,43,55,55,55,81,81,91,119,131,162,202,214,325,337,360,389,401,430,442,454,466,466],"floor_reached":24,"language":"ENG","playtime":670,"items_purged":["Strike_G"],"score":251,"play_id":"48f94a9c-7fcb-4bc5-a0fa-251d42e6ef4d","local_time":"20210131231324","is_ascension_mode":true,"campfire_choices":[{"data":"Footwork","floor":6.0,"key":"SMITH"},{"data":"Quick Slash","floor":15.0,"key":"SMITH"},{"data":"Phantasmal Killer","floor":23,"key":"SMITH"}],"circlet_count":0,"master_deck":["Strike_G+1","Strike_G","Strike_G+1","Defend_G","Defend_G","Defend_G","Defend_G","Survivor","Neutralize+1","Footwork+1","Quick Slash+1","Infinite Blades+1","Infinite Blades+1","Phantasmal Killer+1","PiercingWail","Accuracy+1"],"relics":["Ring of the Snake","NeowsBlessing","Whetstone","Frozen Egg 2","MawBank","Ginger","WristBlade"],"acts_visited":["Exordium","TheCity"],"potions_floor_usage":[],"damage_taken":[{"damage":0.0,"enemies":"Small Slimes","floor":1.0,"turns":1.0},{"damage":0.0,"enemies":"2 Louse","floor":5.0,"turns":1.0},{"damage":0.0,"enemies":"Gremlin Nob","floor":8.0,"turns":1.0},{"damage":0.0,"enemies":"Cultist","floor":10.0,"turns":3.0},{"damage":12.0,"enemies":"3 Sentries","floor":11.0,"turns":11.0},{"damage":2.0,"enemies":"3 Louse","floor":13.0,"turns":4.0},{"damage":2.0,"enemies":"Lagavulin","floor":14.0,"turns":6.0},{"damage":22.0,"enemies":"Hexaghost","floor":16.0,"turns":13.0},{"damage":0.0,"enemies":"Spheric Guardian","floor":18.0,"turns":3.0},{"damage":7.0,"enemies":"3 Byrds","floor":19.0,"turns":6.0},{"damage":18,"enemies":"Cultist and Chosen","floor":21,"turns":6},{"damage":17,"enemies":"Slavers","floor":24,"turns":3}],"seed_played":"2014575132351967880","potions_obtained":[{"floor":8.0,"key":"DuplicationPotion"},{"floor":11.0,"key":"FairyPotion"},{"floor":13.0,"key":"CultistPotion"}],"is_trial":false,"path_per_floor":["M","$","?","?","M","R","?","E","T","M","E","?","M","E","R","B",null,"M","M","?","M","?","R","E"],"character_chosen":"THE_SILENT","items_purchased":[],"campfire_rested":0,"item_purchase_floors":[],"current_hp_per_floor":[70,70,70,70,70,70,70,70,70,70,58,58,56,54,54,32,70,70,63,63,45,68,68,51,51],"gold":466,"neow_bonus":"THREE_ENEMY_KILL","is_daily":false,"chose_seed":false,"campfire_upgraded":3,"win_rate":0.0,"timestamp":1612152804,"path_taken":["M","$","?","?","?","R","?","E","T","M","E","?","?","E","R","BOSS","M","M","?","?","?","R","E"],"items_purchased_type":[],"build_version":"2020-12-22","purchased_purges":1,"victory":false,"max_hp_per_floor":[70,70,70,70,70,70,70,70,70,70,70,70,70,70,70,70,70,70,70,70,70,70,70,70,70],"card_choices":[{"not_picked":["Dodge and Roll","Dagger Throw","Flying Knee"],"picked":"SKIP","floor":1.0},{"not_picked":["Outmaneuver","Dodge and Roll"],"picked":"Footwork","floor":5.0},{"not_picked":["Cloak And Dagger","Reflex"],"picked":"Quick Slash","floor":8.0},{"not_picked":["Underhanded Strike","A Thousand Cuts+1","Crippling Poison"],"picked":"SKIP","floor":10.0},{"not_picked":["Blade Dance","Burst"],"picked":"Infinite Blades+1","floor":11.0},{"not_picked":["Tactician","Underhanded Strike"],"picked":"Infinite Blades+1","floor":13.0},{"not_picked":["Deflect","Underhanded Strike","Catalyst"],"picked":"SKIP","floor":14.0},{"not_picked":["Malaise","Die Die Die"],"picked":"Phantasmal Killer","floor":16.0},{"not_picked":["Flying Knee","Poisoned Stab"],"picked":"PiercingWail","floor":18.0},{"not_picked":["Finisher+1","Poisoned Stab"],"picked":"Accuracy+1","floor":19.0},{"not_picked":["Prepared","Poisoned Stab","Reflex"],"picked":"SKIP","floor":21}],"player_experience":869169,"relics_obtained":[{"floor":8.0,"key":"Whetstone"},{"floor":9.0,"key":"Frozen Egg 2"},{"floor":11.0,"key":"MawBank"},{"floor":14.0,"key":"Ginger"}],"event_choices":[{"damage_healed":0.0,"max_hp_gain":0.0,"max_hp_loss":0.0,"gold_gain":0.0,"event_name":"Living Wall","player_choice":"Grow","floor":3.0,"gold_loss":0.0,"damage_taken":0.0,"cards_upgraded":["Neutralize"]},{"damage_healed":0.0,"max_hp_gain":0.0,"max_hp_loss":0.0,"gold_gain":0.0,"event_name":"NoteForYourself","player_choice":"Ignored","floor":4.0,"gold_loss":0.0,"damage_taken":0.0},{"damage_healed":0.0,"max_hp_gain":0.0,"max_hp_loss":0.0,"gold_gain":0.0,"event_name":"The Cleric","player_choice":"Leave","floor":7.0,"gold_loss":0.0,"damage_taken":0.0},{"cards_removed":["Defend_G"],"damage_healed":0.0,"max_hp_gain":0.0,"max_hp_loss":0.0,"gold_gain":0.0,"event_name":"Bonfire Elementals","player_choice":"Offered Basic","floor":12.0,"gold_loss":0.0,"damage_taken":0.0},{"cards_removed":["Strike_G"],"damage_healed":0.0,"max_hp_gain":0.0,"max_hp_loss":0.0,"gold_gain":0.0,"event_name":"Purifier","player_choice":"Purged","floor":20.0,"gold_loss":0.0,"damage_taken":0.0},{"damage_healed":23,"gold_gain":0,"player_choice":"Heal","damage_taken":0,"max_hp_gain":0,"max_hp_loss":0,"event_name":"The Library","floor":22,"gold_loss":0}],"is_beta":false,"boss_relics":[{"not_picked":["Velvet Choker","Busted Crown"],"picked":"WristBlade"}],"items_purged_floors":[2],"is_endless":false,"potions_floor_spawned":[8,11,13,16,18],"killed_by":"Slavers","ascension_level":1}}