{"host":"j00kb0hny0pcox9b","time":1612166195,"event":{"mods":["AchievementEnabler","BaseMod","Colored Map","Minty Spire (QoL Compilation)","StSLib"],"gold_per_floor":[111,127,29,46,10,10,40,40,65,78,104,116,38,52,52,155,155,175,191,207,207,207,207,207,207],"floor_reached":24,"language":"ENG","playtime":1194,"items_purged":[],"score":260,"play_id":"f9603af7-d8fb-4aa3-9be8-1e2252bef1c7","local_time":"20210201005635","is_ascension_mode":true,"campfire_choices":[{"data":"Sucker Punch","floor":6,"key":"SMITH"},{"floor":15,"key":"REST"},{"floor":23,"key":"REST"}],"circlet_count":0,"master_deck":["Strike_G","Strike_G","Strike_G","Strike_G","Strike_G+1","Defend_G","Defend_G","Defend_G","Defend_G","Defend_G","Survivor","Neutralize","Blur","Quick Slash+1","Dash","Sucker Punch+1","Flying Knee","Dash","Blur+1","PiercingWail","Skewer","Footwork","Die Die Die","Dagger Throw+1","Crippling Poison"],"relics":["Ring of the Snake","Omamori","Potion Belt","Whetstone","Black Star","MutagenicStrength"],"acts_visited":["Exordium","TheCity"],"potions_floor_usage":[2,7,12,14,19,20],"damage_taken":[{"damage":0,"enemies":"2 Louse","floor":1,"turns":4},{"damage":0,"enemies":"Jaw Worm","floor":2,"turns":5},{"damage":0,"enemies":"Small Slimes","floor":4,"turns":3},{"damage":15,"enemies":"Lagavulin","floor":7,"turns":6},{"damage":0,"enemies":"Blue Slaver","floor":10,"turns":4},{"damage":34,"enemies":"Gremlin Nob","floor":11,"turns":7},{"damage":6,"enemies":"3 Louse","floor":12,"turns":3},{"damage":12,"enemies":"Gremlin Gang","floor":14,"turns":5},{"damage":30,"enemies":"The Guardian","floor":16,"turns":16},{"damage":24,"enemies":"Chosen","floor":18,"turns":7},{"damage":1,"enemies":"Shell Parasite","floor":19,"turns":11},{"damage":19,"enemies":"Centurion and Healer","floor":20,"turns":8},{"damage":37,"enemies":"Slavers","floor":24,"turns":4}],"seed_played":"-5862751754934291740","potions_obtained":[{"floor":1,"key":"Fire Potion"},{"floor":4,"key":"Strength Potion"},{"floor":10,"key":"SmokeBomb"},{"floor":11,"key":"Regen Potion"},{"floor":12,"key":"SteroidPotion"},{"floor":18,"key":"SkillPotion"},{"floor":19,"key":"Fire Potion"}],"is_trial":false,"path_per_floor":["M","M","$","M","$","R","E","?","T","M","E","M","$","M","R","B",null,"M","M","M","?","?","R","E"],"character_chosen":"THE_SILENT","items_purchased":["Dash","Sucker Punch","Dash","Footwork"],"campfire_rested":2,"item_purchase_floors":[3,3,5,13],"current_hp_per_floor":[77,77,77,77,77,77,62,62,62,62,28,31,31,19,42,12,61,37,36,17,17,3,27,0,0],"gold":207,"neow_bonus":"TEN_PERCENT_HP_BONUS","is_daily":false,"chose_seed":false,"campfire_upgraded":1,"win_rate":0.0,"timestamp":1612166195,"path_taken":["M","M","$","M","$","R","E","?","T","M","E","M","$","M","R","BOSS","M","M","M","?","?","R","E"],"items_purchased_type":["Card","Card","Card","Card"],"build_version":"2020-12-22","purchased_purges":0,"victory":false,"max_hp_per_floor":[77,77,77,77,77,77,77,77,77,77,77,77,77,77,77,77,77,77,77,77,77,82,82,82,82],"card_choices":[{"not_picked":["Caltrops","Dagger Throw"],"picked":"Blur","floor":1},{"not_picked":["Heel Hook","Outmaneuver"],"picked":"Quick Slash","floor":2},{"not_picked":["Deflect","Terror"],"picked":"Flying Knee","floor":4},{"not_picked":["Heel Hook","Outmaneuver"],"picked":"Blur","floor":7},{"not_picked":["Deadly Poison","Prepared"],"picked":"PiercingWail","floor":10},{"not_picked":["Underhanded Strike","Reflex","Corpse Explosion"],"picked":"SKIP","floor":11},{"not_picked":["Accuracy","Deadly Poison"],"picked":"Skewer","floor":12},{"not_picked":["Blur","Slice","Prepared"],"picked":"SKIP","floor":14},{"not_picked":["Venomology","A Thousand Cuts"],"picked":"Die Die Die","floor":16},{"not_picked":["Flechettes","Deadly Poison","All Out Attack"],"picked":"SKIP","floor":18},{"not_picked":["Quick Slash","Sucker Punch"],"picked":"Dagger Throw+1","floor":19},{"not_picked":["Accuracy+1","Choke"],"picked":"Crippling Poison","floor":20}],"player_experience":282580,"relics_obtained":[{"floor":7,"key":"Omamori"},{"floor":9,"key":"Potion Belt"},{"floor":11,"key":"Whetstone"}],"event_choices":[{"damage_healed":0,"gold_gain":0,"player_choice":"Grow","damage_taken":0,"max_hp_gain":0,"max_hp_loss":0,"event_name":"Living Wall","floor":8,"gold_loss":0,"cards_upgraded":["Blur"]},{"damage_healed":0,"gold_gain":0,"player_choice":"Inject Mutagens","damage_taken":0,"relics_obtained":["MutagenicStrength"],"max_hp_gain":0,"max_hp_loss":0,"event_name":"Drug Dealer","floor":21,"gold_loss":0},{"damage_healed":0,"gold_gain":0,"player_choice":"Shed Blood","damage_taken":19,"max_hp_gain":5,"max_hp_loss":0,"event_name":"Forgotten Altar","floor":22,"gold_loss":0}],"is_beta":false,"boss_relics":[{"not_picked":["WristBlade","Ectoplasm"],"picked":"Black Star"}],"items_purged_floors":[],"is_endless":false,"potions_floor_spawned":[1,4,10,11,12,18,19],"killed_by":"Slavers","ascension_level":5}}