{"host":"3y2rtlgteqp2nuo3","time":1612186102,"event":{"mods":["2.2 Compatiblity","AchievementEnabler","BaseMod","Colored Map","DeckTracker","Highlight Path","Keyboard Shortcuts","Minty Spire (QoL Compilation)","Permanent Neow","Quick Restart","StSLib","SuperFastMode","everything is the same but u backflip on backflip"],"gold_per_floor":[369,379,396,416,106,131,131,149,198,229,255,267,293,324,336,445,457,483,20,39,51,70,70,103,103,103,103,103,132,132,148,148,250,250,270,287,1286,1297,810,810,840,840,840,65,78,78,110,0,0,0],"floor_reached":51,"language":"KOR","playtime":1155,"items_purged":["Normality","Normality"],"score":1239,"play_id":"543e1a24-0786-413c-996a-18601f77dace","local_time":"20210201222822","is_ascension_mode":true,"campfire_choices":[{"data":"Perfected Strike","floor":7.0,"key":"SMITH"},{"data":"Perfected Strike","floor":12.0,"key":"SMITH"},{"data":"Demon Form","floor":15.0,"key":"SMITH"},{"floor":23.0,"key":"REST"},{"data":"Offering","floor":25.0,"key":"SMITH"},{"data":"Bash","floor":27.0,"key":"SMITH"},{"data":"Shrug It Off","floor":30.0,"key":"SMITH"},{"floor":32.0,"key":"REST"},{"floor":40.0,"key":"REST"},{"floor":42.0,"key":"REST"},{"data":"Inflame","floor":49,"key":"SMITH"}],"circlet_count":0,"master_deck":["Strike_R","Strike_R","Strike_R","Strike_R","Strike_R","Defend_R","Defend_R","Defend_R","Defend_R","Bash+1","Perfected Strike+1","Dropkick","Perfected Strike+1","Whirlwind","Inflame+1","Shockwave","Immolate","Demon Form+1","Offering+1","Twin Strike","Exhume+1","Shockwave+1","Heavy Blade","Twin Strike","Reaper","Seeing Red+1","Shrug It Off+1","Twin Strike","Double Tap","Burning Pact","Reaper","Perfected Strike","Perfected Strike+1","Perfected Strike+1","Shockwave"],"relics":["Black Blood","Orrery","Bag of Preparation","Ice Cream","MawBank","SlaversCollar","Vajra","Centennial Puzzle","Sling","Singing Bowl","CaptainsWheel","Lantern","Bottled Tornado","Red Skull","Blood Vial","DollysMirror","War Paint","Bottled Lightning","Potion Belt","Red Mask"],"acts_visited":["Exordium","TheCity","TheBeyond"],"potions_floor_usage":[],"damage_taken":[{"damage":6.0,"enemies":"Cultist","floor":1.0,"turns":3.0},{"damage":3.0,"enemies":"Jaw Worm","floor":2.0,"turns":4.0},{"damage":9.0,"enemies":"2 Louse","floor":3.0,"turns":2.0},{"damage":0.0,"enemies":"Large Slime","floor":4.0,"turns":5.0},{"damage":24.0,"enemies":"Gremlin Nob","floor":6.0,"turns":4.0},{"damage":8.0,"enemies":"Blue Slaver","floor":8.0,"turns":2.0},{"damage":0.0,"enemies":"3 Louse","floor":10.0,"turns":1.0},{"damage":15.0,"enemies":"Exordium Thugs","floor":11.0,"turns":4.0},{"damage":6.0,"enemies":"2 Fungi Beasts","floor":13.0,"turns":2.0},{"damage":13.0,"enemies":"Large Slime","floor":14.0,"turns":5.0},{"damage":36.0,"enemies":"The Guardian","floor":16.0,"turns":8.0},{"damage":20.0,"enemies":"2 Thieves","floor":18.0,"turns":2.0},{"damage":25.0,"enemies":"Spheric Guardian","floor":20.0,"turns":4.0},{"damage":22.0,"enemies":"Centurion and Healer","floor":21.0,"turns":5.0},{"damage":15.0,"enemies":"Snake Plant","floor":22.0,"turns":2.0},{"damage":6.0,"enemies":"Gremlin Leader","floor":24.0,"turns":4.0},{"damage":35.0,"enemies":"Slavers","floor":29.0,"turns":2.0},{"damage":15.0,"enemies":"Sentry and Sphere","floor":31.0,"turns":4.0},{"damage":23.0,"enemies":"Champ","floor":33.0,"turns":6.0},{"damage":24.0,"enemies":"3 Shapes","floor":35.0,"turns":6.0},{"damage":37.0,"enemies":"Orb Walker","floor":36.0,"turns":3.0},{"damage":38.0,"enemies":"4 Shapes","floor":38.0,"turns":5.0},{"damage":49.0,"enemies":"Nemesis","floor":41.0,"turns":3.0},{"damage":32.0,"enemies":"3 Darklings","floor":45.0,"turns":4.0},{"damage":15,"enemies":"Reptomancer","floor":47,"turns":4},{"damage":65,"enemies":"Awakened One","floor":50,"turns":6}],"seed_played":"7023751419832218979","potions_obtained":[{"floor":2.0,"key":"Weak Potion"},{"floor":3.0,"key":"Ancient Potion"},{"floor":6.0,"key":"LiquidMemories"},{"floor":11.0,"key":"Block Potion"},{"floor":13.0,"key":"DuplicationPotion"},{"floor":18.0,"key":"Regen Potion"},{"floor":21.0,"key":"Block Potion"},{"floor":29.0,"key":"LiquidBronze"},{"floor":33.0,"key":"SneckoOil"},{"floor":38.0,"key":"DuplicationPotion"},{"floor":47,"key":"ElixirPotion"}],"is_trial":false,"path_per_floor":["M","M","M","M","$","E","R","M","T","M","M","R","M","M","R","B",null,"M","$","M","M","M","R","E","R","T","R","?","E","R","M","R","B",null,"M","M","?","M","$","R","E","R","T","$","M","?","E","?","R","B",null],"character_chosen":"IRONCLAD","items_purchased":["Orrery","Bag of Preparation","Vajra","Centennial Puzzle","Sling","Heavy Blade","Reaper","Bottled Tornado","Perfected Strike","DollysMirror","War Paint","Strength Potion","Strength Potion","Bottled Lightning","Shockwave"],"campfire_rested":4,"item_purchase_floors":[5,5,19,19,19,19,39,39,39,44,44,44,44,44,44],"current_hp_per_floor":[72,72,69,72,72,54,54,52,52,58,49,49,49,42,42,12,57,43,43,24,20,11,32,54,54,54,54,72,45,45,36,58,41,66,64,51,51,27,27,50,13,36,36,36,62,64,65,65,65,54],"gold":0,"neow_bonus":"TWO_FIFTY_GOLD","is_daily":false,"chose_seed":false,"campfire_upgraded":7,"win_rate":0.0,"timestamp":1612186102,"path_taken":["M","M","M","?","$","E","R","M","T","M","M","R","M","M","R","BOSS","M","$","M","M","?","R","E","R","T","R","?","E","R","M","R","BOSS","M","M","?","M","$","R","E","R","T","$","M","?","E","?","R","BOSS"],"items_purchased_type":["Relic","Relic","Relic","Relic","Relic","Card","Card","Relic","Card","Relic","Relic","Potion","Potion","Relic","Card"],"build_version":"2020-12-22","purchased_purges":2,"victory":true,"max_hp_per_floor":[72,72,72,72,72,72,72,72,72,72,72,72,72,72,72,72,72,72,72,72,72,72,72,72,72,72,72,72,74,74,74,74,74,74,74,76,76,78,78,78,78,78,78,78,80,82,84,84,84,84],"card_choices":[{"not_picked":["Wild Strike","Intimidate"],"picked":"Perfected Strike","floor":1.0},{"not_picked":["Seeing Red","Feel No Pain"],"picked":"Dropkick","floor":2.0},{"not_picked":["True Grit","Warcry","Body Slam"],"picked":"SKIP","floor":3.0},{"not_picked":["Fire Breathing","Iron Wave"],"picked":"Perfected Strike","floor":4.0},{"not_picked":["True Grit","Warcry"],"picked":"Whirlwind","floor":5.0},{"not_picked":["Iron Wave","Headbutt"],"picked":"Inflame","floor":5.0},{"not_picked":["Thunderclap","Heavy Blade"],"picked":"Shockwave","floor":5.0},{"not_picked":["Feel No Pain","Reckless Charge"],"picked":"Immolate","floor":5.0},{"not_picked":["Anger","Headbutt","Shockwave"],"picked":"SKIP","floor":6.0},{"not_picked":["Shrug It Off","Heavy Blade"],"picked":"Demon Form","floor":8.0},{"not_picked":["Clothesline","Havoc","Flex"],"picked":"SKIP","floor":10.0},{"not_picked":["True Grit","Flex","Body Slam"],"picked":"SKIP","floor":11.0},{"not_picked":["Wild Strike","Flex"],"picked":"Offering","floor":13.0},{"not_picked":["True Grit","Shockwave"],"picked":"Twin Strike","floor":14.0},{"not_picked":["Barricade","Fiend Fire"],"picked":"Exhume","floor":16.0},{"not_picked":["Headbutt","Rupture+1"],"picked":"Shockwave+1","floor":18.0},{"not_picked":["Twin Strike","Headbutt","Cleave"],"picked":"SKIP","floor":20.0},{"not_picked":["Headbutt","Cleave"],"picked":"Twin Strike","floor":20.0},{"not_picked":["Cleave","Iron Wave"],"picked":"Reaper","floor":21.0},{"not_picked":["Havoc+1","Evolve"],"picked":"Seeing Red","floor":22.0},{"not_picked":["True Grit+1","Juggernaut"],"picked":"Shrug It Off","floor":24.0},{"not_picked":["Rage+1","Sword Boomerang","Shrug It Off"],"picked":"Singing Bowl","floor":29.0},{"not_picked":["Intimidate","Sentinel"],"picked":"Twin Strike","floor":31.0},{"not_picked":["Impervious","Immolate"],"picked":"Double Tap","floor":33.0},{"not_picked":["Sword Boomerang+1","Thunderclap"],"picked":"Burning Pact","floor":35.0},{"not_picked":["Shrug It Off","Intimidate","Bloodletting"],"picked":"Singing Bowl","floor":36.0},{"not_picked":["Flex","Shrug It Off+1","Clash+1"],"picked":"Singing Bowl","floor":38.0},{"not_picked":["Havoc+1","Warcry"],"picked":"Perfected Strike+1","floor":41.0},{"not_picked":["Sentinel+1","Metallicize","Heavy Blade"],"picked":"Singing Bowl","floor":45.0},{"not_picked":["Discovery","Blind","Trip"],"picked":"Singing Bowl","floor":46.0},{"not_picked":["Reckless Charge","Body Slam","Wild Strike"],"picked":"Singing Bowl","floor":47}],"player_experience":740126,"relics_obtained":[{"floor":6.0,"key":"Ice Cream"},{"floor":9.0,"key":"MawBank"},{"floor":24.0,"key":"Singing Bowl"},{"floor":26.0,"key":"CaptainsWheel"},{"floor":29.0,"key":"Lantern"},{"floor":41.0,"key":"Red Skull"},{"floor":43.0,"key":"Blood Vial"},{"floor":47,"key":"Potion Belt"}],"event_choices":[{"damage_healed":18.0,"max_hp_gain":0.0,"max_hp_loss":0.0,"gold_gain":0.0,"event_name":"Wheel of Change","player_choice":"Full Heal","floor":28.0,"gold_loss":0.0,"damage_taken":0.0},{"damage_healed":0.0,"max_hp_gain":0.0,"max_hp_loss":0.0,"gold_gain":999.0,"event_name":"MindBloom","player_choice":"Gold","floor":37.0,"gold_loss":0.0,"damage_taken":0.0,"cards_obtained":["Normality","Normality"]},{"damage_healed":0.0,"max_hp_gain":0.0,"max_hp_loss":0.0,"gold_gain":0.0,"event_name":"SensoryStone","player_choice":"Memory 1","floor":46.0,"gold_loss":0.0,"damage_taken":0.0},{"damage_healed":0,"gold_gain":0,"player_choice":"Paid","damage_taken":0,"relics_obtained":["Red Mask"],"max_hp_gain":0,"max_hp_loss":0,"event_name":"Tomb of Lord Red Mask","floor":48,"gold_loss":110}],"is_beta":false,"boss_relics":[{"not_picked":["Runic Pyramid","Calling Bell"],"picked":"SlaversCollar"},{"not_picked":["Runic Dome","Runic Cube"],"picked":"Black Blood"}],"items_purged_floors":[39,44],"is_endless":false,"potions_floor_spawned":[2,3,6,8,11,13,18,21,29,33,38,47],"ascension_level":9}}