{"host":"141e8mu1xuvwtmt1","time":1612220775,"event":{"mods":["AchievementEnabler","BaseMod","BetterRewards","Colored Map","Colored Powertips","Downfall","Highlight Path","Minty Spire (QoL Compilation)","Replay The Spire","StSLib"],"gold_per_floor":[99,111,121,140,154,154,178,212,212,5,17,130,146,173,188,188,188,188],"floor_reached":16,"language":"ENG","playtime":5407,"items_purged":[],"score":139,"play_id":"b7268e14-cf5f-48ef-bf6b-568058d44307","local_time":"20210202000615","is_ascension_mode":false,"campfire_choices":[{"floor":1.0,"key":"RECALL"},{"data":"bronze:Frontload","floor":6.0,"key":"SMITH"},{"data":"bronze:Branch","floor":9,"key":"SMITH"}],"circlet_count":0,"master_deck":["bronze:Strike","bronze:Strike","bronze:Strike","bronze:Strike","bronze:Defend","bronze:Defend","bronze:Defend","bronze:Defend","bronze:Replicate","bronze:Goto","bronze:DelayedGuard","bronze:Frontload+1","bronze:Branch+1","bronze:DelayedGuard","bronze:FollowUp","bronze:Iterate","bronze:BitShift","bronze:CloningBeam","bronze:Iterate","downfall:Bewildered","bronze:Iterate","bronze:WildBeam","bronze:Fortify"],"relics":["bronze:BronzeCore","Oddly Smooth Stone","PreservedInsect","Lantern","ReplayTheSpireMod:CursedCoin","Replay:Bottled Flurry"],"acts_visited":["Exordium"],"potions_floor_usage":[16],"damage_taken":[{"damage":0.0,"enemies":"Cultist","floor":2.0,"turns":3.0},{"damage":6.0,"enemies":"Jaw Worm","floor":3.0,"turns":3.0},{"damage":0.0,"enemies":"Small Slimes","floor":4.0,"turns":5.0},{"damage":0.0,"enemies":"Exordium Wildlife","floor":5.0,"turns":8.0},{"damage":12,"enemies":"3 Sentries","floor":8,"turns":16},{"damage":0,"enemies":"downfall:FleeingMerchant","floor":10,"turns":4},{"damage":0,"enemies":"Red Slaver","floor":11,"turns":3},{"damage":0,"enemies":"downfall:FleeingMerchant","floor":12,"turns":4},{"damage":6,"enemies":"3 Louse","floor":13,"turns":3},{"damage":0,"enemies":"Lagavulin","floor":14,"turns":4},{"damage":4,"enemies":"Large Slime","floor":15,"turns":5},{"damage":55,"enemies":"IC_STATUS_ARCHETYPE","floor":16,"turns":8}],"seed_played":"8763989866085953810","potions_obtained":[{"floor":3.0,"key":"Fruit Juice"},{"floor":5.0,"key":"Venom Potion"},{"floor":15,"key":"Explosive Potion"}],"is_trial":false,"path_per_floor":["R_BF","M","M","M","M","R","T","E","R","$","M","$","M","E","M","B"],"character_chosen":"THE_AUTOMATON","items_purchased":["Lantern","bronze:BitShift","ReplayTheSpireMod:CursedCoin","bronze:Iterate"],"campfire_rested":0,"item_purchase_floors":[10,10,12,12],"current_hp_per_floor":[77,77,76,76,76,76,76,64,64,64,64,64,58,58,54,0,0,0],"gold":188,"neow_bonus":"TEN_PERCENT_HP_BONUS","is_daily":false,"chose_seed":false,"campfire_upgraded":2,"win_rate":0.0,"timestamp":1612220775,"path_taken":["R_BF","M","M","M","M","R","T","E","R","$","M","?","M","E","M","BOSS"],"items_purchased_type":["Relic","Card","Relic","Card"],"build_version":"2020-12-22","purchased_purges":0,"victory":false,"max_hp_per_floor":[77,77,82,82,82,82,82,82,82,82,82,82,82,82,82,82,82,82],"card_choices":[{"not_picked":["bronze:Invalidate","bronze:DelayedSlice"],"picked":"bronze:DelayedGuard","floor":2.0},{"not_picked":["bronze:WhirlingStrike","bronze:FollowUp"],"picked":"bronze:Frontload","floor":3.0},{"not_picked":["bronze:Shield","bronze:OilSpill"],"picked":"bronze:Branch","floor":4.0},{"not_picked":["bronze:Safeguard","bronze:Branch"],"picked":"bronze:DelayedGuard","floor":5.0},{"not_picked":["bronze:Break","bronze:Overheat"],"picked":"bronze:FollowUp","floor":8},{"not_picked":["bronze:OilSpill","bronze:Deprecate"],"picked":"bronze:Iterate","floor":10},{"not_picked":["bronze:DarkDash","bronze:CutThrough"],"picked":"bronze:CloningBeam","floor":11},{"not_picked":["bronze:WildBeam","bronze:Shell"],"picked":"bronze:Iterate","floor":12},{"not_picked":["bronze:DelayedSlice","bronze:DelayedGuard"],"picked":"bronze:WildBeam","floor":13},{"not_picked":["bronze:Shield","bronze:Turbo","bronze:BuggyMess"],"picked":"SKIP","floor":14},{"not_picked":["bronze:Backtrace","bronze:OilSpill"],"picked":"bronze:Fortify","floor":15}],"player_experience":294068,"relics_obtained":[{"floor":7.0,"key":"Oddly Smooth Stone"},{"floor":8,"key":"PreservedInsect"},{"floor":14,"key":"Replay:Bottled Flurry"}],"event_choices":[],"is_beta":false,"boss_relics":[],"items_purged_floors":[],"is_endless":false,"potions_floor_spawned":[3,5,15],"killed_by":"IC_STATUS_ARCHETYPE","ascension_level":0}}