{"host":"3a1sbpq1iuwiesnh","time":1612185134,"event":{"mods":["AchievementEnabler","BaseMod","Colored Map","Colored Powertips","KOR Keyword Fix","Minty Spire (QoL Compilation)","Rare Cards Sparkle","Relic Stats","SuperFastMode","everything is the same but u backflip on backflip"],"gold_per_floor":[116,116,135,135,158,191,341,341,395,418,206,206,227,242,242,332,332,350,374,374,424,443,443,443,443],"floor_reached":24,"language":"KOR","playtime":660,"items_purged":["Doubt"],"score":396,"play_id":"4858eb07-0845-47b9-997f-95b6c5cd16bb","local_time":"20210201221214","is_ascension_mode":true,"campfire_choices":[{"data":"Uppercut","floor":8,"key":"SMITH"},{"data":"Perfected Strike","floor":12,"key":"SMITH"},{"data":"True Grit","floor":15,"key":"SMITH"},{"data":"Corruption","floor":23,"key":"SMITH"}],"circlet_count":0,"master_deck":["AscendersBane","Strike_R","Strike_R","Strike_R","Strike_R","Defend_R","Defend_R","Defend_R","Defend_R","Bash","Hemokinesis","Perfected Strike+1","Twin Strike","Uppercut+1","Seeing Red","Power Through","Twin Strike","Carnage","True Grit+1","Corruption+1","Impervious","Shockwave"],"relics":["Burning Blood","Golden Idol","Smiling Mask","Orrery","Coffee Dripper"],"acts_visited":["Exordium","TheCity"],"potions_floor_usage":[6,16,16,18],"damage_taken":[{"damage":9,"enemies":"2 Louse","floor":1,"turns":3},{"damage":3,"enemies":"Small Slimes","floor":3,"turns":3},{"damage":4,"enemies":"Jaw Worm","floor":5,"turns":3},{"damage":32,"enemies":"Lagavulin","floor":6,"turns":4},{"damage":11,"enemies":"3 Louse","floor":10,"turns":4},{"damage":0,"enemies":"2 Fungi Beasts","floor":13,"turns":4},{"damage":8,"enemies":"Blue Slaver","floor":14,"turns":3},{"damage":22,"enemies":"Slime Boss","floor":16,"turns":9},{"damage":11,"enemies":"2 Thieves","floor":18,"turns":4},{"damage":45,"enemies":"Shell Parasite","floor":19,"turns":6},{"damage":15,"enemies":"Snecko","floor":22,"turns":4},{"damage":30,"enemies":"Slavers","floor":24,"turns":1}],"seed_played":"2985408234361620172","potions_obtained":[{"floor":1,"key":"Strength Potion"},{"floor":6,"key":"Strength Potion"},{"floor":10,"key":"ColorlessPotion"},{"floor":16,"key":"Weak Potion"},{"floor":18,"key":"BlessingOfTheForge"}],"is_trial":false,"path_per_floor":["M","?","M","?","M","E","?","R","T","M","$","R","M","M","R","B",null,"M","M","?","?","M","R","E"],"character_chosen":"IRONCLAD","items_purchased":["Orrery"],"campfire_rested":0,"item_purchase_floors":[11],"current_hp_per_floor":[61,61,64,57,59,33,33,33,33,28,28,28,34,32,32,16,65,60,21,37,37,28,28,0,0],"gold":443,"neow_bonus":"TWENTY_PERCENT_HP_BONUS","is_daily":false,"chose_seed":false,"campfire_upgraded":4,"win_rate":0.0,"timestamp":1612185134,"path_taken":["M","?","M","?","M","E","?","R","T","M","$","R","M","?","R","BOSS","M","M","?","?","M","R","E"],"items_purchased_type":["Relic"],"build_version":"2020-12-22","purchased_purges":1,"victory":false,"max_hp_per_floor":[89,81,81,81,81,81,81,81,81,81,81,81,81,81,81,81,81,81,81,81,81,81,81,81,81],"relic_stats":{"counters":[12,48],"Golden Idol":59,"Smiling Mask":25,"obtain_stats":[{"Golden Idol":2,"Orrery":11,"Coffee Dripper":17,"Smiling Mask":6,"Burning Blood":0},{"Golden Idol":1,"Orrery":5,"Coffee Dripper":8,"Smiling Mask":4,"Burning Blood":0},{"Golden Idol":3,"Orrery":17,"Coffee Dripper":33,"Smiling Mask":13,"Burning Blood":0}],"Burning Blood":66},"card_choices":[{"not_picked":["Pummel","Thunderclap"],"picked":"Hemokinesis","floor":1},{"not_picked":["Sword Boomerang","Thunderclap"],"picked":"Perfected Strike","floor":3},{"not_picked":["Pummel","Thunderclap"],"picked":"Twin Strike","floor":5},{"not_picked":["Entrench","Iron Wave"],"picked":"Uppercut","floor":6},{"not_picked":["Wild Strike","Iron Wave"],"picked":"Seeing Red","floor":10},{"not_picked":["Intimidate","Thunderclap"],"picked":"Power Through","floor":11},{"not_picked":["Sentinel","Sword Boomerang"],"picked":"Twin Strike","floor":11},{"not_picked":["Heavy Blade","Havoc"],"picked":"Carnage","floor":11},{"not_picked":["Anger","Havoc","Bloodletting"],"picked":"SKIP","floor":13},{"not_picked":["Anger","Havoc","Bloodletting"],"picked":"SKIP","floor":13},{"not_picked":["Body Slam","Flex"],"picked":"True Grit","floor":14},{"not_picked":["Berserk","Impervious"],"picked":"Corruption","floor":16},{"not_picked":["Sword Boomerang","True Grit","Cleave"],"picked":"SKIP","floor":18},{"not_picked":["Pommel Strike","True Grit"],"picked":"Impervious","floor":19},{"not_picked":["Dropkick","Cleave+1"],"picked":"Shockwave","floor":22}],"player_experience":563742,"relics_obtained":[{"floor":6,"key":"Smiling Mask"}],"event_choices":[{"damage_healed":0,"gold_gain":0,"player_choice":"Lose Max HP","damage_taken":0,"relics_obtained":["Golden Idol"],"max_hp_gain":0,"max_hp_loss":8,"event_name":"Golden Idol","floor":2,"gold_loss":0},{"cards_removed":["Strike_R"],"damage_healed":0,"gold_gain":0,"player_choice":"Card Removal","damage_taken":7,"max_hp_gain":0,"max_hp_loss":0,"event_name":"Golden Wing","floor":4,"gold_loss":0},{"damage_healed":0,"gold_gain":150,"player_choice":"AGREE","damage_taken":0,"max_hp_gain":0,"max_hp_loss":0,"event_name":"Liars Game","floor":7,"gold_loss":0,"cards_obtained":["Doubt"]},{"damage_healed":16,"gold_gain":0,"player_choice":"Heal","damage_taken":0,"max_hp_gain":0,"max_hp_loss":0,"event_name":"The Library","floor":20,"gold_loss":0},{"damage_healed":0,"gold_gain":50,"player_choice":"Stole From Cult","damage_taken":0,"max_hp_gain":0,"max_hp_loss":0,"event_name":"Nest","floor":21,"gold_loss":0}],"is_beta":false,"boss_relics":[{"not_picked":["Runic Pyramid","Tiny House"],"picked":"Coffee Dripper"}],"items_purged_floors":[11],"is_endless":false,"potions_floor_spawned":[1,6,10,16,18],"killed_by":"Slavers","ascension_level":20}}