{"host":"k7udt7atmcuzf6l0","time":1612186515,"event":{"mods":["AchievementEnabler","BaseMod","BetterRewards","Colored Map","Colored Powertips","Highlight Path","Minty Spire (QoL Compilation)","Quick Restart","Rare Cards Sparkle","Relic Stats","StSLib","UnlockEverythingMod"],"gold_per_floor":[119,131,131,4,16,16,41,41,66,79,79,9,340,353,353,456,456,467,477,477,143,160,160,4,29,52,80,94,105,54,66,66,66,66],"floor_reached":33,"language":"ZHS","playtime":952,"items_purged":["Defend_R"],"score":297,"play_id":"d9f471f0-f12f-4583-9754-afc617c6a901","local_time":"20210201213515","is_ascension_mode":false,"campfire_choices":[{"data":"Flex","floor":6.0,"key":"SMITH"},{"data":"Infernal Blade","floor":11.0,"key":"SMITH"},{"data":"Rage","floor":15.0,"key":"SMITH"},{"data":"Double Tap","floor":23,"key":"SMITH"},{"data":"Shockwave","floor":32,"key":"SMITH"}],"circlet_count":0,"master_deck":["Strike_R","Strike_R","Strike_R","Strike_R","Defend_R","Defend_R","Bash","Body Slam+1","Spot Weakness","Flex+1","Rage+1","Infernal Blade+1","Battle Trance","Pummel","Thunderclap","Limit Break+1","Clash+1","True Grit+1","Combust","Double Tap+1","Bloodletting+1","Iron Wave+1","Shockwave+1","Sword Boomerang"],"relics":["Burning Blood","NeowsBlessing","Potion Belt","Strawberry","Old Coin","Empty Cage","PreservedInsect","Oddly Smooth Stone","Bag of Preparation","StrikeDummy","Lantern","Shovel"],"acts_visited":["Exordium","TheCity"],"potions_floor_usage":[22,25,29,33],"damage_taken":[{"damage":0.0,"enemies":"Small Slimes","floor":1.0,"turns":1.0},{"damage":0.0,"enemies":"Jaw Worm","floor":2.0,"turns":1.0},{"damage":0.0,"enemies":"Cultist","floor":5.0,"turns":1.0},{"damage":30.0,"enemies":"Lagavulin","floor":7.0,"turns":4.0},{"damage":5.0,"enemies":"3 Louse","floor":10.0,"turns":3.0},{"damage":13.0,"enemies":"3 Sentries","floor":13.0,"turns":4.0},{"damage":3.0,"enemies":"Gremlin Gang","floor":14.0,"turns":3.0},{"damage":41.0,"enemies":"Slime Boss","floor":16.0,"turns":10.0},{"damage":16,"enemies":"Chosen","floor":18,"turns":5},{"damage":0,"enemies":"Spheric Guardian","floor":19,"turns":3},{"damage":15,"enemies":"Centurion and Healer","floor":22,"turns":5},{"damage":11,"enemies":"Book of Stabbing","floor":25,"turns":3},{"damage":21,"enemies":"Gremlin Leader","floor":27,"turns":3},{"damage":5,"enemies":"Snecko","floor":28,"turns":3},{"damage":11,"enemies":"3 Cultists","floor":29,"turns":4},{"damage":17,"enemies":"Cultist and Chosen","floor":31,"turns":4},{"damage":67,"enemies":"Collector","floor":33,"turns":5}],"seed_played":"513576198335373054","potions_obtained":[{"floor":1.0,"key":"DuplicationPotion"},{"floor":5.0,"key":"Swift Potion"},{"floor":7.0,"key":"BloodPotion"},{"floor":19,"key":"Regen Potion"},{"floor":22,"key":"Block Potion"},{"floor":25,"key":"Fire Potion"},{"floor":29,"key":"DuplicationPotion"}],"is_trial":false,"path_per_floor":["M","M","?","$","M","R","E","?","T","M","R","$","E","M","R","B",null,"M","M","?","$","M","R","$","E","T","E","M","M","$","M","R","B"],"character_chosen":"IRONCLAD","items_purchased":["Flex","Battle Trance","PreservedInsect","Oddly Smooth Stone","Combust","Bag of Preparation","Sword Boomerang"],"campfire_rested":0,"item_purchase_floors":[4,12,21,21,21,24,30],"current_hp_per_floor":[80,80,80,80,80,80,56,48,55,56,56,56,49,52,52,17,87,77,83,83,83,83,83,83,78,78,63,64,59,59,48,48,0,0],"gold":66,"neow_bonus":"THREE_ENEMY_KILL","is_daily":false,"chose_seed":false,"campfire_upgraded":5,"win_rate":0.0,"timestamp":1612186515,"path_taken":["M","M","?","$","M","R","E","?","T","M","R","$","E","?","R","BOSS","M","M","?","$","?","R","?","E","T","E","M","M","$","M","R","BOSS"],"items_purchased_type":["Card","Card","Relic","Relic","Card","Relic","Card"],"build_version":"2020-12-22","purchased_purges":1,"victory":false,"max_hp_per_floor":[80,80,80,80,80,80,80,80,87,87,87,87,87,87,87,87,87,87,87,87,87,87,87,87,87,87,87,87,87,87,87,87,87,87],"relic_stats":{"Shovel":0,"counters":[17,62],"PreservedInsect":87,"Bag of Preparation":[12],"obtain_stats":[{"Potion Belt":7,"Lantern":26,"Shovel":27,"NeowsBlessing":0,"Strawberry":9,"Oddly Smooth Stone":21,"PreservedInsect":21,"Bag of Preparation":24,"Empty Cage":17,"StrikeDummy":25,"Burning Blood":0,"Old Coin":13},{"Potion Belt":4,"Lantern":12,"Shovel":13,"NeowsBlessing":0,"Strawberry":4,"Oddly Smooth Stone":10,"PreservedInsect":10,"Bag of Preparation":11,"Empty Cage":8,"StrikeDummy":12,"Burning Blood":0,"Old Coin":6},{"Potion Belt":7,"Lantern":43,"Shovel":46,"NeowsBlessing":0,"Strawberry":7,"Oddly Smooth Stone":35,"PreservedInsect":35,"Bag of Preparation":40,"Empty Cage":27,"StrikeDummy":43,"Burning Blood":0,"Old Coin":14}],"Burning Blood":78},"card_choices":[{"not_picked":["Rampage","Heavy Blade"],"picked":"Body Slam","floor":1.0},{"not_picked":["Wild Strike","Combust"],"picked":"Spot Weakness","floor":2.0},{"not_picked":["Power Through","Cleave","Shrug It Off"],"picked":"SKIP","floor":5.0},{"not_picked":["Shrug It Off","Dark Embrace"],"picked":"Rage","floor":7.0},{"not_picked":["Shrug It Off","Cleave"],"picked":"Infernal Blade","floor":10.0},{"not_picked":["Body Slam","Anger"],"picked":"Pummel","floor":13.0},{"not_picked":["Iron Wave","Anger"],"picked":"Thunderclap","floor":14.0},{"not_picked":["Demon Form","Juggernaut"],"picked":"Limit Break","floor":16.0},{"not_picked":["Sword Boomerang","Anger"],"picked":"Clash+1","floor":18},{"not_picked":["Iron Wave","Heavy Blade"],"picked":"True Grit+1","floor":19},{"not_picked":["Feel No Pain+1","Twin Strike"],"picked":"Double Tap","floor":22},{"not_picked":["Ghostly Armor","Clash"],"picked":"Bloodletting+1","floor":25},{"not_picked":["Flex","Bludgeon"],"picked":"Iron Wave+1","floor":27},{"not_picked":["Shrug It Off","Twin Strike","Warcry"],"picked":"SKIP","floor":28},{"not_picked":["Feel No Pain","Clothesline+1"],"picked":"Shockwave","floor":29},{"not_picked":["Rampage","Shockwave","Sentinel"],"picked":"SKIP","floor":31}],"player_experience":25390,"relics_obtained":[{"floor":7.0,"key":"Potion Belt"},{"floor":9.0,"key":"Strawberry"},{"floor":13.0,"key":"Old Coin"},{"floor":25,"key":"StrikeDummy"},{"floor":26,"key":"Lantern"},{"floor":27,"key":"Shovel"}],"event_choices":[{"damage_healed":0.0,"max_hp_gain":0.0,"max_hp_loss":0.0,"gold_gain":0.0,"event_name":"Living Wall","player_choice":"Grow","floor":3.0,"gold_loss":0.0,"damage_taken":0.0,"cards_upgraded":["Body Slam"]},{"damage_healed":0.0,"max_hp_gain":0.0,"max_hp_loss":0.0,"gold_gain":0.0,"event_name":"Wheel of Change","player_choice":"Damaged","floor":8.0,"gold_loss":0.0,"damage_taken":8.0},{"damage_healed":0,"gold_gain":0,"player_choice":"Upgraded","damage_taken":0,"max_hp_gain":0,"max_hp_loss":0,"event_name":"Upgrade Shrine","floor":20,"gold_loss":0,"cards_upgraded":["Limit Break"]}],"is_beta":false,"boss_relics":[{"not_picked":["SacredBark","Runic Dome"],"picked":"Empty Cage"}],"items_purged_floors":[4],"is_endless":false,"potions_floor_spawned":[1,5,7,19,22,25,29],"killed_by":"Collector","ascension_level":0}}