{"host":"kg61lsvem4dxoat8","time":1612183017,"event":{"mods":["AchievementEnabler","BaseMod","Better Altar","Better Match","Better Sensory Stone","Highlight Path","Minty Spire (QoL Compilation)","Quick Restart","Relic Sorter","Relic Stats","StSLib","Synergy Search","slay the spire mod where everything is the same but ironclad has a cowboy hat"],"gold_per_floor":[214,214,21,40,56,84,95,45,92,92,122,122,140,154,154,258,258,274,289,388,388,298,298,298],"floor_reached":23,"language":"ENG","playtime":25990,"items_purged":["Strike_R"],"score":291,"play_id":"9c66557e-9859-4da6-b863-295fd0121ff9","local_time":"20210201203657","is_ascension_mode":true,"campfire_choices":[{"data":"Rampage","floor":10,"key":"SMITH"},{"data":"Metallicize","floor":12,"key":"SMITH"},{"floor":15,"key":"REST"}],"circlet_count":0,"master_deck":["Strike_R","Defend_R","Defend_R+1","Defend_R","Bash+1","Rampage+1","Shrug It Off","Metallicize+1","Offering","Exhume+1","Rage+1","Demon Form+1","Combust","True Grit+1"],"relics":["Burning Blood","Self Forming Clay","Juzu Bracelet","Lantern","Astrolabe"],"acts_visited":["Exordium","TheCity"],"potions_floor_usage":[7,11,23],"damage_taken":[{"damage":8,"enemies":"Small Slimes","floor":1,"turns":4},{"damage":4,"enemies":"Jaw Worm","floor":4,"turns":3},{"damage":8,"enemies":"2 Louse","floor":5,"turns":3},{"damage":34,"enemies":"3 Sentries","floor":6,"turns":11},{"damage":7,"enemies":"Gremlin Gang","floor":7,"turns":5},{"damage":13,"enemies":"Gremlin Nob","floor":11,"turns":5},{"damage":13,"enemies":"Lots of Slimes","floor":13,"turns":5},{"damage":2,"enemies":"Exordium Thugs","floor":14,"turns":6},{"damage":36,"enemies":"Hexaghost","floor":16,"turns":8},{"damage":26,"enemies":"Chosen","floor":18,"turns":5},{"damage":22,"enemies":"Shell Parasite","floor":19,"turns":5},{"damage":0,"enemies":"Book of Stabbing","floor":23,"turns":2}],"seed_played":"-2381021498607639737","potions_obtained":[{"floor":6,"key":"LiquidMemories"},{"floor":7,"key":"Block Potion"},{"floor":11,"key":"SpeedPotion"},{"floor":16,"key":"Dexterity Potion"},{"floor":18,"key":"ElixirPotion"}],"is_trial":false,"path_per_floor":["M","?","$","M","M","E","M","?","T","R","E","R","M","M","R","B",null,"M","M","?","?","?","E"],"character_chosen":"IRONCLAD","items_purchased":["Rampage","Shrug It Off"],"campfire_rested":1,"item_purchase_floors":[3,3],"current_hp_per_floor":[70,70,70,72,70,42,41,41,41,41,34,34,27,31,55,25,66,46,30,30,30,30,30,30],"gold":298,"neow_bonus":"HUNDRED_GOLD","is_daily":false,"chose_seed":false,"campfire_upgraded":2,"win_rate":0.0,"timestamp":1612183017,"path_taken":["M","?","?","M","M","E","M","?","T","R","E","R","M","M","R","BOSS","M","M","?","?","?","E"],"items_purchased_type":["Card","Card"],"build_version":"2020-12-22","purchased_purges":1,"victory":false,"max_hp_per_floor":[80,80,80,80,80,80,80,80,80,80,80,80,80,80,80,80,80,80,80,80,80,80,80,80],"relic_stats":{"counters":[12,62],"Self Forming Clay":[87],"Astrolabe":["Exhume","Rage","Demon Form"],"Juzu Bracelet":1,"obtain_stats":[{"Lantern":11,"Self Forming Clay":6,"Astrolabe":17,"Juzu Bracelet":9,"Burning Blood":0},{"Lantern":6,"Self Forming Clay":4,"Astrolabe":9,"Juzu Bracelet":5,"Burning Blood":0},{"Lantern":31,"Self Forming Clay":21,"Astrolabe":50,"Juzu Bracelet":26,"Burning Blood":0}],"Burning Blood":66},"card_choices":[{"not_picked":["Thunderclap","Headbutt","Sword Boomerang"],"picked":"SKIP","floor":1},{"not_picked":["Iron Wave","Wild Strike","Heavy Blade"],"picked":"SKIP","floor":4},{"not_picked":["Inflame","Thunderclap"],"picked":"Metallicize","floor":5},{"not_picked":["Sever Soul","Disarm","Seeing Red"],"picked":"SKIP","floor":6},{"not_picked":["Dark Embrace","Anger","Intimidate"],"picked":"SKIP","floor":7},{"not_picked":["Twin Strike","Clothesline","Heavy Blade"],"picked":"SKIP","floor":11},{"not_picked":["Anger","Armaments","Clash"],"picked":"SKIP","floor":13},{"not_picked":["Entrench","Perfected Strike"],"picked":"Offering","floor":14},{"not_picked":["Feed","Berserk"],"picked":"Limit Break","floor":16},{"not_picked":["Rage","Warcry+1"],"picked":"Combust","floor":18},{"not_picked":["Body Slam","Headbutt","Anger"],"picked":"SKIP","floor":19},{"not_picked":["Heavy Blade+1","Anger+1"],"picked":"True Grit+1","floor":21}],"player_experience":1424621,"relics_obtained":[{"floor":6,"key":"Self Forming Clay"},{"floor":9,"key":"Juzu Bracelet"},{"floor":11,"key":"Lantern"}],"event_choices":[{"damage_healed":0,"gold_gain":0,"player_choice":"Grow","damage_taken":0,"max_hp_gain":0,"max_hp_loss":0,"event_name":"Living Wall","floor":2,"gold_loss":0,"cards_upgraded":["Bash"]},{"cards_removed":["Strike_R"],"damage_healed":0,"gold_gain":0,"player_choice":"Card Removal","damage_taken":0,"max_hp_gain":0,"max_hp_loss":0,"event_name":"The Cleric","floor":8,"gold_loss":50},{"damage_healed":0,"gold_gain":99,"player_choice":"Stole From Cult","damage_taken":0,"max_hp_gain":0,"max_hp_loss":0,"event_name":"Nest","floor":20,"gold_loss":0},{"damage_healed":0,"gold_gain":0,"player_choice":"2","damage_taken":0,"max_hp_gain":0,"max_hp_loss":0,"event_name":"betterMatch:BetterMatch","floor":21,"gold_loss":0,"cards_obtained":["betterMatch:CommonCard"]},{"cards_removed":["Limit Break"],"damage_healed":0,"gold_gain":0,"player_choice":"Upgrade and Remove","damage_taken":0,"max_hp_gain":0,"max_hp_loss":0,"event_name":"Designer","floor":22,"gold_loss":90,"cards_upgraded":["Defend_R"]}],"is_beta":false,"boss_relics":[{"not_picked":["Runic Cube","Runic Pyramid"],"picked":"Astrolabe"}],"items_purged_floors":[3],"is_endless":false,"potions_floor_spawned":[6,7,11,16,18],"killed_by":"Book of Stabbing","ascension_level":9}}