{"host":"49c2zf0lajbcs427","time":1612157364,"event":{"mods":["AchievementEnabler","BaseMod","Colored Map","Colored Powertips","Highlight Path","Key Reminder","Minty Spire (QoL Compilation)","Relic Stats","StSLib"],"gold_per_floor":[109,120,135,155,155,155,171,200,200,200,200,235,235,35,35,132,132,145,161,179,179,190,190,190,190],"floor_reached":24,"language":"ENG","playtime":1172,"items_purged":["Pain"],"score":250,"play_id":"fba9a871-0228-4d8f-9972-06913f21bc58","local_time":"20210201182924","is_ascension_mode":true,"campfire_choices":[{"data":"Gash","floor":6,"key":"SMITH"},{"data":"Sunder","floor":10,"key":"SMITH"},{"data":"Beam Cell","floor":15,"key":"SMITH"},{"data":"Defragment","floor":23,"key":"SMITH"}],"circlet_count":0,"master_deck":["Strike_B","Strike_B","Strike_B","Strike_B","Defend_B","Defend_B","Defend_B","Defend_B","Zap","Dualcast","Gash+1","Rebound","White Noise","Genetic Algorithm+1","Cold Snap","Sunder+1","Beam Cell+1","Capacitor","Electrodynamics","Double Energy","Defragment+1","Echo Form","Defragment","Genetic Algorithm"],"relics":["Cursed Key","StoneCalendar","DataDisk","keyreminder:keyreminder","WarpedTongs","Black Star"],"acts_visited":["Exordium","TheCity"],"potions_floor_usage":[4,8,12,16,20,22,24],"damage_taken":[{"damage":2,"enemies":"2 Louse","floor":1,"turns":3},{"damage":7,"enemies":"Jaw Worm","floor":2,"turns":3},{"damage":0,"enemies":"Small Slimes","floor":3,"turns":2},{"damage":0,"enemies":"Gremlin Gang","floor":4,"turns":3},{"damage":6,"enemies":"Blue Slaver","floor":7,"turns":3},{"damage":11,"enemies":"Lagavulin","floor":8,"turns":8},{"damage":14,"enemies":"Gremlin Nob","floor":12,"turns":4},{"damage":8,"enemies":"Slime Boss","floor":16,"turns":7},{"damage":7,"enemies":"Shell Parasite","floor":18,"turns":3},{"damage":0,"enemies":"Spheric Guardian","floor":19,"turns":3},{"damage":14,"enemies":"Cultist and Chosen","floor":20,"turns":5},{"damage":24,"enemies":"Snake Plant","floor":22,"turns":3},{"damage":40,"enemies":"Book of Stabbing","floor":24,"turns":4}],"seed_played":"-9210997790251401799","potions_obtained":[{"floor":1,"key":"Explosive Potion"},{"floor":3,"key":"Weak Potion"},{"floor":8,"key":"AttackPotion"},{"floor":16,"key":"SteroidPotion"},{"floor":18,"key":"Block Potion"},{"floor":20,"key":"GamblersBrew"},{"floor":22,"key":"SpeedPotion"}],"is_trial":false,"path_per_floor":["M","M","M","M","?","R","M","E","T","R","?","E","?","$","R","B",null,"M","M","M","?","M","R","E"],"character_chosen":"DEFECT","items_purchased":["Capacitor","Explosive Potion"],"campfire_rested":0,"item_purchase_floors":[14,14],"current_hp_per_floor":[73,66,66,66,66,66,60,49,49,49,54,40,40,40,40,32,80,73,73,59,59,35,35,0,0],"gold":190,"neow_bonus":"BOSS_RELIC","is_daily":false,"chose_seed":false,"campfire_upgraded":4,"win_rate":0.0,"timestamp":1612157364,"path_taken":["M","M","M","M","?","R","M","E","T","R","?","E","?","$","R","BOSS","M","M","?","?","M","R","E"],"items_purchased_type":["Card","Potion"],"build_version":"2020-12-22","purchased_purges":1,"victory":false,"max_hp_per_floor":[75,75,75,75,75,75,75,75,75,75,80,80,80,80,80,80,80,80,80,80,80,80,80,80,80],"relic_stats":{"counters":[13,51],"StoneCalendar":[0],"Black Star":0,"Cursed Key":0,"obtain_stats":[{"keyreminder:keyreminder":12,"DataDisk":12,"StoneCalendar":8,"Black Star":17,"Cracked Core":0,"Cursed Key":0,"WarpedTongs":13},{"keyreminder:keyreminder":7,"DataDisk":7,"StoneCalendar":6,"Black Star":8,"Cracked Core":0,"Cursed Key":0,"WarpedTongs":7},{"keyreminder:keyreminder":26,"DataDisk":26,"StoneCalendar":22,"Black Star":33,"Cracked Core":0,"Cursed Key":0,"WarpedTongs":26}],"WarpedTongs":[24]},"card_choices":[{"not_picked":["Aggregate","Conserve Battery"],"picked":"Gash","floor":1},{"not_picked":["Steam","Blizzard"],"picked":"Rebound","floor":2},{"not_picked":["Tempest","Turbo"],"picked":"White Noise","floor":3},{"not_picked":["Glacier","Compile Driver"],"picked":"Genetic Algorithm","floor":4},{"not_picked":["Compile Driver","Lockon"],"picked":"Cold Snap","floor":7},{"not_picked":["Beam Cell","Double Energy"],"picked":"Sunder","floor":8},{"not_picked":["Rebound","Conserve Battery"],"picked":"Beam Cell","floor":12},{"not_picked":["Machine Learning","Meteor Strike"],"picked":"Electrodynamics","floor":16},{"not_picked":["Compile Driver","Storm"],"picked":"Double Energy","floor":18},{"not_picked":["Capacitor+1","Streamline"],"picked":"Defragment","floor":19},{"not_picked":["Cold Snap","Storm"],"picked":"Echo Form","floor":20},{"not_picked":["Ball Lightning","Barrage+1"],"picked":"Genetic Algorithm","floor":22}],"player_experience":2377359,"relics_obtained":[{"floor":8,"key":"StoneCalendar"},{"floor":12,"key":"DataDisk"}],"event_choices":[{"damage_healed":0,"gold_gain":0,"player_choice":"Grow","damage_taken":0,"max_hp_gain":0,"max_hp_loss":0,"event_name":"Living Wall","floor":5,"gold_loss":0,"cards_upgraded":["Genetic Algorithm"]},{"damage_healed":0,"gold_gain":0,"player_choice":"Donut","damage_taken":0,"max_hp_gain":5,"max_hp_loss":0,"event_name":"Big Fish","floor":11,"gold_loss":0},{"damage_healed":0,"gold_gain":0,"player_choice":"Rummage","damage_taken":0,"relics_obtained":["WarpedTongs"],"max_hp_gain":0,"max_hp_loss":0,"event_name":"Accursed Blacksmith","floor":13,"gold_loss":0,"cards_obtained":["Pain"]},{"damage_healed":0,"gold_gain":0,"player_choice":"Copied","damage_taken":0,"max_hp_gain":0,"max_hp_loss":0,"event_name":"Duplicator","floor":21,"gold_loss":0,"cards_obtained":["Defragment"]}],"is_beta":false,"boss_relics":[{"not_picked":["Empty Cage","SlaversCollar"],"picked":"Black Star"}],"items_purged_floors":[14],"is_endless":false,"potions_floor_spawned":[1,3,8,16,18,20,22],"killed_by":"Book of Stabbing","ascension_level":4}}