{"host":"soyfmymeou4emntr","time":1612222059,"event":{"mods":["BaseMod","BetterRewards","Minty Spire (QoL Compilation)","Relic Sorter","Relic Stats","StSLib"],"gold_per_floor":[111,33,53,53,153,153,189,189,264,282,320,334,334,334,334,334,334],"floor_reached":16,"language":"ENG","playtime":680,"items_purged":[],"score":266,"play_id":"a0b1a140-18a6-48ec-909c-edbce45a4174","local_time":"20210201162739","is_ascension_mode":true,"campfire_choices":[{"data":"Sweeping Beam","floor":6.0,"key":"SMITH"},{"data":"Redo","floor":8.0,"key":"SMITH"},{"data":"Loop","floor":13.0,"key":"SMITH"},{"data":"Zap","floor":15.0,"key":"SMITH"}],"circlet_count":0,"master_deck":["AscendersBane","Strike_B","Strike_B","Strike_B","Strike_B","Defend_B","Defend_B","Defend_B","Defend_B","Zap+1","Dualcast","Barrage","Sweeping Beam+1","Redo+1","Leap","Self Repair","Loop+1","Sweeping Beam","Steam"],"relics":["Cracked Core","NeowsBlessing","Golden Idol","Bronze Scales","Letter Opener","Mummified Hand","Tiny Chest"],"acts_visited":["Exordium"],"potions_floor_usage":[16],"damage_taken":[{"damage":0.0,"enemies":"Small Slimes","floor":1.0,"turns":1.0},{"damage":0.0,"enemies":"Jaw Worm","floor":3.0,"turns":1.0},{"damage":0.0,"enemies":"Lagavulin","floor":7.0,"turns":1.0},{"damage":1.0,"enemies":"Cultist","floor":10.0,"turns":4.0},{"damage":37.0,"enemies":"Gremlin Nob","floor":11.0,"turns":4.0},{"damage":13.0,"enemies":"3 Louse","floor":12.0,"turns":2.0},{"damage":27,"enemies":"The Guardian","floor":16,"turns":6}],"seed_played":"7475148730427161283","potions_obtained":[{"floor":1.0,"key":"PowerPotion"},{"floor":3.0,"key":"PotionOfCapacity"},{"floor":12.0,"key":"Weak Potion"}],"is_trial":false,"path_per_floor":["M","$","M","?","?","R","E","R","T","M","E","M","R","?","R","B"],"character_chosen":"DEFECT","items_purchased":["Sweeping Beam","Redo"],"campfire_rested":0,"item_purchase_floors":[2,2],"current_hp_per_floor":[64,64,64,64,64,64,64,64,64,64,34,28,28,23,23,0,0],"gold":334,"neow_bonus":"THREE_ENEMY_KILL","is_daily":false,"chose_seed":false,"campfire_upgraded":4,"win_rate":0.0,"timestamp":1612222059,"path_taken":["M","$","M","?","?","R","E","R","T","?","E","M","R","?","R","BOSS"],"items_purchased_type":["Card","Card"],"build_version":"2020-12-22","purchased_purges":0,"victory":false,"max_hp_per_floor":[71,71,71,64,64,64,64,64,64,64,64,64,64,64,64,64,64],"relic_stats":{"counters":[7,19],"Golden Idol":22,"Mummified Hand":[3],"Bronze Scales":[33],"Tiny Chest":0,"Letter Opener":[10],"obtain_stats":[{"NeowsBlessing":0,"Golden Idol":4,"Mummified Hand":11,"Bronze Scales":7,"Tiny Chest":14,"Letter Opener":9,"Cracked Core":0},{"NeowsBlessing":0,"Golden Idol":2,"Mummified Hand":5,"Bronze Scales":3,"Tiny Chest":6,"Letter Opener":3,"Cracked Core":0},{"NeowsBlessing":0,"Golden Idol":2,"Mummified Hand":11,"Bronze Scales":3,"Tiny Chest":13,"Letter Opener":3,"Cracked Core":0}]},"card_choices":[{"not_picked":["Aggregate","Force Field"],"picked":"Barrage","floor":1.0},{"not_picked":["Rebound","Gash"],"picked":"Leap","floor":3.0},{"not_picked":["Seek","Echo Form"],"picked":"Self Repair","floor":7.0},{"not_picked":["Redo","Sweeping Beam"],"picked":"Loop","floor":10.0},{"not_picked":["Compile Driver","Reprogram"],"picked":"Sweeping Beam","floor":11.0},{"not_picked":["Go for the Eyes","Redo"],"picked":"Steam","floor":12.0}],"player_experience":2977615,"relics_obtained":[{"floor":7.0,"key":"Bronze Scales"},{"floor":9.0,"key":"Letter Opener"},{"floor":11.0,"key":"Mummified Hand"}],"event_choices":[{"damage_healed":0.0,"max_hp_gain":0.0,"max_hp_loss":7.0,"gold_gain":0.0,"event_name":"Golden Idol","player_choice":"Lose Max HP","floor":4.0,"gold_loss":0.0,"damage_taken":0.0,"relics_obtained":["Golden Idol"]},{"damage_healed":0.0,"max_hp_gain":0.0,"max_hp_loss":0.0,"gold_gain":100.0,"event_name":"Wheel of Change","player_choice":"Gold","floor":5.0,"gold_loss":0.0,"damage_taken":0.0},{"damage_healed":0.0,"max_hp_gain":0.0,"max_hp_loss":0.0,"gold_gain":0.0,"event_name":"Scrap Ooze","player_choice":"Success","floor":14.0,"gold_loss":0.0,"damage_taken":5.0,"relics_obtained":["Tiny Chest"]}],"is_beta":false,"boss_relics":[],"items_purged_floors":[],"is_endless":false,"potions_floor_spawned":[1,3,12],"killed_by":"The Guardian","ascension_level":20}}