{"host":"u9h06qdlnp3wgzsw","time":1612171106,"event":{"mods":["Act Like it!","BaseMod","Conspire","Curses Come First","Downfall","Hallownest","Hermit","Hubris","Minty Spire (QoL Compilation)","Quick Restart","Rare Cards Sparkle","Replay The Spire","Shop Mod","StSLib","The Disciple","The Hierophant","The Servant 0.9.4"],"gold_per_floor":[115,132,1,1,14,14,14,24,24,36,71,84,259,74,74,176,176,191,191,208,12,0,0,0,16,68,99,115,127,141,141,141],"floor_reached":31,"language":"ENG","playtime":1495,"items_purged":["conspire:NecroticWound","Doubt"],"score":284,"play_id":"b7756aeb-4393-4a67-903e-2af2362de3ef","local_time":"20210201041826","is_ascension_mode":false,"campfire_choices":[{"data":"Defend_B","floor":6,"key":"SMITH"},{"data":"Rainbow","floor":15,"key":"SMITH"},{"floor":24,"key":"REST"}],"circlet_count":0,"master_deck":["Strike_B","Strike_B","Strike_B","Defend_B","Defend_B","Defend_B+1","Zap","Dualcast","Conserve Battery","Static Discharge+1","Rainbow+1","Gash+1","Defragment","Gash","FIFO Queue+1","Sweeping Beam","Electrodynamics","Barrage"],"relics":["Cracked Core","ReplayTheSpireMod:CursedCoin","Blue Doll","FaceOfCleric","conspire:BottledYoYo","Replay:Bottled Eggs","Raider\u0027s Mask","Ring of Chaos","Potion Belt","DataDisk","Bag of Preparation"],"acts_visited":["Exordium","TheCity"],"potions_floor_usage":[8,10,11,11,16,27,30,31],"damage_taken":[{"damage":4,"enemies":"2 Louse","floor":1,"turns":3},{"damage":1,"enemies":"Cultist","floor":2,"turns":3},{"damage":5,"enemies":"Small Slimes","floor":5,"turns":3},{"damage":3,"enemies":"Exordium Wildlife","floor":8,"turns":4},{"damage":3,"enemies":"Exordium Thugs","floor":10,"turns":4},{"damage":4,"enemies":"Lagavulin","floor":11,"turns":7},{"damage":0,"enemies":"3 Louse","floor":12,"turns":6},{"damage":14,"enemies":"Hexaghost","floor":16,"turns":9},{"damage":30,"enemies":"conspire:FuzzyDice","floor":18,"turns":6},{"damage":2,"enemies":"Chosen","floor":20,"turns":5},{"damage":19,"enemies":"Snecko","floor":25,"turns":6},{"damage":25,"enemies":"conspire:Head Lice","floor":27,"turns":5},{"damage":13,"enemies":"conspire:HollyBat","floor":28,"turns":6},{"damage":16,"enemies":"Centurion and Healer","floor":29,"turns":3},{"damage":13,"enemies":"Shelled Parasite and Fungi","floor":30,"turns":5},{"damage":6,"enemies":"Snake Plant","floor":31,"turns":2}],"seed_played":"-6934574390091507570","potions_obtained":[{"floor":2,"key":"hexamod:SoulburnPotion"},{"floor":5,"key":"BlessingOfTheForge"},{"floor":8,"key":"DuplicationPotion"},{"floor":11,"key":"SpeedPotion"},{"floor":18,"key":"GamblersBrew"},{"floor":25,"key":"Languid Potion"},{"floor":29,"key":"Weak Potion"},{"floor":30,"key":"Strength Potion"}],"is_trial":false,"path_per_floor":["M","M","$","?","M","R","?","M","T","M","E","M","?","$","R","B",null,"M","?","M","$","?","?","R","M","T","E","M","M","M","M"],"character_chosen":"DEFECT","items_purchased":["ReplayTheSpireMod:CursedCoin","Blue Doll","Strength Potion","Raider\u0027s Mask","Elixir","Gash","FIFO Queue+1"],"campfire_rested":1,"item_purchase_floors":[3,3,3,14,14,21,21],"current_hp_per_floor":[78,77,77,77,72,72,72,70,70,68,65,66,66,66,66,53,87,58,58,57,57,57,57,83,65,65,41,29,14,2,0,0],"gold":141,"neow_bonus":"TEN_PERCENT_HP_BONUS","is_daily":false,"chose_seed":false,"campfire_upgraded":2,"win_rate":0.0,"timestamp":1612171106,"path_taken":["M","M","$","?","?","R","?","M","T","M","E","?","?","?","R","BOSS","M","?","?","$","?","?","R","M","T","E","M","M","?","M"],"items_purchased_type":["Relic","Relic","Potion","Relic","Potion","Card","Card"],"build_version":"2020-12-22","purchased_purges":2,"victory":false,"max_hp_per_floor":[82,82,82,82,82,82,82,83,83,84,85,86,86,86,86,87,87,88,88,89,89,89,89,89,90,90,91,92,93,94,94,94],"card_choices":[{"not_picked":["BasicCrystalCard","Turbo","Go for the Eyes"],"picked":"SKIP","floor":1},{"not_picked":["BasicCrystalCard","Ball Lightning","Scrape"],"picked":"SKIP","floor":2},{"not_picked":["Compile Driver","Meteor Strike","Beam Cell"],"picked":"SKIP","floor":5},{"not_picked":["Reprogram","Reinforced Body"],"picked":"Conserve Battery","floor":8},{"not_picked":["White Noise","Leap"],"picked":"Static Discharge","floor":10},{"not_picked":["Time Bomb","Turbo"],"picked":"Rainbow","floor":11},{"not_picked":["Turbo","Sweeping Beam","Leap"],"picked":"SKIP","floor":12},{"not_picked":["Turbo","Coolheaded"],"picked":"Gash+1","floor":18},{"not_picked":["Chill","Turbo"],"picked":"Defragment","floor":20},{"not_picked":["Rebound+1","Leap"],"picked":"Sweeping Beam","floor":25},{"not_picked":["Darkness+1","ReplayTheSpireMod:GoodbyeWorld"],"picked":"Electrodynamics","floor":27},{"not_picked":["Lockon","Rebound+1"],"picked":"Barrage","floor":28},{"not_picked":["Steam Power+1","Streamline","Time Bomb+1"],"picked":"SKIP","floor":29},{"not_picked":["Barrage","Stack+1","Go for the Eyes"],"picked":"SKIP","floor":30}],"player_experience":986071,"relics_obtained":[{"floor":9,"key":"conspire:BottledYoYo"},{"floor":11,"key":"Replay:Bottled Eggs"},{"floor":26,"key":"DataDisk"},{"floor":27,"key":"Bag of Preparation"}],"event_choices":[{"cards_removed":["Defend_B"],"damage_healed":0,"gold_gain":0,"player_choice":"Offered Basic","damage_taken":0,"max_hp_gain":0,"max_hp_loss":0,"event_name":"Bonfire Elementals","floor":4,"gold_loss":0},{"damage_healed":0,"gold_gain":0,"player_choice":"Trade","damage_taken":0,"relics_obtained":["FaceOfCleric"],"max_hp_gain":0,"max_hp_loss":0,"event_name":"FaceTrader","floor":7,"gold_loss":0},{"damage_healed":0,"gold_gain":175,"player_choice":"AGREE","damage_taken":0,"max_hp_gain":0,"max_hp_loss":0,"event_name":"Liars Game","floor":13,"gold_loss":0,"cards_obtained":["Doubt"]},{"damage_healed":0,"gold_gain":0,"player_choice":"Gave Potion","damage_taken":0,"relics_obtained":["Potion Belt"],"max_hp_gain":0,"max_hp_loss":0,"event_name":"WeMeetAgain","floor":19,"gold_loss":0},{"damage_healed":0,"gold_gain":0,"player_choice":"Paid Fearfully","damage_taken":0,"max_hp_gain":0,"max_hp_loss":0,"event_name":"Masked Bandits","floor":22,"gold_loss":12},{"cards_removed":["Strike_B"],"damage_healed":0,"gold_gain":0,"player_choice":"Purged","damage_taken":0,"max_hp_gain":0,"max_hp_loss":0,"event_name":"Purifier","floor":23,"gold_loss":0}],"is_beta":false,"boss_relics":[{"not_picked":["ReplayTheSpireMod:DimensionalGlitch","hubris:Backtick"],"picked":"Ring of Chaos"}],"items_purged_floors":[3,21],"is_endless":false,"potions_floor_spawned":[2,5,8,11,18,25,29,30],"killed_by":"Snake Plant","ascension_level":0}}