{"host":"am9dcwhv7hq2nlsk","time":1612179321,"event":{"mods":["ATMod(°¢èªMod)","AchievementEnabler","Act Like it!","Ascension Reborn","Aspiration","BaseMod","BetterRewards","Conspire","Custom Start","Dota2Spire","Marisa£¨ìFÓê¡¡Ä§ÀíÉ³£©","Minty Spire (QoL Compilation)","Reimu£¨²©ÀöÁéÃÎ£©","Remilia£¨ÀÙÃ×ÀòÑÇ£©","Replay The Spire","RumiaBox-Â¶Ã×æ«µÄÉñÃØºÐ×Ó","Shop Mod","Spicy Shops","StSLib","TestMod","The Cursed","The Hierophant","UnlockEverythingMod","[IsaacMod]ÒÔÈö¼âËþ","noobMod","¡¾ÒÅÎï¿¨ÅÆ¡¿REMEMod","óô»ðÖ¸ÄÏ"],"gold_per_floor":[118,118,124,130,140,165,165,201,249,274,283,302,326,350,527,626,626,644,958,967,986,997,1007,1034,1066,1066,1083,1168,1194,1226,1236,1291,1389,1389,1402,1416,1422,1435,1448,1473,1486,1619,1619,1750,1760,1967,1967,1973,1973,2291],"floor_reached":51,"language":"ZHS","playtime":3053,"items_purged":["Defend_R","SuicideKing","Strike_R","Strike_R","Defend_R","Strike_R","Defend_R","Strike_R","Bash+1","Entrench+1","SporeBomb+1","conspire:Charge+1","Sever Soul+1"],"score":1617,"play_id":"9804c12d-f30b-4c05-a242-43c2aa67d598","local_time":"20210201193521","is_ascension_mode":true,"campfire_choices":[],"circlet_count":0,"master_deck":["AscendersBane","Strike_R+3","Defend_R+3","Shrug It Off+1","REME_ACTH+1","Evolve+1","Entrench+1","Limit Break+1","Thunderclap+1","Armaments+1","Heavy Blade+1","REME_ACTH+1","Limit Break+1"],"relics":["Burning Blood","testmod-TestBox","HushsDoor","REME_ComplimentaryCards","AT_ATBox","ice","testmod-Fortitude","Membership Card","aspiration:Nostalgia","Cracked Core","BookOfRevelations","Lantern","BelialBook","Chemical X","conspire:DeflatedDodgeball","WingedGreaves","SSSystem","REME_OnlineShoppingPlatform","Potion Belt","Frozen Eye","AT_BladeRuinedKing","Meat on the Bone","Ice Cream","Strawberry","testmod-Charity","SteamSale","Dota2Spire:Satanic","Vajra","Chaos","Dota2Spire:ShivaGuard","Anchor","conspire:Flyswatter","Toxic Egg 2","Mummified Hand","AT_ForceNature","Paper Frog","Dota2Spire:DrumOfEndurance","conspire:Dentures","Dota2Spire:EyeOfSkadi","Replay:Wanted Poster","Du-Vu Doll","Shuriken","testmod-Justice","SacredBark","Calipers","Dota2Spire:AssaultCuirass","Whetstone","aspiration:EnhancedActuators","Magic Flower","Sling","AT_SpeedBoots","MoneyPower","Replay:Arrowhead","Counterbalance","Diplopia","GodSword1","Singing Bowl","conspire:TreasureMap","Blue Candle","testmod-ArcanaOfDestiny","Replay:Towering Pillar of Hats","conspire:TopHat","SoulBox","Question Card","Turnip","TheBattery","Dota2Spire:OrchidMalevolence","conspire:SlowCooker","conspire:SpecialSausage","Dota2Spire:ArcaneBoots","Dota2Spire:RefresherOrb","Coffee Dripper","Simple Rune","EdensBlessing","AT_BellDemon","testmod-PortableAltar","testmod-Nyarlathotep","Dota2Spire:Butterfly","testmod-Fanaticism","Ginger","Dota2Spire:BattleFury","Dota2Spire:PhaseBoots","AT_ImmortalShieldbow","Frozen Egg 2","REME_LimitBreaker","testmod-HeartOfStrike","War Paint","Guide Book","aspiration:MarisaSkillbook","AT_Kusabimaru","GodSword4","Paper Crane","Molten Egg 2","Oddly Smooth Stone","Blue Doll","Girya","testmod-BouquetWithThorns","aspiration:HummingbirdHeart","SalivaCoin","Dota2Spire:EtherealBlade","MerchantsRug","Replay:PocketPolymizer","REME_ChargedStone","Odd Mushroom","Dota2Spire:OctarineCore","Replay:WaspNest","RuthlessExorcism:ReiMu","testmod-CrystalShield","GuppysCollar","GuppysPaw","Garlic","Nunchaku","Bronze Scales","Red Skull","Tiny Chest","Snake Skull","Eternal Feather","Replay:Ringing Soul","Dota2Spire:MaskOfMadness","King of Hearts","Dota2Spire:ArmletOfMordiggian","Dota2Spire:CrimsonGuard","aspiration:ChemicalBlood","Ancient Tea Set","aspiration:FrozenJewel","testmod-AssaultLearning","Art of War","AnarchistCookbook","SatanicBible","Dota2Spire:Vanguard","TheBean","Toy Ornithopter","testmod-Muramasa","AT_TheCollector","testmod-Antiphasic","Black Blood","Pantograph","ScarletDevilRocket","conspire:IceCreamScoop","Carrot","AT_MibuBalloonWealth","Replay:Bottled Steam","Dota2Spire:BladeMail"],"acts_visited":["Exordium","TheCity","TheBeyond"],"potions_floor_usage":[],"damage_taken":[{"damage":0.0,"enemies":"2 Louse","floor":1.0,"turns":1.0},{"damage":0.0,"enemies":"Jaw Worm","floor":5.0,"turns":1.0},{"damage":0.0,"enemies":"Gremlin Nob","floor":6.0,"turns":1.0},{"damage":0.0,"enemies":"Lagavulin","floor":10.0,"turns":1.0},{"damage":0.0,"enemies":"Cultist","floor":11.0,"turns":1.0},{"damage":0.0,"enemies":"The Mushroom Lair","floor":12.0,"turns":1.0},{"damage":0,"enemies":"Gremlin Nob","floor":13,"turns":1},{"damage":0,"enemies":"The Guardian","floor":16,"turns":1},{"damage":0,"enemies":"Spheric Guardian","floor":18,"turns":1},{"damage":0,"enemies":"conspire:FuzzyDice","floor":20,"turns":1},{"damage":0,"enemies":"conspire:HollyBat","floor":21,"turns":2},{"damage":0,"enemies":"Snecko","floor":22,"turns":1},{"damage":0,"enemies":"Shelled Parasite and Fungi","floor":23,"turns":1},{"damage":0,"enemies":"conspire:Head Lice","floor":24,"turns":1},{"damage":0,"enemies":"conspire:MimicChest","floor":25,"turns":1},{"damage":0,"enemies":"Snake Plant","floor":27,"turns":1},{"damage":0,"enemies":"Slavers","floor":29,"turns":1},{"damage":0,"enemies":"conspire:Head Lice","floor":30,"turns":1},{"damage":0,"enemies":"3 Cultists","floor":31,"turns":1},{"damage":0,"enemies":"Hiden Room Battle","floor":32,"turns":1},{"damage":0,"enemies":"Collector","floor":33,"turns":1},{"damage":0,"enemies":"3 Shapes","floor":35,"turns":1},{"damage":0,"enemies":"Orb Walker","floor":36,"turns":1},{"damage":0,"enemies":"Sphere and 2 Shapes","floor":38,"turns":1},{"damage":0,"enemies":"Writhing Mass","floor":39,"turns":1},{"damage":0,"enemies":"R_Hoarder","floor":40,"turns":1},{"damage":0,"enemies":"Transient","floor":41,"turns":1},{"damage":0,"enemies":"Giant Head","floor":42,"turns":1},{"damage":0,"enemies":"R_Hoarder","floor":44,"turns":1},{"damage":0,"enemies":"Sphere and 2 Shapes","floor":45,"turns":1},{"damage":0,"enemies":"Awakened One","floor":50,"turns":2}],"seed_played":"8912625590267121681","potions_obtained":[{"floor":6.0,"key":"CultistPotion"},{"floor":10.0,"key":"Weak Potion"},{"floor":11.0,"key":"SteroidPotion"}],"is_trial":false,"path_per_floor":["M","?","?","?","M","E","?","R","T","E","M","?","E","T","R","B",null,"M","$","M","M","M","M","E","?","T","M","$","E","E","M","R","B",null,"M","M","?","M","M","E","M","E","T","E","M","?","T","?","R","B",null],"character_chosen":"IRONCLAD","items_purchased":["testmod-Fortitude","Blood Vial","Membership Card","aspiration:Nostalgia","BookOfRevelations","Lantern","Chemical X","conspire:DeflatedDodgeball","WingedGreaves","SSSystem","REME_OnlineShoppingPlatform","Potion Belt","Frozen Eye","AT_BladeRuinedKing","Meat on the Bone","Ice Cream","Strawberry","testmod-Charity","SteamSale","Dota2Spire:Satanic","Vajra","Chaos","Dota2Spire:ShivaGuard","Anchor","FrozenCore","conspire:Flyswatter","Toxic Egg 2","Mummified Hand","AT_ForceNature","Paper Frog","Nuclear Battery","Dota2Spire:DrumOfEndurance","conspire:Dentures","Dota2Spire:EyeOfSkadi","Replay:Wanted Poster","Du-Vu Doll","Shuriken","testmod-Justice","SacredBark","Calipers","Dota2Spire:AssaultCuirass","Whetstone","aspiration:EnhancedActuators","Magic Flower","Sling","AT_SpeedBoots","MoneyPower","Shrug It Off+1","Replay:Arrowhead","Counterbalance","Diplopia","GodSword1","Singing Bowl","conspire:TreasureMap","Blue Candle","testmod-ArcanaOfDestiny","Replay:Towering Pillar of Hats","REME_ACTH+1","conspire:TopHat","Runic Capacitor","SoulBox","Question Card","Turnip","TheBattery","Dota2Spire:OrchidMalevolence","Evolve+1","conspire:SlowCooker","conspire:SpecialSausage","Dota2Spire:ArcaneBoots","Dota2Spire:RefresherOrb","Entrench+1","Coffee Dripper","Simple Rune","EdensBlessing","AT_BellDemon","testmod-PortableAltar","testmod-Nyarlathotep","Dota2Spire:Butterfly","Honey Jar","testmod-Fanaticism","Ginger","Dota2Spire:BattleFury","Dota2Spire:PhaseBoots","AT_ImmortalShieldbow","Frozen Egg 2","REME_LimitBreaker","testmod-HeartOfStrike","Limit Break+1","War Paint","Guide Book","Entrench+1","aspiration:MarisaSkillbook","AT_Kusabimaru","GodSword4","Paper Crane","Molten Egg 2","Thunderclap+1","Oddly Smooth Stone","Blue Doll","Armaments+1","Girya","testmod-BouquetWithThorns","aspiration:HummingbirdHeart","Heavy Blade+1","SalivaCoin","MerchantsRug","Replay:PocketPolymizer","Replay:WaspNest","GuppysCollar","GuppysPaw","SatanicBible"],"campfire_rested":0,"item_purchase_floors":[0,0,0,0,0,0,0,0,0,0,0,0,0,0,0,0,0,0,0,0,0,0,0,0,0,0,0,0,0,0,0,0,0,0,0,0,0,0,0,0,0,0,0,0,0,0,0,0,0,0,0,0,0,0,0,0,0,0,0,0,0,0,0,0,0,0,0,0,0,0,0,0,0,0,0,0,0,0,0,0,0,0,0,0,0,0,0,0,0,0,0,0,0,0,0,0,0,0,0,0,0,0,0,0,0,8,8,15,17,17,34],"current_hp_per_floor":[66,66,59,53,68,83,88,89,90,99,101,101,101,101,111,113,89,91,94,96,98,100,102,104,106,105,107,111,113,115,117,120,122,111,113,115,114,117,119,121,123,126,125,128,130,101,101,95,101,137],"gold":2291,"neow_bonus":"","is_daily":false,"chose_seed":false,"campfire_upgraded":0,"win_rate":0.0,"timestamp":1612179321,"path_taken":["M","?","?","?","M","E","?","R","T","E","?","?","E","?","R","BOSS","M","$","M","M","M","M","E","?","T","M","$","E","E","M","R","BOSS","M","M","?","M","M","E","M","E","T","E","M","?","?","?","R","BOSS"],"items_purchased_type":["Relic","Relic","Relic","Relic","Relic","Relic","Relic","Relic","Relic","Relic","Relic","Relic","Relic","Relic","Relic","Relic","Relic","Relic","Relic","Relic","Relic","Card","Relic","Relic","Relic","Relic","Relic","Relic","Relic","Relic","Relic","Relic","Relic","Relic","Relic","Relic","Relic","Relic","Relic","Relic","Relic","Relic","Relic","Relic","Relic","Relic","Relic","Card","Relic","Relic","Relic","Relic","Relic","Relic","Relic","Relic","Relic","Card","Relic","Relic","Relic","Relic","Relic","Relic","Relic","Card","Relic","Relic","Relic","Relic","Card","Relic","Relic","Relic","Relic","Relic","Relic","Relic","Relic","Relic","Relic","Relic","Relic","Relic","Relic","Relic","Relic","Card","Relic","Relic","Card","Relic","Relic","Relic","Relic","Relic","Card","Relic","Relic","Card","Relic","Relic","Relic","Card","Relic","Relic","Relic","Relic","Relic","Relic","Relic"],"build_version":"2020-12-22","purchased_purges":13,"victory":true,"max_hp_per_floor":[90,89,89,89,91,93,97,97,97,99,101,101,101,101,111,113,89,91,94,96,98,100,102,104,106,105,107,111,113,115,117,120,122,111,113,115,115,117,119,121,123,126,125,128,130,133,132,132,131,137],"card_choices":[{"not_picked":[],"picked":"SuicideKing","floor":0.0},{"not_picked":["Rupture+1","LuminesStrike+1","Dropkick+1","ReplayTheSpireMod:Stacked+1","WitchLeyline+1","Robbery+1"],"picked":"Singing Bowl","floor":1.0},{"not_picked":["Warcry+1","Sentinel+1","Sever Soul+1","DarkMatter+1","SporeBomb+1","Intimidate+1"],"picked":"Singing Bowl","floor":5.0},{"not_picked":["DeepEcoloBomb+1","SprinkleStarSeal+1","Intimidate+1","BlazeAway+1","Perfected Strike+1","conspire:Charge+1"],"picked":"Singing Bowl","floor":6.0},{"not_picked":["EventHorizon+1","REME_Cut+1","conspire:ExplosiveBarrier+1","REME_ACTH+1","ReplayTheSpireMod:Strike From Hell+1","GalacticHalo+1"],"picked":"Singing Bowl","floor":10.0},{"not_picked":["Heavy Blade+1","MysteriousBeam+1","SporeBomb+1","WitchOfGreed+1","Reckless Charge+1","Havoc+1"],"picked":"Singing Bowl","floor":11.0},{"not_picked":["Twin Strike+1","Warcry+1","Clash+1","Run Through+1","Shrug It Off+1"],"picked":"Limit Break+1","floor":13},{"not_picked":["ManaRampage+1","Bludgeon+1","Exhume+1","SatelliteIllusion+1","SuperNova+1"],"picked":"Singing Bowl","floor":16},{"not_picked":["Iron Wave+1","Havoc+1","GalacticHalo+1","Shrug It Off+1","EnergyRecoil+1"],"picked":"Singing Bowl","floor":18},{"not_picked":["Havoc+1","Clothesline+1","DarkSpark+1","AT_ShrugMaster+1","BlazeAway+1"],"picked":"Singing Bowl","floor":20},{"not_picked":["GrandCross+1","RefractionSpark+1","UnstableBomb+1","Berserk+1","Acceleration+1"],"picked":"Singing Bowl","floor":21},{"not_picked":["ShootTheMoon+1","Body Slam+1","AT_ShrugMaster+1","OortCloud+1","Inflame+1"],"picked":"Singing Bowl","floor":22},{"not_picked":["Wild Strike+1","AT_GerminateFire+1","UnstableBomb+1","NonDirectionalLaser+1","LuminesStrike+1"],"picked":"Singing Bowl","floor":23},{"not_picked":["Run Through+1","MagicChant+1","Occultation+1","BlazingStar+1","Power Through+1"],"picked":"Singing Bowl","floor":24},{"not_picked":["Perfected Strike+1","Armaments+1","6A+1","Body Slam+1","Sentinel+1"],"picked":"Singing Bowl","floor":25},{"not_picked":["Sword Boomerang+1","UnstableBomb+1","SprinkleStarSeal+1","Run Through+1","Occultation+1"],"picked":"Singing Bowl","floor":27},{"not_picked":["MilkyWay+1","True Grit+1","AT_BodySlamDance+1","Warcry+1","Flex+1"],"picked":"Singing Bowl","floor":29},{"not_picked":["BinaryStars+1","True Grit+1","NonDirectionalLaser+1","SuperPerseids+1","EventHorizon+1"],"picked":"Singing Bowl","floor":30},{"not_picked":["AT_BodySlamDance+1","GalacticHalo+1","SprinkleStarSeal+1","Flex+1","ShootingEcho+1"],"picked":"Singing Bowl","floor":31},{"not_picked":["JA+1","Anger+1","MysteriousBeam+1","AT_CaressingTears+1","Second Wind+1"],"picked":"Singing Bowl","floor":32},{"not_picked":["Fiend Fire+1","Brutality+1","MillisecondPulsars+1","AT_Dispersion+1","ManaRampage+1"],"picked":"Singing Bowl","floor":33},{"not_picked":["RefractionSpark+1","Anger+1","OortCloud+1","AT_BodySlamDance+1","NonDirectionalLaser+1"],"picked":"Singing Bowl","floor":35},{"not_picked":["ReplayTheSpireMod:Strike From Hell+1","Cleave+1","Run Through+1","Massacre+1","Warcry+1"],"picked":"Singing Bowl","floor":36},{"not_picked":["GalacticHalo+1","Combust+1","ShootTheMoon+1","Entrench+1","True Grit+1"],"picked":"Singing Bowl","floor":38},{"not_picked":["GalacticHalo+1","OneTimeOff+1","PowerUp+1","EventHorizon+1","conspire:Charge+1"],"picked":"Singing Bowl","floor":39},{"not_picked":["REME_Scribble+1","Havoc+1","GrandCross+1","REME_Cut+1","StarDustReverie+1"],"picked":"Singing Bowl","floor":40},{"not_picked":["Pommel Strike+1","ReplayTheSpireMod:Limb From Limb+1","MysteriousBeam+1","Replay:Undeath\u0027s Touch+1","Spot Weakness+1"],"picked":"Singing Bowl","floor":41},{"not_picked":["Wild Strike+1","Thunderclap+1","Havoc+1","ReplayTheSpireMod:Strike From Hell+1","Berserk+1"],"picked":"Singing Bowl","floor":42},{"not_picked":["DarkSpark+1","SuperNova+1","DoubleSpark+1","Dark Embrace+1","SprinkleStarSeal+1"],"picked":"Singing Bowl","floor":44},{"not_picked":["AT_BodySlamDance+1","Second Wind+1","Dark Embrace+1","ReplayTheSpireMod:Corrosion Curse+1","Reckless Charge+1"],"picked":"Singing Bowl","floor":45},{"not_picked":["6A+1","ReplayTheSpireMod:Corrosion Curse+1","Heavy Blade+1","RefractionSpark+1","Anger+1"],"picked":"Singing Bowl","floor":46}],"player_experience":528284,"relics_obtained":[{"floor":6.0,"key":"Dota2Spire:EtherealBlade"},{"floor":10.0,"key":"REME_ChargedStone"},{"floor":12,"key":"Odd Mushroom"},{"floor":13,"key":"Dota2Spire:OctarineCore"},{"floor":14,"key":"REME_HandOfSuture"},{"floor":16,"key":"RuthlessExorcism:ReiMu"},{"floor":18,"key":"Garlic"},{"floor":20,"key":"Nunchaku"},{"floor":21,"key":"Bronze Scales"},{"floor":22,"key":"Red Skull"},{"floor":24,"key":"Tiny Chest"},{"floor":24,"key":"Snake Skull"},{"floor":25,"key":"Eternal Feather"},{"floor":26,"key":"Replay:Ringing Soul"},{"floor":27,"key":"Dota2Spire:MaskOfMadness"},{"floor":29,"key":"King of Hearts"},{"floor":29,"key":"Dota2Spire:ArmletOfMordiggian"},{"floor":30,"key":"Dota2Spire:CrimsonGuard"},{"floor":30,"key":"aspiration:ChemicalBlood"},{"floor":31,"key":"Ancient Tea Set"},{"floor":32,"key":"aspiration:FrozenJewel"},{"floor":32,"key":"testmod-AssaultLearning"},{"floor":32,"key":"Art of War"},{"floor":35,"key":"Dota2Spire:Vanguard"},{"floor":36,"key":"TheBean"},{"floor":38,"key":"Toy Ornithopter"},{"floor":39,"key":"testmod-Muramasa"},{"floor":40,"key":"AT_TheCollector"},{"floor":40,"key":"testmod-Antiphasic"},{"floor":41,"key":"Black Blood"},{"floor":42,"key":"Pantograph"},{"floor":42,"key":"ScarletDevilRocket"},{"floor":43,"key":"conspire:IceCreamScoop"},{"floor":44,"key":"Carrot"},{"floor":45,"key":"AT_MibuBalloonWealth"},{"floor":47,"key":"Replay:Bottled Steam"}],"event_choices":[{"damage_healed":0.0,"max_hp_gain":0.0,"max_hp_loss":0.0,"gold_gain":0.0,"event_name":"¶÷ÂåË¹µÄÅÌ×Ó","player_choice":"Ignored","floor":3.0,"gold_loss":0.0,"damage_taken":8.0},{"damage_healed":0.0,"max_hp_gain":5.0,"max_hp_loss":0.0,"gold_gain":0.0,"event_name":"Big Fish","player_choice":"Donut","floor":7.0,"gold_loss":0.0,"damage_taken":0.0},{"damage_healed":0.0,"max_hp_gain":0.0,"max_hp_loss":0.0,"gold_gain":0.0,"event_name":"Mushrooms","player_choice":"Fought Mushrooms","floor":12.0,"gold_loss":0.0,"damage_taken":0.0},{"damage_healed":0,"gold_gain":0,"player_choice":"Fight","damage_taken":0,"max_hp_gain":0,"max_hp_loss":0,"event_name":"HidenRoomEvent","floor":32,"gold_loss":0},{"damage_healed":0,"gold_gain":0,"player_choice":"Punched","damage_taken":3,"max_hp_gain":0,"max_hp_loss":0,"event_name":"Designer","floor":37,"gold_loss":0}],"is_beta":false,"boss_relics":[{"not_picked":["RedLine:ReiMu","Kunai"],"picked":"testmod-CrystalShield"},{"not_picked":[]},{"not_picked":["testmod-ObsoleteBoomerang","Omamori"],"picked":"AnarchistCookbook"},{"not_picked":[]}],"items_purged_floors":[0,0,0,0,0,0,0,0,0,0,15,15,49],"is_endless":false,"potions_floor_spawned":[6,10,11,12,21,22,27,31,32,33,35,38,40,41,44],"ascension_level":0}}