{"host":"wghdsg8ym2wc7ov9","time":1612144158,"event":{"mods":["A Penny For Your Troubles","AchievementEnabler","Astrologer","BaseMod","Beaked The Cultist","Better Altar","Better Note","ChefMod","Colored Map","Evolution","Fox Events","Hermit","Highlight Path","Jorbs\u0027s Wanderer Trilogy","KinomotoSakuraMod(????)","Minty Spire (QoL Compilation)","Random Character Button","Relic Stats","SIMod","Shop Mod","StSLib","The Blackbeard","The Bladedancer","The Construct","The Cursed","The Death Knight","The Gatherer","The Hierophant","The Marked","The Mystic","The Necromancer","The Runesmith","The Senshi","The Servant 0.9.4","Weighted Paths"],"gold_per_floor":[14,89,16,32,52,77,87,120,120,120,136,136,152,152,152,254,254,265,364,380,409,427,427,454,454,454,465,465,497,510,510,510],"floor_reached":31,"language":"ENG","playtime":4266,"items_purged":[],"score":349,"play_id":"8fc2fc4d-e95c-459a-a286-5468edfb5b63","local_time":"20210131174918","is_ascension_mode":true,"campfire_choices":[{"floor":10.0,"key":"REST"},{"data":"theSenshi:MoonCrisisMakeUp","floor":12.0,"key":"SMITH"},{"floor":15.0,"key":"REST"},{"data":"theSenshi:SilverMoonCrystalPowerKiss","floor":23.0,"key":"SMITH"},{"floor":28.0,"key":"REST"}],"circlet_count":0,"master_deck":["theSenshi:SailorKick","theSenshi:SailorKick","theSenshi:SailorKick","theSenshi:SailorKick","theSenshi:SailorBlock","theSenshi:SailorBlock","theSenshi:SailorBlock+1","theSenshi:SailorBlock","theSenshi:RoseThrow","theSenshi:MoonPrismPowerMakeUp","theSenshi:MoonPrincessHalation+1","theSenshi:FatedKiss","theSenshi:TallSilhouette","theSenshi:MoonPunch","theSenshi:MoonCrisisMakeUp+1","theSenshi:RainbowMoonHeartAche","theSenshi:SilverMoonCrystalPowerKiss+1","theSenshi:MercurysCunning","theSenshi:MoonTiaraMagic","theSenshi:WarriorOfTheMoon+1","theSenshi:GatheringStrength","theSenshi:SailorChibiMoonAssists","theSenshi:SailorMercuryAssists","theSenshi:MoonKick","theSenshi:SailorChibiMoonAssists","theSenshi:JupitersPower","theSenshi:SailorMercuryAssists+1","theSenshi:SailorStarMakerAssists"],"relics":["theSenshi:TransformationBroochRelic","EVO:Axolotl","StoneCalendar","InkBottle","theSenshi:FeatherClipsRelic","construct:BoolHorns","beaked:MawFillet","TungstenRod","Blood Vial","FaceOfCleric","War Paint","theSenshi:SailorFukuRelic"],"acts_visited":["Exordium","TheCity"],"potions_floor_usage":[29,31,31],"damage_taken":[{"damage":0.0,"enemies":"Jaw Worm","floor":1.0,"turns":4.0},{"damage":0.0,"enemies":"Cultist","floor":4.0,"turns":4.0},{"damage":0.0,"enemies":"2 Louse","floor":5.0,"turns":4.0},{"damage":38.0,"enemies":"Gremlin Nob","floor":6.0,"turns":5.0},{"damage":7.0,"enemies":"Blue Slaver","floor":7.0,"turns":5.0},{"damage":7.0,"enemies":"Lagavulin","floor":8.0,"turns":7.0},{"damage":7.0,"enemies":"3 Louse","floor":11.0,"turns":5.0},{"damage":3.0,"enemies":"Gremlin Gang","floor":13.0,"turns":6.0},{"damage":3.0,"enemies":"Slime Boss","floor":16.0,"turns":6.0},{"damage":7.0,"enemies":"2 Thieves","floor":18.0,"turns":4.0},{"damage":2.0,"enemies":"Chosen","floor":20.0,"turns":4.0},{"damage":8.0,"enemies":"Book of Stabbing","floor":21.0,"turns":3.0},{"damage":9.0,"enemies":"Snake Plant","floor":22.0,"turns":4.0},{"damage":54.0,"enemies":"Slavers","floor":24.0,"turns":7.0},{"damage":2.0,"enemies":"Chosen and Byrds","floor":27.0,"turns":7.0},{"damage":36,"enemies":"Gremlin Leader","floor":29,"turns":5},{"damage":16,"enemies":"Shelled Parasite and Fungi","floor":30,"turns":5},{"damage":33,"enemies":"Sentry and Sphere","floor":31,"turns":5}],"seed_played":"-5882063149417064286","potions_obtained":[{"floor":4.0,"key":"FearPotion"},{"floor":5.0,"key":"Fire Potion"},{"floor":6.0,"key":"PowerPotion"},{"floor":11.0,"key":"AttackPotion"},{"floor":24.0,"key":"Block Potion"},{"floor":27.0,"key":"SteroidPotion"},{"floor":29,"key":"GamblersBrew"},{"floor":30,"key":"Regen Potion"}],"is_trial":false,"path_per_floor":["M","?","$","M","M","E","M","E","T","R","M","R","M","?","R","B",null,"M","?","M","E","M","R","E","?","T","M","R","E","M","M"],"character_chosen":"THE_SENSHI","items_purchased":["theSenshi:FatedKiss"],"campfire_rested":3,"item_purchase_floors":[3],"current_hp_per_floor":[75,64,64,64,64,26,19,12,12,34,33,33,36,36,58,61,75,74,74,75,73,70,70,22,22,22,29,51,24,17,0,0],"gold":510,"neow_bonus":"ONE_RARE_RELIC","is_daily":false,"chose_seed":false,"campfire_upgraded":2,"win_rate":0.0,"timestamp":1612144158,"path_taken":["M","?","?","M","M","E","M","E","T","R","?","R","M","?","R","BOSS","M","?","M","E","M","R","E","?","T","M","R","E","M","M"],"items_purchased_type":["Card"],"build_version":"2020-12-22","purchased_purges":0,"victory":false,"max_hp_per_floor":[75,75,75,75,75,75,75,75,75,75,75,75,75,75,75,75,75,75,75,75,75,75,75,75,75,75,76,76,77,78,78,78],"relic_stats":{"Blood Vial":8,"FaceOfCleric":3,"counters":[18,90],"StoneCalendar":[12],"War Paint":["theSenshi:SailorBlock","theSenshi:WarriorOfTheMoon"],"obtain_stats":[{"construct:BoolHorns":9,"Blood Vial":24,"theSenshi:TransformationBroochRelic":0,"FaceOfCleric":25,"StoneCalendar":0,"beaked:MawFillet":17,"theSenshi:FeatherClipsRelic":8,"EVO:Axolotl":0,"War Paint":26,"theSenshi:SailorFukuRelic":29,"InkBottle":6,"TungstenRod":21},{"construct:BoolHorns":6,"Blood Vial":14,"theSenshi:TransformationBroochRelic":0,"FaceOfCleric":14,"StoneCalendar":0,"beaked:MawFillet":9,"theSenshi:FeatherClipsRelic":6,"EVO:Axolotl":0,"War Paint":14,"theSenshi:SailorFukuRelic":16,"InkBottle":4,"TungstenRod":12},{"construct:BoolHorns":29,"Blood Vial":68,"theSenshi:TransformationBroochRelic":0,"FaceOfCleric":68,"StoneCalendar":0,"beaked:MawFillet":46,"theSenshi:FeatherClipsRelic":29,"EVO:Axolotl":0,"War Paint":68,"theSenshi:SailorFukuRelic":80,"InkBottle":17,"TungstenRod":57}],"InkBottle":[23],"TungstenRod":23},"card_choices":[{"not_picked":["theSenshi:MoonPower","theSenshi:MoonsReflection"],"picked":"theSenshi:MoonPrincessHalation","floor":1.0},{"not_picked":["theSenshi:SailorMarsAssists","theSenshi:SchoolBag"],"picked":"theSenshi:TallSilhouette","floor":4.0},{"not_picked":["theSenshi:LunasBite","theSenshi:SchoolBag"],"picked":"theSenshi:MoonPunch","floor":5.0},{"not_picked":["theSenshi:SailorMarsAssists","theSenshi:EncouragingSpeech"],"picked":"theSenshi:MoonCrisisMakeUp","floor":6.0},{"not_picked":["theSenshi:LunasBite","theSenshi:Overload"],"picked":"theSenshi:RainbowMoonHeartAche","floor":7.0},{"not_picked":["theSenshi:TuxedoMaskAssists","theSenshi:TuxedoSmokingBomber"],"picked":"theSenshi:SilverMoonCrystalPowerKiss","floor":8.0},{"not_picked":["theSenshi:SchoolBag","theSenshi:SailorMercuryAssists"],"picked":"theSenshi:MercurysCunning","floor":11.0},{"not_picked":["theSenshi:MoonPrincessHalation","theSenshi:MoonCrystalPowerMakeUp"],"picked":"theSenshi:MoonTiaraMagic","floor":13.0},{"not_picked":["theSenshi:SailorPlutoAssists","theSenshi:SailorCosmosAssists"],"picked":"theSenshi:WarriorOfTheMoon","floor":16.0},{"not_picked":["theSenshi:MoonTiaraMagic","theSenshi:TallSilhouette"],"picked":"theSenshi:GatheringStrength","floor":18.0},{"not_picked":["theSenshi:TuxedoSmokingBomber","theSenshi:MoonPunch"],"picked":"theSenshi:SailorChibiMoonAssists","floor":20.0},{"not_picked":["theSenshi:MoonPunch","theSenshi:Sidestep"],"picked":"theSenshi:SailorMercuryAssists","floor":21.0},{"not_picked":["theSenshi:CrisisMakeUp","theSenshi:Sidestep"],"picked":"theSenshi:MoonKick","floor":22.0},{"not_picked":["theSenshi:MoonKick","theSenshi:Overload"],"picked":"theSenshi:SailorChibiMoonAssists","floor":24.0},{"not_picked":["theSenshi:DramaticEntrance+1","theSenshi:NeptunesGrace+1"],"picked":"theSenshi:JupitersPower","floor":27.0},{"not_picked":["theSenshi:SupersonicWaves","theSenshi:TuxedoSmokingBomber"],"picked":"theSenshi:SailorMercuryAssists+1","floor":29},{"not_picked":["theSenshi:NeptunesGrace","theSenshi:SailorStarFighterAssists+1"],"picked":"theSenshi:SailorStarMakerAssists","floor":30}],"player_experience":852314,"relics_obtained":[{"floor":6.0,"key":"InkBottle"},{"floor":8.0,"key":"theSenshi:FeatherClipsRelic"},{"floor":9.0,"key":"construct:BoolHorns"},{"floor":21.0,"key":"TungstenRod"},{"floor":24.0,"key":"Blood Vial"},{"floor":26.0,"key":"War Paint"},{"floor":29,"key":"theSenshi:SailorFukuRelic"}],"event_choices":[{"damage_healed":0.0,"max_hp_gain":0.0,"max_hp_loss":0.0,"gold_gain":75.0,"event_name":"World of Goop","player_choice":"Gather Gold","floor":2.0,"gold_loss":0.0,"damage_taken":11.0},{"damage_healed":0.0,"max_hp_gain":0.0,"max_hp_loss":0.0,"gold_gain":0.0,"event_name":"Living Wall","player_choice":"Grow","floor":14.0,"gold_loss":0.0,"damage_taken":0.0,"cards_upgraded":["theSenshi:MoonPrincessHalation"]},{"damage_healed":0.0,"max_hp_gain":0.0,"max_hp_loss":0.0,"gold_gain":99.0,"event_name":"Nest","player_choice":"Stole From Cult","floor":19.0,"gold_loss":0.0,"damage_taken":0.0},{"damage_healed":0.0,"max_hp_gain":0.0,"max_hp_loss":0.0,"gold_gain":0.0,"event_name":"FaceTrader","player_choice":"Trade","floor":25.0,"gold_loss":0.0,"damage_taken":0.0,"relics_obtained":["FaceOfCleric"]}],"is_beta":false,"boss_relics":[{"not_picked":["Pandora\u0027s Box","Velvet Choker"],"picked":"beaked:MawFillet"}],"items_purged_floors":[],"is_endless":false,"potions_floor_spawned":[4,5,6,11,24,27,29,30],"killed_by":"Sentry and Sphere","ascension_level":1}}