{"host":"f0gpob8hq9vgebej","time":1612154426,"event":{"mods":["AchievementEnabler","BaseMod","Minty Spire (QoL Compilation)","Quick Restart","SuperFastMode"],"gold_per_floor":[112,130,130,148,164,164,184,211,211,211,211,223,67,81,81,160,160,171,191,35,55,75,75,75,75],"floor_reached":24,"language":"KOR","playtime":713,"items_purged":["Strike_R","Defend_R"],"score":364,"play_id":"aa02f61b-60cb-4c07-8180-f5aaf917972f","local_time":"20210201134026","is_ascension_mode":true,"campfire_choices":[{"data":"Sword Boomerang","floor":6,"key":"SMITH"},{"data":"Flex","floor":10,"key":"SMITH"},{"floor":15,"key":"REST"},{"data":"Inflame","floor":23,"key":"SMITH"}],"circlet_count":0,"master_deck":["AscendersBane","Strike_R","Strike_R","Defend_R","Defend_R","Bash","Sword Boomerang+1","Ghostly Armor","Seeing Red","Iron Wave","Flex+1","Carnage","Twin Strike","Battle Trance","Inflame+1","Double Tap","Pommel Strike+1","Shrug It Off","Sword Boomerang"],"relics":["Black Blood","Tiny Chest","Ginger"],"acts_visited":["Exordium","TheCity"],"potions_floor_usage":[8,12,16,16,16,22,24,24,24,24],"damage_taken":[{"damage":8.0,"enemies":"2 Louse","floor":1.0,"turns":4.0},{"damage":0.0,"enemies":"Small Slimes","floor":2.0,"turns":3.0},{"damage":7.0,"enemies":"Jaw Worm","floor":4.0,"turns":4.0},{"damage":41,"enemies":"Lots of Slimes","floor":5,"turns":7},{"damage":11,"enemies":"Blue Slaver","floor":7,"turns":5},{"damage":26,"enemies":"Lagavulin","floor":8,"turns":7},{"damage":2,"enemies":"2 Fungi Beasts","floor":12,"turns":3},{"damage":0,"enemies":"3 Louse","floor":14,"turns":3},{"damage":19,"enemies":"Slime Boss","floor":16,"turns":8},{"damage":27,"enemies":"3 Byrds","floor":18,"turns":6},{"damage":14,"enemies":"Chosen","floor":19,"turns":5},{"damage":24,"enemies":"Centurion and Healer","floor":21,"turns":4},{"damage":26,"enemies":"3 Cultists","floor":22,"turns":5},{"damage":0,"enemies":"Slavers","floor":24,"turns":1}],"seed_played":"7613590123199171058","potions_obtained":[{"floor":5,"key":"Weak Potion"},{"floor":7,"key":"EssenceOfSteel"},{"floor":12,"key":"EntropicBrew"},{"floor":18,"key":"ElixirPotion"},{"floor":21,"key":"EntropicBrew"},{"floor":22,"key":"ColorlessPotion"}],"is_trial":false,"path_per_floor":["M","M","?","M","M","R","M","E","T","R","?","M","$","M","R","B",null,"M","M","$","M","M","R","E"],"character_chosen":"IRONCLAD","items_purchased":["Battle Trance","Shrug It Off"],"campfire_rested":1,"item_purchase_floors":[13,20],"current_hp_per_floor":[66,72,72,71,36,36,31,11,11,11,4,8,8,14,36,23,62,47,45,45,33,19,19,19,19],"gold":75,"neow_bonus":"REMOVE_CARD","is_daily":false,"chose_seed":false,"campfire_upgraded":3,"win_rate":0.0,"timestamp":1612154426,"path_taken":["M","M","?","M","M","R","M","E","T","R","?","M","$","M","R","BOSS","M","M","$","M","M","R","E"],"items_purchased_type":["Card","Card"],"build_version":"2020-12-22","purchased_purges":2,"victory":false,"max_hp_per_floor":[75,75,75,75,75,75,75,75,75,75,75,75,75,75,75,75,75,75,75,75,75,75,75,75,75],"card_choices":[{"not_picked":["Iron Wave","Headbutt"],"picked":"Sword Boomerang","floor":1.0},{"not_picked":["Dropkick","Clash"],"picked":"Ghostly Armor","floor":2.0},{"not_picked":["Clash","True Grit"],"picked":"Seeing Red","floor":4.0},{"not_picked":["Shockwave","Wild Strike"],"picked":"Iron Wave","floor":5},{"not_picked":["True Grit","Anger"],"picked":"Flex","floor":7},{"not_picked":["Clothesline","Exhume"],"picked":"Carnage","floor":8},{"not_picked":["Headbutt","Flex"],"picked":"Twin Strike","floor":12},{"not_picked":["Sentinel","Intimidate"],"picked":"Inflame","floor":14},{"not_picked":["Immolate","Fiend Fire"],"picked":"Double Tap","floor":16},{"not_picked":["Anger","Cleave+1"],"picked":"Pommel Strike+1","floor":18},{"not_picked":["Body Slam","Twin Strike","Clothesline"],"picked":"SKIP","floor":19},{"not_picked":["Iron Wave","Shrug It Off"],"picked":"Sword Boomerang","floor":21},{"not_picked":["Reckless Charge","Clothesline","Armaments"],"picked":"SKIP","floor":22}],"player_experience":339495,"relics_obtained":[{"floor":8,"key":"Tiny Chest"},{"floor":9,"key":"Ginger"}],"event_choices":[{"cards_removed":["Defend_R"],"damage_healed":0.0,"max_hp_gain":0.0,"max_hp_loss":0.0,"gold_gain":0.0,"event_name":"Living Wall","player_choice":"Forget","floor":3.0,"gold_loss":0.0,"damage_taken":0.0},{"cards_removed":["Strike_R"],"damage_healed":0,"gold_gain":0,"player_choice":"Card Removal","damage_taken":7,"max_hp_gain":0,"max_hp_loss":0,"event_name":"Golden Wing","floor":11,"gold_loss":0}],"is_beta":false,"boss_relics":[{"not_picked":["Cursed Key","Snecko Eye"],"picked":"Black Blood"}],"items_purged_floors":[13,20],"is_endless":false,"potions_floor_spawned":[5,7,12,18,21,22],"killed_by":"Slavers","ascension_level":16}}