{"host":"2se5dq1do2gp0x9k","time":1612142722,"event":{"mods":["AchievementEnabler","BaseMod","Block Reminder","Colored Map","Colored Powertips","Minty Spire (QoL Compilation)","Relic Stats","StSLib","SuperFastMode"],"gold_per_floor":[115,115,185,202,73,73,102,102,126,46,65,76,90,117,117,117,117],"floor_reached":16,"language":"ENG","playtime":512,"items_purged":[],"score":270,"play_id":"488601a8-27c1-42eb-9a1b-61096ba2dc72","local_time":"20210131172522","is_ascension_mode":true,"campfire_choices":[{"data":"Crippling Poison","floor":6,"key":"SMITH"},{"data":"Wraith Form v2","floor":8,"key":"SMITH"},{"data":"Deadly Poison","floor":15,"key":"SMITH"}],"circlet_count":0,"master_deck":["AscendersBane","Strike_G","Strike_G","Strike_G","Strike_G","Defend_G","Defend_G","Defend_G","Defend_G","Defend_G","Survivor","Neutralize","All Out Attack","Venomology","Deadly Poison+1","Crippling Poison+1","Bane","Wraith Form v2+1","Noxious Fumes","PiercingWail"],"relics":["Ring of the Snake","NeowsBlessing","Ninja Scroll","Potion Belt","Orichalcum","Bronze Scales"],"acts_visited":["Exordium"],"potions_floor_usage":[13,14,16,16],"damage_taken":[{"damage":0,"enemies":"2 Louse","floor":1,"turns":1},{"damage":0,"enemies":"Jaw Worm","floor":4,"turns":1},{"damage":0,"enemies":"Lagavulin","floor":7,"turns":1},{"damage":1,"enemies":"Cultist","floor":11,"turns":3},{"damage":4,"enemies":"Red Slaver","floor":12,"turns":4},{"damage":12,"enemies":"Exordium Thugs","floor":13,"turns":4},{"damage":17,"enemies":"3 Sentries","floor":14,"turns":9},{"damage":44,"enemies":"Slime Boss","floor":16,"turns":11}],"seed_played":"5701060134948084343","potions_obtained":[{"floor":1,"key":"LiquidBronze"},{"floor":14,"key":"Weak Potion"}],"is_trial":false,"path_per_floor":["M","?","T","M","$","R","E","R","T","$","M","M","M","E","R","B"],"character_chosen":"THE_SILENT","items_purchased":["Crippling Poison","Bane","Noxious Fumes"],"campfire_rested":0,"item_purchase_floors":[5,5,10],"current_hp_per_floor":[59,59,59,59,59,59,59,59,59,59,58,54,42,40,40,0,0],"gold":117,"neow_bonus":"THREE_ENEMY_KILL","is_daily":false,"chose_seed":false,"campfire_upgraded":3,"win_rate":0.0,"timestamp":1612142722,"path_taken":["M","?","?","?","?","R","E","R","T","$","M","M","M","E","R","BOSS"],"items_purchased_type":["Card","Card","Card"],"build_version":"2020-12-22","purchased_purges":0,"victory":false,"max_hp_per_floor":[66,66,66,66,66,66,66,66,66,66,66,66,66,66,66,66,66],"relic_stats":{"counters":[8,34],"Bronze Scales":[22],"Orichalcum":[126],"obtain_stats":[{"Potion Belt":7,"NeowsBlessing":0,"Ninja Scroll":3,"Bronze Scales":14,"Orichalcum":9,"Ring of the Snake":0},{"Potion Belt":3,"NeowsBlessing":0,"Ninja Scroll":1,"Bronze Scales":7,"Orichalcum":3,"Ring of the Snake":0},{"Potion Belt":3,"NeowsBlessing":0,"Ninja Scroll":1,"Bronze Scales":23,"Orichalcum":3,"Ring of the Snake":0}],"Ring of the Snake":[16]},"card_choices":[{"not_picked":["Caltrops","Prepared"],"picked":"All Out Attack","floor":1},{"not_picked":["PiercingWail","Escape Plan"],"picked":"Deadly Poison","floor":4},{"not_picked":["Leg Sweep","Prepared"],"picked":"Wraith Form v2","floor":7},{"not_picked":["Blade Dance","Slice","Terror"],"picked":"SKIP","floor":11},{"not_picked":["Outmaneuver","Prepared","Underhanded Strike"],"picked":"SKIP","floor":12},{"not_picked":["Doppelganger","Cloak And Dagger"],"picked":"PiercingWail","floor":13},{"not_picked":["Choke","Slice","Blade Dance"],"picked":"SKIP","floor":14}],"player_experience":4032579,"relics_obtained":[{"floor":3,"key":"Ninja Scroll"},{"floor":7,"key":"Potion Belt"},{"floor":9,"key":"Orichalcum"},{"floor":14,"key":"Bronze Scales"}],"event_choices":[{"damage_healed":0,"gold_gain":0,"cards_transformed":["Strike_G"],"player_choice":"Change","damage_taken":0,"max_hp_gain":0,"max_hp_loss":0,"event_name":"Living Wall","floor":2,"gold_loss":0,"cards_obtained":["Venomology"]}],"is_beta":false,"boss_relics":[],"items_purged_floors":[],"is_endless":false,"potions_floor_spawned":[1,14],"killed_by":"Slime Boss","ascension_level":20}}