{"host":"y2tpd94z1x94fzdt","time":1612163447,"event":{"mods":["BaseMod","Better Third Choice","Hubris","Infinite Spire","Koishi","Marisa????????","Minty Spire (QoL Compilation)","Replay The Spire","StSLib","The Animator","The Construct","The Cursed","The Disciple","The Hierophant","The Jungle","The Mystic","The Saiyan","The Senshi","The Servant 0.9.4","TheBandit","WarShipGirlsR/????R mod"],"gold_per_floor":[117,117,109,88,101,101,101],"floor_reached":6,"language":"ENG","playtime":776,"items_purged":[],"score":36,"play_id":"0f61b2a2-a032-4a81-9fd1-032fddcc7f09","local_time":"20210201001047","is_ascension_mode":false,"campfire_choices":[],"circlet_count":0,"master_deck":["hierophant:Strike_Hierophant","hierophant:Strike_Hierophant","hierophant:Strike_Hierophant","hierophant:Strike_Hierophant","hierophant:Punish","hierophant:Defend_Hierophant","hierophant:Defend_Hierophant","hierophant:Defend_Hierophant","hierophant:Defend_Hierophant","hierophant:ChurchCoffers","ReplayTheSpireMod:Black Plague","hierophant:Zeal","hierophant:Upheaval"],"relics":["hierophant:PropheticMaskRelic","betterThird:SlimedRelic"],"acts_visited":["Exordium"],"potions_floor_usage":[6],"damage_taken":[{"damage":13,"enemies":"Jaw Worm","floor":1,"turns":3},{"damage":0,"enemies":"Small Slimes","floor":3,"turns":2},{"damage":0,"enemies":"2 Louse","floor":5,"turns":2},{"damage":23,"enemies":"3 Sentries","floor":6,"turns":6}],"seed_played":"-8956276406797167761","potions_obtained":[{"floor":1,"key":"SteroidPotion"},{"floor":5,"key":"Block Potion"}],"is_trial":false,"path_per_floor":["M","?","M","?","M","E"],"character_chosen":"HIEROPHANT","items_purchased":[],"campfire_rested":0,"item_purchase_floors":[],"current_hp_per_floor":[55,33,33,22,22,0,0],"gold":101,"neow_bonus":"TWENTY_PERCENT_HP_BONUS","is_daily":false,"chose_seed":false,"campfire_upgraded":0,"win_rate":0.0,"timestamp":1612163447,"path_taken":["M","?","M","?","M","E"],"items_purchased_type":[],"build_version":"2020-12-22","purchased_purges":0,"victory":false,"max_hp_per_floor":[89,89,89,89,89,89,89],"card_choices":[{"not_picked":["hierophant:Flagellation","hierophant:Doubloon","hierophant:FlamingChariot"],"picked":"SKIP","floor":1},{"not_picked":["infinitespire:Starlight","infinitespire:SealOfDarkness+"],"picked":"ReplayTheSpireMod:Black Plague","floor":2},{"not_picked":["hierophant:SealAway","hierophant:PassingBell"],"picked":"hierophant:Zeal","floor":3},{"not_picked":["hierophant:FieryStrike","hierophant:Martyrdom"],"picked":"hierophant:Upheaval","floor":5}],"player_experience":300179,"relics_obtained":[],"event_choices":[{"damage_healed":0,"gold_gain":0,"player_choice":"Slimed","damage_taken":11,"max_hp_gain":0,"max_hp_loss":0,"event_name":"betterThird:BetterGoop","floor":4,"gold_loss":21}],"is_beta":false,"boss_relics":[],"items_purged_floors":[],"is_endless":false,"potions_floor_spawned":[1,5],"killed_by":"3 Sentries","ascension_level":0}}