{"host":"1c17lcvl7acx821p","time":1612178907,"event":{"mods":["AchievementEnabler","BaseMod","Colored Map","Minty Spire (QoL Compilation)","Quick Restart","Relic Sorter","StSLib"],"gold_per_floor":[113,128,128,145,157,184,194,194,194,227,247,247,261,88,88,88,162,162,145,165,8,8,18,18,50,61,61,94,111,123,123,153,153,225,225,245,256,256,256,273,273,299,299,299,368,51,66,81,31,31,31,31],"floor_reached":53,"language":"ENG","playtime":2142,"items_purged":["Strike_R"],"score":1259,"play_id":"d5242cc2-16a9-4f45-87f9-ca0e9ec4e9f4","local_time":"20210201132827","is_ascension_mode":true,"campfire_choices":[{"floor":8.0,"key":"REST"},{"floor":15.0,"key":"REST"},{"data":"1","floor":16.0,"key":"LIFT"},{"floor":24.0,"key":"REST"},{"floor":31.0,"key":"REST"},{"data":"2","floor":33.0,"key":"LIFT"},{"data":"3","floor":41,"key":"LIFT"},{"data":"Limit Break","floor":43,"key":"SMITH"},{"data":"Offering","floor":50,"key":"SMITH"},{"floor":51,"key":"REST"}],"circlet_count":0,"master_deck":["AscendersBane","Defend_R","Defend_R","Defend_R","Defend_R","Bash","CurseOfTheBell","Twin Strike","Pummel","Iron Wave","Anger","Spot Weakness","Inflame","Intimidate","Reaper","Good Instincts","Feed","Headbutt","Anger","Whirlwind","Clothesline+1","Disarm","Double Tap","Shrug It Off","Thunderclap+1","Sadistic Nature","Jack Of All Trades","Panacea","Pommel Strike","Limit Break+1","Offering+1","Limit Break+1"],"relics":["Calling Bell","Vajra","Kunai","Girya","Letter Opener","Art of War","MealTicket","CaptainsWheel","Empty Cage","Bag of Preparation","Mummified Hand","Happy Flower","Blue Candle","SlaversCollar","Incense Burner","Bottled Tornado","Sundial","DollysMirror"],"acts_visited":["Exordium","TheCity","TheBeyond"],"potions_floor_usage":[34,52,52],"damage_taken":[{"damage":5.0,"enemies":"Cultist","floor":1.0,"turns":5.0},{"damage":0.0,"enemies":"Small Slimes","floor":2.0,"turns":4.0},{"damage":7.0,"enemies":"Jaw Worm","floor":4.0,"turns":2.0},{"damage":6.0,"enemies":"Looter","floor":5.0,"turns":3.0},{"damage":18.0,"enemies":"3 Sentries","floor":6.0,"turns":6.0},{"damage":9.0,"enemies":"2 Fungi Beasts","floor":7.0,"turns":3.0},{"damage":23.0,"enemies":"Lagavulin","floor":10.0,"turns":6.0},{"damage":11.0,"enemies":"Exordium Wildlife","floor":11.0,"turns":3.0},{"damage":9.0,"enemies":"Blue Slaver","floor":13.0,"turns":3.0},{"damage":9.0,"enemies":"Hexaghost","floor":17.0,"turns":8.0},{"damage":25.0,"enemies":"2 Thieves","floor":19.0,"turns":4.0},{"damage":30.0,"enemies":"Spheric Guardian","floor":20.0,"turns":7.0},{"damage":0.0,"enemies":"Snecko","floor":23.0,"turns":4.0},{"damage":44.0,"enemies":"Gremlin Leader","floor":25.0,"turns":9.0},{"damage":12.0,"enemies":"Centurion and Healer","floor":26.0,"turns":7.0},{"damage":39.0,"enemies":"Book of Stabbing","floor":28.0,"turns":5.0},{"damage":6.0,"enemies":"3 Cultists","floor":29.0,"turns":4.0},{"damage":5.0,"enemies":"Snake Plant","floor":30.0,"turns":4.0},{"damage":30.0,"enemies":"Slavers","floor":32.0,"turns":4.0},{"damage":66,"enemies":"Collector","floor":34,"turns":12},{"damage":15,"enemies":"Orb Walker","floor":36,"turns":3},{"damage":31,"enemies":"3 Shapes","floor":37,"turns":4},{"damage":11,"enemies":"Spire Growth","floor":40,"turns":5},{"damage":57,"enemies":"Giant Head","floor":42,"turns":7},{"damage":28,"enemies":"4 Shapes","floor":47,"turns":5},{"damage":6,"enemies":"Jaw Worm Horde","floor":48,"turns":4},{"damage":39,"enemies":"Time Eater","floor":52,"turns":8}],"seed_played":"4810768223552942023","potions_obtained":[{"floor":2.0,"key":"SkillPotion"},{"floor":5.0,"key":"Weak Potion"},{"floor":10.0,"key":"GamblersBrew"},{"floor":13.0,"key":"HeartOfIron"},{"floor":17.0,"key":"BlessingOfTheForge"},{"floor":20.0,"key":"Energy Potion"},{"floor":23.0,"key":"Energy Potion"},{"floor":25.0,"key":"HeartOfIron"},{"floor":29.0,"key":"Weak Potion"},{"floor":32.0,"key":"Weak Potion"},{"floor":42,"key":"SmokeBomb"},{"floor":47,"key":"FearPotion"},{"floor":48,"key":"Swift Potion"}],"is_trial":false,"path_per_floor":["M","M","?","M","M","E","M","R","T","E","M","T","M","$","R","R","B",null,"M","M","$","?","M","R","E","M","T","E","M","M","R","E","R","B",null,"M","M","?","?","M","R","E","R","T","T","$","M","M","$","R","R","B",null],"character_chosen":"IRONCLAD","items_purchased":["Good Instincts","Bag of Preparation","Offering","DollysMirror","Dexterity Potion"],"campfire_rested":5,"item_purchase_floors":[14,21,46,46,49],"current_hp_per_floor":[63,63,63,56,50,32,23,45,45,22,11,11,2,17,39,39,30,64,45,18,33,33,33,56,37,56,56,29,25,28,53,50,50,2,64,63,56,46,46,53,53,21,21,21,21,36,43,49,64,64,91,93],"gold":31,"neow_bonus":"BOSS_RELIC","is_daily":false,"chose_seed":false,"campfire_upgraded":2,"win_rate":0.0,"timestamp":1612178907,"path_taken":["M","?","?","M","M","E","?","R","T","E","M","?","M","$","R","R","BOSS","M","M","$","?","M","R","E","M","T","E","M","M","R","E","R","BOSS","M","M","?","?","M","R","E","R","T","?","$","?","M","$","R","R","BOSS"],"items_purchased_type":["Card","Relic","Card","Relic","Potion"],"build_version":"2020-12-22","purchased_purges":1,"victory":true,"max_hp_per_floor":[75,75,75,75,75,75,75,75,75,75,75,75,75,75,75,75,75,75,75,78,78,78,78,78,81,84,84,84,84,84,84,84,84,84,84,84,87,87,87,90,90,90,90,90,90,90,93,93,93,93,93,93],"card_choices":[{"not_picked":["Thunderclap","Shrug It Off"],"picked":"Twin Strike","floor":1.0},{"not_picked":["Shrug It Off","Wild Strike"],"picked":"Pummel","floor":2.0},{"not_picked":["Wild Strike","Heavy Blade"],"picked":"Iron Wave","floor":4.0},{"not_picked":["Perfected Strike","Body Slam","Entrench"],"picked":"SKIP","floor":5.0},{"not_picked":["Flex","Clothesline"],"picked":"Anger","floor":6.0},{"not_picked":["Anger","Havoc"],"picked":"Spot Weakness","floor":7.0},{"not_picked":["Heavy Blade","Evolve"],"picked":"Inflame","floor":10.0},{"not_picked":["Flex","Spot Weakness"],"picked":"Intimidate","floor":11.0},{"not_picked":["Iron Wave","Heavy Blade"],"picked":"Reaper","floor":13.0},{"not_picked":["Barricade","Immolate"],"picked":"Feed","floor":17.0},{"not_picked":["Clothesline+1","Fire Breathing"],"picked":"Headbutt","floor":19.0},{"not_picked":["Bloodletting","Cleave","Feel No Pain"],"picked":"SKIP","floor":20.0},{"not_picked":["Power Through","Uppercut"],"picked":"Anger","floor":23.0},{"not_picked":["Clash","Thunderclap"],"picked":"Whirlwind","floor":25.0},{"not_picked":["Sword Boomerang","Reckless Charge","Clothesline"],"picked":"SKIP","floor":26.0},{"not_picked":["Berserk","Blood for Blood"],"picked":"Clothesline+1","floor":28.0},{"not_picked":["Reckless Charge","Sword Boomerang","Clash"],"picked":"SKIP","floor":29.0},{"not_picked":["Anger","Flex","Twin Strike+1"],"picked":"SKIP","floor":30.0},{"not_picked":["Rupture","Armaments+1"],"picked":"Disarm","floor":32.0},{"not_picked":["Barricade","Bludgeon"],"picked":"Double Tap","floor":34},{"not_picked":["Flame Barrier","Flex"],"picked":"Shrug It Off","floor":36},{"not_picked":["True Grit","Fire Breathing+1"],"picked":"Thunderclap+1","floor":37},{"not_picked":["Madness","Purity"],"picked":"Sadistic Nature","floor":38},{"not_picked":["Deep Breath","Enlightenment"],"picked":"Jack Of All Trades","floor":38},{"not_picked":["Bandage Up","Mind Blast"],"picked":"Panacea","floor":38},{"not_picked":["Clothesline","Rage"],"picked":"Pommel Strike","floor":40},{"not_picked":["Disarm","Clothesline"],"picked":"Limit Break","floor":42},{"not_picked":["Anger+1","Twin Strike","Flex"],"picked":"SKIP","floor":47},{"not_picked":["Clash","Blood for Blood","Entrench+1"],"picked":"SKIP","floor":48}],"player_experience":255859,"relics_obtained":[{"floor":0.0,"key":"Vajra"},{"floor":0.0,"key":"Kunai"},{"floor":0.0,"key":"Girya"},{"floor":6.0,"key":"Letter Opener"},{"floor":9.0,"key":"Art of War"},{"floor":10.0,"key":"MealTicket"},{"floor":12.0,"key":"CaptainsWheel"},{"floor":25.0,"key":"Mummified Hand"},{"floor":28.0,"key":"Happy Flower"},{"floor":32.0,"key":"Blue Candle"},{"floor":42,"key":"Incense Burner"},{"floor":44,"key":"Bottled Tornado"},{"floor":45,"key":"Sundial"}],"event_choices":[{"cards_removed":["Strike_R"],"damage_healed":0.0,"max_hp_gain":0.0,"max_hp_loss":0.0,"gold_gain":0.0,"event_name":"Purifier","player_choice":"Purged","floor":3.0,"gold_loss":0.0,"damage_taken":0.0},{"cards_removed":["Strike_R"],"damage_healed":0.0,"max_hp_gain":0.0,"max_hp_loss":0.0,"gold_gain":0.0,"event_name":"Back to Basics","player_choice":"Elegance","floor":22.0,"gold_loss":0.0,"damage_taken":0.0},{"damage_healed":0,"gold_gain":0,"player_choice":"Memory 3","damage_taken":10,"max_hp_gain":0,"max_hp_loss":0,"event_name":"SensoryStone","floor":38,"gold_loss":0},{"damage_healed":0,"gold_gain":0,"player_choice":"Ignored","damage_taken":0,"max_hp_gain":0,"max_hp_loss":0,"event_name":"Tomb of Lord Red Mask","floor":39,"gold_loss":0}],"is_beta":false,"boss_relics":[{"not_picked":["Cursed Key","Velvet Choker"],"picked":"Empty Cage"},{"not_picked":["Tiny House","Busted Crown"],"picked":"SlaversCollar"}],"items_purged_floors":[14],"is_endless":false,"potions_floor_spawned":[2,5,10,13,17,20,23,25,29,32,42,47,48],"ascension_level":14}}