{"host":"hm2va3obgs5yv0m7","time":1612160927,"event":{"mods":["AchievementEnabler","Act Like it!","BaseMod","Conspire","Infinite Spire","Marisa（F雨　魔理沙）","Minty Spire (QoL Compilation)","Prisma Mod","Relic Stats","Replay The Spire","Spicy Shops","StSLib","The Animator","The Cursed","The Servant 0.9.4","WarShipGirlsR/战舰少女R mod"],"gold_per_floor":[109,34,34,51,62,91,91,124,124,138,138,149,161,161,161,262,262,276,191,191,211,41,76,76,95,95,95,95,95],"floor_reached":28,"language":"ZHS","playtime":2423,"items_purged":["Defend_B","Writhe"],"score":298,"play_id":"047cbc46-fdcf-4940-a8b4-d776f4a78fec","local_time":"20210201142847","is_ascension_mode":false,"campfire_choices":[{"data":"Rainbow","floor":11,"key":"SMITH"},{"data":"Crystallizer","floor":15,"key":"SMITH"},{"data":"White Noise","floor":24,"key":"SMITH"}],"circlet_count":0,"master_deck":["Strike_B","Strike_B","Strike_B","Strike_B","Defend_B","Defend_B","Defend_B","Zap","Dualcast","Crystallizer+1","Coolheaded","Go for the Eyes","Rainbow+1","Melter+1","Sweeping Beam+1","ReplayTheSpireMod:Dual Polarity","Mirror Shield","Thunder Strike+1","White Noise+1","Consume+1","Static Discharge","FIFO Queue+1","Streamline+1","Necronomicurse"],"relics":["FrozenCore","NeowsBlessing","WarpedTongs","Singing Bowl","Molten Egg 2","Ornamental Fan","Carrot","infinitespire:ShieldingShard","Frozen Egg 2","Necronomicon"],"acts_visited":["Exordium","TheCity"],"potions_floor_usage":[16,16],"damage_taken":[{"damage":0.0,"enemies":"Jaw Worm","floor":1.0,"turns":1.0},{"damage":0.0,"enemies":"Cultist","floor":4.0,"turns":1.0},{"damage":2.0,"enemies":"conspire:RoseBush","floor":5.0,"turns":1.0},{"damage":19.0,"enemies":"Replay:BlueRogue","floor":6.0,"turns":8.0},{"damage":25,"enemies":"3 Sentries","floor":8,"turns":6},{"damage":23,"enemies":"Gremlin Gang","floor":10,"turns":4},{"damage":1,"enemies":"Large Slime","floor":12,"turns":4},{"damage":0,"enemies":"conspire:2 RoseBushes","floor":13,"turns":4},{"damage":0,"enemies":"Slime Boss","floor":16,"turns":6},{"damage":6,"enemies":"Shell Parasite","floor":18,"turns":6},{"damage":0,"enemies":"Spheric Guardian","floor":21,"turns":1},{"damage":5,"enemies":"conspire:Head Lice","floor":23,"turns":8},{"damage":2,"enemies":"Shelled Parasite and Fungi","floor":25,"turns":7},{"damage":49,"enemies":"Gremlin Leader","floor":28,"turns":3}],"seed_played":"1266574029263215863","potions_obtained":[{"floor":1.0,"key":"Toxic Potion"},{"floor":4.0,"key":"Death Potion"},{"floor":8,"key":"FocusPotion"},{"floor":18,"key":"FocusPotion"},{"floor":25,"key":"SkillPotion"}],"is_trial":false,"path_per_floor":["M","$","?","M","M","E","?","E","T","M","R","M","M","?","R","B",null,"M","?","?","M","$","E","R","M","T","?","E"],"character_chosen":"DEFECT","items_purchased":["Static Discharge"],"campfire_rested":0,"item_purchase_floors":[22],"current_hp_per_floor":[75,75,75,75,73,54,54,29,29,6,6,5,5,5,5,5,75,69,69,69,69,69,64,64,62,62,46,0,0],"gold":95,"neow_bonus":"THREE_ENEMY_KILL","is_daily":false,"chose_seed":false,"campfire_upgraded":3,"win_rate":0.0,"timestamp":1612160927,"path_taken":["M","$","?","M","?","E","?","E","T","M","R","?","M","?","R","BOSS","M","?","?","?","$","E","R","M","T","?","E"],"items_purchased_type":["Card"],"build_version":"2020-12-22","purchased_purges":2,"victory":false,"max_hp_per_floor":[75,75,75,75,75,75,75,75,75,75,75,75,75,75,75,75,75,75,75,75,75,75,75,75,75,75,75,75,75],"relic_stats":{"Singing Bowl":0,"counters":[14,60],"Ornamental Fan":[16],"Necronomicon":[0],"obtain_stats":[{"Carrot":19,"infinitespire:ShieldingShard":20,"NeowsBlessing":0,"Singing Bowl":6,"Ornamental Fan":9,"Molten Egg 2":8,"Necronomicon":27,"Frozen Egg 2":23,"Cracked Core":0,"WarpedTongs":3,"FrozenCore":17},{"Carrot":10,"infinitespire:ShieldingShard":10,"NeowsBlessing":0,"Singing Bowl":4,"Ornamental Fan":5,"Molten Egg 2":5,"Necronomicon":13,"Frozen Egg 2":12,"Cracked Core":0,"WarpedTongs":1,"FrozenCore":9},{"Carrot":41,"infinitespire:ShieldingShard":41,"NeowsBlessing":0,"Singing Bowl":11,"Ornamental Fan":17,"Molten Egg 2":17,"Necronomicon":57,"Frozen Egg 2":50,"Cracked Core":0,"WarpedTongs":1,"FrozenCore":35}],"FrozenCore":[11],"WarpedTongs":[59]},"card_choices":[{"not_picked":["Storm","Go for the Eyes"],"picked":"Crystallizer","floor":1.0},{"not_picked":["Double Energy","Redo"],"picked":"Coolheaded","floor":4.0},{"not_picked":["Reprogram","Steam"],"picked":"Go for the Eyes","floor":5.0},{"not_picked":["Panic Button","Capacitor"],"picked":"Rainbow","floor":6.0},{"not_picked":["Force Field","Reinforced Body"],"picked":"Melter+1","floor":8},{"not_picked":["BasicCrystalCard","Coolheaded"],"picked":"Sweeping Beam+1","floor":10},{"not_picked":["Coolheaded","Hologram"],"picked":"ReplayTheSpireMod:Dual Polarity","floor":12},{"not_picked":["BasicCrystalCard","Consume"],"picked":"Mirror Shield","floor":13},{"not_picked":["Biased Cognition","ReplayRNGCard"],"picked":"Thunder Strike+1","floor":16},{"not_picked":["Steam","Hello World"],"picked":"White Noise","floor":18},{"not_picked":["Steam Power+1","Beam Cell+1"],"picked":"Consume+1","floor":21},{"not_picked":["Barrage+1","Tempest"],"picked":"FIFO Queue+1","floor":23},{"not_picked":["BootSequence","Hologram"],"picked":"Streamline+1","floor":25}],"player_experience":62441,"relics_obtained":[{"floor":6.0,"key":"Singing Bowl"},{"floor":8,"key":"Molten Egg 2"},{"floor":9,"key":"Ornamental Fan"},{"floor":23,"key":"Frozen Egg 2"},{"floor":27,"key":"Necronomicon"}],"event_choices":[{"damage_healed":0.0,"max_hp_gain":0.0,"max_hp_loss":0.0,"gold_gain":0.0,"event_name":"Accursed Blacksmith","player_choice":"Rummage","floor":3.0,"gold_loss":0.0,"damage_taken":0.0,"relics_obtained":["WarpedTongs"],"cards_obtained":["Pain"]},{"cards_removed":["Pain"],"damage_healed":0,"gold_gain":0,"player_choice":"Purged","damage_taken":0,"max_hp_gain":0,"max_hp_loss":0,"event_name":"Purifier","floor":7,"gold_loss":0},{"damage_healed":0,"gold_gain":0,"player_choice":"Obtained Relic","damage_taken":0,"relics_obtained":["Carrot"],"max_hp_gain":0,"max_hp_loss":0,"event_name":"Addict","floor":19,"gold_loss":85},{"damage_healed":0,"gold_gain":0,"player_choice":"Opened","damage_taken":0,"relics_obtained":["infinitespire:ShieldingShard"],"max_hp_gain":0,"max_hp_loss":0,"event_name":"The Mausoleum","floor":20,"gold_loss":0,"cards_obtained":["Writhe"]},{"damage_healed":0,"gold_gain":0,"player_choice":"Obtained Book","damage_taken":16,"max_hp_gain":0,"max_hp_loss":0,"event_name":"Cursed Tome","floor":27,"gold_loss":0}],"is_beta":false,"boss_relics":[{"not_picked":["Runic Dome","Honey Jar"],"picked":"FrozenCore"}],"items_purged_floors":[2,22],"is_endless":false,"potions_floor_spawned":[1,4,8,13,18,25],"killed_by":"Gremlin Leader","ascension_level":0}}