{"host":"tbhNathan","time":1612218672,"event":{"mods":["AchievementEnabler","BaseMod","Better Third Choice","Googly Eyes","Highlight Path","Minty Spire (QoL Compilation)","StSLib","The Disciple","The Hierophant","The Mystic"],"gold_per_floor":[112,127,127,127,127,155,155,173,199,225,240,240,136,148,148,249,249,260,260,260,185,185],"floor_reached":21,"language":"ENG","playtime":2186,"items_purged":[],"score":187,"play_id":"14bce773-1a51-4600-b02f-6d9c644c7623","local_time":"20210201223112","is_ascension_mode":false,"campfire_choices":[{"data":"mysticmod:GeminiForm","floor":7,"key":"SMITH"},{"floor":15,"key":"REST"}],"circlet_count":0,"master_deck":["mysticmod:Strike_Mystic","mysticmod:Strike_Mystic","mysticmod:Strike_Mystic+1","mysticmod:Strike_Mystic","mysticmod:Defend_Mystic+1","mysticmod:Defend_Mystic","mysticmod:Defend_Mystic","mysticmod:Defend_Mystic","mysticmod:ArcaneDodge","mysticmod:ShockingGrasp","mysticmod:BladedDash+1","mysticmod:DiviningBlow","mysticmod:GeminiForm+1","mysticmod:EarthenWall","mysticmod:HeavyStrike","mysticmod:StyleChange","mysticmod:PowerAttack","mysticmod:SuddenClarity","mysticmod:RapidCaster","mysticmod:GeminiForm","mysticmod:HeavyStrike+1","Decay"],"relics":["mysticmod:SpellBook","Happy Flower","Vajra","Strawberry","Tiny Chest","SlaversCollar","Sundial"],"acts_visited":["Exordium","TheCity"],"potions_floor_usage":[10,10,16,21],"damage_taken":[{"damage":0,"enemies":"2 Louse","floor":1,"turns":2},{"damage":0,"enemies":"Jaw Worm","floor":2,"turns":3},{"damage":16,"enemies":"Lagavulin","floor":6,"turns":7},{"damage":7,"enemies":"Small Slimes","floor":8,"turns":3},{"damage":15,"enemies":"Gremlin Nob","floor":10,"turns":4},{"damage":4,"enemies":"Exordium Wildlife","floor":11,"turns":3},{"damage":5,"enemies":"3 Louse","floor":14,"turns":4},{"damage":21,"enemies":"Hexaghost","floor":16,"turns":9},{"damage":52,"enemies":"Chosen","floor":18,"turns":7},{"damage":41,"enemies":"2 Thieves","floor":21,"turns":3}],"seed_played":"6772485089239840795","potions_obtained":[{"floor":6,"key":"Swift Potion"},{"floor":8,"key":"LiquidBronze"},{"floor":10,"key":"LiquidBronze"},{"floor":18,"key":"Energy Potion"}],"is_trial":false,"path_per_floor":["M","M","?","?","?","E","R","M","T","E","M","?","$","M","R","B",null,"M","?","T","M"],"character_chosen":"MYSTIC_CLASS","items_purchased":["mysticmod:PowerAttack","mysticmod:SuddenClarity"],"campfire_rested":1,"item_purchase_floors":[13,13],"current_hp_per_floor":[77,77,62,62,62,46,46,39,46,31,27,27,27,22,47,26,84,32,32,32,0,0],"gold":185,"neow_bonus":"RANDOM_COMMON_RELIC","is_daily":false,"chose_seed":false,"campfire_upgraded":1,"win_rate":0.0,"timestamp":1612218672,"path_taken":["M","M","?","?","?","E","R","M","T","E","M","?","$","?","R","BOSS","M","?","?","M"],"items_purchased_type":["Card","Card"],"build_version":"2020-12-18","purchased_purges":0,"victory":false,"max_hp_per_floor":[77,77,77,77,77,77,77,77,84,84,84,84,84,84,84,84,84,84,84,84,84,84],"card_choices":[{"not_picked":["mysticmod:Shield","mysticmod:Fly"],"picked":"mysticmod:BladedDash","floor":1},{"not_picked":["mysticmod:CureLightWounds","mysticmod:Shield"],"picked":"mysticmod:DiviningBlow","floor":2},{"not_picked":["mysticmod:Haste","mysticmod:Sideswipe"],"picked":"mysticmod:GeminiForm","floor":6},{"not_picked":["mysticmod:PureInstinct","mysticmod:MirrorStrike"],"picked":"mysticmod:EarthenWall","floor":8},{"not_picked":["mysticmod:PunishingArmor","mysticmod:ChargedParry"],"picked":"mysticmod:HeavyStrike","floor":10},{"not_picked":["mysticmod:TomeOfSpells","mysticmod:Grapple"],"picked":"mysticmod:StyleChange","floor":11},{"not_picked":["mysticmod:Alacrity","mysticmod:Flourish"],"picked":"mysticmod:RapidCaster","floor":14},{"not_picked":["mysticmod:GreaterInvisibility","mysticmod:MysticalShield"],"picked":"mysticmod:GeminiForm","floor":16},{"not_picked":["mysticmod:Sideswipe","mysticmod:SuddenClarity"],"picked":"mysticmod:HeavyStrike+1","floor":18}],"player_experience":181652,"relics_obtained":[{"floor":6,"key":"Vajra"},{"floor":9,"key":"Strawberry"},{"floor":10,"key":"Tiny Chest"},{"floor":20,"key":"Sundial"}],"event_choices":[{"damage_healed":77,"gold_gain":0,"player_choice":"Upgrade","damage_taken":15,"max_hp_gain":0,"max_hp_loss":77,"event_name":"betterThird:BetterShining","floor":3,"gold_loss":0,"cards_upgraded":["mysticmod:Defend_Mystic","mysticmod:Strike_Mystic"]},{"damage_healed":0,"gold_gain":0,"player_choice":"Grow","damage_taken":0,"max_hp_gain":0,"max_hp_loss":0,"event_name":"Living Wall","floor":4,"gold_loss":0,"cards_upgraded":["mysticmod:BladedDash"]},{"damage_healed":0,"gold_gain":0,"player_choice":"Ignored","damage_taken":127,"max_hp_gain":0,"max_hp_loss":0,"event_name":"betterThird:BetterSerpent","floor":5,"gold_loss":0},{"damage_healed":0,"gold_gain":0,"player_choice":"Ignored","damage_taken":0,"max_hp_gain":0,"max_hp_loss":0,"event_name":"Golden Wing","floor":12,"gold_loss":0},{"damage_healed":0,"gold_gain":0,"player_choice":"Smashed Altar","damage_taken":0,"max_hp_gain":0,"max_hp_loss":0,"event_name":"Forgotten Altar","floor":19,"gold_loss":0,"cards_obtained":["Decay"]}],"is_beta":true,"boss_relics":[{"not_picked":["Coffee Dripper","mysticmod:DeckOfManyThings"],"picked":"SlaversCollar"}],"items_purged_floors":[],"is_endless":false,"potions_floor_spawned":[6,8,10,18],"killed_by":"2 Thieves","ascension_level":0}}