{"host":"ow66nzv2xecjoor3","time":1612153028,"event":{"mods":["BaseMod","Bestiary","Block Reminder","Colored Powertips","Curses Come First","Highlight Path","Keyboard Shortcuts","Minty Spire (QoL Compilation)","Permanent Neow","Relic Stats","StSLib","UnlockEverythingMod"],"gold_per_floor":[359,369,379,379,14,14,44,44,69,83,98,115,142,155,155,229,229,244,1,14,30,30,61,77,93,93,119,119,129,129,162,162,239,239,256,256,271,296,309,309,325,358,370,397,437,51,76,96,96,96,96],"floor_reached":50,"language":"ENG","playtime":3487,"items_purged":["Evaluate"],"score":1341,"play_id":"1335d2be-cffe-44ee-9569-9326d96ea922","local_time":"20210131221708","is_ascension_mode":true,"campfire_choices":[{"floor":6.0,"key":"REST"},{"data":"Conclude","floor":15.0,"key":"SMITH"},{"data":"WindmillStrike","floor":30.0,"key":"SMITH"},{"floor":32.0,"key":"REST"},{"floor":40,"key":"REST"},{"floor":49,"key":"RECALL"}],"circlet_count":0,"master_deck":["AscendersBane","Strike_P+1","Strike_P+1","Strike_P+1","Strike_P+1","Defend_P+1","Defend_P+1","Defend_P+1","Defend_P+1","Eruption+1","Vigilance+1","Conclude+1","Protect+1","Judgement+1","MentalFortress+1","DeusExMachina+1","WheelKick+1","FlyingSleeves","Indignation","LessonLearned","FearNoEvil+1","Worship","WindmillStrike+1","DevaForm","Meditate","SashWhip+1","Fasting2","TalkToTheHand+1","WheelKick+1","WaveOfTheHand","Adaptation","Tantrum+1","SandsOfTime"],"relics":["PureWater","Frozen Eye","Happy Flower","Bronze Scales","Blood Vial","War Paint","Snecko Eye","Lantern","Art of War","Toy Ornithopter","Yang","Black Star","Unceasing Top","MawBank","Damaru","Turnip","Ornamental Fan","Du-Vu Doll","Anchor","Toolbox","Nunchaku","MealTicket"],"acts_visited":["Exordium","TheCity","TheBeyond"],"potions_floor_usage":[44,44,47,50],"damage_taken":[{"damage":0.0,"enemies":"Jaw Worm","floor":1.0,"turns":3.0},{"damage":9.0,"enemies":"2 Louse","floor":2.0,"turns":2.0},{"damage":0.0,"enemies":"Small Slimes","floor":3.0,"turns":2.0},{"damage":2.0,"enemies":"3 Sentries","floor":7.0,"turns":5.0},{"damage":0.0,"enemies":"Blue Slaver","floor":10.0,"turns":3.0},{"damage":0.0,"enemies":"Looter","floor":11.0,"turns":3.0},{"damage":0.0,"enemies":"3 Louse","floor":12.0,"turns":1.0},{"damage":5.0,"enemies":"Lagavulin","floor":13.0,"turns":5.0},{"damage":0.0,"enemies":"2 Fungi Beasts","floor":14.0,"turns":3.0},{"damage":19.0,"enemies":"Hexaghost","floor":16.0,"turns":9.0},{"damage":1.0,"enemies":"2 Thieves","floor":18.0,"turns":4.0},{"damage":0.0,"enemies":"3 Byrds","floor":20.0,"turns":2.0},{"damage":0.0,"enemies":"Sentry and Sphere","floor":21.0,"turns":2.0},{"damage":24.0,"enemies":"Slavers","floor":23.0,"turns":5.0},{"damage":0.0,"enemies":"Centurion and Healer","floor":24.0,"turns":4.0},{"damage":4.0,"enemies":"Shelled Parasite and Fungi","floor":25.0,"turns":5.0},{"damage":20.0,"enemies":"Book of Stabbing","floor":27.0,"turns":3.0},{"damage":0.0,"enemies":"Snake Plant","floor":29.0,"turns":3.0},{"damage":2.0,"enemies":"Gremlin Leader","floor":31.0,"turns":4.0},{"damage":52.0,"enemies":"Champ","floor":33.0,"turns":8.0},{"damage":4,"enemies":"Orb Walker","floor":35,"turns":4},{"damage":0,"enemies":"3 Shapes","floor":37,"turns":6},{"damage":9,"enemies":"Mind Bloom Boss Battle","floor":38,"turns":7},{"damage":35,"enemies":"3 Darklings","floor":39,"turns":8},{"damage":5,"enemies":"Sphere and 2 Shapes","floor":41,"turns":9},{"damage":0,"enemies":"Reptomancer","floor":42,"turns":2},{"damage":3,"enemies":"Transient","floor":44,"turns":6},{"damage":26,"enemies":"Giant Head","floor":45,"turns":6},{"damage":1,"enemies":"Reptomancer","floor":47,"turns":3},{"damage":38,"enemies":"3 Darklings","floor":48,"turns":7},{"damage":34,"enemies":"Time Eater","floor":50,"turns":4}],"seed_played":"8210754488162945365","potions_obtained":[{"floor":1.0,"key":"FearPotion"},{"floor":3.0,"key":"Dexterity Potion"},{"floor":7.0,"key":"Block Potion"},{"floor":13.0,"key":"SpeedPotion"},{"floor":18.0,"key":"FairyPotion"},{"floor":31.0,"key":"FearPotion"},{"floor":38,"key":"FearPotion"},{"floor":42,"key":"Regen Potion"},{"floor":45,"key":"FearPotion"},{"floor":47,"key":"Strength Potion"},{"floor":48,"key":"ColorlessPotion"}],"is_trial":false,"path_per_floor":["M","M","M","?","$","R","E","$","T","M","M","M","E","M","R","B",null,"M","$","M","M","?","E","M","M","T","E","?","M","R","E","R","B",null,"M","?","M","?","M","R","M","E","T","M","E","$","E","M","R","B"],"character_chosen":"WATCHER","items_purchased":["Frozen Eye","Happy Flower","MentalFortress","Lantern","Anchor","Toolbox","Adaptation"],"campfire_rested":3,"item_purchase_floors":[5,5,5,19,46,46,46],"current_hp_per_floor":[43,34,34,14,14,34,32,32,32,34,36,38,35,37,37,20,56,57,57,59,61,61,39,41,39,39,21,21,23,23,23,43,3,52,50,50,52,45,12,32,29,31,31,55,31,31,37,1,1,0,0],"gold":96,"neow_bonus":"TWO_FIFTY_GOLD","is_daily":false,"chose_seed":false,"campfire_upgraded":2,"win_rate":0.0,"timestamp":1612153028,"path_taken":["M","M","M","?","$","R","E","$","T","M","M","M","E","M","R","BOSS","M","$","M","M","?","E","M","M","T","E","?","M","R","E","R","BOSS","BOSS","M","?","M","?","M","R","M","E","T","M","E","?","E","M","R","BOSS"],"items_purchased_type":["Relic","Relic","Card","Relic","Relic","Relic","Card"],"build_version":"2020-12-22","purchased_purges":1,"victory":false,"max_hp_per_floor":[68,68,68,68,68,68,68,68,68,68,68,68,68,68,68,68,68,68,68,68,68,68,68,68,68,68,68,68,68,68,68,68,68,68,68,68,68,68,68,68,68,68,68,68,68,68,68,68,68,68,68],"relic_stats":{"Happy Flower":[43],"counters":[31,138],"Yang":[134],"War Paint":["Defend_P","Vigilance"],"MawBank":48,"Blood Vial":54,"Nunchaku":[1],"Ornamental Fan":[12],"Bronze Scales":[350],"Snecko Eye":[166,170,170,170],"MealTicket":0,"Turnip":[1],"Art of War":[15],"Black Star":3,"obtain_stats":[{"Lantern":19,"Happy Flower":5,"Damaru":42,"Yang":31,"War Paint":13,"MawBank":42,"Blood Vial":9,"Du-Vu Doll":45,"Frozen Eye":5,"Anchor":46,"Nunchaku":47,"Ornamental Fan":45,"Bronze Scales":7,"Snecko Eye":17,"Toolbox":46,"MealTicket":47,"Turnip":43,"Art of War":23,"Black Star":34,"PureWater":0,"Toy Ornithopter":27,"Unceasing Top":38},{"Lantern":11,"Happy Flower":3,"Damaru":26,"Yang":19,"War Paint":8,"MawBank":26,"Blood Vial":4,"Du-Vu Doll":28,"Frozen Eye":3,"Anchor":28,"Nunchaku":29,"Ornamental Fan":28,"Bronze Scales":4,"Snecko Eye":10,"Toolbox":28,"MealTicket":29,"Turnip":26,"Art of War":14,"Black Star":20,"PureWater":0,"Toy Ornithopter":17,"Unceasing Top":23},{"Lantern":40,"Happy Flower":7,"Damaru":112,"Yang":68,"War Paint":24,"MawBank":112,"Blood Vial":12,"Du-Vu Doll":124,"Frozen Eye":7,"Anchor":124,"Nunchaku":127,"Ornamental Fan":124,"Bronze Scales":12,"Snecko Eye":36,"Toolbox":124,"MealTicket":127,"Turnip":112,"Art of War":49,"Black Star":76,"PureWater":0,"Toy Ornithopter":61,"Unceasing Top":93}],"Toy Ornithopter":30,"Unceasing Top":[0]},"card_choices":[{"not_picked":["WaveOfTheHand","JustLucky"],"picked":"Conclude","floor":1.0},{"not_picked":["CrushJoints","Conclude"],"picked":"Protect","floor":2.0},{"not_picked":["ThirdEye","BowlingBash"],"picked":"Judgement","floor":3.0},{"not_picked":["Pray","Swivel"],"picked":"Evaluate","floor":7.0},{"not_picked":["PathToVictory","CrushJoints"],"picked":"DeusExMachina","floor":10.0},{"not_picked":["CrushJoints","JustLucky"],"picked":"WheelKick","floor":11.0},{"not_picked":["FollowUp","WreathOfFlame","FlyingSleeves"],"picked":"SKIP","floor":12.0},{"not_picked":["FollowUp","WreathOfFlame"],"picked":"FlyingSleeves","floor":12.0},{"not_picked":["Fasting2","Sanctity"],"picked":"Indignation","floor":13.0},{"not_picked":["Perseverance","WindmillStrike","Collect"],"picked":"SKIP","floor":14.0},{"not_picked":["SpiritShield","DevaForm"],"picked":"LessonLearned","floor":16.0},{"not_picked":["FlyingSleeves","Study","Prostrate"],"picked":"SKIP","floor":18.0},{"not_picked":["BowlingBash","CutThroughFate","MentalFortress"],"picked":"SKIP","floor":20.0},{"not_picked":["WreathOfFlame","ForeignInfluence","FlyingSleeves"],"picked":"SKIP","floor":21.0},{"not_picked":["JustLucky","ReachHeaven"],"picked":"FearNoEvil","floor":23.0},{"not_picked":["EmptyFist","Collect","Halt"],"picked":"SKIP","floor":24.0},{"not_picked":["FlurryOfBlows","Devotion"],"picked":"Worship","floor":25.0},{"not_picked":["WreathOfFlame","FollowUp","Prostrate"],"picked":"SKIP","floor":27.0},{"not_picked":["Protect+1","Consecrate"],"picked":"WindmillStrike","floor":29.0},{"not_picked":["ClearTheMind","EmptyFist","Prostrate"],"picked":"SKIP","floor":31.0},{"not_picked":["Devotion","MasterReality"],"picked":"DevaForm","floor":33},{"not_picked":["Collect","Halt+1","PathToVictory"],"picked":"SKIP","floor":35},{"not_picked":["Conclude+1","CutThroughFate"],"picked":"Meditate","floor":37},{"not_picked":["FollowUp","Consecrate"],"picked":"SashWhip","floor":38},{"not_picked":["Weave","EmptyBody"],"picked":"Fasting2","floor":39},{"not_picked":["BowlingBash+1","Prostrate"],"picked":"TalkToTheHand","floor":41},{"not_picked":["ClearTheMind","WindmillStrike"],"picked":"WheelKick+1","floor":42},{"not_picked":["ForeignInfluence+1","LikeWater"],"picked":"WaveOfTheHand","floor":44},{"not_picked":["Prostrate+1","PathToVictory","LikeWater"],"picked":"SKIP","floor":45},{"not_picked":["LikeWater","ThirdEye"],"picked":"Tantrum+1","floor":47},{"not_picked":["Judgement","CrushJoints"],"picked":"SandsOfTime","floor":48}],"player_experience":2798111,"relics_obtained":[{"floor":7.0,"key":"Bronze Scales"},{"floor":9.0,"key":"Blood Vial"},{"floor":13.0,"key":"War Paint"},{"floor":23.0,"key":"Art of War"},{"floor":27.0,"key":"Toy Ornithopter"},{"floor":31.0,"key":"Yang"},{"floor":38,"key":"Unceasing Top"},{"floor":42,"key":"MawBank"},{"floor":42,"key":"Damaru"},{"floor":43,"key":"Turnip"},{"floor":45,"key":"Ornamental Fan"},{"floor":45,"key":"Du-Vu Doll"},{"floor":47,"key":"Nunchaku"},{"floor":47,"key":"MealTicket"}],"event_choices":[{"damage_healed":0.0,"max_hp_gain":0.0,"max_hp_loss":0.0,"gold_gain":0.0,"event_name":"Shining Light","player_choice":"Entered Light","floor":4.0,"gold_loss":0.0,"damage_taken":20.0,"cards_upgraded":["Strike_P","Defend_P"]},{"damage_healed":0.0,"max_hp_gain":0.0,"max_hp_loss":0.0,"gold_gain":0.0,"event_name":"Ghosts","player_choice":"Ignored","floor":22.0,"gold_loss":0.0,"damage_taken":0.0},{"damage_healed":0.0,"max_hp_gain":0.0,"max_hp_loss":0.0,"gold_gain":0.0,"event_name":"Back to Basics","player_choice":"Simplicity","floor":28.0,"gold_loss":0.0,"damage_taken":0.0,"cards_upgraded":["Strike_P","Strike_P","Strike_P"]},{"damage_healed":0,"gold_gain":0,"player_choice":"Memory 1","damage_taken":0,"max_hp_gain":0,"max_hp_loss":0,"event_name":"SensoryStone","floor":36,"gold_loss":0},{"damage_healed":0,"gold_gain":0,"player_choice":"Fight","damage_taken":0,"max_hp_gain":0,"max_hp_loss":0,"event_name":"MindBloom","floor":38,"gold_loss":0}],"is_beta":false,"boss_relics":[{"not_picked":["Runic Pyramid","VioletLotus"],"picked":"Snecko Eye"},{"not_picked":["Runic Dome","SacredBark"],"picked":"Black Star"}],"items_purged_floors":[19],"is_endless":false,"potions_floor_spawned":[1,3,7,13,18,21,24,27,31,38,42,45,47,48],"killed_by":"Time Eater","ascension_level":20}}