{"host":"c6u7e77myxvw4d0m","time":1612180745,"event":{"mods":["AchievementEnabler","BaseMod","Bestiary","Colored Map","Colored Powertips","Minty Spire (QoL Compilation)","Rare Cards Sparkle","Relic Stats","everything is the same but u backflip on backflip"],"gold_per_floor":[10,10,28,28,47,47,64,99,149,149,167,187,222,4,4,82,82,93,93,93,104,124,124,124],"floor_reached":23,"language":"ENG","playtime":1622,"items_purged":[],"score":489,"play_id":"7c22debb-5a25-4440-a76d-b74c4eb17559","local_time":"20210201135905","is_ascension_mode":true,"campfire_choices":[{"data":"Bash","floor":6.0,"key":"SMITH"},{"data":"Inflame","floor":10,"key":"SMITH"},{"data":"Seeing Red","floor":15,"key":"SMITH"}],"circlet_count":0,"master_deck":["AscendersBane","Bash+1","Cleave+1","Twin Strike","Rage","Twin Strike","Anger","Cleave","Inflame+1","Wild Strike","Clash","Apotheosis+1","Seeing Red+1","Demon Form","Second Wind","Bite","Bite","Bite","Bite","Bite","Twin Strike","Infernal Blade"],"relics":["Burning Blood","Gremlin Horn","Potion Belt","Odd Mushroom","Pen Nib","Empty Cage"],"acts_visited":["Exordium","TheCity"],"potions_floor_usage":[8,13,18,23,23,23],"damage_taken":[{"damage":5.0,"enemies":"Small Slimes","floor":1.0,"turns":3.0},{"damage":7.0,"enemies":"Jaw Worm","floor":3.0,"turns":3.0},{"damage":1.0,"enemies":"Cultist","floor":5.0,"turns":3.0},{"damage":2.0,"enemies":"Exordium Wildlife","floor":7.0,"turns":2.0},{"damage":16,"enemies":"Gremlin Nob","floor":8,"turns":3},{"damage":5,"enemies":"Looter","floor":11,"turns":2},{"damage":12,"enemies":"The Mushroom Lair","floor":12,"turns":2},{"damage":6,"enemies":"3 Sentries","floor":13,"turns":4},{"damage":0,"enemies":"Slime Boss","floor":16,"turns":5},{"damage":44,"enemies":"Shell Parasite","floor":18,"turns":4},{"damage":0,"enemies":"Spheric Guardian","floor":21,"turns":3},{"damage":24,"enemies":"Snake Plant","floor":22,"turns":3},{"damage":40,"enemies":"Gremlin Leader","floor":23,"turns":2}],"seed_played":"4936545014067756092","potions_obtained":[{"floor":3.0,"key":"Fire Potion"},{"floor":8,"key":"EssenceOfSteel"},{"floor":13,"key":"Explosive Potion"},{"floor":16,"key":"Regen Potion"},{"floor":18,"key":"Explosive Potion"},{"floor":22,"key":"Swift Potion"}],"is_trial":false,"path_per_floor":["M","?","M","?","M","R","M","E","T","R","M","?","E","$","R","B",null,"M","?","?","M","M","E"],"character_chosen":"IRONCLAD","items_purchased":["Apotheosis","Seeing Red"],"campfire_rested":0,"item_purchase_floors":[14,14],"current_hp_per_floor":[69,69,68,68,73,73,75,65,65,65,66,60,60,60,60,66,73,44,44,44,52,34,0,0],"gold":124,"neow_bonus":"TRANSFORM_TWO_CARDS","is_daily":false,"chose_seed":false,"campfire_upgraded":3,"win_rate":0.0,"timestamp":1612180745,"path_taken":["M","?","M","?","M","R","M","E","T","R","?","?","E","$","R","BOSS","M","?","?","M","M","E"],"items_purchased_type":["Card","Card"],"build_version":"2020-12-22","purchased_purges":0,"victory":false,"max_hp_per_floor":[75,75,75,75,75,75,75,75,75,75,75,75,75,75,75,75,75,75,52,52,52,52,52,52],"relic_stats":{"Gremlin Horn":[5,5],"counters":[13,39],"Pen Nib":[3],"obtain_stats":[{"Potion Belt":9,"Gremlin Horn":8,"Pen Nib":13,"Odd Mushroom":12,"Empty Cage":17,"Burning Blood":0},{"Potion Belt":5,"Gremlin Horn":5,"Pen Nib":8,"Odd Mushroom":7,"Empty Cage":9,"Burning Blood":0},{"Potion Belt":14,"Gremlin Horn":14,"Pen Nib":22,"Odd Mushroom":18,"Empty Cage":27,"Burning Blood":0}],"Burning Blood":64},"card_choices":[{"not_picked":["Havoc","Heavy Blade"],"picked":"Rage","floor":1.0},{"not_picked":["Warcry","Rupture"],"picked":"Twin Strike","floor":3.0},{"not_picked":["Sword Boomerang","Wild Strike"],"picked":"Anger","floor":5.0},{"not_picked":["Uppercut","Second Wind"],"picked":"Cleave","floor":7.0},{"not_picked":["Sword Boomerang","Hemokinesis"],"picked":"Inflame","floor":8},{"not_picked":["Clothesline","True Grit"],"picked":"Wild Strike","floor":11},{"not_picked":["Shrug It Off","Heavy Blade"],"picked":"Clash","floor":12},{"not_picked":["Havoc","Bludgeon","Warcry"],"picked":"SKIP","floor":13},{"not_picked":["Feed","Barricade"],"picked":"Demon Form","floor":16},{"not_picked":["Power Through+1","Flex"],"picked":"Second Wind","floor":18},{"not_picked":["Clothesline","Body Slam"],"picked":"Twin Strike","floor":21},{"not_picked":["Flex","Armaments"],"picked":"Infernal Blade","floor":22}],"player_experience":601725,"relics_obtained":[{"floor":8,"key":"Gremlin Horn"},{"floor":9,"key":"Potion Belt"},{"floor":12,"key":"Odd Mushroom"},{"floor":13,"key":"Pen Nib"}],"event_choices":[{"damage_healed":0.0,"max_hp_gain":0.0,"max_hp_loss":0.0,"gold_gain":0.0,"event_name":"Living Wall","player_choice":"Grow","floor":2.0,"gold_loss":0.0,"damage_taken":0.0,"cards_upgraded":["Cleave"]},{"cards_removed":["Defend_R"],"damage_healed":0.0,"max_hp_gain":0.0,"max_hp_loss":0.0,"gold_gain":0.0,"event_name":"Bonfire Elementals","player_choice":"Offered Basic","floor":4.0,"gold_loss":0.0,"damage_taken":0.0},{"damage_healed":0,"gold_gain":0,"player_choice":"Fought Mushrooms","damage_taken":0,"max_hp_gain":0,"max_hp_loss":0,"event_name":"Mushrooms","floor":12,"gold_loss":0},{"damage_healed":0,"gold_gain":0,"player_choice":"Became a vampire","damage_taken":0,"max_hp_gain":0,"max_hp_loss":23,"event_name":"Vampires","floor":19,"gold_loss":0,"cards_obtained":["Bite","Bite","Bite","Bite","Bite"]},{"damage_healed":0,"gold_gain":0,"player_choice":"Forge","damage_taken":0,"max_hp_gain":0,"max_hp_loss":0,"event_name":"Accursed Blacksmith","floor":20,"gold_loss":0,"cards_upgraded":["Apotheosis"]}],"is_beta":false,"boss_relics":[{"not_picked":["Velvet Choker","SlaversCollar"],"picked":"Empty Cage"}],"items_purged_floors":[],"is_endless":false,"potions_floor_spawned":[3,8,13,16,18,22],"killed_by":"Gremlin Leader","ascension_level":17}}