{"host":"8xzc7f3sd104n9ql","time":1612152463,"event":{"mods":["Ascension Reborn","Aspiration","BaseMod","Better Altar","Better Match","Better Note","Better Sensory Stone","Better Skull","Better Third Choice","Better Vampires","Colored Map","Colored Powertips","Colorless Booster Pack","Conspire","DeckTracker","Downfall","Energized Spire","Halation","Highlight Path","Hubris","Infinite Spire","Minty Spire (QoL Compilation)","Rare Cards Sparkle","RatMod","Reliquary","Replay The Spire","Spicy Shops","Spikes Relics","StSLib","The Blue Laboratory","Transform Curses","Unceasing Turn Reminder","UnlockEverythingMod"],"gold_per_floor":[116,126,126,140,240,240,240,240,240,265,70,70,86,105,105,105,105],"floor_reached":16,"language":"ENG","playtime":1022,"items_purged":["Voices"],"score":192,"play_id":"a8c33292-2543-47e5-afa0-9c124a5e5b71","local_time":"20210131220743","is_ascension_mode":false,"campfire_choices":[{"data":"Demonic Infusion","floor":6,"key":"SMITH"},{"data":"Rupture","floor":8,"key":"SMITH"},{"data":"Dual Wield","floor":12,"key":"SMITH"},{"floor":15,"key":"REST"}],"circlet_count":0,"master_deck":["Strike_R","Strike_R","Strike_R","Strike_R","Strike_R","Defend_R","Defend_R","Defend_R","Defend_R","Bash","Rupture+1","Body Slam","Heavy Blade","Looming Evil","Demonic Infusion+1","hubris:Despair","Doubt","Injury","downfall:Malfunctioning","Iron Wave","Dark Embrace","Dual Wield+1","Dual Wield","Heavy Blade","Barricade"],"relics":["hubris:Stopwatch","Charon\u0027s Ashes","downfall:ExtraCursedKey","Golden Idol","Replay:Accelerometer"],"acts_visited":["Exordium"],"potions_floor_usage":[],"damage_taken":[{"damage":0,"enemies":"2 Louse","floor":1,"turns":4},{"damage":2,"enemies":"conspire:RoseBush","floor":2,"turns":4},{"damage":15,"enemies":"Jaw Worm","floor":4,"turns":5},{"damage":10,"enemies":"Looter","floor":10,"turns":3},{"damage":0,"enemies":"Gremlin Gang","floor":13,"turns":5},{"damage":18,"enemies":"Exordium Wildlife","floor":14,"turns":4},{"damage":62,"enemies":"Hexaghost","floor":16,"turns":10}],"seed_played":"2092969626986685647","potions_obtained":[{"floor":4,"key":"sneckomod:MuddlingPotion"},{"floor":13,"key":"SkillPotion"},{"floor":14,"key":"blueLaboratory:BubblePotion"}],"is_trial":false,"path_per_floor":["M","M","?","M","?","R","?","R","T","M","$","R","M","M","R","B"],"character_chosen":"IRONCLAD","items_purchased":["Dark Embrace","Dual Wield"],"campfire_rested":1,"item_purchase_floors":[11,11],"current_hp_per_floor":[80,78,75,60,65,65,65,65,65,55,55,55,55,37,62,0,0],"gold":105,"neow_bonus":"BOSS_RELIC","is_daily":false,"chose_seed":false,"campfire_upgraded":3,"win_rate":0.0,"timestamp":1612152463,"path_taken":["M","M","?","M","?","R","?","R","T","M","$","R","M","M","R","BOSS"],"items_purchased_type":["Card","Card"],"build_version":"2020-12-22","purchased_purges":1,"victory":false,"max_hp_per_floor":[80,80,80,80,85,85,85,85,85,85,85,85,85,85,85,85,85],"card_choices":[{"not_picked":["Sentinel","ReplayTheSpireMod:Corrosion Curse"],"picked":"Rupture","floor":1},{"not_picked":["Searing Blow","Warcry"],"picked":"Body Slam","floor":2},{"not_picked":["Shrug It Off","Armaments"],"picked":"Heavy Blade","floor":4},{"not_picked":["infinitespire:OneForAll","Warcry"],"picked":"Iron Wave","floor":10},{"not_picked":["Armaments","ReplayTheSpireMod:LeadingStrike"],"picked":"Heavy Blade","floor":13},{"not_picked":["Inflame","Clash"],"picked":"Barricade","floor":14}],"player_experience":423027,"relics_obtained":[{"floor":9,"key":"Replay:Accelerometer"}],"event_choices":[{"damage_healed":0,"gold_gain":0,"player_choice":"Relic ","damage_taken":3,"max_hp_gain":0,"max_hp_loss":0,"event_name":"betterThird:BetterScrap","floor":3,"gold_loss":0,"cards_obtained":["Chill"]},{"damage_healed":0,"gold_gain":0,"player_choice":"Take Wound","damage_taken":0,"relics_obtained":["Golden Idol"],"max_hp_gain":0,"max_hp_loss":0,"event_name":"Golden Idol","floor":7,"gold_loss":0,"cards_obtained":["Injury"]}],"is_beta":false,"boss_relics":[],"items_purged_floors":[11],"is_endless":false,"potions_floor_spawned":[4,13,14],"killed_by":"Hexaghost","ascension_level":0}}