{"host":"ye7dkdlypz0ka1od","time":1612191541,"event":{"mods":["Act Like it!","Aspiration","BaseMod","Better Third Choice","Gensokyo","Hallownest","Hubris","Infinite Spire","Jorbs\u0027s Wanderer Trilogy","Minty Spire (QoL Compilation)","Replay The Spire","StSLib","The Marked"],"gold_per_floor":[111,0,0,70,82,82,97,97,97,125,139,139,139,150,150,250,250,270,270,270],"floor_reached":19,"language":"ENG","playtime":753,"items_purged":[],"score":167,"play_id":"7b258a11-f8c2-4003-9783-ef63cc6aeb9c","local_time":"20210201095901","is_ascension_mode":false,"campfire_choices":[{"data":"theMarked:Maelstrom","floor":6,"key":"SMITH"},{"data":"theMarked:StartUp","floor":8,"key":"SMITH"},{"data":"theMarked:ComboAttacks","floor":12,"key":"SMITH"}],"circlet_count":0,"master_deck":["theMarked:Strike","theMarked:Strike","theMarked:Strike","theMarked:Strike","theMarked:Defend","theMarked:Defend","theMarked:Defend","theMarked:Defend","theMarked:SoldierOfQuellstein","theMarked:BanishingStrike+1","Enlightenment","theMarked:Heritage","theMarked:Maelstrom+1","theMarked:BanishingStrike","theMarked:StartUp+1","theMarked:Toughness+1","theMarked:ComboAttacks+1","theMarked:EmpowerWeapon","theMarked:MysticalArsenal","theMarked:BindingBlade","theMarked:PowerFlow+1","theMarked:BanishingStrike"],"relics":["theMarked:ArtifactOfAir","hubris:ToyBattleship","aspiration:HiddenCompartment","Prayer Wheel","Black Star"],"acts_visited":["Exordium","TheCity"],"potions_floor_usage":[16],"damage_taken":[{"damage":1,"enemies":"Cultist","floor":1,"turns":4},{"damage":3,"enemies":"Small Slimes","floor":5,"turns":3},{"damage":4,"enemies":"infinitespire:Voidling","floor":7,"turns":3},{"damage":7,"enemies":"Lagavulin","floor":10,"turns":5},{"damage":7,"enemies":"Exordium Wildlife","floor":11,"turns":4},{"damage":7,"enemies":"Gremlin Gang","floor":14,"turns":4},{"damage":43,"enemies":"Hexaghost","floor":16,"turns":9},{"damage":30,"enemies":"Spheric Guardian","floor":18,"turns":5},{"damage":54,"enemies":"3 Byrds","floor":19,"turns":5}],"seed_played":"-5740934749263233791","potions_obtained":[{"floor":10,"key":"Swift Potion"},{"floor":18,"key":"SpeedPotion"}],"is_trial":false,"path_per_floor":["M","?","?","?","M","R","M","R","T","E","M","R","?","M","R","B",null,"M","M"],"character_chosen":"THE_DEFAULT","items_purchased":[],"campfire_rested":0,"item_purchase_floors":[],"current_hp_per_floor":[76,82,82,82,79,79,79,79,79,72,65,65,65,58,82,39,83,53,0,0],"gold":270,"neow_bonus":"TEN_PERCENT_HP_BONUS","is_daily":false,"chose_seed":false,"campfire_upgraded":3,"win_rate":0.0,"timestamp":1612191541,"path_taken":["M","?","?","?","?","R","M","R","T","E","M","R","?","M","R","BOSS","M","M"],"items_purchased_type":[],"build_version":"2020-12-22","purchased_purges":0,"victory":false,"max_hp_per_floor":[77,83,83,83,83,83,83,83,83,83,83,83,83,83,83,83,83,83,83,83],"card_choices":[{"not_picked":["theMarked:Improvise","theMarked:TwofoldDefense"],"picked":"theMarked:BanishingStrike","floor":1},{"not_picked":["theMarked:Parkour","theMarked:ElectricStrings"],"picked":"theMarked:Heritage","floor":4},{"not_picked":["theMarked:ParalyzingBlade","theMarked:Overcharge"],"picked":"theMarked:Maelstrom","floor":4},{"not_picked":["theMarked:HeightenedSenses","theMarked:ResourceFulStrike"],"picked":"theMarked:BanishingStrike","floor":5},{"not_picked":["theMarked:ChainLightning","theMarked:Generate"],"picked":"theMarked:StartUp","floor":7},{"not_picked":["theMarked:StartUp","theMarked:TwofoldDefense"],"picked":"theMarked:Toughness","floor":10},{"not_picked":["theMarked:ShockingTouch","theMarked:LightningStrikesTwice"],"picked":"theMarked:ComboAttacks","floor":11},{"not_picked":["theMarked:Determination","theMarked:ElectricStrings","theMarked:HeightenedSenses"],"picked":"SKIP","floor":11},{"not_picked":["theMarked:ShockingTouch","theMarked:WastefulAttack"],"picked":"theMarked:EmpowerWeapon","floor":14},{"not_picked":["theMarked:ElectricStrings","theMarked:WardOff"],"picked":"theMarked:MysticalArsenal","floor":14},{"not_picked":["theMarked:Abjuration","theMarked:UnarmedFury"],"picked":"theMarked:BindingBlade","floor":16},{"not_picked":["theMarked:WastefulAttack+1","theMarked:EmpowerWeapon"],"picked":"theMarked:PowerFlow+1","floor":18},{"not_picked":["theMarked:Aftermath","theMarked:WastefulAttack+1"],"picked":"theMarked:BanishingStrike","floor":18}],"player_experience":1270669,"relics_obtained":[{"floor":4,"key":"hubris:ToyBattleship"},{"floor":9,"key":"aspiration:HiddenCompartment"},{"floor":10,"key":"Prayer Wheel"}],"event_choices":[{"damage_healed":0,"gold_gain":0,"player_choice":"RENOUNCE","damage_taken":111,"max_hp_gain":0,"max_hp_loss":0,"event_name":"betterThird:BetterSerpent","floor":2,"gold_loss":111,"cards_obtained":["Enlightenment"]},{"damage_healed":0,"gold_gain":0,"player_choice":"Forge","damage_taken":0,"max_hp_gain":0,"max_hp_loss":0,"event_name":"Accursed Blacksmith","floor":13,"gold_loss":0,"cards_upgraded":["theMarked:Toughness"]}],"is_beta":false,"boss_relics":[{"not_picked":["hubris:TerracottaHorce","aspiration:RunicSpoon"],"picked":"Black Star"}],"items_purged_floors":[],"is_endless":false,"potions_floor_spawned":[10,18],"killed_by":"3 Byrds","ascension_level":0}}