{"host":"2se5dq1do2gp0x9k","time":1612157349,"event":{"mods":["AchievementEnabler","BaseMod","Block Reminder","Colored Map","Colored Powertips","Minty Spire (QoL Compilation)","Relic Stats","StSLib","SuperFastMode"],"gold_per_floor":[113,113,113,130,144,144,174,174,223,241,241,301,333,357,357,434,434,445,445,174,185,235,235,262,262,262,290,290,290],"floor_reached":28,"language":"ENG","playtime":1128,"items_purged":["Strike_G"],"score":624,"play_id":"f351ed7b-bf74-4d56-a65a-36ec03bc6e5c","local_time":"20210131212909","is_ascension_mode":true,"campfire_choices":[{"floor":6,"key":"REST"},{"data":"Noxious Fumes","floor":8,"key":"SMITH"},{"floor":11,"key":"RECALL"},{"data":"After Image","floor":15,"key":"SMITH"},{"data":"Wraith Form v2","floor":23,"key":"SMITH"}],"circlet_count":0,"master_deck":["AscendersBane","Strike_G","Strike_G","Strike_G","Strike_G","Defend_G","Defend_G","Defend_G","Defend_G","Defend_G","Survivor","Neutralize","Apotheosis+1","Blade Dance","Noxious Fumes+1","Footwork","Blade Dance","After Image+1","Blur","Deflect","Blur","Burst","PiercingWail+1","Backflip","Deflect","Wraith Form v2+1","Footwork+1"],"relics":["Ring of the Snake","Ancient Tea Set","Letter Opener","Tough Bandages","Strawberry","Odd Mushroom","SlaversCollar","Omamori","Centennial Puzzle","Frozen Egg 2","Turnip"],"acts_visited":["Exordium","TheCity"],"potions_floor_usage":[13,18,27,28],"damage_taken":[{"damage":0,"enemies":"Small Slimes","floor":1,"turns":5},{"damage":1,"enemies":"2 Louse","floor":4,"turns":3},{"damage":2,"enemies":"Jaw Worm","floor":5,"turns":4},{"damage":6,"enemies":"Lagavulin","floor":7,"turns":8},{"damage":0,"enemies":"3 Louse","floor":10,"turns":4},{"damage":16,"enemies":"Gremlin Nob","floor":12,"turns":4},{"damage":9,"enemies":"3 Sentries","floor":13,"turns":8},{"damage":2,"enemies":"The Mushroom Lair","floor":14,"turns":4},{"damage":0,"enemies":"The Guardian","floor":16,"turns":11},{"damage":23,"enemies":"Chosen","floor":18,"turns":7},{"damage":7,"enemies":"Spheric Guardian","floor":21,"turns":10},{"damage":46,"enemies":"Gremlin Leader","floor":24,"turns":8},{"damage":13,"enemies":"Slavers","floor":27,"turns":7},{"damage":9,"enemies":"Snake Plant","floor":28,"turns":3}],"seed_played":"-3169445452684157527","potions_obtained":[{"floor":1,"key":"Ancient Potion"},{"floor":10,"key":"SkillPotion"},{"floor":12,"key":"Block Potion"},{"floor":14,"key":"FairyPotion"},{"floor":21,"key":"BlessingOfTheForge"},{"floor":24,"key":"PowerPotion"}],"is_trial":false,"path_per_floor":["M","?","?","M","M","R","E","R","T","M","R","?","E","?","R","B",null,"M","?","$","M","?","R","E","T","T","E","M"],"character_chosen":"THE_SILENT","items_purchased":["Backflip","Deflect","Wraith Form v2"],"campfire_rested":1,"item_purchase_floors":[20,20,20],"current_hp_per_floor":[59,59,48,47,45,60,54,54,54,54,54,38,36,34,34,34,59,36,49,49,42,42,42,20,20,20,7,0,0],"gold":290,"neow_bonus":"RANDOM_COLORLESS_2","is_daily":false,"chose_seed":false,"campfire_upgraded":3,"win_rate":0.0,"timestamp":1612157349,"path_taken":["M","?","?","M","M","R","E","R","T","M","R","?","E","?","R","BOSS","M","?","$","M","?","R","E","?","T","E","M"],"items_purchased_type":["Card","Card","Card"],"build_version":"2020-12-22","purchased_purges":1,"victory":false,"max_hp_per_floor":[60,60,60,60,60,60,60,60,60,60,60,60,67,67,67,67,67,67,67,67,67,67,67,67,67,67,67,67,67],"relic_stats":{"Tough Bandages":[18],"Centennial Puzzle":[6],"counters":[14,86],"Turnip":[2],"Letter Opener":[165],"obtain_stats":[{"SlaversCollar":17,"Tough Bandages":12,"Centennial Puzzle":25,"Strawberry":13,"Turnip":27,"Omamori":24,"Letter Opener":7,"Odd Mushroom":14,"Frozen Egg 2":26,"Ancient Tea Set":3,"Ring of the Snake":0},{"SlaversCollar":9,"Tough Bandages":6,"Centennial Puzzle":12,"Strawberry":7,"Turnip":13,"Omamori":12,"Letter Opener":4,"Odd Mushroom":8,"Frozen Egg 2":12,"Ancient Tea Set":1,"Ring of the Snake":0},{"SlaversCollar":51,"Tough Bandages":28,"Centennial Puzzle":76,"Strawberry":36,"Turnip":83,"Omamori":76,"Letter Opener":20,"Odd Mushroom":40,"Frozen Egg 2":76,"Ancient Tea Set":5,"Ring of the Snake":0}],"Ring of the Snake":[28]},"card_choices":[{"not_picked":["Metamorphosis","Violence"],"picked":"Apotheosis","floor":0},{"not_picked":["Deflect","Backstab"],"picked":"Blade Dance","floor":1},{"not_picked":["Dodge and Roll","Poisoned Stab"],"picked":"Noxious Fumes","floor":4},{"not_picked":["Sucker Punch","Distraction"],"picked":"Footwork","floor":5},{"not_picked":["PiercingWail","Acrobatics"],"picked":"Blade Dance","floor":7},{"not_picked":["Cloak And Dagger","Distraction"],"picked":"After Image","floor":10},{"not_picked":["Slice","Heel Hook"],"picked":"Blur","floor":12},{"not_picked":["Dagger Throw","Infinite Blades"],"picked":"Deflect","floor":13},{"not_picked":["Crippling Poison","Choke"],"picked":"Blur","floor":14},{"not_picked":["After Image","Corpse Explosion"],"picked":"Burst","floor":16},{"not_picked":["Underhanded Strike","Tactician"],"picked":"PiercingWail+1","floor":18},{"not_picked":["Sucker Punch","Skewer","Dodge and Roll"],"picked":"SKIP","floor":21},{"not_picked":["Reflex","Underhanded Strike","Masterful Stab"],"picked":"SKIP","floor":24},{"not_picked":["Quick Slash","Eviscerate+1"],"picked":"Footwork+1","floor":27}],"player_experience":4036549,"relics_obtained":[{"floor":7,"key":"Letter Opener"},{"floor":12,"key":"Tough Bandages"},{"floor":13,"key":"Strawberry"},{"floor":14,"key":"Odd Mushroom"},{"floor":24,"key":"Omamori"},{"floor":25,"key":"Centennial Puzzle"},{"floor":26,"key":"Frozen Egg 2"},{"floor":27,"key":"Turnip"}],"event_choices":[{"damage_healed":0,"gold_gain":0,"player_choice":"Grow","damage_taken":0,"max_hp_gain":0,"max_hp_loss":0,"event_name":"Living Wall","floor":2,"gold_loss":0,"cards_upgraded":["Apotheosis"]},{"damage_healed":0,"gold_gain":0,"player_choice":"Success","damage_taken":11,"relics_obtained":["Ancient Tea Set"],"max_hp_gain":0,"max_hp_loss":0,"event_name":"Scrap Ooze","floor":3,"gold_loss":0},{"damage_healed":0,"gold_gain":0,"player_choice":"Searched \u00271\u0027 times","damage_taken":0,"max_hp_gain":0,"max_hp_loss":0,"event_name":"Dead Adventurer","floor":12,"gold_loss":0},{"damage_healed":0,"gold_gain":0,"player_choice":"Fought Mushrooms","damage_taken":0,"max_hp_gain":0,"max_hp_loss":0,"event_name":"Mushrooms","floor":14,"gold_loss":0},{"damage_healed":13,"gold_gain":0,"player_choice":"Heal","damage_taken":0,"max_hp_gain":0,"max_hp_loss":0,"event_name":"The Library","floor":19,"gold_loss":0},{"damage_healed":0,"gold_gain":50,"player_choice":"Stole From Cult","damage_taken":0,"max_hp_gain":0,"max_hp_loss":0,"event_name":"Nest","floor":22,"gold_loss":0}],"is_beta":false,"boss_relics":[{"not_picked":["Tiny House","Astrolabe"],"picked":"SlaversCollar"}],"items_purged_floors":[20],"is_endless":false,"potions_floor_spawned":[1,10,12,14,16,21,24],"killed_by":"Snake Plant","ascension_level":20}}