{"host":"oehe2dxjvdgux73m","time":1612202746,"event":{"mods":["AchievementEnabler","BaseMod","Colored Map","Colored Powertips","DeckTracker","Keyboard Shortcuts","Minty Spire (QoL Compilation)","Permanent Neow","Quick Restart","StSLib","SuperFastMode"],"gold_per_floor":[110,51,51,51,8,43,43,43,66,105,124,137,137,23,23,122,122,140,140,163,182,22,22,60,60,83,124,139,139,3,3,3,94,94,110,135,153,153,112,112,155,155,155,179,204,244,264,303,315,327,339,351,363,58,96,96,96],"floor_reached":56,"language":"KOR","playtime":2433,"items_purged":["Pain","Strike_G"],"score":2262,"play_id":"7daa379c-381c-4d02-9de7-2e21a7ffee43","local_time":"20210202030546","is_ascension_mode":true,"campfire_choices":[{"data":"Neutralize","floor":7.0,"key":"SMITH"},{"data":"Crippling Poison","floor":15.0,"key":"SMITH"},{"floor":23.0,"key":"REST"},{"floor":29.0,"key":"REST"},{"data":"Ghostly","floor":32.0,"key":"SMITH"},{"data":"Cloak And Dagger","floor":40.0,"key":"SMITH"},{"data":"Calculated Gamble","floor":42.0,"key":"SMITH"},{"floor":49.0,"key":"RECALL"},{"data":"Ghostly","floor":53.0,"key":"SMITH"}],"circlet_count":0,"master_deck":["AscendersBane","Defend_G","Defend_G","Defend_G","Defend_G","Defend_G","Survivor","Neutralize+1","Dagger Spray","Blade Dance","Predator+1","PiercingWail","Crippling Poison+1","Die Die Die","Well Laid Plans+1","A Thousand Cuts+1","Footwork+1","Slice+1","PiercingWail+1","Wraith Form v2+1","Ghostly+1","Ghostly+1","Ghostly","Calculated Gamble+1","Endless Agony","Wraith Form v2+1","Calculated Gamble+1","Terror+1","Cloak And Dagger+1","Blade Dance","Backflip+1","Setup+1","Cloak And Dagger+1","Reflex","Accuracy+1","Footwork+1","Footwork+1","Wraith Form v2+1"],"relics":["Ring of the Snake","NeowsBlessing","Golden Idol","Potion Belt","WarpedTongs","Pen Nib","Frozen Egg 2","WristBlade","Membership Card","Snake Skull","Orichalcum","Nunchaku","Lee\u0027s Waffle","SacredBark","Bag of Marbles","Prayer Wheel","Vajra","MawBank","Lantern","DollysMirror","Whetstone"],"acts_visited":["Exordium","TheCity","TheBeyond","TheEnding"],"potions_floor_usage":[56,56,56],"damage_taken":[{"damage":0.0,"enemies":"Small Slimes","floor":1.0,"turns":1.0},{"damage":0.0,"enemies":"3 Sentries","floor":6.0,"turns":2.0},{"damage":1.0,"enemies":"Lagavulin","floor":10.0,"turns":1.0},{"damage":8.0,"enemies":"Jaw Worm","floor":11.0,"turns":3.0},{"damage":0.0,"enemies":"Cultist","floor":12.0,"turns":2.0},{"damage":30.0,"enemies":"Hexaghost","floor":16.0,"turns":9.0},{"damage":3.0,"enemies":"3 Byrds","floor":18.0,"turns":3.0},{"damage":11.0,"enemies":"Spheric Guardian","floor":20.0,"turns":5.0},{"damage":30.0,"enemies":"Shelled Parasite and Fungi","floor":21.0,"turns":4.0},{"damage":18.0,"enemies":"Slavers","floor":24.0,"turns":3.0},{"damage":0.0,"enemies":"Gremlin Leader","floor":27.0,"turns":8.0},{"damage":0.0,"enemies":"Snecko","floor":28.0,"turns":9.0},{"damage":28.0,"enemies":"Champ","floor":33.0,"turns":16.0},{"damage":0.0,"enemies":"3 Darklings","floor":35.0,"turns":4.0},{"damage":0.0,"enemies":"Orb Walker","floor":36.0,"turns":4.0},{"damage":0.0,"enemies":"3 Darklings","floor":37.0,"turns":6.0},{"damage":7.0,"enemies":"Giant Head","floor":41.0,"turns":9.0},{"damage":0.0,"enemies":"Maw","floor":44.0,"turns":5.0},{"damage":3.0,"enemies":"4 Shapes","floor":45.0,"turns":5.0},{"damage":3.0,"enemies":"Nemesis","floor":46.0,"turns":9.0},{"damage":0.0,"enemies":"Sphere and 2 Shapes","floor":47.0,"turns":5.0},{"damage":1.0,"enemies":"Giant Head","floor":48.0,"turns":5.0},{"damage":0.0,"enemies":"Donu and Deca","floor":50.0,"turns":9.0},{"damage":12.0,"enemies":"Awakened One","floor":51.0,"turns":13.0},{"damage":14.0,"enemies":"Shield and Spear","floor":55.0,"turns":8.0},{"damage":76,"enemies":"The Heart","floor":56,"turns":12}],"seed_played":"1601451094153573405","potions_obtained":[{"floor":6.0,"key":"Block Potion"},{"floor":12.0,"key":"BlessingOfTheForge"},{"floor":18.0,"key":"Poison Potion"},{"floor":27.0,"key":"EssenceOfSteel"},{"floor":28.0,"key":"Strength Potion"},{"floor":36.0,"key":"Ancient Potion"},{"floor":37.0,"key":"SpeedPotion"},{"floor":45.0,"key":"DistilledChaos"}],"is_trial":false,"path_per_floor":["M","$","?","?","$","E","R","?","T","E","M","M","?","$","R","B",null,"M","?","M","M","$","R","E","?","T","E","M","R","$","?","R","B",null,"M","M","M","?","$","R","E","R","T","M","M","E","M","E","R","B","B",null,"R","$","E","B"],"character_chosen":"THE_SILENT","items_purchased":["Blade Dance","Predator","Well Laid Plans+1","Membership Card","Lee\u0027s Waffle","Cloak And Dagger","Blade Dance","Footwork+1","Lantern","DollysMirror","Regen Potion","SkillPotion","DuplicationPotion"],"campfire_rested":2,"item_purchase_floors":[2,5,14,22,30,39,39,54,54,54,54,54,54],"current_hp_per_floor":[59,59,59,59,59,59,59,59,59,58,50,50,50,50,50,20,50,47,47,36,6,6,24,6,6,6,6,6,15,37,37,37,9,30,30,30,30,30,30,30,23,23,23,23,20,17,17,16,16,16,4,29,29,29,37,0,0],"gold":96,"neow_bonus":"THREE_ENEMY_KILL","is_daily":false,"chose_seed":false,"campfire_upgraded":6,"win_rate":0.0,"timestamp":1612202746,"path_taken":["M","$","?","?","?","E","R","?","T","E","M","?","?","?","R","BOSS","M","?","?","M","$","R","E","?","T","E","M","R","$","?","R","BOSS","M","?","M","?","?","R","E","R","T","M","?","E","M","E","R","BOSS","BOSS","R","$","E","BOSS"],"items_purchased_type":["Card","Card","Card","Relic","Relic","Card","Card","Card","Relic","Relic","Potion","Potion","Potion"],"build_version":"2020-12-22","purchased_purges":2,"victory":false,"max_hp_per_floor":[66,66,66,60,60,60,60,60,60,60,60,60,60,60,60,60,60,60,60,60,60,60,60,60,30,30,30,30,30,37,37,37,37,37,37,37,37,37,37,37,37,37,37,37,37,37,37,37,37,37,37,37,37,37,37,37,37],"card_choices":[{"not_picked":["Acrobatics","Masterful Stab"],"picked":"Dagger Spray","floor":1.0},{"not_picked":["Slice","Heel Hook"],"picked":"PiercingWail","floor":6.0},{"not_picked":["Choke","Riddle With Holes","Underhanded Strike"],"picked":"SKIP","floor":10.0},{"not_picked":["Prepared","All Out Attack","Deflect"],"picked":"SKIP","floor":11.0},{"not_picked":["Endless Agony","Terror"],"picked":"Crippling Poison","floor":12.0},{"not_picked":["Malaise","Burst"],"picked":"A Thousand Cuts+1","floor":16.0},{"not_picked":["Deadly Poison+1","Noxious Fumes+1"],"picked":"Footwork+1","floor":18.0},{"not_picked":["Reflex","Poisoned Stab"],"picked":"Slice","floor":20.0},{"not_picked":["Deadly Poison","Acrobatics"],"picked":"PiercingWail+1","floor":21.0},{"not_picked":["Blur","Riddle With Holes"],"picked":"Wraith Form v2+1","floor":24.0},{"not_picked":["All Out Attack","Well Laid Plans+1","Finisher"],"picked":"SKIP","floor":27.0},{"not_picked":["Dagger Spray","Terror"],"picked":"Calculated Gamble","floor":28.0},{"not_picked":["Envenom+1","Phantasmal Killer"],"picked":"Wraith Form v2+1","floor":33.0},{"not_picked":["Leg Sweep","Underhanded Strike+1","Riddle With Holes"],"picked":"SKIP","floor":35.0},{"not_picked":["Quick Slash","Dagger Spray"],"picked":"Calculated Gamble+1","floor":36.0},{"not_picked":["Prepared","All Out Attack"],"picked":"Terror+1","floor":37.0},{"not_picked":["Dodge and Roll+1","Corpse Explosion"],"picked":"Backflip+1","floor":41.0},{"not_picked":["Deflect","Masterful Stab"],"picked":"Setup+1","floor":44.0},{"not_picked":["Outmaneuver","Slice","Dagger Throw"],"picked":"SKIP","floor":44.0},{"not_picked":["Backflip","Choke"],"picked":"Cloak And Dagger+1","floor":45.0},{"not_picked":["Backstab","Dash"],"picked":"Reflex","floor":45.0},{"not_picked":["Distraction","Dodge and Roll"],"picked":"Accuracy+1","floor":46.0},{"not_picked":["Crippling Poison","Riddle With Holes+1","Outmaneuver"],"picked":"SKIP","floor":47.0},{"not_picked":["Noxious Fumes+1","Flying Knee","Deadly Poison"],"picked":"SKIP","floor":47.0},{"not_picked":["All Out Attack+1","Blade Dance","Outmaneuver"],"picked":"SKIP","floor":48.0},{"not_picked":["Corpse Explosion","Slice+1"],"picked":"Wraith Form v2+1","floor":55.0}],"player_experience":343605,"relics_obtained":[{"floor":6.0,"key":"Potion Belt"},{"floor":9.0,"key":"Pen Nib"},{"floor":10.0,"key":"Frozen Egg 2"},{"floor":24.0,"key":"Snake Skull"},{"floor":26.0,"key":"Orichalcum"},{"floor":27.0,"key":"Nunchaku"},{"floor":38.0,"key":"Bag of Marbles"},{"floor":41.0,"key":"Prayer Wheel"},{"floor":46.0,"key":"Vajra"},{"floor":48.0,"key":"MawBank"},{"floor":55.0,"key":"Whetstone"}],"event_choices":[{"cards_removed":["Strike_G"],"damage_healed":0.0,"max_hp_gain":0.0,"max_hp_loss":0.0,"gold_gain":0.0,"event_name":"Living Wall","player_choice":"Forget","floor":3.0,"gold_loss":0.0,"damage_taken":0.0},{"damage_healed":0.0,"max_hp_gain":0.0,"max_hp_loss":6.0,"gold_gain":0.0,"event_name":"Golden Idol","player_choice":"Lose Max HP","floor":4.0,"gold_loss":0.0,"damage_taken":0.0,"relics_obtained":["Golden Idol"]},{"damage_healed":0.0,"max_hp_gain":0.0,"max_hp_loss":0.0,"gold_gain":0.0,"event_name":"Accursed Blacksmith","player_choice":"Rummage","floor":8.0,"gold_loss":0.0,"damage_taken":0.0,"relics_obtained":["WarpedTongs"],"cards_obtained":["Pain"]},{"damage_healed":0.0,"max_hp_gain":0.0,"max_hp_loss":0.0,"gold_gain":0.0,"cards_transformed":["Strike_G"],"event_name":"Transmorgrifier","player_choice":"Transformed","floor":13.0,"gold_loss":0.0,"damage_taken":0.0,"cards_obtained":["Die Die Die"]},{"cards_removed":["Strike_G"],"damage_healed":0.0,"max_hp_gain":0.0,"max_hp_loss":0.0,"gold_gain":0.0,"event_name":"Purifier","player_choice":"Purged","floor":19.0,"gold_loss":0.0,"damage_taken":0.0},{"damage_healed":0.0,"max_hp_gain":0.0,"max_hp_loss":30.0,"gold_gain":0.0,"event_name":"Ghosts","player_choice":"Became a Ghost","floor":25.0,"gold_loss":0.0,"damage_taken":0.0,"cards_obtained":["Ghostly","Ghostly","Ghostly"]},{"damage_healed":0.0,"max_hp_gain":0.0,"max_hp_loss":0.0,"gold_gain":0.0,"cards_transformed":["Strike_G"],"event_name":"Transmorgrifier","player_choice":"Transformed","floor":31.0,"gold_loss":0.0,"damage_taken":0.0,"cards_obtained":["Endless Agony"]},{"damage_healed":0.0,"max_hp_gain":0.0,"max_hp_loss":0.0,"gold_gain":0.0,"event_name":"Wheel of Change","player_choice":"Relic","floor":38.0,"gold_loss":0.0,"damage_taken":0.0}],"is_beta":false,"boss_relics":[{"not_picked":["Runic Dome","Sozu"],"picked":"WristBlade"},{"not_picked":["Fusion Hammer","Velvet Choker"],"picked":"SacredBark"}],"items_purged_floors":[14,30],"is_endless":false,"potions_floor_spawned":[6,12,18,27,28,36,37,45],"killed_by":"The Heart","ascension_level":20}}