{"host":"oigynbtg272c19pw","time":1612172356,"event":{"mods":["BaseMod","Colored Map","Minty Spire (QoL Compilation)","Relic Stats","Slay the Relics Exporter","StSLib"],"gold_per_floor":[115,115,115,129,54,54,65,96,96,96,122,134,160,189,201,213,213],"floor_reached":16,"playtime":495,"items_purged":[],"score":219,"play_id":"cb6fe623-fc3c-4854-895d-9a624591bf22","local_time":"20210201103916","is_ascension_mode":true,"campfire_choices":[{"data":"Perfected Strike","floor":6,"key":"SMITH"},{"data":"Pommel Strike","floor":10,"key":"SMITH"},{"floor":12,"key":"REST"},{"data":"Bash","floor":15,"key":"SMITH"}],"circlet_count":0,"master_deck":["AscendersBane","Strike_R","Strike_R","Strike_R","Strike_R","Strike_R","Defend_R","Defend_R","Defend_R","Bash+1","Sword Boomerang","Perfected Strike+1","Twin Strike","Pommel Strike+1","Dark Embrace","Shrug It Off"],"relics":["Burning Blood","Lizard Tail","Spirit Poop","Ancient Tea Set","Mummified Hand","MawBank"],"acts_visited":["Exordium"],"potions_floor_usage":[11,11],"damage_taken":[{"damage":2,"enemies":"2 Louse","floor":1,"turns":3},{"damage":6,"enemies":"Cultist","floor":4,"turns":4},{"damage":7,"enemies":"Jaw Worm","floor":7,"turns":3},{"damage":55,"enemies":"3 Sentries","floor":8,"turns":11},{"damage":20,"enemies":"Lagavulin","floor":11,"turns":5},{"damage":9,"enemies":"Red Slaver","floor":13,"turns":2},{"damage":13,"enemies":"Blue Slaver","floor":14,"turns":3},{"damage":75,"enemies":"Hexaghost","floor":16,"turns":10}],"seed_played":"1208252805781210011","potions_obtained":[{"floor":7,"key":"FearPotion"},{"floor":8,"key":"BlessingOfTheForge"},{"floor":13,"key":"SteroidPotion"}],"is_trial":false,"path_per_floor":["M","?","?","M","?","R","M","E","T","R","E","R","M","M","R","B"],"character_chosen":"IRONCLAD","items_purchased":[],"campfire_rested":1,"item_purchase_floors":[],"current_hp_per_floor":[79,79,79,79,79,79,78,29,29,29,15,39,36,29,29,0,0],"gold":213,"neow_bonus":"TEN_PERCENT_HP_BONUS","is_daily":false,"chose_seed":false,"campfire_upgraded":3,"win_rate":0.0,"timestamp":1612172356,"path_taken":["M","?","?","?","?","R","M","E","T","R","E","R","M","M","R","BOSS"],"items_purchased_type":[],"build_version":"2020-12-13","purchased_purges":0,"victory":false,"max_hp_per_floor":[82,82,82,82,82,82,82,82,82,82,82,82,82,82,82,82,82],"relic_stats":{"Lizard Tail":41,"counters":[8,41],"Mummified Hand":[0],"MawBank":60,"obtain_stats":[{"Lizard Tail":2,"Mummified Hand":9,"Spirit Poop":3,"Ancient Tea Set":8,"MawBank":11,"Burning Blood":0},{"Lizard Tail":1,"Mummified Hand":4,"Spirit Poop":1,"Ancient Tea Set":4,"MawBank":5,"Burning Blood":0},{"Lizard Tail":3,"Mummified Hand":21,"Spirit Poop":3,"Ancient Tea Set":21,"MawBank":26,"Burning Blood":0}],"Burning Blood":42},"card_choices":[{"not_picked":["Heavy Blade","Wild Strike"],"picked":"Sword Boomerang","floor":1},{"not_picked":["Anger","Wild Strike"],"picked":"Perfected Strike","floor":4},{"not_picked":["Wild Strike","Dual Wield"],"picked":"Twin Strike","floor":7},{"not_picked":["Armaments","Anger"],"picked":"Pommel Strike","floor":8},{"not_picked":["Anger","Flex"],"picked":"Dark Embrace","floor":11},{"not_picked":["Clothesline","Heavy Blade","Anger"],"picked":"SKIP","floor":13},{"not_picked":["Havoc","Wild Strike"],"picked":"Shrug It Off","floor":14}],"player_experience":1524346,"relics_obtained":[{"floor":8,"key":"Ancient Tea Set"},{"floor":9,"key":"Mummified Hand"},{"floor":11,"key":"MawBank"}],"event_choices":[{"damage_healed":0,"gold_gain":0,"player_choice":"Box","damage_taken":0,"relics_obtained":["Lizard Tail"],"max_hp_gain":0,"max_hp_loss":0,"event_name":"Big Fish","floor":2,"gold_loss":0,"cards_obtained":["Regret"]},{"cards_removed":["Regret"],"damage_healed":0,"gold_gain":0,"player_choice":"Offered Curse","damage_taken":0,"relics_obtained":["Spirit Poop"],"max_hp_gain":0,"max_hp_loss":0,"event_name":"Bonfire Elementals","floor":3,"gold_loss":0},{"cards_removed":["Defend_R"],"damage_healed":0,"gold_gain":0,"player_choice":"Card Removal","damage_taken":0,"max_hp_gain":0,"max_hp_loss":0,"event_name":"The Cleric","floor":5,"gold_loss":75}],"is_beta":false,"boss_relics":[],"items_purged_floors":[],"is_endless":false,"potions_floor_spawned":[7,8,13],"killed_by":"Hexaghost","ascension_level":20}}