{"host":"p8f0otjoacyb9giz","time":1612198711,"event":{"mods":["AchievementEnabler","BaseMod","Downfall","Minty Spire (QoL Compilation)","StSLib"],"gold_per_floor":[99,99,60,60,60,60,60,71,100,115,129,158,68,218,232,331,331,131,131,131,131],"floor_reached":19,"language":"ENG","playtime":609,"items_purged":["sneckomod:Defend"],"score":190,"play_id":"b892b09d-4449-4bdf-91ab-61fea4aef45a","local_time":"20210201195831","is_ascension_mode":true,"campfire_choices":[{"data":"sneckomod:TailWhip","floor":1,"key":"SMITH"},{"data":"sneckomod:Transmogrify","floor":18,"key":"SMITH"}],"circlet_count":0,"master_deck":["sneckomod:Strike","sneckomod:Strike","sneckomod:Strike","sneckomod:Defend","sneckomod:Defend","sneckomod:TailWhip+1","sneckomod:SnekBite","sneckomod:Unknown","sneckomod:Unknown","sneckomod:UnknownColorless","sneckomod:UnknownUncommonPower","sneckomod:DiceBoulder","sneckomod:DiceCrush","downfall:Haunted","sneckomod:UnknownBoss","sneckomod:IronFang","sneckomod:RainOfDice","sneckomod:UnknownClassRED","sneckomod:UnknownUncommonSkill","sneckomod:UnknownVulnerable","sneckomod:RainOfDice","sneckomod:Transmogrify+1"],"relics":["sneckomod:SneckoSoul","downfall:HeartsMalice","Du-Vu Doll","Meat on the Bone","Ornamental Fan","sneckomod:SneckoCommon","Empty Cage","downfall:HeartBlessingGreen","downfall:HeartBlessingBlue"],"acts_visited":["Exordium","TheCity"],"potions_floor_usage":[15,16],"damage_taken":[{"damage":0,"enemies":"Cultist","floor":2,"turns":1},{"damage":0,"enemies":"downfall:FleeingMerchant","floor":3,"turns":1},{"damage":0,"enemies":"Jaw Worm","floor":4,"turns":1},{"damage":6,"enemies":"2 Louse","floor":8,"turns":2},{"damage":14,"enemies":"3 Sentries","floor":9,"turns":6},{"damage":9,"enemies":"2 Fungi Beasts","floor":10,"turns":3},{"damage":13,"enemies":"Red Slaver","floor":11,"turns":3},{"damage":21,"enemies":"Lagavulin","floor":12,"turns":5},{"damage":0,"enemies":"downfall:FleeingMerchant","floor":13,"turns":4},{"damage":0,"enemies":"Lots of Slimes","floor":15,"turns":2},{"damage":38,"enemies":"IC_STATUS_ARCHETYPE","floor":16,"turns":7},{"damage":0,"enemies":"Spheric Guardian","floor":19,"turns":1}],"seed_played":"-1367597238651825588","potions_obtained":[{"floor":8,"key":"sneckomod:OffclassReductionPotion"},{"floor":9,"key":"sneckomod:CheatPotion"},{"floor":11,"key":"DistilledChaos"},{"floor":16,"key":"PowerPotion"}],"is_trial":false,"path_per_floor":["R","M","$","M","?","T","T","M","E","M","M","E","$","?","M","B",null,"R","M"],"character_chosen":"THE_SNECKO","items_purchased":["sneckomod:DiceBoulder"],"campfire_rested":0,"item_purchase_floors":[3],"current_hp_per_floor":[90,90,90,90,90,90,90,84,70,61,48,39,51,51,51,25,90,100,100,100,100],"gold":131,"neow_bonus":"THREE_ENEMY_KILL","is_daily":false,"chose_seed":false,"campfire_upgraded":2,"win_rate":0.0,"timestamp":1612198711,"path_taken":["R","M","?","M","?","?","T","?","E","M","M","E","$","?","M","BOSS","R","M"],"items_purchased_type":["Card"],"build_version":"2020-12-22","purchased_purges":1,"victory":false,"max_hp_per_floor":[90,90,90,90,90,90,90,90,90,90,90,90,90,90,90,90,90,100,100,100,100],"card_choices":[{"not_picked":["sneckomod:QuickMove","sneckomod:SoulRoll"],"picked":"sneckomod:UnknownColorless","floor":2},{"not_picked":["sneckomod:UnknownDraw","sneckomod:IronFang"],"picked":"sneckomod:UnknownUncommonPower","floor":3},{"not_picked":["sneckomod:MixItUp","sneckomod:Unknown2Cost"],"picked":"sneckomod:DiceCrush","floor":4},{"not_picked":["sneckomod:UnknownBlock","sneckomod:SnakeSap"],"picked":"sneckomod:UnknownBoss","floor":8},{"not_picked":["sneckomod:DiceBlock","sneckomod:SoulRoll","sneckomod:Memorize"],"picked":"SKIP","floor":9},{"not_picked":["sneckomod:DefensiveFlair","sneckomod:UnknownCommonSkill"],"picked":"sneckomod:IronFang","floor":10},{"not_picked":["sneckomod:QuickBite","sneckomod:UnknownDraw"],"picked":"sneckomod:RainOfDice","floor":11},{"not_picked":["sneckomod:DiceCrush","sneckomod:UnknownUncommonPower"],"picked":"sneckomod:UnknownUncommonSkill","floor":12},{"not_picked":["sneckomod:Rotation","sneckomod:UnknownCommonSkill"],"picked":"sneckomod:UnknownVulnerable","floor":13},{"not_picked":["sneckomod:UnknownX","sneckomod:DiceCrush"],"picked":"sneckomod:RainOfDice","floor":15},{"not_picked":["sneckomod:Restock","sneckomod:Unknown3Cost"],"picked":"sneckomod:Transmogrify","floor":16}],"player_experience":431772,"relics_obtained":[{"floor":7,"key":"Meat on the Bone"},{"floor":9,"key":"Ornamental Fan"},{"floor":12,"key":"sneckomod:SneckoCommon"}],"event_choices":[],"is_beta":false,"boss_relics":[{"not_picked":["Runic Dome","Fusion Hammer"],"picked":"Empty Cage"}],"items_purged_floors":[13],"is_endless":false,"potions_floor_spawned":[8,9,11,12,16],"killed_by":"Spheric Guardian","ascension_level":2}}