{"host":"6r762osam2bvfm66","time":1612142507,"event":{"mods":["BaseMod","Colored Map","Minty Spire (QoL Compilation)"],"gold_per_floor":[116,116,132,53,68,68,98,98,98,98,98,123,148,164,164,264,264,278,26,26,40,54,84,84,110,110,110,110],"floor_reached":27,"language":"ENG","playtime":1130,"items_purged":["Regret"],"score":272,"play_id":"ae9c2e58-a1b7-4fa1-a76f-c9ed7ff5abab","local_time":"20210131192147","is_ascension_mode":true,"campfire_choices":[{"data":"Noxious Fumes","floor":6,"key":"SMITH"},{"data":"Neutralize","floor":8,"key":"SMITH"},{"data":"Well Laid Plans","floor":10,"key":"SMITH"},{"data":"Bouncing Flask","floor":15,"key":"SMITH"},{"data":"Footwork","floor":24,"key":"SMITH"}],"circlet_count":0,"master_deck":["Strike_G","Strike_G","Strike_G","Strike_G","Defend_G","Defend_G","Defend_G+1","Defend_G","Defend_G","Survivor+1","Neutralize+1","Deadly Poison","Blade Dance","Blur","Noxious Fumes+1","Dash","Well Laid Plans+1","Bouncing Flask+1","Corpse Explosion","Bouncing Flask","Footwork+1","Backflip","Deadly Poison","Shame","Deadly Poison","PiercingWail"],"relics":["Ring of the Snake","Ninja Scroll","War Paint","Bottled Tornado","MealTicket","Lantern","Sozu","Orichalcum","Pantograph","Boot","Question Card"],"acts_visited":["Exordium","TheCity"],"potions_floor_usage":[7,16],"damage_taken":[{"damage":3,"enemies":"Jaw Worm","floor":1,"turns":4},{"damage":4,"enemies":"Small Slimes","floor":3,"turns":5},{"damage":3,"enemies":"Cultist","floor":5,"turns":3},{"damage":4,"enemies":"3 Sentries","floor":7,"turns":6},{"damage":13,"enemies":"Lagavulin","floor":12,"turns":6},{"damage":4,"enemies":"2 Fungi Beasts","floor":14,"turns":2},{"damage":26,"enemies":"The Guardian","floor":16,"turns":8},{"damage":2,"enemies":"Shell Parasite","floor":18,"turns":4},{"damage":0,"enemies":"3 Byrds","floor":21,"turns":3},{"damage":16,"enemies":"Sentry and Sphere","floor":22,"turns":4},{"damage":8,"enemies":"Book of Stabbing","floor":23,"turns":5},{"damage":30,"enemies":"Slavers","floor":25,"turns":3},{"damage":16,"enemies":"Gremlin Leader","floor":27,"turns":3}],"seed_played":"1249971914080395721","potions_obtained":[{"floor":3,"key":"GamblersBrew"},{"floor":5,"key":"SkillPotion"},{"floor":12,"key":"SteroidPotion"}],"is_trial":false,"path_per_floor":["M","?","M","$","M","R","E","R","T","R","?","E","T","M","R","B",null,"M","$","?","M","M","E","R","E","T","E"],"character_chosen":"THE_SILENT","items_purchased":["Noxious Fumes","Footwork","Backflip","Deadly Poison"],"campfire_rested":0,"item_purchase_floors":[4,19,19,19],"current_hp_per_floor":[67,67,63,63,60,60,56,56,56,56,49,36,36,32,32,6,70,68,70,70,70,54,46,46,16,16,0,0],"gold":110,"neow_bonus":"THREE_CARDS","is_daily":false,"chose_seed":false,"campfire_upgraded":5,"win_rate":0.0,"timestamp":1612142507,"path_taken":["M","?","M","$","M","R","E","R","T","R","?","E","?","M","R","BOSS","M","$","?","M","M","E","R","E","T","E"],"items_purchased_type":["Card","Card","Card","Card"],"build_version":"2020-12-22","purchased_purges":1,"victory":false,"max_hp_per_floor":[70,70,70,70,70,70,70,70,70,70,70,70,70,70,70,70,70,70,70,70,70,70,70,70,70,70,70,70],"card_choices":[{"not_picked":["Dagger Throw","Quick Slash"],"picked":"Deadly Poison","floor":0},{"not_picked":["Dodge and Roll","Deflect"],"picked":"Blade Dance","floor":1},{"not_picked":["Quick Slash","All Out Attack"],"picked":"Blur","floor":3},{"not_picked":["Backstab","Predator"],"picked":"Dash","floor":5},{"not_picked":["Unload","Dodge and Roll"],"picked":"Well Laid Plans","floor":7},{"not_picked":["Slice","Bane"],"picked":"Bouncing Flask","floor":12},{"not_picked":["Backstab","Poisoned Stab","Quick Slash"],"picked":"SKIP","floor":14},{"not_picked":["Phantasmal Killer","Burst"],"picked":"Corpse Explosion","floor":16},{"not_picked":["Outmaneuver","Deflect"],"picked":"Bouncing Flask","floor":18},{"not_picked":["Tactician","Underhanded Strike+1","Dagger Spray+1"],"picked":"SKIP","floor":21},{"not_picked":["Sucker Punch","Bane+1","Endless Agony"],"picked":"SKIP","floor":22},{"not_picked":["Dagger Spray","Deflect"],"picked":"Deadly Poison","floor":23},{"not_picked":["Noxious Fumes","Tactician"],"picked":"PiercingWail","floor":25}],"player_experience":13633,"relics_obtained":[{"floor":7,"key":"War Paint"},{"floor":9,"key":"Bottled Tornado"},{"floor":12,"key":"MealTicket"},{"floor":13,"key":"Lantern"},{"floor":23,"key":"Pantograph"},{"floor":25,"key":"Boot"},{"floor":26,"key":"Question Card"}],"event_choices":[{"damage_healed":0,"gold_gain":0,"player_choice":"Box","damage_taken":0,"relics_obtained":["Ninja Scroll"],"max_hp_gain":0,"max_hp_loss":0,"event_name":"Big Fish","floor":2,"gold_loss":0,"cards_obtained":["Regret"]},{"cards_removed":["Strike_G"],"damage_healed":0,"gold_gain":0,"player_choice":"Card Removal","damage_taken":7,"max_hp_gain":0,"max_hp_loss":0,"event_name":"Golden Wing","floor":11,"gold_loss":0},{"damage_healed":0,"gold_gain":0,"player_choice":"Stole Relic","damage_taken":0,"relics_obtained":["Orichalcum"],"max_hp_gain":0,"max_hp_loss":0,"event_name":"Addict","floor":20,"gold_loss":0,"cards_obtained":["Shame"]}],"is_beta":false,"boss_relics":[{"not_picked":["Astrolabe","Ectoplasm"],"picked":"Sozu"}],"items_purged_floors":[19],"is_endless":false,"potions_floor_spawned":[3,5,12,21,25],"killed_by":"Gremlin Leader","ascension_level":1}}