{"host":"vca5odlxycr7xk6d","time":1612186801,"event":{"mods":["Act Like it!","Arknights","BaseMod","Better Note","BetterRewards","Gensokyo","GungeonMod","Hermit","Hubris","Infinite Spire","Marisa????????","Minty Spire (QoL Compilation)","Morshu Shopkeeper","Reimu??????","Replay The Spire","Shop Mod","Spire Arcade","StSLib","The Animator","The Cursed","The Fake Hero","The Poker Player"],"gold_per_floor":[112,112,132,51,51,83,83,95,118,143,143,158,114,128,128,233,233,246,246,156,166,166,166,104,104,129,129,163,182,198,230,230,328,328,369,369,369,369],"floor_reached":36,"language":"ENG","playtime":1799,"items_purged":["PokerPlayerMod:BadJoker"],"score":710,"play_id":"1e8f6f64-726a-425f-a4c2-3c1109acda44","local_time":"20210201204001","is_ascension_mode":false,"metric_token":1426,"campfire_choices":[{"data":"PokerPlayerMod:Sharpen","floor":7,"key":"SMITH"},{"data":"PokerPlayerMod:TrumpStrike","floor":15,"key":"SMITH"},{"data":"hubris:InfiniteBlow+47","floor":23,"key":"SMITH"},{"data":"hubris:InfiniteBlow+48","floor":25,"key":"SMITH"},{"data":"hubris:InfiniteBlow+49","floor":27,"key":"SMITH"},{"data":"hubris:InfiniteBlow+50","floor":32,"key":"SMITH"}],"circlet_count":0,"master_deck":["PokerPlayerMod:Diamond1","PokerPlayerMod:Diamond2","PokerPlayerMod:Diamond3","PokerPlayerMod:Diamond4","PokerPlayerMod:Diamond5","PokerPlayerMod:Spade1","PokerPlayerMod:Spade2","PokerPlayerMod:Spade3","PokerPlayerMod:Spade4","PokerPlayerMod:Club1","PokerPlayerMod:Club3","PokerPlayerMod:Heart2","PokerPlayerMod:TrumpStrike+1","PokerPlayerMod:HeartStrike+1","PokerPlayerMod:Club8","PokerPlayerMod:Sharpen+1","PokerPlayerMod:Heart8","PokerPlayerMod:Spade5","PokerPlayerMod:Club3","PokerPlayerMod:ClubShade+1","PokerPlayerMod:Heart1","PokerPlayerMod:Heart3","hubris:InfiniteBlow+51","PokerPlayerMod:Diamond8","Dramatic Entrance+1","PokerPlayerMod:ClubsClub","PokerPlayerMod:Heart3","PokerPlayerMod:Heart3","PokerPlayerMod:DamnStraight","PokerPlayerMod:FakeSymbols","PokerPlayerMod:RiskyBet+1"],"relics":["PokerPlayerMod:DeckCase","Replay:Wax Seal","Blue Doll","infinitespire:ShieldingShard","Empty Cage","DemoMod:NanoMachines","Regal Pillow","hubris:ToyBattleship","Replay:Ringing Soul","hubris:Backtick","Ice Cream","infinitespire:EvilPickle"],"acts_visited":["Exordium","TheCity","TheBeyond"],"potions_floor_usage":[6,28,33,36],"damage_taken":[{"damage":0,"enemies":"2 Louse","floor":1,"turns":2},{"damage":5,"enemies":"Small Slimes","floor":3,"turns":2},{"damage":21,"enemies":"Gremlin Nob","floor":6,"turns":4},{"damage":0,"enemies":"Cultist","floor":8,"turns":3},{"damage":24,"enemies":"Lagavulin","floor":10,"turns":4},{"damage":0,"enemies":"Large Slime","floor":12,"turns":4},{"damage":2,"enemies":"Exordium Thugs","floor":14,"turns":4},{"damage":52,"enemies":"The Guardian","floor":16,"turns":11},{"damage":0,"enemies":"Spheric Guardian","floor":18,"turns":2},{"damage":0,"enemies":"3 Byrds","floor":21,"turns":2},{"damage":13,"enemies":"Slavers","floor":28,"turns":2},{"damage":3,"enemies":"Snecko","floor":29,"turns":4},{"damage":9,"enemies":"Centurion and Healer","floor":30,"turns":5},{"damage":12,"enemies":"Book of Stabbing","floor":31,"turns":2},{"damage":0,"enemies":"Pondfish","floor":33,"turns":3},{"damage":3,"enemies":"3 Shapes","floor":35,"turns":3},{"damage":24,"enemies":"infinitespire:Three Voidlings","floor":36,"turns":3},{"damage":112,"enemies":"Nightmare_Alpha","floor":36,"turns":6}],"seed_played":"-1753293179555265953","potions_obtained":[{"floor":1,"key":"Cursed Concoction"},{"floor":3,"key":"Dexterity Potion"},{"floor":6,"key":"Fire Potion"},{"floor":18,"key":"BlessingOfTheForge"},{"floor":29,"key":"SpeedPotion"},{"floor":30,"key":"Regen Potion"}],"is_trial":false,"path_per_floor":["M","?","M","$","?","E","R","M","T","E","?","M","$","M","R","B",null,"M","AVR","?","M","?","R","$","R","T","R","E","M","M","E","R","B",null,"M","?"],"character_chosen":"THE_POKER_PLAYER","items_purchased":["PokerPlayerMod:Sharpen","PokerPlayerMod:ClubShade+1","Dramatic Entrance+1"],"campfire_rested":0,"item_purchase_floors":[4,13,24],"current_hp_per_floor":[57,57,52,52,52,39,39,41,41,33,38,53,53,62,62,30,62,62,62,62,62,62,62,62,62,62,62,52,62,62,53,53,68,68,71,0,0,0],"gold":369,"neow_bonus":"TEN_PERCENT_HP_BONUS","is_daily":false,"chose_seed":false,"campfire_upgraded":6,"win_rate":0.0,"timestamp":1612186801,"path_taken":["M","?","M","$","?","E","R","M","T","E","?","M","$","M","R","BOSS","M","AVR","?","?","?","R","?","R","T","R","E","M","?","E","R","BOSS","M","?"],"items_purchased_type":["Card","Card","Card"],"build_version":"2020-12-22","purchased_purges":1,"victory":false,"max_hp_per_floor":[57,57,57,57,57,57,57,57,57,57,62,62,62,62,62,62,62,62,62,62,62,62,62,62,62,62,62,62,62,62,65,65,68,68,71,71,71,71],"card_choices":[{"not_picked":["PokerPlayerMod:Trickery","PokerPlayerMod:Club5"],"picked":"PokerPlayerMod:HeartStrike","floor":1},{"not_picked":["PokerPlayerMod:Diamond1","PokerPlayerMod:Trickery"],"picked":"PokerPlayerMod:Club7","floor":3},{"not_picked":["PokerPlayerMod:Club5","PokerPlayerMod:Club3"],"picked":"PokerPlayerMod:HiddenCard","floor":6},{"not_picked":["PokerPlayerMod:ClubStrike","PokerPlayerMod:Configure"],"picked":"PokerPlayerMod:Heart8","floor":8},{"not_picked":["PokerPlayerMod:Diamond3","PokerPlayerMod:Spade3"],"picked":"PokerPlayerMod:Spade5","floor":10},{"not_picked":["PokerPlayerMod:Configure","PokerPlayerMod:SpadeStrike"],"picked":"PokerPlayerMod:Club3","floor":12},{"not_picked":["PokerPlayerMod:Diamond3","PokerPlayerMod:Spade3"],"picked":"PokerPlayerMod:Heart1","floor":14},{"not_picked":["PokerPlayerMod:Diamond10+","PokerPlayerMod:Spade9"],"picked":"PokerPlayerMod:ChangeRules","floor":16},{"not_picked":["PokerPlayerMod:Club3","PokerPlayerMod:FlyingCard"],"picked":"PokerPlayerMod:Heart3","floor":18},{"not_picked":["PokerPlayerMod:Spade3","PokerPlayerMod:CloakAndDiamond"],"picked":"PokerPlayerMod:Diamond8","floor":21},{"not_picked":["PokerPlayerMod:Configure+1","PokerPlayerMod:MagicTrick+1"],"picked":"PokerPlayerMod:ClubsClub","floor":28},{"not_picked":["PokerPlayerMod:HotShotCut","PokerPlayerMod:Spade3"],"picked":"PokerPlayerMod:Heart3","floor":29},{"not_picked":["PokerPlayerMod:Diamond3","PokerPlayerMod:Spade1"],"picked":"PokerPlayerMod:Heart3","floor":30},{"not_picked":["PokerPlayerMod:HeartStrike+1","PokerPlayerMod:VarietyAttack"],"picked":"PokerPlayerMod:DamnStraight","floor":31},{"not_picked":["PokerPlayerMod:Diamond10+","PokerPlayerMod:Duplicate"],"picked":"PokerPlayerMod:FakeSymbols","floor":33},{"not_picked":["PokerPlayerMod:ClubsClub+1","PokerPlayerMod:Diamond2"],"picked":"PokerPlayerMod:RiskyBet+1","floor":35}],"player_experience":539576,"relics_obtained":[{"floor":6,"key":"Replay:Wax Seal"},{"floor":9,"key":"Blue Doll"},{"floor":10,"key":"infinitespire:ShieldingShard"},{"floor":26,"key":"Regal Pillow"},{"floor":28,"key":"hubris:ToyBattleship"},{"floor":31,"key":"Replay:Ringing Soul"}],"event_choices":[{"damage_healed":0,"gold_gain":0,"player_choice":"Grow","damage_taken":0,"max_hp_gain":0,"max_hp_loss":0,"event_name":"Living Wall","floor":5,"gold_loss":0,"cards_upgraded":["PokerPlayerMod:HeartStrike"]},{"damage_healed":0,"gold_gain":0,"player_choice":"Donut","damage_taken":0,"max_hp_gain":5,"max_hp_loss":0,"event_name":"Big Fish","floor":11,"gold_loss":0},{"cards_removed":["PokerPlayerMod:ChangeRules"],"damage_healed":0,"gold_gain":0,"player_choice":"Upgrade and Remove","damage_taken":0,"max_hp_gain":0,"max_hp_loss":0,"event_name":"Designer","floor":20,"gold_loss":90,"cards_upgraded":["PokerPlayerMod:Club8"]},{"damage_healed":0,"gold_gain":0,"player_choice":"Bought 0 Potions","damage_taken":0,"max_hp_gain":0,"max_hp_loss":0,"event_name":"The Woman in Blue","floor":22,"gold_loss":0}],"is_beta":false,"boss_relics":[{"not_picked":["Calling Bell","hubris:GrandSneckoEye"],"picked":"Empty Cage"},{"not_picked":["hubris:ScarierMask","Astrolabe"],"picked":"hubris:Backtick"}],"items_purged_floors":[19],"is_endless":false,"potions_floor_spawned":[1,3,6,18,29,30,36],"killed_by":"Nightmare_Alpha","ascension_level":0}}