{"host":"e8qlq9m73szgw1mp","time":1612223039,"event":{"mods":["2.2 Compatiblity","AchievementEnabler","BaseMod","Colored Powertips","Downfall","Highlight Path","Minty Spire (QoL Compilation)","Quick Restart","StSLib"],"gold_per_floor":[99,99,99,99,163,163,163,190,190,209,221,57,157,157,174,273,273,273,286,286,286,303,203,250,5,38,138,156,156,41,41,58,163,163,163,176,176,176,239,250,250,250],"floor_reached":40,"language":"ENG","playtime":2004,"items_purged":["Slimebound:Strike_Slimebound","Slimebound:Tackle","downfall:Icky"],"score":518,"play_id":"f7f66476-04ee-409c-88fe-0c68de9ec144","local_time":"20210201154359","is_ascension_mode":true,"campfire_choices":[{"data":"Slimebound:Split","floor":1.0,"key":"SMITH"},{"data":"Slimebound:RollThrough","floor":6.0,"key":"SMITH"},{"data":"Slimebound:DuplicatedForm","floor":18,"key":"SMITH"},{"data":"Slimebound:LivingWall","floor":23,"key":"SMITH"},{"data":"Slimebound:GoopTackle","floor":35,"key":"SMITH"}],"circlet_count":0,"master_deck":["Slimebound:Defend_Slimebound","Slimebound:Defend_Slimebound","Slimebound:Defend_Slimebound","Slimebound:Defend_Slimebound","Slimebound:Split+1","Slimebound:CorrosiveSpit","Slimebound:RollThrough+1","Slimebound:GoopTackle+1","Slimebound:SpikyOuterGoop","Slimebound:BestDefense","Slimebound:LivingWall+1","Slimebound:Schlurp","Slimebound:GoopSpray","Slimebound:FlameTackle","Slimebound:Schlurp","Slimebound:DuplicatedForm+1","Slimebound:SlimeSpikes","Slimebound:TagTeam","Slimebound:GoopTackle+1","Slimebound:Gluttony","Slimebound:GoopTackle+1","Slimebound:SamplingLick+1","Slimebound:LivingWall","Slimebound:CheckThePlaybook"],"relics":["Slimebound:AbsorbEndCombatUpgraded","downfall:HeartsMalice","Prayer Wheel","Kunai","Meat on the Bone","Orichalcum","downfall:HeartBlessingGreen","Toy Ornithopter","Vajra","Darkstone Periapt","White Beast Statue","Lee\u0027s Waffle","Snecko Eye","Guardian:BottledAnomaly"],"acts_visited":["Exordium","TheCity","TheBeyond"],"potions_floor_usage":[16,25,27,28,30,33,33],"damage_taken":[{"damage":0.0,"enemies":"2 Louse","floor":2.0,"turns":1.0},{"damage":0.0,"enemies":"Small Slimes","floor":4.0,"turns":1.0},{"damage":0.0,"enemies":"Gremlin Nob","floor":5.0,"turns":1.0},{"damage":16,"enemies":"Lagavulin","floor":8,"turns":6},{"damage":6,"enemies":"Jaw Worm","floor":10,"turns":4},{"damage":0,"enemies":"2 Fungi Beasts","floor":11,"turns":3},{"damage":0,"enemies":"downfall:FleeingMerchant","floor":12,"turns":4},{"damage":7,"enemies":"downfall:Heads","floor":13,"turns":6},{"damage":14,"enemies":"Large Slime","floor":15,"turns":4},{"damage":27,"enemies":"SI_SHIV_ARCHETYPE","floor":16,"turns":8},{"damage":30,"enemies":"Chosen","floor":19,"turns":6},{"damage":29,"enemies":"Shelled Parasite and Fungi","floor":22,"turns":7},{"damage":27,"enemies":"downfall:FleeingMerchant","floor":25,"turns":4},{"damage":48,"enemies":"Book of Stabbing","floor":26,"turns":5},{"damage":46,"enemies":"downfall:LadyInBlue","floor":27,"turns":9},{"damage":16,"enemies":"Snecko","floor":28,"turns":3},{"damage":2,"enemies":"downfall:FleeingMerchant","floor":30,"turns":4},{"damage":32,"enemies":"Centurion and Healer","floor":32,"turns":6},{"damage":208,"enemies":"DF_ARCHETYPE_CLAW","floor":33,"turns":13},{"damage":0,"enemies":"3 Shapes","floor":36,"turns":2},{"damage":33,"enemies":"downfall:FleeingMerchant","floor":39,"turns":4},{"damage":4,"enemies":"Orb Walker","floor":40,"turns":3}],"seed_played":"5094824602366507998","potions_obtained":[{"floor":8,"key":"Block Potion"},{"floor":11,"key":"champ:CounterPotion"},{"floor":13,"key":"GamblersBrew"},{"floor":22,"key":"PowerPotion"},{"floor":27,"key":"FearPotion"},{"floor":27,"key":"DistilledChaos"},{"floor":28,"key":"hexamod:SoulburnPotion"},{"floor":30,"key":"SpeedPotion"},{"floor":32,"key":"champ:CounterPotion"},{"floor":33,"key":"Swift Potion"},{"floor":36,"key":"PowerPotion"}],"is_trial":false,"path_per_floor":["R","M","?","M","?","R","T","E","?","M","M","$","?","?","M","B",null,"R","M","?","?","M","R","T","$","E","?","M","?","$","?","M","B",null,"R","M","?","?","$","M"],"character_chosen":"SLIMEBOUND","items_purchased":["Slimebound:FlameTackle","Slimebound:Gluttony","Vajra","Slimebound:GoopTackle","Guardian:BottledAnomaly"],"campfire_rested":0,"item_purchase_floors":[12,25,25,25,39],"current_hp_per_floor":[65,65,40,40,40,40,40,40,45,45,51,57,58,58,48,41,70,70,61,48,48,61,61,61,60,42,43,53,59,65,65,63,57,95,95,95,95,95,83,85,85,85],"gold":250,"neow_bonus":"THREE_ENEMY_KILL","is_daily":false,"chose_seed":false,"campfire_upgraded":5,"win_rate":0.0,"timestamp":1612223039,"path_taken":["R","M","?","M","?","R","T","E","?","?","M","$","?","?","M","BOSS","R","M","?","?","?","R","T","$","E","?","?","?","$","?","M","BOSS","R","M","?","?","$","M"],"items_purchased_type":["Card","Card","Relic","Card","Relic"],"build_version":"2020-12-22","purchased_purges":3,"victory":false,"max_hp_per_floor":[65,65,65,65,65,65,65,65,70,70,70,70,70,70,70,70,70,70,70,75,75,75,75,75,75,75,75,75,81,81,81,81,95,95,95,95,95,95,95,95,95,95],"card_choices":[{"not_picked":["Slimebound:HauntingLick","Slimebound:Schlurp"],"picked":"Slimebound:RollThrough","floor":2.0},{"not_picked":["Slimebound:Recollect","Slimebound:ComboTackle"],"picked":"Slimebound:GoopTackle","floor":4.0},{"not_picked":["Slimebound:HungryTackle","Slimebound:ItLooksTasty"],"picked":"Slimebound:ComboTackle","floor":4.0},{"not_picked":["Slimebound:LeechingTouch","Slimebound:SlimeTap"],"picked":"Slimebound:SpikyOuterGoop","floor":5.0},{"not_picked":["Slimebound:SplitMire","Slimebound:LeechEnergy"],"picked":"Slimebound:BestDefense","floor":8},{"not_picked":["Slimebound:Grow","Slimebound:Chomp"],"picked":"Slimebound:LivingWall","floor":10},{"not_picked":["Slimebound:LeechingTouch","Slimebound:SplitAcid"],"picked":"Slimebound:Schlurp","floor":10},{"not_picked":["Slimebound:SplitLeeching","Slimebound:LivingWall"],"picked":"Slimebound:GoopSpray","floor":11},{"not_picked":["Slimebound:LeechingTouch","Slimebound:SplitBruiser","Slimebound:LeadByExample"],"picked":"SKIP","floor":11},{"not_picked":["Slimebound:ProtectTheBoss","Slimebound:Replication","Slimebound:DivideAndConquer"],"picked":"SKIP","floor":12},{"not_picked":["Slimebound:Repurpose","Slimebound:LivingWall"],"picked":"Slimebound:Schlurp","floor":15},{"not_picked":["Slimebound:PressTheAttack","Slimebound:LeechingTouch","Slimebound:LeechEnergy"],"picked":"SKIP","floor":15},{"not_picked":["Slimebound:FirmFortitude","Slimebound:TagTeam"],"picked":"Slimebound:DuplicatedForm","floor":16},{"not_picked":["Slimebound:RollThrough","Slimebound:DisruptingSlam+1"],"picked":"Slimebound:SlimeSpikes","floor":19},{"not_picked":["Slimebound:FlameTackle+1","Slimebound:SlimeTap+1","Slimebound:RollThrough"],"picked":"SKIP","floor":19},{"not_picked":["Slimebound:HauntingLick+1","Slimebound:Prepare"],"picked":"Slimebound:GoopTackle+1","floor":22},{"not_picked":["Slimebound:Replication+1","Slimebound:GoopSpray","Slimebound:HungryTackle"],"picked":"SKIP","floor":22},{"not_picked":["Slimebound:PressTheAttack","Slimebound:Gluttony","Slimebound:MinionMaster"],"picked":"SKIP","floor":25},{"not_picked":["Slimebound:SplitBruiser","Slimebound:RejuvenatingLick"],"picked":"Slimebound:SamplingLick+1","floor":26},{"not_picked":["Slimebound:SplitAcid","Slimebound:ComboTackle+1"],"picked":"Slimebound:LivingWall","floor":28},{"not_picked":["Slimebound:SpikyOuterGoop","Slimebound:SplitAcid","Slimebound:ForwardTackle"],"picked":"SKIP","floor":28},{"not_picked":["Slimebound:LeadByExample","Slimebound:LeechLife","Slimebound:SplitLeeching"],"picked":"SKIP","floor":30},{"not_picked":["Slimebound:HungryTackle+1","Slimebound:Grow","Slimebound:SplitLeeching"],"picked":"SKIP","floor":32},{"not_picked":["Slimebound:SplitMire+1","Slimebound:Equalize","Slimebound:GoopSpray"],"picked":"SKIP","floor":32},{"not_picked":["Slimebound:GoopTackle","Slimebound:Grow","Slimebound:Schlurp"],"picked":"SKIP","floor":36},{"not_picked":["Slimebound:SlimeSpikes+1","Slimebound:GoopSpray+1","Slimebound:PressTheAttack"],"picked":"SKIP","floor":36},{"not_picked":["Slimebound:SlimeSpikes","Slimebound:MassFeed","Slimebound:SplitLeeching+1"],"picked":"SKIP","floor":39}],"player_experience":1317490,"relics_obtained":[{"floor":5.0,"key":"Kunai"},{"floor":7.0,"key":"Meat on the Bone"},{"floor":8,"key":"Orichalcum"},{"floor":24,"key":"Toy Ornithopter"},{"floor":26,"key":"Darkstone Periapt"},{"floor":27,"key":"White Beast Statue"}],"event_choices":[{"damage_healed":0.0,"max_hp_gain":0.0,"max_hp_loss":0.0,"gold_gain":0.0,"event_name":"Scrap Ooze","player_choice":"Success","floor":3.0,"gold_loss":0.0,"damage_taken":25.0,"relics_obtained":["Prayer Wheel"]},{"damage_healed":0,"gold_gain":0,"player_choice":"Donut","damage_taken":0,"max_hp_gain":5,"max_hp_loss":0,"event_name":"Big Fish","floor":9,"gold_loss":0},{"cards_removed":["Slimebound:CheckThePlaybook"],"damage_healed":0,"gold_gain":0,"player_choice":"Removed Skill","damage_taken":0,"max_hp_gain":0,"max_hp_loss":0,"event_name":"Falling","floor":37,"gold_loss":0}],"is_beta":false,"boss_relics":[{"not_picked":["expansioncontent:StudyCardRelic","SlaversCollar"],"picked":"Slimebound:AbsorbEndCombatUpgraded"},{"not_picked":["Black Star","Sozu","Calling Bell"]}],"items_purged_floors":[12,30,39],"is_endless":false,"potions_floor_spawned":[8,11,13,22,28,30,32,33,36,39,40],"killed_by":"Orb Walker","ascension_level":1}}