{"host":"4qkvkh7pd9qr2mca","time":1612213364,"event":{"mods":["AchievementEnabler","Act Like it!","BaseMod","Colored Map","Colored Powertips","Highlight Path","Minty Spire (QoL Compilation)","Pale of the Ancients","Permanent Neow","Quick Restart","Relic Stats","StSLib","SuperFastMode"],"gold_per_floor":[118,118,128,51,61,61,71,71,94,124,124,153,165,183,183,183,183],"floor_reached":16,"language":"ENG","playtime":413,"items_purged":[],"score":224,"play_id":"b1362994-2f2b-4c74-a2d0-239783e7e5f8","local_time":"20210201220244","is_ascension_mode":true,"campfire_choices":[{"data":"Inflame","floor":6,"key":"SMITH"},{"data":"Disarm","floor":8,"key":"SMITH"},{"data":"Bash","floor":11,"key":"SMITH"},{"floor":15,"key":"REST"}],"circlet_count":0,"master_deck":["AscendersBane","Strike_R","Strike_R","Strike_R","Strike_R","Strike_R","Defend_R","Defend_R","Defend_R","Defend_R","Bash+1","Dropkick","Anger","Inflame+1","Disarm+1","Shrug It Off","Spot Weakness"],"relics":["Burning Blood","Champion Belt","Bag of Marbles","Bronze Scales","The Courier","Toy Ornithopter"],"acts_visited":["Exordium"],"potions_floor_usage":[5,10,10,16],"damage_taken":[{"damage":10,"enemies":"Small Slimes","floor":1,"turns":4},{"damage":1,"enemies":"2 Louse","floor":3,"turns":2},{"damage":9,"enemies":"Jaw Worm","floor":5,"turns":2},{"damage":10,"enemies":"Red Slaver","floor":7,"turns":5},{"damage":3,"enemies":"Gremlin Nob","floor":10,"turns":3},{"damage":16,"enemies":"Lagavulin","floor":12,"turns":5},{"damage":10,"enemies":"Exordium Thugs","floor":13,"turns":4},{"damage":17,"enemies":"Exordium Wildlife","floor":14,"turns":4},{"damage":57,"enemies":"Slime Boss","floor":16,"turns":8}],"seed_played":"-5085786372786852288","potions_obtained":[{"floor":1,"key":"BloodPotion"},{"floor":3,"key":"Energy Potion"},{"floor":5,"key":"Swift Potion"},{"floor":12,"key":"FearPotion"}],"is_trial":false,"path_per_floor":["M","?","M","$","M","R","M","R","T","E","R","E","M","M","R","B"],"character_chosen":"IRONCLAD","items_purchased":["Inflame"],"campfire_rested":1,"item_purchase_floors":[4],"current_hp_per_floor":[46,35,40,40,52,52,48,48,48,51,51,41,37,26,48,0,0],"gold":183,"neow_bonus":"ONE_RARE_RELIC","is_daily":false,"chose_seed":false,"campfire_upgraded":3,"win_rate":0.0,"timestamp":1612213364,"path_taken":["M","?","M","$","M","R","M","R","T","E","R","E","M","M","R","BOSS"],"items_purchased_type":["Card"],"build_version":"2020-12-22","purchased_purges":0,"victory":false,"max_hp_per_floor":[75,75,75,75,75,75,75,75,75,75,75,75,75,75,75,75,75],"relic_stats":{"counters":[9,37],"Bronze Scales":[35],"Champion Belt":[23],"obtain_stats":[{"Bronze Scales":9,"The Courier":10,"Bag of Marbles":2,"Champion Belt":0,"Burning Blood":0,"Toy Ornithopter":12},{"Bronze Scales":4,"The Courier":5,"Bag of Marbles":1,"Champion Belt":0,"Burning Blood":0,"Toy Ornithopter":6},{"Bronze Scales":13,"The Courier":16,"Bag of Marbles":4,"Champion Belt":0,"Burning Blood":0,"Toy Ornithopter":21}],"Burning Blood":48,"Toy Ornithopter":5},"card_choices":[{"not_picked":["Sever Soul","Rampage"],"picked":"Dropkick","floor":1},{"not_picked":["Twin Strike","Clothesline"],"picked":"Anger","floor":3},{"not_picked":["Iron Wave","Headbutt"],"picked":"Disarm","floor":5},{"not_picked":["Iron Wave","Dark Embrace","Twin Strike"],"picked":"SKIP","floor":7},{"not_picked":["Warcry","Wild Strike"],"picked":"Shrug It Off","floor":10},{"not_picked":["Perfected Strike","Armaments","Second Wind"],"picked":"SKIP","floor":12},{"not_picked":["Armaments","Headbutt","Heavy Blade"],"picked":"SKIP","floor":13},{"not_picked":["Carnage","Clothesline"],"picked":"Spot Weakness","floor":14}],"player_experience":604624,"relics_obtained":[{"floor":9,"key":"Bronze Scales"},{"floor":10,"key":"The Courier"},{"floor":12,"key":"Toy Ornithopter"}],"event_choices":[{"damage_healed":0,"gold_gain":0,"player_choice":"Success","damage_taken":11,"relics_obtained":["Bag of Marbles"],"max_hp_gain":0,"max_hp_loss":0,"event_name":"Scrap Ooze","floor":2,"gold_loss":0}],"is_beta":false,"boss_relics":[],"items_purged_floors":[],"is_endless":false,"potions_floor_spawned":[1,3,5,12],"killed_by":"Slime Boss","ascension_level":20}}