{"host":"ewn058xs2vaj5uc6","time":1612165890,"event":{"mods":["ATMod(??Mod)","Act Like it!","Aspiration","BaseMod","BetterRewards","Colored Map","Colored Powertips","Conspire","Dota2Spire","Energized Spire","Gensokyo","Highlight Path","Lobotomy","Minty Spire (QoL Compilation)","Quarter Circle Forward PUNCH!","Quick Restart","Reliquary","Replay The Spire","Shop Mod","StSLib","SuperFastMode","UnlockEverythingMod","??????REMEMod","????"],"gold_per_floor":[234,88888,88888,88906,88906,88206,87365,86680,86733,86733,86658,85836,85666,85405,84807,84564,84564,83933,83655,83655,83545,83174,82720,82405,81602,81648,81525,81219,81137,80534,80116,80116,78697,78747,78627,78627,78491,78356,77794,77545,76955,76955,76979,77050,76735,76735,76460,75836,75024,73824,72899,72899,72741,71738,71592,70512],"floor_reached":57,"language":"ZHS","playtime":3514,"items_purged":["Eruption","Strike_P","Strike_P","Replay:Battleflow","Steam","Vigilance","ForeignInfluence","Replay:Anticipation","AT_FamilyPortrait+1","Defend_P","Defend_P","Defend_P+1","REME_EmptyShield"],"score":3596,"play_id":"b9b08ed7-beb4-4ec9-aea4-80751a954453","local_time":"20210201155130","is_ascension_mode":true,"campfire_choices":[{"floor":32,"key":"RECALL"}],"circlet_count":0,"master_deck":["AscendersBane","Gensokyo:MorningStar+1","Alpha+1","Mayhem+1","WheelKick","Dramatic Entrance+1","Mayhem+1","REME_PuzzleBox"],"relics":["AT_ATBox","REME_ComplimentaryCards","Replay:Wanted Poster","AT_SeraphEmbrace","REME_OnlineShoppingPlatform","MerchantsRug","reliquary:RoseTintedGlasses","Coffee Dripper","ReplayTheSpireMod:Ring of Addiction","Toy Ornithopter","SacredBark","AT_RabadonDeathcap","REME_PuzzleBoxRelic","Happy Flower","AT_TimeSand","conspire:TreasureMap","Dota2Spire:AghanimScepter","REME_CardOfGreed"],"acts_visited":["Exordium","TheCity","TheBeyond","TheEnding"],"potions_floor_usage":[7,7,7,7,7,7,7,7,7,7,7,7,7,7,7,7,7,7,7,7,7,7,7,7,7,7,7,7,7,7,7,7,7,7,7,7,7,7,7,7,7,7,7,7,7,13,13,13,13,13,13,13,13,13,14,14,14,14,14,14,14,14,14,14,14,14,14,14,14,14,16,16,16,16,16,16,16,16,16,16,16,16,16,16,16,16,16,16,18,18,18,18,18,18,18,18,18,18,18,18,18,18,18,18,18,18,18,18,18,18,18,18,18,18,18,18,18,18,18,18,18,18,18,18,18,18,18,18,22,22,22,22,22,22,22,22,22,22,22,22,22,22,22,22,22,22,22,22,22,24,24,24,24,24,24,24,24,24,24,24,24,24,24,24,24,24,24,24,24,24,24,25,25,25,25,25,25,25,25,25,25,25,25,25,25,25,25,25,25,25,25,25,25,25,25,25,25,25,25,25,25,25,25,25,25,25,25,25,25,25,25,25,25,25,25,25,25,25,25,25,25,25,25,27,27,27,27,27,27,27,27,27,27,28,28,28,28,28,28,28,28,28,28,28,28,28,28,28,28,28,28,28,28,29,29,29,29,29,29,30,30,30,30,30,30,30,30,30,30,30,30,30,30,30,30,30,30,30,30,30,30,30,30,30,30,30,30,30,30,30,30,30,31,31,31,31,31,31,31,31,31,31,31,31,31,31,31,31,31,31,31,31,31,31,31,31,33,33,33,33,33,33,33,33,33,33,33,33,33,33,33,33,33,33,33,33,33,33,33,33,33,33,33,33,33,33,33,33,33,33,33,33,33,33,33,33,33,33,33,33,33,33,33,33,33,33,33,33,33,33,33,33,33,33,33,33,33,33,33,33,33,33,33,33,33,33,33,33,33,33,33,33,33,33,33,33,35,35,35,35,35,35,37,37,37,37,37,37,37,37,37,37,37,37,39,39,39,39,39,39,39,39,39,39,39,39,39,39,39,39,39,39,39,39,39,39,39,39,39,39,39,39,39,39,39,39,39,39,40,40,40,40,40,40,40,40,40,40,40,40,40,40,40,40,40,40,40,45,45,45,45,45,45,45,45,45,45,45,45,45,45,45,45,45,50,50,50,50,50,50,50,50,50,50,50,50,50,50,50,50,50,50,50,50,50,50,50,50,50,50,50,50,50,50,50,50,50,50,50,50,50,50,50,50,50,50,50,50,50,50,50,50,50,50,50,50,50,50,50,50,50,50,50,50,50,50,50,50,50,50,50,50,50,50,50,51,51,51,51,51,51,51,51,51,51,51,51,51,51,51,51,51,51,51,51,51,51,51,51,51,51,51,51,51,51,51,51,51,51,51,51,51,51,51,51,51,51,51,51,51,51,51,51,51,51,51,51,51,51,55,55,55,55,55,55,55,55,55,55,55,55,56,56,56,56,56,56,56,56,56,56,56,56,56,56,56,56,56,56,56,56,56,56,56,56,56,56,56,56,56,56,56,56,56,56,56,56,56,56,56,56,56,56,56,56,56,56,56,56,56,56,56,56,56,56,56,56,56,56,56,56,56,56,56,56,56,56],"damage_taken":[{"damage":2.0,"enemies":"Jaw Worm","floor":1.0,"turns":1.0},{"damage":25.0,"enemies":"2 Louse","floor":2.0,"turns":2.0},{"damage":7,"enemies":"Small Slimes","floor":4,"turns":2},{"damage":0,"enemies":"Lagavulin","floor":7,"turns":2},{"damage":0,"enemies":"Exordium Wildlife","floor":13,"turns":2},{"damage":0,"enemies":"Gremlin Nob","floor":14,"turns":2},{"damage":0,"enemies":"Slime Boss","floor":16,"turns":1},{"damage":0,"enemies":"3 Byrds","floor":18,"turns":1},{"damage":0,"enemies":"2 Thieves","floor":22,"turns":1},{"damage":0,"enemies":"Snake Plant","floor":24,"turns":1},{"damage":0,"enemies":"conspire:SneckoGhost","floor":25,"turns":3},{"damage":0,"enemies":"Sentry and Sphere","floor":27,"turns":1},{"damage":0,"enemies":"Gremlin Leader","floor":28,"turns":1},{"damage":0,"enemies":"Cultist and Chosen","floor":29,"turns":1},{"damage":0,"enemies":"REME_1_Revenger","floor":30,"turns":1},{"damage":0,"enemies":"Centurion and Healer","floor":31,"turns":1},{"damage":0,"enemies":"Automaton","floor":33,"turns":1},{"damage":0,"enemies":"3 Darklings","floor":35,"turns":1},{"damage":7,"enemies":"3 Shapes","floor":37,"turns":1},{"damage":0,"enemies":"3 Darklings","floor":39,"turns":1},{"damage":0,"enemies":"Nemesis","floor":40,"turns":1},{"damage":0,"enemies":"Spire Growth","floor":45,"turns":1},{"damage":0,"enemies":"Awakened One","floor":50,"turns":2},{"damage":0,"enemies":"Donu and Deca","floor":51,"turns":1},{"damage":0,"enemies":"Shield and Spear","floor":55,"turns":1},{"damage":96,"enemies":"The Heart","floor":56,"turns":3}],"seed_played":"-8754416633824379805","potions_obtained":[{"floor":4,"key":"AttackPotion"}],"is_trial":false,"path_per_floor":["M","M","?","M","?","R","E","$","T","?","?","R","M","E","R","B",null,"M","$","?","?","M","R","M","E","T","M","E","M","E","M","R","B",null,"M","?","M","$","M","E","R","?","T","T","M","?","R","$","R_BF","B","B",null,"R","$","E","B",null],"character_chosen":"WATCHER","items_purchased":["Replay:Rubber Ducky","AT_ArchangelStaff","REME_OnlineShoppingPlatform","MerchantsRug","conspire:GiftBox","reliquary:NewFriend","reliquary:TuningFork","reliquary:RoseTintedGlasses","OrangePellets","Mayhem","conspire:Flyswatter","Replay:Bandana","Dramatic Entrance","Guide Book","Replay:Anticipation","HandDrill","AT_RabadonDeathcap","Happy Flower","DollysMirror","aspiration:AnachronicSnailShell","ReplayTheSpireMod:ShopPack","AT_TimeSand","conspire:TreasureMap","Dota2Spire:AghanimScepter","REME_CardOfGreed","REME_PuzzleBox"],"campfire_rested":0,"item_purchase_floors":[6,6,6,6,8,8,12,12,12,12,15,15,19,23,23,38,41,48,48,49,49,53,53,54,54,54],"current_hp_per_floor":[59,34,39,32,10,10,26,26,26,26,26,26,31,46,46,46,70,75,75,83,83,83,83,83,88,88,88,88,88,88,88,88,93,98,98,98,98,98,98,98,98,98,98,96,96,96,96,96,94,94,104,104,104,104,102,102],"gold":70512,"neow_bonus":"BOSS_RELIC","is_daily":false,"chose_seed":false,"campfire_upgraded":0,"win_rate":0.0,"timestamp":1612165890,"path_taken":["M","M","?","M","?","R","E","$","T","?","?","R","?","E","R","BOSS","M","$","?","?","M","R","M","E","T","?","E","M","E","M","R","BOSS","M","?","M","$","M","E","R","?","T","?","M","?","R","$","R_BF","BOSS","BOSS","R","$","E","BOSS"],"items_purchased_type":["Relic","Relic","Relic","Relic","Relic","Relic","Relic","Relic","Relic","Card","Relic","Relic","Card","Relic","Card","Relic","Relic","Relic","Relic","Relic","Relic","Relic","Relic","Relic","Relic","Card"],"build_version":"2020-12-22","purchased_purges":13,"victory":true,"max_hp_per_floor":[68,68,73,73,73,73,78,78,78,78,78,78,78,78,78,78,78,83,83,83,83,83,83,83,88,88,88,88,88,88,88,88,93,98,98,98,98,98,98,98,98,98,98,96,96,96,96,96,94,94,104,104,104,104,102,102],"card_choices":[{"not_picked":["JustLucky","Collect","Replay:Cycle"],"picked":"SKIP","floor":1.0},{"not_picked":["Study","EmptyBody","CutThroughFate"],"picked":"SKIP","floor":2.0},{"not_picked":["JustLucky","FlurryOfBlows"],"picked":"Replay:Battleflow","floor":4},{"not_picked":["Evaluate","Conclude"],"picked":"Alpha","floor":7},{"not_picked":["FollowUp","Consecrate","Study"],"picked":"SKIP","floor":13},{"not_picked":["SashWhip","EmptyBody"],"picked":"Replay:AllIn","floor":14},{"not_picked":["SandsOfTime","AT_ChampionStep"],"picked":"WheelKick","floor":18},{"not_picked":["Evaluate","InnerPeace+1","WheelKick"],"picked":"SKIP","floor":22},{"not_picked":["ClearTheMind+1","Replay:AtTheReady","EmptyFist"],"picked":"SKIP","floor":24},{"not_picked":["MentalFortress+1","EmptyMind+1","SandsOfTime"],"picked":"SKIP","floor":25},{"not_picked":["TalkToTheHand","Replay:Hum","FlurryOfBlows"],"picked":"SKIP","floor":27},{"not_picked":["Crescendo","LikeWater","WaveOfTheHand"],"picked":"SKIP","floor":28},{"not_picked":["WindmillStrike","DeceiveReality","CarveReality"],"picked":"SKIP","floor":29},{"not_picked":["PathToVictory","Replay:LoomingThreat","Replay:Battleflow"],"picked":"SKIP","floor":30},{"not_picked":["CrushJoints","FollowUp","FlyingSleeves"],"picked":"SKIP","floor":31},{"not_picked":["Wish","Omniscience"],"picked":"REME_EmptyShield","floor":33},{"not_picked":["REME_Repentance+1","Pray","Crescendo"],"picked":"SKIP","floor":37},{"not_picked":["WreathOfFlame","ClearTheMind+1","Replay:BluntJabs"],"picked":"SKIP","floor":39},{"not_picked":["Crescendo+1","EmptyBody","Replay:Vibes"],"picked":"SKIP","floor":40},{"not_picked":["CarveReality","MentalFortress","CutThroughFate"],"picked":"SKIP","floor":55}],"player_experience":103703,"relics_obtained":[{"floor":7,"key":"reliquary:SharkskinSheath"},{"floor":14,"key":"reliquary:Stiletto"},{"floor":25,"key":"Centennial Puzzle"},{"floor":26,"key":"Omamori"},{"floor":28,"key":"Dota2Spire:BladeMail"},{"floor":30,"key":"CloakClasp"},{"floor":36,"key":"ReplayTheSpireMod:Ring of Addiction"},{"floor":36,"key":"Toy Ornithopter"},{"floor":36,"key":"SacredBark"},{"floor":43,"key":"REME_PuzzleBoxRelic"},{"floor":44,"key":"Mercury Hourglass"}],"event_choices":[{"damage_healed":0.0,"max_hp_gain":5.0,"max_hp_loss":0.0,"gold_gain":0.0,"event_name":"Big Fish","player_choice":"Donut","floor":3.0,"gold_loss":0.0,"damage_taken":0.0},{"damage_healed":0,"gold_gain":0,"player_choice":"Entered Light","damage_taken":22,"max_hp_gain":0,"max_hp_loss":0,"event_name":"Shining Light","floor":5,"gold_loss":0,"cards_upgraded":["Defend_P","Gensokyo:MorningStar"]},{"cards_removed":["Strike_P"],"damage_healed":0,"gold_gain":0,"player_choice":"Card Removal","damage_taken":0,"max_hp_gain":0,"max_hp_loss":0,"event_name":"The Cleric","floor":11,"gold_loss":75},{"damage_healed":17,"gold_gain":0,"player_choice":"Heal","damage_taken":0,"max_hp_gain":0,"max_hp_loss":0,"event_name":"The Library","floor":20,"gold_loss":0},{"cards_removed":["Replay:AllIn"],"damage_healed":0,"gold_gain":0,"player_choice":"Upgrade and Remove","damage_taken":0,"max_hp_gain":0,"max_hp_loss":0,"event_name":"Designer","floor":21,"gold_loss":110,"cards_upgraded":["AT_FamilyPortrait"]},{"damage_healed":0,"gold_gain":0,"player_choice":"Ignored","damage_taken":0,"max_hp_gain":0,"max_hp_loss":0,"event_name":"Tomb of Lord Red Mask","floor":42,"gold_loss":0}],"is_beta":false,"boss_relics":[{"not_picked":["conspire:SeveredTorchhead","REME_DuelDisc"],"picked":"Coffee Dripper"},{"not_picked":["energizedSpire:CrystalSphere","VioletLotus"],"picked":"Tiny House"}],"items_purged_floors":[6,8,12,15,19,23,38,41,47,48,49,53,54],"is_endless":false,"potions_floor_spawned":[4,7,13,22,24,28,31,33,37,40],"ascension_level":20}}