{"host":"sav7uxregyirlf69","time":1612180906,"event":{"mods":["AchievementEnabler","BaseMod","Colored Map","DeckTracker","Keyboard Shortcuts","Minty Spire (QoL Compilation)","READ ME - Guardian Mod","StSLib","SuperFastMode"],"gold_per_floor":[212,222,235,235,248,248,262,262,289,289,17,35,35,35,35,109,109,123,142,142,122,47,47,66,79,133,147,160,194,94,94,94,167,167,181,181,201,76,76,76,405,255,279,279,279,111,127,158,158,158,158],"floor_reached":50,"language":"KOR","playtime":821,"items_purged":["Strike_G","Strike_G","Defend_G","Strike_G"],"score":1045,"play_id":"db85b78c-6bed-4a2e-99cb-4c5ce76f1829","local_time":"20210201210146","is_ascension_mode":true,"campfire_choices":[{"data":"Blade Dance","floor":6,"key":"SMITH"},{"data":"Accuracy","floor":10,"key":"SMITH"},{"floor":13,"key":"REST"},{"data":"Finisher","floor":15,"key":"SMITH"},{"data":"Venomology","floor":23,"key":"SMITH"},{"floor":32,"key":"REST"},{"data":"Footwork","floor":40,"key":"SMITH"},{"data":"Phantasmal Killer","floor":44,"key":"SMITH"},{"floor":49,"key":"RECALL"}],"circlet_count":0,"master_deck":["AscendersBane","Strike_G","Defend_G","Defend_G","Defend_G+1","Defend_G","Survivor+1","Neutralize","Blade Dance+1","Finisher+1","Glass Knife+1","Accuracy+1","Escape Plan","Cloak And Dagger","Venomology+1","Footwork+1","Blade Dance","Calculated Gamble","PiercingWail","Phantasmal Killer+1","Malaise","PiercingWail","After Image","Footwork+1","Blur+1"],"relics":["Ring of the Snake","War Paint","Shuriken","MealTicket","Philosopher\u0027s Stone","Bag of Marbles","Omamori","MutagenicStrength","Calling Bell","Art of War","Question Card","Old Coin","DollysMirror","Pen Nib"],"acts_visited":["Exordium","TheCity","TheBeyond"],"potions_floor_usage":[16,16,24,25,25,28,29,29,41,41,48,50],"damage_taken":[{"damage":8,"enemies":"Small Slimes","floor":1,"turns":5},{"damage":2,"enemies":"Jaw Worm","floor":2,"turns":4},{"damage":0,"enemies":"Cultist","floor":3,"turns":3},{"damage":9,"enemies":"Looter","floor":5,"turns":3},{"damage":2,"enemies":"2 Fungi Beasts","floor":7,"turns":3},{"damage":4,"enemies":"Exordium Thugs","floor":12,"turns":3},{"damage":35,"enemies":"Slime Boss","floor":16,"turns":7},{"damage":0,"enemies":"Chosen","floor":18,"turns":3},{"damage":0,"enemies":"Spheric Guardian","floor":19,"turns":1},{"damage":2,"enemies":"Centurion and Healer","floor":24,"turns":4},{"damage":16,"enemies":"Shelled Parasite and Fungi","floor":25,"turns":4},{"damage":0,"enemies":"3 Cultists","floor":27,"turns":3},{"damage":15,"enemies":"Snake Plant","floor":28,"turns":4},{"damage":10,"enemies":"Book of Stabbing","floor":29,"turns":4},{"damage":32,"enemies":"Champ","floor":33,"turns":10},{"damage":0,"enemies":"Orb Walker","floor":35,"turns":2},{"damage":18,"enemies":"3 Darklings","floor":37,"turns":5},{"damage":3,"enemies":"Nemesis","floor":41,"turns":3},{"damage":6,"enemies":"Writhing Mass","floor":47,"turns":6},{"damage":25,"enemies":"Giant Head","floor":48,"turns":7},{"damage":43,"enemies":"Awakened One","floor":50,"turns":3}],"seed_played":"6315340019687756532","potions_obtained":[{"floor":1,"key":"Block Potion"},{"floor":5,"key":"SkillPotion"},{"floor":29,"key":"Block Potion"},{"floor":36,"key":"SteroidPotion"}],"is_trial":false,"path_per_floor":["M","M","M","?","M","R","M","?","T","R","$","M","R","?","R","B",null,"M","M","?","?","$","R","M","M","T","M","M","E","$","?","R","B",null,"M","?","M","$","?","R","E","$","T","R","?","$","M","E","R","B"],"character_chosen":"THE_SILENT","items_purchased":["Shuriken","DollysMirror"],"campfire_rested":2,"item_purchase_floors":[11,46],"current_hp_per_floor":[51,49,49,49,40,40,38,31,31,31,31,27,46,41,41,6,51,51,51,33,33,48,48,46,30,30,30,15,5,20,20,41,9,56,56,56,38,53,53,53,50,65,65,65,65,67,61,36,36,0,0],"gold":158,"neow_bonus":"HUNDRED_GOLD","is_daily":false,"chose_seed":false,"campfire_upgraded":6,"win_rate":0.0,"timestamp":1612180906,"path_taken":["M","M","M","?","M","R","M","?","T","R","$","M","R","?","R","BOSS","M","M","?","?","$","R","M","?","T","M","M","E","$","?","R","BOSS","M","?","M","?","?","R","E","$","T","R","?","$","M","E","R","BOSS"],"items_purchased_type":["Relic","Relic"],"build_version":"2020-12-22","purchased_purges":4,"victory":false,"max_hp_per_floor":[66,66,66,66,66,66,66,66,66,66,66,66,66,66,66,66,66,66,66,71,71,71,71,71,71,71,71,71,71,71,71,71,71,71,71,71,71,71,67,67,67,67,67,67,67,67,67,67,67,67,67],"card_choices":[{"not_picked":["Skewer","Tactician"],"picked":"Blade Dance","floor":1},{"not_picked":["Quick Slash","Deadly Poison"],"picked":"Finisher","floor":2},{"not_picked":["Underhanded Strike","Blade Dance"],"picked":"Glass Knife","floor":3},{"not_picked":["Distraction","Backflip"],"picked":"Accuracy","floor":5},{"not_picked":["Concentrate","Flechettes"],"picked":"Escape Plan","floor":7},{"not_picked":["Flying Knee","Outmaneuver"],"picked":"Cloak And Dagger","floor":12},{"not_picked":["Bullet Time","Unload"],"picked":"Venomology","floor":16},{"not_picked":["Cloak And Dagger","Slice+1"],"picked":"Footwork","floor":18},{"not_picked":["Dagger Spray","Accuracy"],"picked":"Blade Dance","floor":19},{"not_picked":["Dagger Spray","Sucker Punch"],"picked":"Calculated Gamble","floor":24},{"not_picked":["Calculated Gamble+1","Bane"],"picked":"PiercingWail","floor":25},{"not_picked":["Bane","All Out Attack","Deflect+1"],"picked":"SKIP","floor":27},{"not_picked":["Eviscerate+1","Slice","Distraction"],"picked":"SKIP","floor":28},{"not_picked":["Flying Knee","Expertise","Crippling Poison"],"picked":"SKIP","floor":29},{"not_picked":["Storm of Steel","Night Terror"],"picked":"Phantasmal Killer","floor":33},{"not_picked":["Dagger Spray","Outmaneuver","Underhanded Strike"],"picked":"Malaise","floor":35},{"not_picked":["Outmaneuver","Dodge and Roll","Sucker Punch+1"],"picked":"PiercingWail","floor":37},{"not_picked":["Sucker Punch","Expertise","Deflect"],"picked":"After Image","floor":41},{"not_picked":["Deflect","Blade Dance+1","Dodge and Roll","Poisoned Stab"],"picked":"SKIP","floor":47},{"not_picked":["Choke","Slice+1","Backflip+1"],"picked":"Blur+1","floor":48}],"player_experience":1452954,"relics_obtained":[{"floor":9,"key":"War Paint"},{"floor":26,"key":"Bag of Marbles"},{"floor":29,"key":"Omamori"},{"floor":34,"key":"Art of War"},{"floor":34,"key":"Question Card"},{"floor":41,"key":"Old Coin"},{"floor":48,"key":"Pen Nib"}],"event_choices":[{"damage_healed":0,"gold_gain":0,"player_choice":"Grow","damage_taken":0,"max_hp_gain":0,"max_hp_loss":0,"event_name":"Living Wall","floor":4,"gold_loss":0,"cards_upgraded":["Glass Knife"]},{"cards_removed":["Strike_G"],"damage_healed":0,"gold_gain":0,"player_choice":"Card Removal","damage_taken":7,"max_hp_gain":0,"max_hp_loss":0,"event_name":"Golden Wing","floor":8,"gold_loss":0},{"damage_healed":0,"gold_gain":0,"player_choice":"Success","damage_taken":5,"relics_obtained":["MealTicket"],"max_hp_gain":0,"max_hp_loss":0,"event_name":"Scrap Ooze","floor":14,"gold_loss":0},{"damage_healed":0,"gold_gain":0,"player_choice":"Shed Blood","damage_taken":23,"max_hp_gain":5,"max_hp_loss":0,"event_name":"Forgotten Altar","floor":20,"gold_loss":0},{"damage_healed":0,"gold_gain":0,"player_choice":"Bought 1 Potion","damage_taken":0,"max_hp_gain":0,"max_hp_loss":0,"event_name":"The Woman in Blue","floor":21,"gold_loss":0},{"damage_healed":0,"gold_gain":0,"player_choice":"Inject Mutagens","damage_taken":0,"relics_obtained":["MutagenicStrength"],"max_hp_gain":0,"max_hp_loss":0,"event_name":"Drug Dealer","floor":31,"gold_loss":0},{"damage_healed":0,"gold_gain":0,"player_choice":"Got Potions","damage_taken":0,"max_hp_gain":0,"max_hp_loss":0,"event_name":"Lab","floor":36,"gold_loss":0},{"damage_healed":0,"gold_gain":0,"player_choice":"Max HP","damage_taken":0,"max_hp_gain":0,"max_hp_loss":4,"event_name":"Winding Halls","floor":39,"gold_loss":0},{"damage_healed":0,"gold_gain":0,"player_choice":"Ignored","damage_taken":0,"max_hp_gain":0,"max_hp_loss":0,"event_name":"Mysterious Sphere","floor":45,"gold_loss":0}],"is_beta":false,"boss_relics":[{"not_picked":["Runic Dome","Ring of the Serpent"],"picked":"Philosopher\u0027s Stone"},{"not_picked":["Fusion Hammer","Sozu"],"picked":"Calling Bell"}],"items_purged_floors":[22,30,38,42],"is_endless":false,"potions_floor_spawned":[1,5,7,12,19,28,29,33],"killed_by":"Awakened One","ascension_level":20}}