{"host":"nwd160me4iqdtr8u","time":1612153604,"event":{"mods":["AchievementEnabler","Act Like it!","BaseMod","Colored Map","DeckTracker","Keyboard Shortcuts","Minty Spire (QoL Compilation)","Quick Restart","Rare Cards Sparkle","StSLib","SuperFastMode","everything is the same but u backflip on backflip"],"gold_per_floor":[110,35,35,54,74,74,85,99,170,220,240,240,258,275,275,350,350,361,361,227,238,76,76,76,76],"floor_reached":24,"language":"KOR","playtime":1039,"items_purged":["Normality"],"score":361,"play_id":"957761d9-9579-43fe-81fa-3e23c4c2647c","local_time":"20210201132644","is_ascension_mode":true,"campfire_choices":[{"data":"Neutralize","floor":6.0,"key":"SMITH"},{"data":"Well Laid Plans","floor":15.0,"key":"SMITH"},{"floor":23.0,"key":"REST"}],"circlet_count":0,"master_deck":["AscendersBane","Strike_G","Strike_G","Strike_G","Defend_G","Defend_G","Defend_G","Defend_G","Defend_G","Survivor","Neutralize+1","Well Laid Plans+1","Dagger Throw","Quick Slash","Eviscerate","Poisoned Stab","Prepared","Dagger Spray","Bullet Time","CurseOfTheBell","PiercingWail","Corpse Explosion","Backflip","Crippling Poison"],"relics":["Ring of the Snake","Thread and Needle","Pear","Calling Bell","Bag of Preparation","Eternal Feather","Incense Burner","Orichalcum"],"acts_visited":["Exordium","TheCity"],"potions_floor_usage":[],"damage_taken":[{"damage":0.0,"enemies":"Small Slimes","floor":1.0,"turns":5.0},{"damage":3.0,"enemies":"2 Louse","floor":4.0,"turns":4.0},{"damage":0.0,"enemies":"Cultist","floor":5.0,"turns":4.0},{"damage":8.0,"enemies":"Large Slime","floor":7.0,"turns":9.0},{"damage":3.0,"enemies":"Lots of Slimes","floor":8.0,"turns":5.0},{"damage":4.0,"enemies":"Looter","floor":11.0,"turns":3.0},{"damage":9.0,"enemies":"Exordium Thugs","floor":13.0,"turns":5.0},{"damage":1.0,"enemies":"Red Slaver","floor":14.0,"turns":3.0},{"damage":37.0,"enemies":"Slime Boss","floor":16.0,"turns":11.0},{"damage":45.0,"enemies":"3 Byrds","floor":18.0,"turns":8.0},{"damage":4.0,"enemies":"Spheric Guardian","floor":21.0,"turns":4.0},{"damage":60,"enemies":"Gremlin Leader","floor":24,"turns":4}],"seed_played":"5350646623796076442","potions_obtained":[{"floor":5.0,"key":"GamblersBrew"},{"floor":8.0,"key":"SpeedPotion"},{"floor":18.0,"key":"SpeedPotion"}],"is_trial":false,"path_per_floor":["M","$","?","M","M","R","M","M","T","?","M","?","M","M","R","B",null,"M","?","$","M","$","R","E"],"character_chosen":"THE_SILENT","items_purchased":["Corpse Explosion","Backflip","Orichalcum"],"campfire_rested":1,"item_purchase_floors":[20,20,22],"current_hp_per_floor":[59,59,64,61,61,61,53,50,60,60,56,56,47,46,46,9,63,18,18,18,14,14,50,0,0],"gold":76,"neow_bonus":"ONE_RARE_RELIC","is_daily":false,"chose_seed":false,"campfire_upgraded":2,"win_rate":0.0,"timestamp":1612153604,"path_taken":["M","$","?","M","M","R","M","M","T","?","?","?","M","?","R","BOSS","M","?","$","M","?","R","E"],"items_purchased_type":["Card","Card","Relic"],"build_version":"2020-12-22","purchased_purges":1,"victory":false,"max_hp_per_floor":[66,66,71,71,71,71,71,71,81,81,81,81,81,81,81,81,81,81,81,81,81,81,81,81,81],"card_choices":[{"not_picked":["Eviscerate","PiercingWail"],"picked":"Well Laid Plans","floor":1.0},{"not_picked":["Heel Hook","Deflect"],"picked":"Dagger Throw","floor":4.0},{"not_picked":["Setup","Distraction"],"picked":"Quick Slash","floor":5.0},{"not_picked":["PiercingWail","Leg Sweep"],"picked":"Eviscerate","floor":7.0},{"not_picked":["PiercingWail","Deflect"],"picked":"Poisoned Stab","floor":8.0},{"not_picked":["Riddle With Holes","Setup"],"picked":"Prepared","floor":11.0},{"not_picked":["Outmaneuver","Expertise","Flying Knee"],"picked":"SKIP","floor":13.0},{"not_picked":["Expertise","Flechettes"],"picked":"Dagger Spray","floor":14.0},{"not_picked":["Burst","Night Terror"],"picked":"Bullet Time","floor":16.0},{"not_picked":["Flying Knee","Setup"],"picked":"PiercingWail","floor":18.0},{"not_picked":["Dodge and Roll","Underhanded Strike"],"picked":"Crippling Poison","floor":21.0}],"player_experience":348780,"relics_obtained":[{"floor":9.0,"key":"Pear"},{"floor":17.0,"key":"Bag of Preparation"},{"floor":17.0,"key":"Eternal Feather"},{"floor":17.0,"key":"Incense Burner"}],"event_choices":[{"damage_healed":0.0,"max_hp_gain":5.0,"max_hp_loss":0.0,"gold_gain":0.0,"event_name":"Big Fish","player_choice":"Donut","floor":3.0,"gold_loss":0.0,"damage_taken":0.0},{"damage_healed":0.0,"max_hp_gain":0.0,"max_hp_loss":0.0,"gold_gain":50.0,"event_name":"Golden Shrine","player_choice":"Pray","floor":10.0,"gold_loss":0.0,"damage_taken":0.0},{"cards_removed":["Strike_G"],"damage_healed":0.0,"max_hp_gain":0.0,"max_hp_loss":0.0,"gold_gain":0.0,"event_name":"Purifier","player_choice":"Purged","floor":12.0,"gold_loss":0.0,"damage_taken":0.0},{"cards_removed":["Strike_G"],"damage_healed":0.0,"max_hp_gain":0.0,"max_hp_loss":0.0,"gold_gain":0.0,"event_name":"Purifier","player_choice":"Purged","floor":19.0,"gold_loss":0.0,"damage_taken":0.0}],"is_beta":false,"boss_relics":[{"not_picked":["Velvet Choker","HoveringKite"],"picked":"Calling Bell"}],"items_purged_floors":[2],"is_endless":false,"potions_floor_spawned":[5,8,18],"killed_by":"Gremlin Leader","ascension_level":18}}