{"host":"btk6hapgokl8j5e3","time":1612204253,"event":{"mods":["Act Like it!","BaseMod","BetterRewards","Colored Powertips","Downfall","Friendly Minions","GifTheSpireLib","Hallownest","Minty Spire (QoL Compilation)","StSLib","The Animator","The Bug Knight","The Necromancer"],"gold_per_floor":[9989,9447,9015,9058,8248,8315,8329,8329,8355,8355,7946,7946,7981,7981,7981,8092,8092,8118,8118,8118,8137,8137,8205,7655,7691,7691,7032,7047,7047,7047,7088,7088,7201,7201,7215,7229,6592,6592,6610,6645,6645,6645,6645,6665,6665,6614,6614,6628,6628,6636,6636],"floor_reached":50,"language":"ENG","playtime":2681,"items_purged":["animator:DolaStephanie","animator:Defend","animator:Defend","animator:Strike","animator:Defend","animator:Strike+1","animator:Defend_Konosuba"],"score":704,"play_id":"58d34f52-dde5-42cb-8663-0acdbe54e22d","local_time":"20210201193053","is_ascension_mode":false,"campfire_choices":[{"data":"animator:Shiro","floor":8,"key":"SMITH"},{"data":"animator:Aqua","floor":10,"key":"SMITH"},{"data":"animator:Megumin+3","floor":15,"key":"SMITH"},{"data":"animator:Eve","floor":29,"key":"SMITH"},{"data":"animator:Megumin+11","floor":30,"key":"SMITH"},{"floor":32,"key":"RECALL"},{"data":"animator:Verdia","floor":41,"key":"SMITH"},{"data":"animator:YunYun","floor":47,"key":"SMITH"},{"data":"animator:Kazuma","floor":49,"key":"SMITH"}],"circlet_count":0,"master_deck":["animator:Kazuma+1","animator:Aqua+1","animator:Shiro+1","animator:Rimuru","animator:Mitsurugi","animator:Chris","animator:Megumin+20","animator:YunYun+1","animator:Eve+1","animator:Mitsurugi+1","animator:Rimuru","CurseOfTheBell","animator:HigakiRinne","animator:Vanir+1","animator:Verdia+1"],"relics":["animator:LivingPicture","animator:ColorlessFragment","HollowMod:PaleOreRelic","Anchor","Blood Vial","Lizard Tail","Bag of Marbles","Gremlin Horn","Lantern","Shuriken","Blue Candle","Coffee Dripper","Singing Bowl","Whetstone","WingedGreaves","Chemical X","HollowMod:StagPassRelic","Calling Bell","Omamori","Molten Egg 2","Calipers","Philosopher\u0027s Stone","Paper Crane","Juzu Bracelet","Bottled Flame"],"acts_visited":["Exordium","Hallownest:CityofTears","TheBeyond"],"potions_floor_usage":[16,18,25,50,50],"damage_taken":[{"damage":1,"enemies":"Cultist","floor":1,"turns":5},{"damage":29,"enemies":"Gremlin Nob","floor":6,"turns":5},{"damage":0,"enemies":"Small Slimes","floor":7,"turns":2},{"damage":0,"enemies":"Jaw Worm","floor":13,"turns":1},{"damage":6,"enemies":"The Guardian","floor":16,"turns":5},{"damage":0,"enemies":"Hallownest:Flukemon_and_Top","floor":18,"turns":2},{"damage":0,"enemies":"Hallownest:Guard_and_Sentry","floor":21,"turns":1},{"damage":1,"enemies":"Hallownest:Glutton_and_Coward","floor":23,"turns":4},{"damage":0,"enemies":"Hallownest:eliteSoulWarrior","floor":25,"turns":6},{"damage":0,"enemies":"Hallownest:2_Husk_Sentries","floor":28,"turns":1},{"damage":0,"enemies":"Hallownest:eliteWatcherKnight","floor":31,"turns":6},{"damage":0,"enemies":"Hallownest:BossMantisLord","floor":33,"turns":1},{"damage":0,"enemies":"3 Shapes","floor":35,"turns":1},{"damage":0,"enemies":"Orb Walker","floor":36,"turns":2},{"damage":0,"enemies":"Spire Growth","floor":39,"turns":1},{"damage":1,"enemies":"Reptomancer","floor":40,"turns":2},{"damage":23,"enemies":"Maw","floor":44,"turns":5},{"damage":1,"enemies":"Writhing Mass","floor":48,"turns":2},{"damage":80,"enemies":"Time Eater","floor":50,"turns":6}],"seed_played":"-6950042007093024523","potions_obtained":[{"floor":1,"key":"DistilledChaos"},{"floor":6,"key":"Explosive Potion"},{"floor":7,"key":"LiquidBronze"},{"floor":13,"key":"DistilledChaos"},{"floor":18,"key":"Ancient Potion"},{"floor":25,"key":"Explosive Potion"},{"floor":36,"key":"BlessingOfTheForge"},{"floor":39,"key":"hexamod:SoulburnPotion"}],"is_trial":false,"path_per_floor":["M","$","$","?","$","E","M","R","T","R","$","?","M","?","R","B",null,"M","?","?","M","?","M","$","E","T","$","M","R","R","E","R","B",null,"M","M","$","?","M","E","R","?","T","M","?","$","R","M","R","B"],"character_chosen":"THE_ANIMATOR","items_purchased":["animator:DolaStephanie","HollowMod:PaleOreRelic","Anchor","animator:Shiro","Blood Vial","animator:Rimuru","animator:Mitsurugi","animator:ColorlessFragment","Lizard Tail","Bag of Marbles","animator:Chris","Shuriken","Singing Bowl","animator:Rimuru","WingedGreaves","Chemical X","Paper Crane","animator:Eris","animator:Verdia"],"campfire_rested":0,"item_purchase_floors":[0,2,2,2,3,3,3,5,5,5,5,11,24,24,27,27,37,37,46],"current_hp_per_floor":[65,65,65,65,65,41,46,46,46,46,46,33,38,33,33,32,67,67,67,67,67,63,66,66,69,69,69,71,71,71,73,73,73,73,75,39,39,34,37,42,42,42,42,30,30,30,30,46,46,0,0],"gold":6636,"neow_bonus":"","is_daily":false,"chose_seed":false,"campfire_upgraded":8,"win_rate":0.0,"timestamp":1612204253,"path_taken":["M","?","$","?","$","E","M","R","T","R","$","?","M","?","R","BOSS","M","?","?","M","?","M","$","E","T","$","M","R","R","E","R","BOSS","M","M","$","?","M","E","R","?","T","M","?","$","R","M","R","BOSS"],"items_purchased_type":["Card","Relic","Relic","Card","Relic","Card","Card","Relic","Relic","Relic","Card","Relic","Relic","Card","Relic","Relic","Relic","Card","Card"],"build_version":"2020-12-22","purchased_purges":7,"victory":false,"max_hp_per_floor":[66,66,66,66,66,66,67,67,67,67,67,67,67,67,67,67,67,67,67,67,67,67,67,67,69,69,69,71,71,71,73,73,73,73,75,39,39,39,40,42,42,42,42,44,44,44,44,46,46,46,46],"card_choices":[{"not_picked":["animator:Millim","animator:MaesHughes","animator:Raven"],"picked":"SKIP","floor":1},{"not_picked":["animator:RoyMustang","animator:Kazuma"],"picked":"animator:Megumin","floor":6},{"not_picked":["animator:RoryMercury","animator:Ciel"],"picked":"animator:Verdia","floor":7},{"not_picked":["animator:Aqua","animator:Chris"],"picked":"animator:YunYun","floor":13},{"not_picked":["animator:Hans","animator:Envy"],"picked":"animator:Eve","floor":16},{"not_picked":["animator:Megumin","animator:Pride","animator:Cocytus"],"picked":"SKIP","floor":18},{"not_picked":["animator:LeleiLaLalena","animator:Pride","animator:Sebas"],"picked":"SKIP","floor":21},{"not_picked":["animator:Chris","animator:Verdia"],"picked":"animator:Mitsurugi","floor":23},{"not_picked":["animator:YaoHaDucy","animator:Chris","animator:Ciel+1"],"picked":"Singing Bowl","floor":25},{"not_picked":["animator:TukaLunaMarceau","animator:Shion","animator:YaoHaDucy"],"picked":"Singing Bowl","floor":28},{"not_picked":["animator:Aqua","animator:YunYun","animator:Chris"],"picked":"Singing Bowl","floor":31},{"not_picked":["animator:ItamiYouji","animator:Sora"],"picked":"animator:Father","floor":33},{"not_picked":["animator:Jibril+1","animator:Scar+1","animator:WinryRockbell+1"],"picked":"Singing Bowl","floor":35},{"not_picked":["animator:Bozes+1","animator:Shalltear+1","animator:Cocytus+1"],"picked":"Singing Bowl","floor":36},{"not_picked":["animator:Mitsurugi+1","animator:YunYun+1"],"picked":"animator:Vanir+1","floor":39},{"not_picked":["animator:Shuna+1","animator:Benimaru+1","animator:Rimuru"],"picked":"Singing Bowl","floor":40},{"not_picked":["animator:Demiurge+1","animator:Hakurou+1","animator:Entoma+1"],"picked":"Singing Bowl","floor":44},{"not_picked":["animator:Ain+1","animator:Laby","animator:Ciel"],"picked":"Singing Bowl","floor":48}],"player_experience":422338,"relics_obtained":[{"floor":6,"key":"Gremlin Horn"},{"floor":9,"key":"Lantern"},{"floor":25,"key":"Whetstone"},{"floor":31,"key":"HollowMod:StagPassRelic"},{"floor":34,"key":"Omamori"},{"floor":34,"key":"Molten Egg 2"},{"floor":34,"key":"Calipers"},{"floor":40,"key":"Juzu Bracelet"},{"floor":43,"key":"Bottled Flame"}],"event_choices":[{"damage_healed":0,"gold_gain":0,"player_choice":"Entered Light","damage_taken":13,"max_hp_gain":0,"max_hp_loss":0,"event_name":"Shining Light","floor":12,"gold_loss":0,"cards_upgraded":["animator:Megumin","animator:Strike"]},{"damage_healed":0,"gold_gain":0,"player_choice":"Embrace Madness","damage_taken":5,"max_hp_gain":0,"max_hp_loss":0,"event_name":"Winding Halls","floor":38,"gold_loss":0,"cards_obtained":["animator:HigakiRinne"]},{"cards_removed":["animator:Verdia"],"damage_healed":0,"gold_gain":0,"player_choice":"Removed Skill","damage_taken":0,"max_hp_gain":0,"max_hp_loss":0,"event_name":"Falling","floor":42,"gold_loss":0},{"damage_healed":0,"gold_gain":0,"player_choice":"Cursed","damage_taken":0,"max_hp_gain":0,"max_hp_loss":0,"event_name":"Wheel of Change","floor":45,"gold_loss":0,"cards_obtained":["Decay"]}],"is_beta":false,"boss_relics":[{"not_picked":["animator:RacePiece","Velvet Choker"],"picked":"Coffee Dripper"},{"not_picked":["Pandora\u0027s Box","SacredBark"],"picked":"Calling Bell"}],"items_purged_floors":[2,3,5,11,24,27,37],"is_endless":false,"potions_floor_spawned":[1,6,7,13,18,21,25,33,36,39,48],"killed_by":"Time Eater","ascension_level":0}}