{"host":"0awa854l6bexpjrv","time":1612144213,"event":{"mods":["BaseMod","Block Reminder","Colored Map","Colored Powertips","Downfall","Highlight Path","Minty Spire (QoL Compilation)","Quick Restart","Rare Cards Sparkle","StSLib","SuperFastMode"],"gold_per_floor":[99,115,115,25,41,66,66,78,78,91,91,108,108,128,143,243,243,143,162,112,123,8,8,32,32,51,20,20,47,47,76,87,197,197,197,207,218,233,81,81,90,140,90,190,233,233,264,284,294,294],"floor_reached":51,"language":"ENG","playtime":7401,"items_purged":["champ:Strike","champ:Strike","champ:Strike","champ:Strike"],"score":1007,"play_id":"62c84145-aac9-433b-8a08-27247fc015a5","local_time":"20210131175013","is_ascension_mode":true,"campfire_choices":[{"data":"champ:Taunt","floor":1.0,"key":"SMITH"},{"data":"champ:ShieldThrow","floor":9.0,"key":"SMITH"},{"floor":11.0,"key":"REST"},{"data":"champ:VampiricStrike","floor":18.0,"key":"SMITH"},{"data":"champ:TornadoPunch","floor":23.0,"key":"SMITH"},{"data":"champ:DefensiveShout","floor":25.0,"key":"SMITH"},{"data":"champ:DefensiveStyle","floor":30.0,"key":"SMITH"},{"data":"champ:Shatter","floor":35.0,"key":"SMITH"},{"data":"champ:HoldFirm","floor":46,"key":"SMITH"}],"circlet_count":0,"master_deck":["champ:Defend","champ:Defend","champ:Defend","champ:Execute","champ:Taunt+1","champ:Haymaker","champ:ShieldThrow+1","champ:GutPunch","champ:RecklessLeap","champ:BringItOn","champ:DefensiveShout+1","champ:VampiricStrike+1","champ:TornadoPunch+1","champ:FlashCut","champ:Duel","champ:DefensiveStyle+1","champ:Shatter+1","champ:RageSigil","champ:EnchantSword","champ:Haymaker","champ:VampiricStrike","champ:Circumvent+1","expansioncontent:HyperBeam","Decay","champ:HoldFirm+1","champ:TornadoPunch+1"],"relics":["champ:ChampionCrown","Bronze Scales","Kunai","Singing Bowl","Ornamental Fan","Snecko Eye","downfall:HeartBlessingGreen","CeramicFish","Blood Vial","Cursed Key","Lee\u0027s Waffle","Boot","Smiling Mask","Du-Vu Doll","downfall:GremlinWheel","Anchor","Eternal Feather"],"acts_visited":["Exordium","TheCity","TheBeyond"],"potions_floor_usage":[44,45,47,49,50],"damage_taken":[{"damage":13.0,"enemies":"2 Louse","floor":2.0,"turns":2.0},{"damage":25.0,"enemies":"downfall:FleeingMerchant","floor":4.0,"turns":4.0},{"damage":0.0,"enemies":"Cultist","floor":5.0,"turns":3.0},{"damage":24.0,"enemies":"Lagavulin","floor":6.0,"turns":5.0},{"damage":0.0,"enemies":"Small Slimes","floor":8.0,"turns":3.0},{"damage":4.0,"enemies":"Gremlin Gang","floor":10.0,"turns":4.0},{"damage":19.0,"enemies":"3 Louse","floor":12.0,"turns":3.0},{"damage":0.0,"enemies":"Large Slime","floor":14.0,"turns":5.0},{"damage":0.0,"enemies":"2 Fungi Beasts","floor":15.0,"turns":3.0},{"damage":47.0,"enemies":"IC_STATUS_ARCHETYPE","floor":16.0,"turns":8.0},{"damage":30.0,"enemies":"Spheric Guardian","floor":19.0,"turns":3.0},{"damage":31.0,"enemies":"Snecko","floor":21.0,"turns":4.0},{"damage":20.0,"enemies":"downfall:FleeingMerchant","floor":22.0,"turns":4.0},{"damage":35.0,"enemies":"Shelled Parasite and Fungi","floor":26.0,"turns":2.0},{"damage":10.0,"enemies":"downfall:FleeingMerchant","floor":27.0,"turns":4.0},{"damage":0.0,"enemies":"Snake Plant","floor":29.0,"turns":2.0},{"damage":17.0,"enemies":"Centurion and Healer","floor":31.0,"turns":5.0},{"damage":11.0,"enemies":"3 Cultists","floor":32.0,"turns":5.0},{"damage":43.0,"enemies":"WA_ARCHETYPE_CALM","floor":33.0,"turns":14.0},{"damage":5.0,"enemies":"3 Shapes","floor":36.0,"turns":4.0},{"damage":20.0,"enemies":"3 Darklings","floor":37.0,"turns":4.0},{"damage":14.0,"enemies":"Spire Growth","floor":38.0,"turns":4.0},{"damage":25.0,"enemies":"downfall:FleeingMerchant","floor":39.0,"turns":2.0},{"damage":20,"enemies":"downfall:FleeingMerchant","floor":42,"turns":5},{"damage":10,"enemies":"downfall:FleeingMerchant","floor":44,"turns":2},{"damage":10,"enemies":"Nemesis","floor":45,"turns":7},{"damage":11,"enemies":"Reptomancer","floor":47,"turns":8},{"damage":29,"enemies":"Maw","floor":48,"turns":5},{"damage":0,"enemies":"Jaw Worm Horde","floor":49,"turns":2},{"damage":106,"enemies":"DF_ARCHETYPE_ORBS","floor":50,"turns":13}],"seed_played":"4923366613225911577","potions_obtained":[{"floor":2.0,"key":"hexamod:SoulburnPotion"},{"floor":3.0,"key":"Ancient Potion"},{"floor":3.0,"key":"BlessingOfTheForge"},{"floor":5.0,"key":"AttackPotion"},{"floor":8.0,"key":"hexamod:SoulburnPotion"},{"floor":14.0,"key":"SkillPotion"},{"floor":19.0,"key":"Slimebound:ThreeZeroPotion"},{"floor":26.0,"key":"DuplicationPotion"},{"floor":32.0,"key":"SkillPotion"},{"floor":33.0,"key":"FearPotion"},{"floor":38.0,"key":"sneckomod:MuddlingPotion"},{"floor":42,"key":"Explosive Potion"},{"floor":44,"key":"Guardian:BlockOnCardUsePotion"},{"floor":48,"key":"Explosive Potion"},{"floor":49,"key":"bronze:BurnAndBuffPotion"}],"is_trial":false,"path_per_floor":["R","M","?","$","M","E","T","M","R","M","R","M","T","M","M","B",null,"R","M","?","M","$","R","T","R","M","$","?","M","R","M","M","B",null,"R","M","M","M","$","?","T","?","$","?","E","R","E","M","M","B",null],"character_chosen":"THE_CHAMP","items_purchased":["champ:RageSigil","expansioncontent:HyperBeam","Lee\u0027s Waffle","Boot"],"campfire_rested":1,"item_purchase_floors":[27,39,39,39],"current_hp_per_floor":[90,87,87,82,82,68,68,70,70,66,92,90,90,90,90,68,94,94,74,94,93,93,93,93,93,93,93,93,94,94,92,85,74,96,96,98,100,88,109,109,109,111,111,111,111,111,112,109,113,19],"gold":294,"neow_bonus":"RANDOM_COMMON_RELIC","is_daily":false,"chose_seed":false,"campfire_upgraded":8,"win_rate":0.0,"timestamp":1612144213,"path_taken":["R","M","?","?","?","E","T","M","R","M","R","M","?","M","M","BOSS","R","M","?","M","$","R","T","R","M","$","?","M","R","M","M","BOSS","R","M","M","M","$","?","T","?","$","?","E","R","E","M","M","BOSS"],"items_purchased_type":["Card","Card","Relic","Relic"],"build_version":"2020-12-22","purchased_purges":4,"victory":true,"max_hp_per_floor":[90,90,90,90,90,90,90,92,92,92,92,94,94,94,94,94,94,94,94,94,94,94,94,94,94,94,94,94,94,94,94,96,96,96,96,98,100,102,109,109,109,111,111,111,111,111,113,113,115,115],"card_choices":[{"not_picked":["champ:Endure","champ:PerfectedStrike"],"picked":"champ:Haymaker","floor":2.0},{"not_picked":["champ:CrownThrow","champ:CalledShot"],"picked":"champ:ShieldThrow","floor":4.0},{"not_picked":["champ:BerserkersShout","champ:AdrenalArmor"],"picked":"champ:GutPunch","floor":5.0},{"not_picked":["champ:AdrenalArmor","champ:HeartStrike"],"picked":"champ:FlashCut","floor":6.0},{"not_picked":["champ:GladiatorStyle","champ:PreciseThrust","champ:EnGarde"],"picked":"Singing Bowl","floor":8.0},{"not_picked":["champ:BladeFlurry","champ:Haymaker"],"picked":"champ:RecklessLeap","floor":10.0},{"not_picked":["champ:GutPunch","champ:Encircle","champ:PreciseThrust"],"picked":"Singing Bowl","floor":12.0},{"not_picked":["champ:BerserkerStyle","champ:GutPunch"],"picked":"champ:BringItOn","floor":14.0},{"not_picked":["champ:HeartStrike","champ:CrownThrow"],"picked":"champ:DefensiveShout","floor":15.0},{"not_picked":["champ:SwordThrow","champ:DancingMaster"],"picked":"champ:VampiricStrike","floor":16.0},{"not_picked":["champ:GutPunch","champ:DefensiveShout"],"picked":"champ:TornadoPunch","floor":19.0},{"not_picked":["champ:BerserkerStyle+1","champ:ShieldSigil"],"picked":"champ:FlashCut","floor":21.0},{"not_picked":["champ:EnGarde","champ:EnragedBash+1"],"picked":"champ:Duel","floor":22.0},{"not_picked":["champ:StanceDance+1","champ:RecklessLeap"],"picked":"champ:DefensiveStyle","floor":26.0},{"not_picked":["champ:Encircle","champ:Circumvent"],"picked":"champ:Shatter","floor":27.0},{"not_picked":["champ:RageSigil","champ:FocusedBerserking"],"picked":"champ:EnchantSword","floor":29.0},{"not_picked":["champ:GutPunch","champ:PerfectedStrike"],"picked":"champ:Haymaker","floor":31.0},{"not_picked":["champ:GutPunch+1","champ:Shatter","champ:Encircle"],"picked":"Singing Bowl","floor":32.0},{"not_picked":["champ:StrikeOfGenius","champ:EnchantShield"],"picked":"champ:VampiricStrike","floor":33.0},{"not_picked":["champ:CrownThrow","champ:RapidStrikes","champ:DefensiveShout"],"picked":"Singing Bowl","floor":36.0},{"not_picked":["champ:FalseCounter+1","champ:RageSigil+1","champ:DeathBlow"],"picked":"Singing Bowl","floor":37.0},{"not_picked":["champ:IronFortress","champ:EndlessRage","champ:SwordSigil"],"picked":"Singing Bowl","floor":38.0},{"not_picked":["champ:GladiatorStyle+1","champ:AdrenalArmor+1"],"picked":"champ:Circumvent+1","floor":39.0},{"not_picked":["champ:Circumvent","champ:DefensiveStyle+1","champ:GutPunch"],"picked":"Singing Bowl","floor":42},{"not_picked":["champ:BerserkerStyle+1","champ:Endure"],"picked":"champ:HoldFirm","floor":45},{"not_picked":["champ:PreciseThrust","champ:BladeFlurry+1","champ:ViciousMockery+1"],"picked":"Singing Bowl","floor":47},{"not_picked":["champ:BladeFlurry+1","champ:DefensiveShout+1"],"picked":"champ:TornadoPunch+1","floor":48},{"not_picked":["champ:BerserkerStyle","champ:GutPunch+1","champ:Backstep"],"picked":"Singing Bowl","floor":49}],"player_experience":678867,"relics_obtained":[{"floor":6.0,"key":"Kunai"},{"floor":7.0,"key":"Singing Bowl"},{"floor":13.0,"key":"Ornamental Fan"},{"floor":24.0,"key":"CeramicFish"},{"floor":28.0,"key":"Blood Vial"},{"floor":41.0,"key":"Smiling Mask"},{"floor":42,"key":"Du-Vu Doll"},{"floor":44,"key":"downfall:GremlinWheel"},{"floor":45,"key":"Anchor"},{"floor":47,"key":"Eternal Feather"}],"event_choices":[{"damage_healed":0.0,"max_hp_gain":0.0,"max_hp_loss":0.0,"gold_gain":0.0,"event_name":"Lab","player_choice":"Got Potions","floor":3.0,"gold_loss":0.0,"damage_taken":0.0},{"damage_healed":0.0,"max_hp_gain":0.0,"max_hp_loss":0.0,"gold_gain":0.0,"event_name":"Wheel of Change","player_choice":"Relic","floor":28.0,"gold_loss":0.0,"damage_taken":0.0},{"cards_removed":["champ:FlashCut"],"damage_healed":0.0,"max_hp_gain":0.0,"max_hp_loss":0.0,"gold_gain":0.0,"event_name":"Falling","player_choice":"Removed Attack","floor":40.0,"gold_loss":0.0,"damage_taken":0.0},{"cards_removed":["champ:Defend"],"damage_healed":0,"gold_gain":0,"player_choice":"Card Removal","damage_taken":0,"max_hp_gain":0,"max_hp_loss":0,"event_name":"Wheel of Change","floor":46,"gold_loss":0}],"is_beta":false,"boss_relics":[{"not_picked":["Calling Bell","Coffee Dripper"],"picked":"Snecko Eye"},{"not_picked":["bronze:MakeshiftBattery","SlaversCollar"],"picked":"Cursed Key"}],"items_purged_floors":[4,22,39,43],"is_endless":false,"potions_floor_spawned":[2,5,8,14,15,19,26,32,33,38,42,44,48,49],"ascension_level":1}}