{"host":"ixpjvd0r4p7lnmut","time":1612166966,"event":{"mods":["Act Like it!","BaseMod","Block Reminder","Colored Map","Colored Powertips","Minty Spire (QoL Compilation)","Rare Cards Sparkle","Relic Stats","StSLib","The Bug Knight"],"gold_per_floor":[110,124,3,23,38,38,93,93,93,93,105,115,190,216,216,216,216],"floor_reached":16,"language":"ENG","playtime":665,"items_purged":[],"score":102,"play_id":"e3bc43f0-dbf7-4779-bebf-7aeab48c83f5","local_time":"20210201000926","is_ascension_mode":false,"campfire_choices":[{"data":"HollowMod:theNailsmith","floor":6,"key":"SMITH"},{"floor":8,"key":"REST"},{"floor":15,"key":"REST"}],"circlet_count":0,"master_deck":["HollowMod:NailStrikeStart","HollowMod:NailStrikeStart","HollowMod:NailStrikeStart","HollowMod:NailStrikeStart","HollowMod:QuickDashStart","HollowMod:QuickDashStart","HollowMod:QuickDashStart","HollowMod:QuickDashStart","HollowMod:FocusHealStart","HollowMod:PogoStrike","HollowMod:theNailsmith+1","HollowMod:SoulSplash","HollowMod:NewGlowingWomb","HollowMod:DashSlash","HollowMod:SoulVessel","HollowMod:HeavyBlow","HollowMod:InfectedCysts","HollowMod:SoulSplash","HollowMod:CycloneSlash","HollowMod:Grubsong"],"relics":["HollowMod:VesselMask","Ornamental Fan","Akabeko","Bottled Tornado"],"acts_visited":["Exordium"],"potions_floor_usage":[4,5,11,12,14,16],"damage_taken":[{"damage":0,"enemies":"2 Louse","floor":1,"turns":3},{"damage":11,"enemies":"Jaw Worm","floor":2,"turns":4},{"damage":9,"enemies":"Small Slimes","floor":4,"turns":3},{"damage":17,"enemies":"3 Louse","floor":5,"turns":3},{"damage":34,"enemies":"Lagavulin Event","floor":7,"turns":8},{"damage":0,"enemies":"Looter","floor":11,"turns":1},{"damage":8,"enemies":"Large Slime","floor":12,"turns":4},{"damage":21,"enemies":"Lagavulin","floor":14,"turns":6},{"damage":41,"enemies":"Slime Boss","floor":16,"turns":8}],"seed_played":"-3519660675032356976","potions_obtained":[{"floor":2,"key":"BlessingOfTheForge"},{"floor":7,"key":"Fire Potion"},{"floor":11,"key":"Fire Potion"},{"floor":12,"key":"Weak Potion"},{"floor":14,"key":"AttackPotion"}],"is_trial":false,"path_per_floor":["M","M","$","M","M","R","?","R","T","?","M","M","?","E","R","B"],"character_chosen":"THE_BUGKNIGHT","items_purchased":["HollowMod:DashSlash","Regen Potion"],"campfire_rested":2,"item_purchase_floors":[3,3],"current_hp_per_floor":[75,64,64,64,53,53,25,47,47,47,47,45,34,13,35,0,0],"gold":216,"neow_bonus":"ONE_RANDOM_RARE_CARD","is_daily":false,"chose_seed":false,"campfire_upgraded":1,"win_rate":0.0,"timestamp":1612166966,"path_taken":["M","M","$","M","M","R","?","R","T","?","M","M","?","E","R","BOSS"],"items_purchased_type":["Card","Potion"],"build_version":"2020-12-22","purchased_purges":0,"victory":false,"max_hp_per_floor":[75,75,75,75,75,75,75,75,75,75,75,75,75,75,75,75,75],"relic_stats":{"counters":[9,40],"Ornamental Fan":[24],"obtain_stats":[{"Ornamental Fan":7,"HollowMod:VesselMask":0,"Bottled Tornado":14,"Akabeko":9},{"Ornamental Fan":5,"HollowMod:VesselMask":0,"Bottled Tornado":8,"Akabeko":5},{"Ornamental Fan":21,"HollowMod:VesselMask":0,"Bottled Tornado":32,"Akabeko":21}]},"card_choices":[{"not_picked":["HollowMod:InfectionAssault","HollowMod:BlackTendrils"],"picked":"HollowMod:SoulSplash","floor":1},{"not_picked":["HollowMod:SoulStrike","HollowMod:DescendingDark"],"picked":"HollowMod:NewGlowingWomb","floor":2},{"not_picked":["HollowMod:DescendingDark","HollowMod:NewJinnsSoul"],"picked":"HollowMod:SoulVessel","floor":4},{"not_picked":["HollowMod:VoidDash","HollowMod:ShadowDash"],"picked":"HollowMod:HeavyBlow","floor":5},{"not_picked":["HollowMod:CycloneSlash","HollowMod:HeavyBlow"],"picked":"HollowMod:InfectedCysts","floor":7},{"not_picked":["HollowMod:WraithStrike","HollowMod:HeavyBlow"],"picked":"HollowMod:SoulSplash","floor":11},{"not_picked":["HollowMod:FallenFury","HollowMod:HuntersJournal"],"picked":"HollowMod:CycloneSlash","floor":12},{"not_picked":["HollowMod:VoidDash","HollowMod:MantisMark"],"picked":"HollowMod:Grubsong","floor":14}],"player_experience":142684,"relics_obtained":[{"floor":7,"key":"Ornamental Fan"},{"floor":9,"key":"Akabeko"},{"floor":14,"key":"Bottled Tornado"}],"event_choices":[{"damage_healed":0,"gold_gain":0,"player_choice":"Searched \u00271\u0027 times","damage_taken":0,"max_hp_gain":0,"max_hp_loss":0,"event_name":"Dead Adventurer","floor":7,"gold_loss":0},{"damage_healed":0,"gold_gain":0,"player_choice":"Ignored","damage_taken":0,"max_hp_gain":0,"max_hp_loss":0,"event_name":"Liars Game","floor":10,"gold_loss":0},{"damage_healed":0,"gold_gain":75,"player_choice":"Gather Gold","damage_taken":11,"max_hp_gain":0,"max_hp_loss":0,"event_name":"World of Goop","floor":13,"gold_loss":0}],"is_beta":false,"boss_relics":[],"items_purged_floors":[],"is_endless":false,"potions_floor_spawned":[2,7,11,12,14],"killed_by":"Slime Boss","ascension_level":0}}