{"host":"gk5m6v7zec9neb0j","time":1612160535,"event":{"mods":["AchievementEnabler","AlwaysNeverKeys","BaseMod","BetterRewards","Block Reminder","Minty Spire (QoL Compilation)","Rare Cards Sparkle","Relic Stats","StSLib"],"gold_per_floor":[119,135,90,165,181,181,181,201,201,201,201,201,58,69,69,174,174,184,172,74,173,173,173,188,188,265,265,265,283,310,330,330,430,730,743,743,759,809,821,856,873,890,917,97,97,115,115,135,135,135,135,135,10,38,38,38],"floor_reached":55,"language":"ENG","playtime":2004,"items_purged":["Strike_G","Strike_G+1","Strike_G+1"],"score":909,"play_id":"e3fa354c-819e-4763-a5b7-67e8f0204f51","local_time":"20210201012215","is_ascension_mode":false,"campfire_choices":[{"data":"Neutralize","floor":6.0,"key":"SMITH"},{"data":"Terror","floor":12.0,"key":"SMITH"},{"floor":15.0,"key":"REST"},{"data":"A Thousand Cuts","floor":23,"key":"SMITH"},{"floor":25,"key":"REST"},{"data":"Cloak And Dagger","floor":27,"key":"SMITH"},{"floor":32,"key":"REST"},{"floor":45,"key":"REST"},{"floor":49,"key":"REST"},{"data":"Panache","floor":52,"key":"SMITH"}],"circlet_count":0,"master_deck":["Strike_G+1","Strike_G+1","Defend_G+1","Defend_G+1","Defend_G+1","Defend_G+1","Defend_G+1","Survivor","Neutralize+1","Infinite Blades","Terror+1","Flying Knee","Backstab","Backflip","Dagger Throw","Cloak And Dagger+1","A Thousand Cuts+1","Calculated Gamble+1","Footwork","Backflip","Cloak And Dagger","Deflect","Adrenaline","CurseOfTheBell","Deflect+1","Cloak And Dagger","Footwork+1","Panache+1","Backflip+1","Footwork+1"],"relics":["Ring of the Snake","Pantograph","Bottled Tornado","Lizard Tail","War Paint","PreservedInsect","Black Star","Shuriken","Happy Flower","Mummified Hand","Calling Bell","Anchor","Ornamental Fan","Old Coin","Turnip","Sundial","Ancient Tea Set","Oddly Smooth Stone","StoneCalendar","InkBottle","Mercury Hourglass","CaptainsWheel"],"acts_visited":["Exordium","TheCity","TheBeyond","TheEnding"],"potions_floor_usage":[30,38,39,40,41,50,55],"damage_taken":[{"damage":3.0,"enemies":"Small Slimes","floor":1.0,"turns":5.0},{"damage":4.0,"enemies":"2 Louse","floor":2.0,"turns":4.0},{"damage":1.0,"enemies":"Jaw Worm","floor":5.0,"turns":3.0},{"damage":2.0,"enemies":"Looter","floor":8.0,"turns":3.0},{"damage":0.0,"enemies":"Blue Slaver","floor":14.0,"turns":3.0},{"damage":17.0,"enemies":"The Guardian","floor":16.0,"turns":13.0},{"damage":9.0,"enemies":"Spheric Guardian","floor":18.0,"turns":5.0},{"damage":21.0,"enemies":"2 Thieves","floor":19.0,"turns":4.0},{"damage":8,"enemies":"Cultist and Chosen","floor":24,"turns":6},{"damage":0,"enemies":"Snecko","floor":29,"turns":4},{"damage":19,"enemies":"Slavers","floor":30,"turns":3},{"damage":4,"enemies":"Snake Plant","floor":31,"turns":5},{"damage":23,"enemies":"Collector","floor":33,"turns":9},{"damage":0,"enemies":"3 Shapes","floor":35,"turns":3},{"damage":11,"enemies":"Orb Walker","floor":37,"turns":3},{"damage":25,"enemies":"2 Orb Walkers","floor":38,"turns":6},{"damage":12,"enemies":"Spire Growth","floor":39,"turns":6},{"damage":7,"enemies":"Reptomancer","floor":40,"turns":4},{"damage":4,"enemies":"Jaw Worm Horde","floor":41,"turns":3},{"damage":9,"enemies":"Transient","floor":42,"turns":5},{"damage":0,"enemies":"3 Darklings","floor":46,"turns":2},{"damage":0,"enemies":"Sphere and 2 Shapes","floor":48,"turns":4},{"damage":78,"enemies":"Time Eater","floor":50,"turns":14},{"damage":0,"enemies":"Shield and Spear","floor":54,"turns":4},{"damage":74,"enemies":"The Heart","floor":55,"turns":12}],"seed_played":"6301750678535479492","potions_obtained":[{"floor":2.0,"key":"ColorlessPotion"},{"floor":5.0,"key":"AttackPotion"},{"floor":16.0,"key":"BlessingOfTheForge"},{"floor":19.0,"key":"SkillPotion"},{"floor":30,"key":"Swift Potion"},{"floor":38,"key":"Explosive Potion"},{"floor":40,"key":"GhostInAJar"},{"floor":54,"key":"LiquidBronze"}],"is_trial":false,"path_per_floor":["M","M","$","?","M","R","?","M","T","?","T","R","$","M","R","B",null,"M","M","$","?","?","R","M","R","T","R","?","M","E","M","R","B",null,"M","?","M","?","M","E","M","M","T","$","R","M","$","M","R","B",null,"R","$","E","B"],"character_chosen":"THE_SILENT","items_purchased":["Pantograph","Infinite Blades","Terror","Backflip","PreservedInsect","Footwork","Backflip","StoneCalendar","InkBottle","Panache"],"campfire_rested":5,"item_purchase_floors":[0,0,0,3,13,20,20,44,44,44],"current_hp_per_floor":[47,43,43,32,31,31,31,29,29,26,26,26,26,26,47,53,70,61,40,40,40,40,40,32,53,53,53,53,53,34,30,51,47,70,70,70,59,34,22,15,11,2,2,2,23,23,23,23,44,35,70,70,70,70,0,0],"gold":38,"neow_bonus":"","is_daily":false,"chose_seed":false,"campfire_upgraded":5,"win_rate":0.0,"timestamp":1612160535,"path_taken":["M","M","$","?","M","R","?","M","T","?","?","R","$","M","R","BOSS","M","M","$","?","?","R","M","R","T","R","?","M","E","M","R","BOSS","M","?","M","?","M","E","?","M","T","$","R","M","$","M","R","BOSS","R","$","E","BOSS"],"items_purchased_type":["Relic","Card","Card","Card","Relic","Card","Card","Relic","Relic","Card"],"build_version":"2020-12-22","purchased_purges":3,"victory":false,"max_hp_per_floor":[70,70,70,70,70,70,70,70,70,70,70,70,70,70,70,70,70,70,70,70,70,70,70,70,70,70,70,70,70,70,70,70,70,70,70,70,70,70,70,70,70,70,70,70,70,70,70,70,70,70,70,70,70,70,70,70],"relic_stats":{"Happy Flower":[26],"counters":[350,1984],"StoneCalendar":[104],"PreservedInsect":212,"War Paint":["Defend_G","Defend_G"],"Mercury Hourglass":[36],"Lizard Tail":35,"Shuriken":[55],"Mummified Hand":[48],"Ornamental Fan":[160],"Sundial":[4],"Pantograph":67,"Turnip":[7],"Black Star":3,"obtain_stats":[{"Ginger":0,"Whetstone":11,"Bottled Tornado":43,"Old Coin":34,"Blood Vial":17,"Sundial":24,"Kunai":0,"Pear":28,"Blue Candle":54,"Eternal Feather":54,"Tingsha":0,"Paper Crane":43,"SlaversCollar":17,"MutagenicStrength":19,"Bird Faced Urn":38,"StrikeDummy":27,"Unceasing Top":46,"Regal Pillow":9,"Lantern":45,"Torii":0,"Singing Bowl":43,"StoneCalendar":42,"Ancient Tea Set":4,"Cursed Key":17,"Matryoshka":37,"WristBlade":34,"Ninja Scroll":0,"WingedGreaves":17,"Chemical X":37,"InkBottle":54,"Ring of the Snake":0,"Potion Belt":9,"The Specimen":0,"Golden Idol":3,"Thread and Needle":45,"The Courier":26,"PreservedInsect":38,"Omamori":39,"MawBank":45,"Ornamental Fan":0,"Bloody Idol":31,"Orrery":0,"Turnip":38,"Art of War":17,"Bottled Lightning":43,"Toy Ornithopter":27,"Ice Cream":7,"Calipers":13,"CeramicFish":0,"HoveringKite":34,"Vajra":43,"Sozu":34,"Centennial Puzzle":6,"Lizard Tail":10,"DollysMirror":4,"Strawberry":26,"Prayer Wheel":38,"Toxic Egg 2":28,"Girya":0,"Happy Flower":13,"Astrolabe":34,"Oddly Smooth Stone":0,"Letter Opener":53,"War Paint":43,"Question Card":48,"Bottled Flame":25,"Shuriken":0,"Bronze Scales":10,"Molten Egg 2":9,"Black Star":17,"Meat on the Bone":17,"Pocketwatch":17,"Darkstone Periapt":23,"Enchiridion":22,"Snake Skull":54,"Juzu Bracelet":43,"Empty Cage":17,"PrismaticShard":53,"ClockworkSouvenir":20,"Tough Bandages":25,"Nunchaku":31,"Mummified Hand":30,"Pantograph":12,"Gambling Chip":0,"Tiny Chest":26,"Red Mask":47,"Orichalcum":26,"Medical Kit":37,"White Beast Statue":9,"Mercury Hourglass":54,"Peace Pipe":9,"Calling Bell":17,"Anchor":34,"CaptainsWheel":54,"Bag of Marbles":43,"Membership Card":36,"FossilizedHelix":0},{"Ginger":97,"Whetstone":100,"Bottled Tornado":52,"Old Coin":338,"Blood Vial":129,"Sundial":44,"Kunai":31,"Pear":315,"Blue Candle":249,"Eternal Feather":146,"Tingsha":274,"Paper Crane":322,"SlaversCollar":231,"MutagenicStrength":156,"Bird Faced Urn":189,"StrikeDummy":17,"Unceasing Top":193,"Regal Pillow":36,"Lantern":269,"Torii":31,"Singing Bowl":116,"StoneCalendar":217,"Ancient Tea Set":2,"Cursed Key":281,"Matryoshka":137,"WristBlade":112,"Ninja Scroll":172,"WingedGreaves":80,"Chemical X":22,"InkBottle":57,"Ring of the Snake":0,"Potion Belt":3,"The Specimen":274,"Golden Idol":2,"Thread and Needle":245,"The Courier":183,"PreservedInsect":240,"Omamori":189,"MawBank":245,"Ornamental Fan":72,"Bloody Idol":161,"Orrery":58,"Turnip":116,"Art of War":80,"Bottled Lightning":24,"Toy Ornithopter":17,"Ice Cream":11,"Calipers":154,"CeramicFish":172,"HoveringKite":21,"Vajra":91,"Sozu":136,"Centennial Puzzle":278,"Lizard Tail":329,"DollysMirror":123,"Strawberry":107,"Prayer Wheel":138,"Toxic Egg 2":108,"Girya":250,"Happy Flower":12,"Astrolabe":86,"Oddly Smooth Stone":122,"Letter Opener":272,"War Paint":191,"Question Card":94,"Bottled Flame":16,"Shuriken":97,"Bronze Scales":36,"Molten Egg 2":151,"Black Star":13,"Meat on the Bone":80,"Pocketwatch":129,"Darkstone Periapt":182,"Enchiridion":68,"Snake Skull":273,"Juzu Bracelet":141,"Empty Cage":103,"PrismaticShard":272,"ClockworkSouvenir":41,"Tough Bandages":16,"Nunchaku":85,"Mummified Hand":110,"Pantograph":11,"Gambling Chip":197,"Tiny Chest":16,"Red Mask":54,"Orichalcum":235,"Medical Kit":188,"White Beast Statue":11,"Mercury Hourglass":349,"Peace Pipe":62,"Calling Bell":80,"Anchor":338,"CaptainsWheel":349,"Bag of Marbles":267,"Membership Card":163,"FossilizedHelix":250},{"Ginger":599,"Whetstone":611,"Bottled Tornado":309,"Old Coin":1918,"Blood Vial":722,"Sundial":249,"Kunai":183,"Pear":1796,"Blue Candle":1454,"Eternal Feather":781,"Tingsha":1567,"Paper Crane":1834,"SlaversCollar":1359,"MutagenicStrength":843,"Bird Faced Urn":1121,"StrikeDummy":100,"Unceasing Top":1141,"Regal Pillow":206,"Lantern":1539,"Torii":183,"Singing Bowl":676,"StoneCalendar":1281,"Ancient Tea Set":5,"Cursed Key":1617,"Matryoshka":750,"WristBlade":661,"Ninja Scroll":996,"WingedGreaves":500,"Chemical X":129,"InkBottle":364,"Ring of the Snake":0,"Potion Belt":9,"The Specimen":1567,"Golden Idol":5,"Thread and Needle":1436,"The Courier":1085,"PreservedInsect":1411,"Omamori":1121,"MawBank":1436,"Ornamental Fan":459,"Bloody Idol":873,"Orrery":367,"Turnip":676,"Art of War":500,"Bottled Lightning":139,"Toy Ornithopter":100,"Ice Cream":57,"Calipers":823,"CeramicFish":996,"HoveringKite":124,"Vajra":558,"Sozu":746,"Centennial Puzzle":1590,"Lizard Tail":1866,"DollysMirror":699,"Strawberry":637,"Prayer Wheel":755,"Toxic Egg 2":643,"Girya":1462,"Happy Flower":68,"Astrolabe":533,"Oddly Smooth Stone":696,"Letter Opener":1557,"War Paint":1131,"Question Card":574,"Bottled Flame":94,"Shuriken":599,"Bronze Scales":206,"Molten Egg 2":801,"Black Star":79,"Meat on the Bone":500,"Pocketwatch":722,"Darkstone Periapt":1075,"Enchiridion":435,"Snake Skull":1562,"Juzu Bracelet":766,"Empty Cage":621,"PrismaticShard":1557,"ClockworkSouvenir":234,"Tough Bandages":94,"Nunchaku":521,"Mummified Hand":652,"Pantograph":57,"Gambling Chip":1176,"Tiny Chest":94,"Red Mask":329,"Orichalcum":1384,"Medical Kit":1117,"White Beast Statue":57,"Mercury Hourglass":1972,"Peace Pipe":387,"Calling Bell":500,"Anchor":1918,"CaptainsWheel":1972,"Bag of Marbles":1530,"Membership Card":899,"FossilizedHelix":1462}],"InkBottle":[21],"Ring of the Snake":[695]},"card_choices":[{"not_picked":["Dodge and Roll","Tactician"],"picked":"Flying Knee","floor":1.0},{"not_picked":["Tactician","Dagger Throw"],"picked":"Backstab","floor":2.0},{"not_picked":["Underhanded Strike","Choke"],"picked":"Dagger Throw","floor":5.0},{"not_picked":["Quick Slash","Acrobatics"],"picked":"Cloak And Dagger","floor":8.0},{"not_picked":["Flying Knee","Wraith Form v2","Sucker Punch"],"picked":"SKIP","floor":14.0},{"not_picked":["Wraith Form v2","Corpse Explosion"],"picked":"A Thousand Cuts","floor":16.0},{"not_picked":["Dodge and Roll","Dagger Spray","Finisher"],"picked":"SKIP","floor":18.0},{"not_picked":["PiercingWail","Reflex+1"],"picked":"Calculated Gamble+1","floor":19.0},{"not_picked":["PiercingWail","Dagger Spray+1","Sucker Punch"],"picked":"SKIP","floor":24},{"not_picked":["Endless Agony","Flying Knee","Finisher+1"],"picked":"SKIP","floor":29},{"not_picked":["Concentrate+1","Underhanded Strike"],"picked":"Cloak And Dagger","floor":30},{"not_picked":["Backflip","Concentrate+1"],"picked":"Deflect","floor":31},{"not_picked":["Die Die Die","Bullet Time"],"picked":"Adrenaline","floor":33},{"not_picked":["Quick Slash","Flying Knee","All Out Attack+1"],"picked":"SKIP","floor":35},{"not_picked":["Flechettes+1","Skewer+1"],"picked":"Deflect+1","floor":37},{"not_picked":["Dagger Spray+1","Poisoned Stab+1","PiercingWail"],"picked":"SKIP","floor":39},{"not_picked":["Deadly Poison+1","Dodge and Roll+1"],"picked":"Cloak And Dagger","floor":40},{"not_picked":["Poisoned Stab+1","Backflip+1"],"picked":"Footwork+1","floor":41},{"not_picked":["Outmaneuver+1","Dagger Throw","Flying Knee"],"picked":"SKIP","floor":42},{"not_picked":["Predator+1","Quick Slash+1","Cloak And Dagger"],"picked":"SKIP","floor":46},{"not_picked":["Poisoned Stab","Dagger Throw"],"picked":"Backflip+1","floor":48},{"not_picked":["Reflex","Die Die Die"],"picked":"Footwork+1","floor":54}],"player_experience":772741,"relics_obtained":[{"floor":9.0,"key":"Bottled Tornado"},{"floor":11.0,"key":"War Paint"},{"floor":26,"key":"Shuriken"},{"floor":30,"key":"Happy Flower"},{"floor":30,"key":"Mummified Hand"},{"floor":34,"key":"Anchor"},{"floor":34,"key":"Ornamental Fan"},{"floor":34,"key":"Old Coin"},{"floor":38,"key":"Turnip"},{"floor":40,"key":"Sundial"},{"floor":40,"key":"Ancient Tea Set"},{"floor":43,"key":"Oddly Smooth Stone"},{"floor":54,"key":"Mercury Hourglass"},{"floor":54,"key":"CaptainsWheel"}],"event_choices":[{"damage_healed":0.0,"max_hp_gain":0.0,"max_hp_loss":0.0,"gold_gain":75.0,"event_name":"World of Goop","player_choice":"Gather Gold","floor":4.0,"gold_loss":0.0,"damage_taken":11.0},{"damage_healed":0.0,"max_hp_gain":0.0,"max_hp_loss":0.0,"gold_gain":0.0,"event_name":"Shining Light","player_choice":"Ignored","floor":7.0,"gold_loss":0.0,"damage_taken":0.0},{"damage_healed":0.0,"max_hp_gain":0.0,"max_hp_loss":0.0,"gold_gain":0.0,"event_name":"Scrap Ooze","player_choice":"Success","floor":10.0,"gold_loss":0.0,"damage_taken":3.0,"relics_obtained":["Lizard Tail"]},{"damage_healed":0.0,"max_hp_gain":0.0,"max_hp_loss":0.0,"gold_gain":99.0,"event_name":"Nest","player_choice":"Stole From Cult","floor":21.0,"gold_loss":0.0,"damage_taken":0.0},{"damage_healed":0,"gold_gain":0,"player_choice":"Ignored","damage_taken":0,"max_hp_gain":0,"max_hp_loss":0,"event_name":"Cursed Tome","floor":22,"gold_loss":0},{"damage_healed":0,"gold_gain":0,"player_choice":"Simplicity","damage_taken":0,"max_hp_gain":0,"max_hp_loss":0,"event_name":"Back to Basics","floor":28,"gold_loss":0,"cards_upgraded":["Strike_G","Strike_G","Strike_G","Strike_G","Defend_G","Defend_G","Defend_G"]},{"damage_healed":0,"gold_gain":0,"player_choice":"Memory 1","damage_taken":0,"max_hp_gain":0,"max_hp_loss":0,"event_name":"SensoryStone","floor":36,"gold_loss":0},{"damage_healed":0,"gold_gain":0,"player_choice":"Fight","damage_taken":0,"max_hp_gain":0,"max_hp_loss":0,"event_name":"Mysterious Sphere","floor":38,"gold_loss":0}],"is_beta":false,"boss_relics":[{"not_picked":["Philosopher\u0027s Stone","Fusion Hammer"],"picked":"Black Star"},{"not_picked":["Tiny House","Pandora\u0027s Box"],"picked":"Calling Bell"}],"items_purged_floors":[0,44,53],"is_endless":false,"potions_floor_spawned":[2,5,16,19,29,30,35,38,40,54],"killed_by":"The Heart","ascension_level":0}}