{"host":"Ringo","time":1612183688,"event":{"mods":["BaseMod","Colored Map","Conspire","Dota2Spire","Hubris","Minty Spire (QoL Compilation)","Replay The Spire","StSLib","The Construct","[IsaacMod]ÒÔÈö¼âËþ","¡¾ÒÅÎï¿¨ÅÆ¡¿REMEMod"],"gold_per_floor":[109,128,140,160,177,205,234,299,353,378,378,405,405,422,422,497,497,511,530,548,548,50,79,113,140,140,166,198,233,233,267,267,341,341,355,374,391,15,57,84,116,177,201,229,254,316,343,354,354,384,384],"floor_reached":52,"language":"ZHS","playtime":1917,"items_purged":[],"score":3901,"play_id":"08de1706-5029-4ab9-913b-c291cccd79c5","local_time":"20210201204808","daily_mods":["SealedDeck","Vintage","Heirloom","Time Dilation","Flight","DeadlyEvents","Elite Swarm","Lethality","Binary"],"is_ascension_mode":true,"campfire_choices":[{"data":"Footwork","floor":11,"key":"SMITH"},{"data":"Accuracy","floor":13,"key":"SMITH"},{"data":"Blade Dance","floor":15,"key":"SMITH"},{"data":"Ragnarok","floor":30,"key":"SMITH"},{"data":"conspire:DoublingDagger","floor":32,"key":"SMITH"},{"data":"Ragnarok+1","floor":49,"key":"SMITH"}],"circlet_count":0,"master_deck":["AscendersBane","Slice","Slice","conspire:DoublingDagger+1","Cloak And Dagger","Blade Dance+1","Deflect+1","Backflip+1","Cloak And Dagger","Backflip","Footwork+1","Ragnarok+2","Accuracy+1","Accuracy+1","Dagger Spray","Dramatic Entrance","Enlightenment+1","Dagger Throw"],"relics":["Ring of the Snake","Busted Crown","HushsDoor","REME_ComplimentaryCards","replay:Trail_Library","hubris:Potato","SatanicBible","conspire:TopHat","ReplayTheSpireMod:Lightbulb","Bronze Scales","Dota2Spire:EtherealBlade","Dead Branch","GnawedLeaf","construct:BoolHorns","StoneCalendar","hubris:SlimyHat","Ice Cream","hubris:TenFootPole","Strawberry","MagicMushroom","GuppysHead","hubris:DeckOfHolding","Snack Pack","Pear","Dota2Spire:OctarineCore","DollysMirror","HornCleat","DeathBook","Dota2Spire:MantaStyle","Vampiric Spirits","Dota2Spire:UrnOfShadows","Sundial","Letter Opener","Thread and Needle","Runic Dome","Damocles","Prayer Wheel","Bottled Tornado","HowToJump","Tingsha","Dota2Spire:BladeMail","Dota2Spire:HandOfMidas","Golden Egg","hubris:ToyBattleship","TheBible","Regal Pillow","BelialBook","Torii","Lantern","Dota2Spire:ArcaneBoots","Shuriken","Smiling Mask","PunchingBag","War Paint","Omamori","Dream Catcher","Mercury Hourglass","TheBean","hubris:CuriousFeather","conspire:InfiniteJournal","Byrd Skull","DeadEye"],"acts_visited":["Exordium","TheCity","TheBeyond"],"potions_floor_usage":[8,16,31,51],"damage_taken":[{"damage":0,"enemies":"Small Slimes","floor":1,"turns":1},{"damage":0,"enemies":"Cultist","floor":2,"turns":2},{"damage":0,"enemies":"2 Louse","floor":3,"turns":2},{"damage":0,"enemies":"2 Fungi Beasts","floor":4,"turns":1},{"damage":0,"enemies":"Large Slime","floor":5,"turns":1},{"damage":0,"enemies":"Lagavulin","floor":6,"turns":2},{"damage":0,"enemies":"3 Sentries","floor":7,"turns":1},{"damage":0,"enemies":"Gremlin Nob","floor":8,"turns":2},{"damage":0,"enemies":"Lagavulin","floor":10,"turns":2},{"damage":0,"enemies":"Gremlin Nob","floor":12,"turns":1},{"damage":0,"enemies":"Red Slaver","floor":14,"turns":1},{"damage":0,"enemies":"The Guardian","floor":16,"turns":2},{"damage":0,"enemies":"Spheric Guardian","floor":18,"turns":1},{"damage":0,"enemies":"Shell Parasite","floor":19,"turns":1},{"damage":0,"enemies":"Snecko","floor":20,"turns":1},{"damage":0,"enemies":"Book of Stabbing","floor":23,"turns":1},{"damage":0,"enemies":"Slavers","floor":24,"turns":1},{"damage":0,"enemies":"REME_1_Revenger","floor":25,"turns":1},{"damage":0,"enemies":"Book of Stabbing","floor":27,"turns":1},{"damage":0,"enemies":"Slavers","floor":28,"turns":1},{"damage":0,"enemies":"Book of Stabbing","floor":29,"turns":1},{"damage":0,"enemies":"Gremlin Leader","floor":31,"turns":2},{"damage":0,"enemies":"Collector","floor":33,"turns":2},{"damage":0,"enemies":"3 Shapes","floor":35,"turns":1},{"damage":0,"enemies":"Orb Walker","floor":36,"turns":1},{"damage":0,"enemies":"Transient","floor":37,"turns":2},{"damage":0,"enemies":"4 Shapes","floor":39,"turns":1},{"damage":0,"enemies":"R_Hoarder","floor":40,"turns":3},{"damage":0,"enemies":"Reptomancer","floor":41,"turns":1},{"damage":0,"enemies":"R_Hoarder","floor":42,"turns":2},{"damage":0,"enemies":"Giant Head","floor":44,"turns":2},{"damage":0,"enemies":"Reptomancer","floor":45,"turns":1},{"damage":0,"enemies":"R_Hoarder","floor":46,"turns":2},{"damage":0,"enemies":"Giant Head","floor":47,"turns":2},{"damage":0,"enemies":"Maw","floor":48,"turns":1},{"damage":0,"enemies":"Awakened One","floor":50,"turns":2},{"damage":0,"enemies":"Time Eater","floor":51,"turns":1}],"seed_played":"-8285967069973605252","potions_obtained":[{"floor":1,"key":"GhostInAJar"},{"floor":2,"key":"construct:ShiftPotion"},{"floor":7,"key":"REME_GoldPotion"},{"floor":12,"key":"Dota2Spire:Clarity"},{"floor":20,"key":"LiquidMemories"},{"floor":31,"key":"Weak Potion"},{"floor":35,"key":"BlessingOfTheForge"}],"is_trial":true,"path_per_floor":["M","M","M","M","M","E","E","E","T","E","R","E","R","M","R","B",null,"M","M","M","?","$","E","E","E","T","E","E","E","R","E","R","B",null,"M","M","M","$","M","E","E","E","T","E","E","E","E","M","R","B","B",null],"character_chosen":"THE_SILENT","items_purchased":["GuppysHead","Dota2Spire:OctarineCore","DollysMirror","Dramatic Entrance","Damocles","Golden Egg","Enlightenment"],"campfire_rested":0,"item_purchase_floors":[17,22,22,34,34,38,38],"current_hp_per_floor":[59,59,59,59,59,59,59,59,59,59,59,59,59,66,66,66,70,70,70,80,80,80,80,80,80,80,80,80,80,80,80,80,80,68,68,68,68,68,68,68,68,68,68,68,68,68,68,68,68,68,68],"gold":384,"neow_bonus":"","is_daily":false,"chose_seed":false,"campfire_upgraded":6,"win_rate":0.0,"timestamp":1612183688,"path_taken":["M","M","M","M","M","E","E","E","T","E","R","E","R","M","R","BOSS","M","M","M","?","$","E","E","E","T","E","?","E","R","E","R","BOSS","M","M","M","$","M","E","E","E","T","E","E","E","E","M","R","BOSS","BOSS"],"items_purchased_type":["Relic","Relic","Relic","Card","Relic","Relic","Card"],"build_version":"2020-12-18","purchased_purges":0,"victory":true,"max_hp_per_floor":[66,66,66,66,66,66,66,66,66,66,66,66,66,73,73,73,70,70,70,80,80,80,80,80,80,80,80,80,80,80,80,80,80,68,68,68,68,68,68,68,68,68,68,68,68,68,68,68,68,68,68],"card_choices":[],"player_experience":609295,"relics_obtained":[{"floor":1,"key":"conspire:TopHat"},{"floor":2,"key":"ReplayTheSpireMod:Lightbulb"},{"floor":3,"key":"Bronze Scales"},{"floor":4,"key":"Dota2Spire:EtherealBlade"},{"floor":5,"key":"Dead Branch"},{"floor":6,"key":"GnawedLeaf"},{"floor":7,"key":"construct:BoolHorns"},{"floor":8,"key":"StoneCalendar"},{"floor":9,"key":"hubris:SlimyHat"},{"floor":10,"key":"Ice Cream"},{"floor":12,"key":"hubris:TenFootPole"},{"floor":14,"key":"Strawberry"},{"floor":18,"key":"hubris:DeckOfHolding"},{"floor":19,"key":"Snack Pack"},{"floor":20,"key":"Pear"},{"floor":23,"key":"HornCleat"},{"floor":24,"key":"DeathBook"},{"floor":25,"key":"Dota2Spire:MantaStyle"},{"floor":26,"key":"Vampiric Spirits"},{"floor":27,"key":"Dota2Spire:UrnOfShadows"},{"floor":28,"key":"Sundial"},{"floor":29,"key":"Letter Opener"},{"floor":31,"key":"Thread and Needle"},{"floor":35,"key":"Prayer Wheel"},{"floor":35,"key":"Bottled Tornado"},{"floor":36,"key":"HowToJump"},{"floor":36,"key":"Tingsha"},{"floor":37,"key":"Dota2Spire:BladeMail"},{"floor":37,"key":"Dota2Spire:HandOfMidas"},{"floor":39,"key":"hubris:ToyBattleship"},{"floor":39,"key":"TheBible"},{"floor":40,"key":"Regal Pillow"},{"floor":40,"key":"BelialBook"},{"floor":41,"key":"Torii"},{"floor":41,"key":"Lantern"},{"floor":42,"key":"Dota2Spire:ArcaneBoots"},{"floor":42,"key":"Shuriken"},{"floor":43,"key":"Smiling Mask"},{"floor":44,"key":"PunchingBag"},{"floor":44,"key":"War Paint"},{"floor":45,"key":"Omamori"},{"floor":45,"key":"Dream Catcher"},{"floor":46,"key":"Mercury Hourglass"},{"floor":46,"key":"TheBean"},{"floor":47,"key":"hubris:CuriousFeather"},{"floor":47,"key":"conspire:InfiniteJournal"},{"floor":48,"key":"Byrd Skull"},{"floor":48,"key":"DeadEye"}],"event_choices":[{"damage_healed":0,"gold_gain":0,"player_choice":"Ignored","damage_taken":0,"max_hp_gain":0,"max_hp_loss":0,"event_name":"Vampires","floor":21,"gold_loss":0}],"is_beta":true,"boss_relics":[{"not_picked":["Painkiller Herb","hubris:BlackHole"],"picked":"MagicMushroom"},{"not_picked":[]},{"not_picked":["Cursed Key","hubris:VirtuousBlindfold"],"picked":"Runic Dome"},{"not_picked":[]}],"items_purged_floors":[],"is_endless":false,"potions_floor_spawned":[1,2,5,7,12,14,20,24,25,31,35,39,41,42,44,47],"ascension_level":20}}