{"host":"bbvmu6yleqps41w7","time":1612194718,"event":{"mods":["BaseMod","Colored Map","Colored Powertips","Downfall","Hermit","Marisa????????","Minty Spire (QoL Compilation)","StSLib","The Bug Knight","The Cursed","The Servant 0.9.4"],"gold_per_floor":[99,109,125,139,201,201,201,201,201,201,214,214,54,74,85,181,181,181,201,201,201,269,269,317,317,344,344,62,62,75,181,194,292,292,292,307,94,94,106,123,123,148,148,148,162,162,172,190,200,200],"floor_reached":51,"language":"ENG","playtime":2759,"items_purged":["bronze:Defend","bronze:Defend","bronze:Defend"],"score":737,"play_id":"43e1f5df-a616-4ede-a0a1-52705c1d5013","local_time":"20210201085158","is_ascension_mode":false,"campfire_choices":[{"data":"bronze:Replicate","floor":1,"key":"SMITH"},{"data":"bronze:Backtrace","floor":6,"key":"SMITH"},{"data":"bronze:Goto","floor":8,"key":"SMITH"},{"data":"bronze:Backtrace","floor":18,"key":"SMITH"},{"data":"bronze:Format","floor":27,"key":"SMITH"},{"data":"bronze:HardenedForm","floor":29,"key":"SMITH"},{"data":"bronze:SpaghettiCode","floor":35,"key":"SMITH"},{"data":"bronze:Mutator","floor":43,"key":"SMITH"}],"circlet_count":0,"master_deck":["bronze:Defend+1","bronze:Replicate+1","bronze:Goto+1","bronze:DelayedGuard+1","bronze:ForLoop","bronze:FindAndReplace+1","bronze:Backtrace+1","bronze:Backtrace+1","bronze:ClassDefault","bronze:Assembly","bronze:WhirlingStrike+1","bronze:DelayedSlice+1","bronze:Format+1","Slimebound:Tackle+1","Slimebound:Tackle+1","Slimebound:Tackle+1","bronze:CutThrough+1","bronze:Flail+1","bronze:HardenedForm+1","bronze:DigitalCarnage+1","bronze:SpaghettiCode+1","expansioncontent:DashGenerateEvil+1","bronze:ChosenStrike+1","bronze:Verify","bronze:Invalidate+1","bronze:Backtrace+1","bronze:Optimize+1","bronze:Mutator+1","bronze:Mutator","bronze:ThunderWave+1","bronze:Overload"],"relics":["bronze:PlatinumCore","Orichalcum","HornCleat","Molten Egg 2","Whetstone","Vajra","Membership Card","Strawberry","bronze:MakeshiftBattery","Toolbox","Ancient Tea Set","Singing Bowl","Potion Belt"],"acts_visited":["Exordium","TheCity","TheBeyond"],"potions_floor_usage":[5,16,33,33,49,50,50,50,50],"damage_taken":[{"damage":0,"enemies":"Small Slimes","floor":2,"turns":3},{"damage":0,"enemies":"2 Louse","floor":3,"turns":4},{"damage":3,"enemies":"Jaw Worm","floor":4,"turns":4},{"damage":21,"enemies":"Gremlin Nob","floor":5,"turns":6},{"damage":4,"enemies":"Exordium Thugs","floor":11,"turns":3},{"damage":0,"enemies":"downfall:FleeingMerchant","floor":13,"turns":4},{"damage":0,"enemies":"Lots of Slimes","floor":14,"turns":3},{"damage":0,"enemies":"Large Slime","floor":15,"turns":3},{"damage":21,"enemies":"DF_ARCHETYPE_STREAMLINE","floor":16,"turns":12},{"damage":0,"enemies":"Shell Parasite","floor":19,"turns":2},{"damage":0,"enemies":"Chosen","floor":23,"turns":1},{"damage":7,"enemies":"Book of Stabbing","floor":26,"turns":5},{"damage":3,"enemies":"downfall:FleeingMerchant","floor":28,"turns":4},{"damage":0,"enemies":"Centurion and Healer","floor":30,"turns":3},{"damage":0,"enemies":"downfall:FleeingMerchant","floor":31,"turns":2},{"damage":0,"enemies":"3 Cultists","floor":32,"turns":3},{"damage":14,"enemies":"WA_ARCHETYPE_CALM","floor":33,"turns":8},{"damage":0,"enemies":"3 Shapes","floor":36,"turns":2},{"damage":0,"enemies":"Orb Walker","floor":39,"turns":1},{"damage":0,"enemies":"Jaw Worm Horde","floor":40,"turns":2},{"damage":46,"enemies":"Nemesis","floor":42,"turns":3},{"damage":3,"enemies":"4 Shapes","floor":45,"turns":1},{"damage":20,"enemies":"Sphere and 2 Shapes","floor":47,"turns":3},{"damage":2,"enemies":"3 Darklings","floor":48,"turns":2},{"damage":0,"enemies":"4 Shapes","floor":49,"turns":2},{"damage":16,"enemies":"SI_POISON_ARCHETYPE","floor":50,"turns":5}],"seed_played":"2931922090985705404","potions_obtained":[{"floor":2,"key":"bronze:FreeFunctionsPotion"},{"floor":3,"key":"DuplicationPotion"},{"floor":4,"key":"DuplicationPotion"},{"floor":15,"key":"bronze:BuildAFunctionPotion"},{"floor":16,"key":"bronze:BurnAndBuffPotion"},{"floor":19,"key":"BlessingOfTheForge"},{"floor":30,"key":"EssenceOfSteel"},{"floor":39,"key":"Slimebound:ThreeZeroPotion"},{"floor":42,"key":"hexamod:SoulburnPotion"},{"floor":44,"key":"Slimebound:ThreeZeroPotion"},{"floor":44,"key":"ColorlessPotion"},{"floor":48,"key":"AttackPotion"}],"is_trial":false,"path_per_floor":["R","M","M","M","?","R","T","R","?","?","M","?","$","M","M","B",null,"R","M","?","?","T","M","T","?","E","R","$","R","M","$","M","B",null,"R","M","$","?","M","M","T","E","R","?","M","?","M","M","M","B",null],"character_chosen":"THE_AUTOMATON","items_purchased":["bronze:Assembly","Membership Card","Strawberry","bronze:SpaghettiCode","expansioncontent:DashGenerateEvil","Toolbox","Ancient Tea Set"],"campfire_rested":0,"item_purchase_floors":[13,28,28,31,31,37,37],"current_hp_per_floor":[70,70,70,67,46,46,46,46,46,46,42,42,42,42,42,21,70,70,70,70,70,70,70,70,62,55,55,59,59,59,59,59,45,77,77,77,77,77,77,77,77,31,31,31,30,30,10,10,20,14],"gold":200,"neow_bonus":"RANDOM_COMMON_RELIC","is_daily":false,"chose_seed":false,"campfire_upgraded":8,"win_rate":0.0,"timestamp":1612194718,"path_taken":["R","M","M","M","?","R","T","R","?","?","M","?","$","M","M","BOSS","R","M","?","?","?","?","T","?","E","R","$","R","?","$","M","BOSS","R","M","$","?","?","M","T","E","R","?","?","?","?","M","M","BOSS"],"items_purchased_type":["Card","Relic","Relic","Card","Card","Relic","Relic"],"build_version":"2020-12-22","purchased_purges":3,"victory":true,"max_hp_per_floor":[70,70,70,70,70,70,70,70,70,70,70,70,70,70,70,70,70,70,70,70,70,70,70,70,70,70,70,77,77,77,77,77,77,77,77,77,77,77,77,77,77,77,77,77,79,79,79,81,81,81],"card_choices":[{"not_picked":["bronze:Invalidate","bronze:CutThrough"],"picked":"bronze:DelayedGuard","floor":2},{"not_picked":["bronze:DelayedGuard","bronze:Invalidate"],"picked":"bronze:ForLoop","floor":3},{"not_picked":["bronze:OilSpill","bronze:ForceShield"],"picked":"bronze:FindAndReplace","floor":4},{"not_picked":["bronze:MaxOutput","bronze:BitShift"],"picked":"bronze:Backtrace","floor":5},{"not_picked":["bronze:ClassDefault","bronze:Invalidate"],"picked":"bronze:Backtrace","floor":11},{"not_picked":["bronze:MaxOutput","bronze:DelayedGuard"],"picked":"bronze:ClassDefault","floor":13},{"not_picked":["bronze:Philosophize","bronze:BronzeArmor"],"picked":"bronze:WhirlingStrike","floor":14},{"not_picked":["bronze:DarkDash","bronze:BronzeArmor"],"picked":"bronze:DelayedSlice","floor":15},{"not_picked":["bronze:HardenedForm","bronze:ShipIt"],"picked":"bronze:Format","floor":16},{"not_picked":["bronze:Repulsor","bronze:ItsAFeature+1","bronze:WildBeam"],"picked":"SKIP","floor":19},{"not_picked":["bronze:BugBarrage+1","bronze:NullPointer+1"],"picked":"bronze:CutThrough+1","floor":23},{"not_picked":["bronze:WhirlingStrike+1","bronze:ChildClass"],"picked":"bronze:Flail+1","floor":26},{"not_picked":["bronze:BuggyMess","bronze:Overheat+1"],"picked":"bronze:HardenedForm","floor":28},{"not_picked":["bronze:WildBeam+1","bronze:Turbo"],"picked":"bronze:DigitalCarnage+1","floor":30},{"not_picked":["bronze:Turbo","bronze:Overheat+1","bronze:Flail+1"],"picked":"SKIP","floor":31},{"not_picked":["bronze:Overload","bronze:BitShift"],"picked":"bronze:ChosenStrike+1","floor":32},{"not_picked":["bronze:AlphaBuild+1","bronze:Format"],"picked":"bronze:Verify","floor":33},{"not_picked":["bronze:BitShift","bronze:Flail+1"],"picked":"bronze:Invalidate+1","floor":36},{"not_picked":["bronze:BronzeArmor+1","bronze:Shield+1","bronze:ClassDefault"],"picked":"SKIP","floor":39},{"not_picked":["bronze:BuggyMess+1","bronze:Shield"],"picked":"bronze:Optimize+1","floor":40},{"not_picked":["bronze:Invalidate+1","bronze:Repulsor+1"],"picked":"bronze:Mutator","floor":42},{"not_picked":["bronze:Optimize+1","bronze:BitShift+1","bronze:Deprecate"],"picked":"Singing Bowl","floor":45},{"not_picked":["bronze:BitShift+1","bronze:Allocate+1"],"picked":"bronze:ThunderWave+1","floor":47},{"not_picked":["bronze:CutThrough+1","bronze:ForLoop","bronze:OilSpill+1"],"picked":"Singing Bowl","floor":48},{"not_picked":["bronze:Deprecate","bronze:GetLatest"],"picked":"bronze:Overload","floor":49}],"player_experience":624910,"relics_obtained":[{"floor":5,"key":"HornCleat"},{"floor":7,"key":"HollowMod:PaleOreRelic"},{"floor":22,"key":"Molten Egg 2"},{"floor":24,"key":"Whetstone"},{"floor":26,"key":"Vajra"},{"floor":41,"key":"Singing Bowl"},{"floor":42,"key":"Potion Belt"}],"event_choices":[{"cards_removed":["downfall:Malfunctioning"],"damage_healed":0,"gold_gain":0,"player_choice":"Card Removal","damage_taken":0,"max_hp_gain":0,"max_hp_loss":0,"event_name":"The Cleric","floor":12,"gold_loss":0},{"damage_healed":0,"gold_gain":0,"player_choice":"Ignored","damage_taken":0,"max_hp_gain":0,"max_hp_loss":0,"event_name":"Vampires","floor":20,"gold_loss":0},{"damage_healed":0,"gold_gain":0,"player_choice":"Got Potions","damage_taken":0,"max_hp_gain":0,"max_hp_loss":0,"event_name":"Lab","floor":44,"gold_loss":0}],"is_beta":false,"boss_relics":[{"not_picked":["Astrolabe","Busted Crown"],"picked":"bronze:PlatinumCore"},{"not_picked":["Calling Bell","Tiny House"],"picked":"bronze:MakeshiftBattery"}],"items_purged_floors":[28,31,37],"is_endless":false,"potions_floor_spawned":[2,3,4,15,16,19,30,32,39,42,47,48],"ascension_level":0}}