{"host":"oehe2dxjvdgux73m","time":1612196925,"event":{"mods":["AchievementEnabler","BaseMod","Colored Map","Colored Powertips","DeckTracker","Keyboard Shortcuts","Minty Spire (QoL Compilation)","Permanent Neow","Quick Restart","StSLib","SuperFastMode"],"gold_per_floor":[362,73,93,93,126,126,194,194,194,233,233,284,351,421,421,495,495,507,507,287,265,235,235,275,275,275,317,361,16,54,91,91,168,168,210,1,13,49,49,49],"floor_reached":39,"language":"KOR","playtime":1526,"items_purged":["Strike_G","Strike_G","Strike_G","Strike_G"],"score":783,"play_id":"56d62b39-1729-4fb7-a42e-667741654148","local_time":"20210202012845","is_ascension_mode":true,"campfire_choices":[{"data":"HandOfGreed","floor":6.0,"key":"SMITH"},{"data":"Neutralize","floor":11.0,"key":"SMITH"},{"floor":15.0,"key":"REST"},{"data":"Unload","floor":23.0,"key":"SMITH"},{"data":"Noxious Fumes","floor":25.0,"key":"SMITH"},{"floor":32.0,"key":"REST"}],"circlet_count":0,"master_deck":["AscendersBane","Defend_G","Defend_G","Defend_G","Defend_G","Defend_G","Survivor","Neutralize+1","HandOfGreed+1","PiercingWail","Dagger Throw","Quick Slash","Blade Dance","Malaise","Unload+1","PiercingWail","Noxious Fumes+1","PiercingWail","Noxious Fumes+1","Finesse","Dodge and Roll","Grand Finale","Venomology","Acrobatics+1","Purity","Calculated Gamble","Adrenaline","Dodge and Roll+1","Adrenaline","Blur","Reflex"],"relics":["Ring of the Snake","Membership Card","Pantograph","Omamori","Runic Pyramid","Lee\u0027s Waffle","Vajra","Meat on the Bone","DollysMirror","Orrery"],"acts_visited":["Exordium","TheCity","TheBeyond"],"potions_floor_usage":[39,39],"damage_taken":[{"damage":1.0,"enemies":"2 Louse","floor":1.0,"turns":4.0},{"damage":2.0,"enemies":"Jaw Worm","floor":3.0,"turns":4.0},{"damage":4.0,"enemies":"Small Slimes","floor":5.0,"turns":7.0},{"damage":6.0,"enemies":"3 Louse","floor":7.0,"turns":3.0},{"damage":3.0,"enemies":"Red Slaver","floor":10.0,"turns":3.0},{"damage":2.0,"enemies":"Gremlin Gang","floor":13.0,"turns":7.0},{"damage":0.0,"enemies":"2 Fungi Beasts","floor":14.0,"turns":4.0},{"damage":64.0,"enemies":"Slime Boss","floor":16.0,"turns":14.0},{"damage":39.0,"enemies":"3 Byrds","floor":18.0,"turns":8.0},{"damage":23.0,"enemies":"2 Thieves","floor":21.0,"turns":4.0},{"damage":20.0,"enemies":"Snake Plant","floor":24.0,"turns":6.0},{"damage":5.0,"enemies":"Centurion and Healer","floor":27.0,"turns":7.0},{"damage":18.0,"enemies":"Shelled Parasite and Fungi","floor":28.0,"turns":8.0},{"damage":6.0,"enemies":"Snecko","floor":30.0,"turns":7.0},{"damage":7.0,"enemies":"Centurion and Healer","floor":31.0,"turns":6.0},{"damage":46.0,"enemies":"Collector","floor":33.0,"turns":7.0},{"damage":14.0,"enemies":"3 Shapes","floor":35.0,"turns":7.0},{"damage":12.0,"enemies":"Orb Walker","floor":37.0,"turns":5.0},{"damage":5.0,"enemies":"4 Shapes","floor":38.0,"turns":6.0},{"damage":54,"enemies":"Transient","floor":39,"turns":5}],"seed_played":"-287358554092477072","potions_obtained":[{"floor":5.0,"key":"EssenceOfSteel"},{"floor":7.0,"key":"PowerPotion"},{"floor":10.0,"key":"SkillPotion"},{"floor":22.0,"key":"DuplicationPotion"},{"floor":22.0,"key":"FearPotion"},{"floor":27.0,"key":"DuplicationPotion"},{"floor":35.0,"key":"Swift Potion"},{"floor":37.0,"key":"Dexterity Potion"}],"is_trial":false,"path_per_floor":["M","$","M","?","M","R","M","?","T","M","R","T","M","M","R","B",null,"M","?","$","M","?","R","M","R","T","M","M","$","M","M","R","B",null,"M","$","M","M","M"],"character_chosen":"THE_SILENT","items_purchased":["Membership Card","HandOfGreed","Lee\u0027s Waffle","Unload","PiercingWail","Meat on the Bone","DollysMirror","Finesse","Purity","Orrery"],"campfire_rested":2,"item_purchase_floors":[2,2,20,20,29,29,29,29,36,36],"current_hp_per_floor":[43,43,41,46,42,42,36,36,36,33,33,33,31,31,52,7,55,16,30,78,55,55,55,35,35,35,30,12,12,18,23,46,37,68,54,54,42,49,0,0],"gold":49,"neow_bonus":"TWO_FIFTY_GOLD","is_daily":false,"chose_seed":false,"campfire_upgraded":4,"win_rate":0.0,"timestamp":1612196925,"path_taken":["M","$","M","?","M","R","M","?","T","M","R","?","M","M","R","BOSS","M","?","$","M","?","R","?","R","T","M","M","$","?","M","R","BOSS","M","$","M","M","M"],"items_purchased_type":["Relic","Card","Relic","Card","Card","Relic","Relic","Card","Card","Relic"],"build_version":"2020-12-22","purchased_purges":4,"victory":false,"max_hp_per_floor":[66,66,66,71,71,71,71,71,71,71,71,71,71,71,71,71,71,71,71,78,78,78,78,78,78,78,78,78,78,78,78,78,78,78,78,78,78,78,78,78],"card_choices":[{"not_picked":["Deflect","Bane","Dodge and Roll"],"picked":"SKIP","floor":1.0},{"not_picked":["Prepared","Outmaneuver"],"picked":"PiercingWail","floor":3.0},{"not_picked":["Terror","Underhanded Strike"],"picked":"Dagger Throw","floor":5.0},{"not_picked":["Underhanded Strike","Flying Knee","Sucker Punch"],"picked":"SKIP","floor":7.0},{"not_picked":["Skewer","Underhanded Strike"],"picked":"Quick Slash","floor":10.0},{"not_picked":["Finisher","Dagger Throw","Deadly Poison"],"picked":"SKIP","floor":13.0},{"not_picked":["Dagger Spray","Choke"],"picked":"Blade Dance","floor":14.0},{"not_picked":["Doppelganger","After Image"],"picked":"Malaise","floor":16.0},{"not_picked":["Sucker Punch","Cloak And Dagger","Infinite Blades"],"picked":"SKIP","floor":18.0},{"not_picked":["Deadly Poison","Acrobatics"],"picked":"PiercingWail","floor":21.0},{"not_picked":["Bane","Deadly Poison"],"picked":"Noxious Fumes","floor":24.0},{"not_picked":["Accuracy","Bane","Skewer"],"picked":"SKIP","floor":27.0},{"not_picked":["Poisoned Stab","Underhanded Strike","Cloak And Dagger"],"picked":"SKIP","floor":28.0},{"not_picked":["Outmaneuver","Predator"],"picked":"Dodge and Roll","floor":30.0},{"not_picked":["Backflip+1","All Out Attack"],"picked":"Grand Finale","floor":31.0},{"not_picked":["After Image","Envenom"],"picked":"Venomology","floor":33.0},{"not_picked":["Poisoned Stab+1","Accuracy"],"picked":"Acrobatics+1","floor":35.0},{"not_picked":["Endless Agony","Reflex"],"picked":"Calculated Gamble","floor":36.0},{"not_picked":["Backstab+1","Dagger Throw"],"picked":"Adrenaline","floor":36.0},{"not_picked":["Dagger Throw+1","Blur+1"],"picked":"Dodge and Roll+1","floor":36.0},{"not_picked":["Sucker Punch","Dagger Throw"],"picked":"Adrenaline","floor":36.0},{"not_picked":["Acrobatics+1","Outmaneuver"],"picked":"Blur","floor":37.0},{"not_picked":["Quick Slash","Skewer"],"picked":"Reflex","floor":38.0}],"player_experience":341329,"relics_obtained":[{"floor":9.0,"key":"Pantograph"},{"floor":12.0,"key":"Omamori"},{"floor":26.0,"key":"Vajra"}],"event_choices":[{"damage_healed":0.0,"max_hp_gain":5.0,"max_hp_loss":0.0,"gold_gain":0.0,"event_name":"Big Fish","player_choice":"Donut","floor":4.0,"gold_loss":0.0,"damage_taken":0.0},{"cards_removed":["Strike_G"],"damage_healed":0.0,"max_hp_gain":0.0,"max_hp_loss":0.0,"gold_gain":0.0,"event_name":"Living Wall","player_choice":"Forget","floor":8.0,"gold_loss":0.0,"damage_taken":0.0},{"damage_healed":14.0,"max_hp_gain":0.0,"max_hp_loss":0.0,"gold_gain":0.0,"event_name":"The Library","player_choice":"Heal","floor":19.0,"gold_loss":0.0,"damage_taken":0.0},{"damage_healed":0.0,"max_hp_gain":0.0,"max_hp_loss":0.0,"gold_gain":0.0,"event_name":"The Woman in Blue","player_choice":"Bought 2 Potions","floor":22.0,"gold_loss":0.0,"damage_taken":0.0}],"is_beta":false,"boss_relics":[{"not_picked":["Busted Crown","SacredBark"],"picked":"Runic Pyramid"},{"not_picked":["Sozu","Coffee Dripper","Ring of the Serpent"]}],"items_purged_floors":[2,20,29,36],"is_endless":false,"potions_floor_spawned":[5,7,10,27,35,37,38],"killed_by":"Transient","ascension_level":20}}