{"host":"hs5g5f0q56ds4vmn","time":1612194156,"event":{"mods":["AchievementEnabler","BaseMod","DeckTracker","Highlight Path","Minty Spire (QoL Compilation)","SuperFastMode","everything is the same but u backflip on backflip"],"gold_per_floor":[117,292,63,81,97,97,129,145,169,169,169],"floor_reached":10,"language":"KOR","playtime":581,"items_purged":["Doubt"],"score":71,"play_id":"ebbca1d2-6c15-424e-970b-33891b4c0cde","local_time":"20210202004236","is_ascension_mode":true,"campfire_choices":[{"data":"Dagger Spray","floor":6,"key":"SMITH"}],"circlet_count":0,"master_deck":["Strike_G","Strike_G","Strike_G","Strike_G","Strike_G","Defend_G","Defend_G","Defend_G","Defend_G","Defend_G","Survivor","Neutralize","Dagger Spray+1","Phantasmal Killer","Well Laid Plans"],"relics":["Ring of the Snake","NeowsBlessing","TwistedFunnel","Strawberry","Vajra"],"acts_visited":["Exordium"],"potions_floor_usage":[7,7],"damage_taken":[{"damage":0,"enemies":"Jaw Worm","floor":1,"turns":1},{"damage":0,"enemies":"2 Louse","floor":4,"turns":1},{"damage":0,"enemies":"Small Slimes","floor":5,"turns":1},{"damage":57,"enemies":"Lagavulin","floor":7,"turns":10},{"damage":6,"enemies":"Red Slaver","floor":8,"turns":3},{"damage":17,"enemies":"3 Sentries","floor":10,"turns":3}],"seed_played":"-889723701201383826","potions_obtained":[{"floor":1,"key":"SpeedPotion"},{"floor":5,"key":"Fire Potion"},{"floor":7,"key":"Ancient Potion"}],"is_trial":false,"path_per_floor":["M","?","$","M","M","R","E","M","T","E"],"character_chosen":"THE_SILENT","items_purchased":["TwistedFunnel"],"campfire_rested":0,"item_purchase_floors":[3],"current_hp_per_floor":[70,70,70,70,70,70,20,14,14,0,0],"gold":169,"neow_bonus":"THREE_ENEMY_KILL","is_daily":false,"chose_seed":false,"campfire_upgraded":1,"win_rate":0.0,"timestamp":1612194156,"path_taken":["M","?","$","M","M","R","E","M","T","E"],"items_purchased_type":["Relic"],"build_version":"2020-12-22","purchased_purges":1,"victory":false,"max_hp_per_floor":[70,70,70,70,70,70,77,77,77,77,77],"card_choices":[{"not_picked":["Slice","Choke"],"picked":"Dagger Spray","floor":1},{"not_picked":["Predator","Leg Sweep","Prepared"],"picked":"SKIP","floor":4},{"not_picked":["Sucker Punch","Leg Sweep","Poisoned Stab"],"picked":"SKIP","floor":5},{"not_picked":["Dagger Spray","Blur"],"picked":"Phantasmal Killer","floor":7},{"not_picked":["Dodge and Roll","Acrobatics"],"picked":"Well Laid Plans","floor":8}],"player_experience":531590,"relics_obtained":[{"floor":7,"key":"Strawberry"},{"floor":9,"key":"Vajra"}],"event_choices":[{"damage_healed":0,"gold_gain":175,"player_choice":"AGREE","damage_taken":0,"max_hp_gain":0,"max_hp_loss":0,"event_name":"Liars Game","floor":2,"gold_loss":0,"cards_obtained":["Doubt"]}],"is_beta":false,"boss_relics":[],"items_purged_floors":[3],"is_endless":false,"potions_floor_spawned":[1,5,7],"killed_by":"3 Sentries","ascension_level":1}}