{"host":"g1wmg2w41xhsnw8g","time":1612160873,"event":{"mods":["2.2 Compatiblity","Act Like it!","Aspiration","BaseMod","Better Altar","Better Match","Better Note","Better Sensory Stone","Better Skull","Better Third Choice","BetterRewards","Booster Modes","CapriCore","Colored Map","Colored Powertips","Defuse TimeMaze Blight","Displayed Cursed Tome","Fox Events","Friendly Minions","GifTheSpireLib","Good Game Mod","Googly Eyes","Hubris","Infinite Spire","Ironclad Rager","Jedi Mod","Minty Spire (QoL Compilation)","Monster B Gone","Red Circlet Mod","Relic Filter Mod","Relic Sorter","Reliquary","Replay The Spire","SCP261 Mod","Shop Mod","Small Relic Pack","Smile Girya","Spicy Shops","Spikes Relics","StSLib","Strawberry Spire","Stuff the Spire","The Runesmith","The Sage","Trackpad","Transform Curses","Wandering Minibosses","Weighted Paths","????"],"gold_per_floor":[115,115,115,125,125,125,165,165,192,236,255,46,46,67,67,193,256,236,261,261,261,261,299,299,337,337,361,13,13,13,48,48,48,48],"floor_reached":33,"language":"ENG","playtime":2124,"items_purged":[],"score":403,"play_id":"b249e86d-b436-40eb-a4e5-55d5e39d209b","local_time":"20210201012753","is_ascension_mode":true,"campfire_choices":[{"data":"StuffTheSpire:Innocence","floor":6,"key":"SMITH"},{"data":"Consume","floor":8,"key":"SMITH"},{"data":"Zap","floor":13,"key":"SMITH"},{"data":"sagemod:Cultist_Form","floor":15,"key":"SMITH"},{"floor":24,"key":"REST"},{"floor":30,"key":"REST"},{"data":"StuffTheSpire:NuclearReactor","floor":32,"key":"SMITH"}],"circlet_count":0,"master_deck":["Zap+1","Dualcast","ICR:ProbingStrike","ICR:ProbingStrike","ICR:ProbingStrike","ICR:ProbingStrike","ICR:AutoDefend","ICR:AutoDefend","ICR:AutoDefend","ICR:AutoDefend","Self Repair","StuffTheSpire:Innocence+1","jedi:blockon","sagemod:Cultist_Form+1","Consume+1","jedi:locknload","Cold Snap","Fission+1","Storm+1","jedi:markofdeath","Cloak And Dagger+1","ICR:Cyclone","Tempest","jedi:BurstLightning","StuffTheSpire:NuclearReactor+1","Ball Lightning+1"],"relics":["Cracked Core","REME:ComplimentaryCards","relicPack:OneForAll","Golden Idol","Oddly Smooth Stone","hubris:ToyBattleship","Incense Burner","MerchantsRug","StuffTheSpire:Saxophone","Replay:Baseball","Gambling Chip","Rawhide","StuffTheSpire:BottledEssence","aspiration:ChemicalBlood","Runesmith:AutoHammer"],"acts_visited":["Exordium","TheCity"],"potions_floor_usage":[10,19,25,31,33,33],"damage_taken":[{"damage":2,"enemies":"Small Slimes","floor":1,"turns":3},{"damage":0,"enemies":"2 Louse","floor":4,"turns":3},{"damage":0,"enemies":"Lagavulin","floor":7,"turns":8},{"damage":23,"enemies":"Gremlin Nob","floor":10,"turns":4},{"damage":0,"enemies":"Cultist","floor":11,"turns":4},{"damage":11,"enemies":"2 Fungi Beasts","floor":14,"turns":6},{"damage":0,"enemies":"Slime Boss","floor":16,"turns":8},{"damage":24,"enemies":"2 Thieves","floor":18,"turns":5},{"damage":38,"enemies":"Spheric Guardian","floor":19,"turns":7},{"damage":30,"enemies":"strawberrySpire:AncientClocktower","floor":23,"turns":7},{"damage":15,"enemies":"Gremlin Leader","floor":25,"turns":7},{"damage":10,"enemies":"Cultist and Chosen","floor":27,"turns":6},{"damage":11,"enemies":"Nightmare","floor":31,"turns":6},{"damage":43,"enemies":"Champ","floor":33,"turns":6}],"seed_played":"-6403825063980625517","potions_obtained":[{"floor":1,"key":"Flashbang"},{"floor":7,"key":"AttackPotion"},{"floor":10,"key":"SkillPotion"},{"floor":11,"key":"Death Potion"},{"floor":17,"key":"EssenceOfSteel"},{"floor":23,"key":"Energy Potion"},{"floor":25,"key":"Strength Potion"},{"floor":31,"key":"LiquidBronze"}],"is_trial":false,"path_per_floor":["M","?","?","M","?","R","E","R","T","E","M","$","R","M","R","B",null,"M","M","?","?","?","E","R","E","T","M","R","?","R","NM","R","B"],"character_chosen":"DEFECT","items_purchased":["MerchantsRug","StuffTheSpire:Saxophone","StuffTheSpire:BottledEssence","aspiration:ChemicalBlood","StuffTheSpire:NuclearReactor"],"campfire_rested":2,"item_purchase_floors":[12,12,28,28,28],"current_hp_per_floor":[73,73,66,73,55,55,62,62,62,46,53,53,53,49,49,49,80,63,32,32,32,32,9,33,25,25,22,22,22,46,42,42,0,0],"gold":48,"neow_bonus":"DEFECT_WARDEN","is_daily":false,"chose_seed":false,"campfire_upgraded":5,"win_rate":0.0,"timestamp":1612160873,"path_taken":["M","?","?","M","?","R","E","R","T","E","M","$","R","M","R","BOSS","M","M","?","?","?","E","R","E","T","M","R","?","R","NM","R","BOSS"],"items_purchased_type":["Relic","Relic","Relic","Relic","Card"],"build_version":"2020-12-22","purchased_purges":0,"victory":false,"max_hp_per_floor":[75,75,75,75,75,75,75,75,75,75,75,75,75,75,75,75,80,80,80,80,80,80,80,80,80,80,80,80,80,80,80,80,80,80],"card_choices":[{"not_picked":["jedi:markofdeath","Force Field"],"picked":"Self Repair","floor":1},{"not_picked":["Beam Cell","jedi:BurstFrost"],"picked":"jedi:blockon","floor":4},{"not_picked":["jedi:blockon","Hologram"],"picked":"Consume","floor":7},{"not_picked":["StuffTheSpire:Plugnplay","Beam Cell"],"picked":"jedi:locknload","floor":10},{"not_picked":["Stack","StuffTheSpire:LaunchingStrike"],"picked":"Cold Snap","floor":11},{"not_picked":["Undo","ReplayTheSpireMod:Repulse","Leap"],"picked":"SKIP","floor":14},{"not_picked":["jedi:gatheringstorm","Amplify"],"picked":"Fission","floor":16},{"not_picked":["Compile Driver","Go for the Eyes"],"picked":"Storm","floor":17},{"not_picked":["jedi:blockon","StuffTheSpire:LaunchingStrike","Barrage"],"picked":"SKIP","floor":18},{"not_picked":["jedi:blockon","jedi:BurstFrost"],"picked":"jedi:markofdeath","floor":19},{"not_picked":["Beam Cell+1","Stack"],"picked":"ICR:Cyclone","floor":23},{"not_picked":["Hologram","ReplayTheSpireMod:Omega Cannon"],"picked":"Tempest","floor":25},{"not_picked":["Beam Cell","Leap"],"picked":"jedi:BurstLightning","floor":27},{"not_picked":["Gash","Amplify"],"picked":"Ball Lightning+1","floor":31}],"player_experience":963186,"relics_obtained":[{"floor":7,"key":"Oddly Smooth Stone"},{"floor":9,"key":"hubris:ToyBattleship"},{"floor":10,"key":"Incense Burner"},{"floor":23,"key":"Replay:Baseball"},{"floor":25,"key":"Gambling Chip"},{"floor":26,"key":"Rawhide"},{"floor":31,"key":"Runesmith:AutoHammer"}],"event_choices":[{"damage_healed":0,"gold_gain":0,"player_choice":"Take Damage","damage_taken":18,"relics_obtained":["Golden Idol"],"max_hp_gain":0,"max_hp_loss":0,"event_name":"Golden Idol","floor":5,"gold_loss":0},{"cards_removed":["StuffTheSpire:Innocence"],"damage_healed":0,"gold_gain":0,"player_choice":"Take \u0026 Give","damage_taken":0,"max_hp_gain":0,"max_hp_loss":0,"event_name":"betterNote:BetterNote","floor":20,"gold_loss":0,"cards_obtained":["Cloak And Dagger"]},{"damage_healed":0,"gold_gain":0,"player_choice":"Ignored","damage_taken":0,"max_hp_gain":0,"max_hp_loss":0,"event_name":"Ghosts","floor":21,"gold_loss":0},{"damage_healed":0,"gold_gain":0,"player_choice":"Forge","damage_taken":0,"max_hp_gain":0,"max_hp_loss":0,"event_name":"Accursed Blacksmith","floor":29,"gold_loss":0,"cards_upgraded":["Storm"]}],"is_beta":false,"boss_relics":[{"not_picked":["Replay:Bronze Core","Snecko Eye"],"picked":"Tiny House"}],"items_purged_floors":[],"is_endless":false,"potions_floor_spawned":[1,7,10,11,23,25,31],"killed_by":"Champ","ascension_level":1}}