{"host":"flash","time":1612182769,"event":{"mods":["ATMod(°¢èªMod)","Act Like it!","Aspiration","BaseMod","Minty Spire (QoL Compilation)","Shop Mod","StSLib","¡¾ÒÅÎï¿¨ÅÆ¡¿REMEMod"],"gold_per_floor":[109,126,126,140,58,89,89,116,141,171,184,184,199,49,49,123,123,134,134,233,143,157,184,196,223,247,247,264,291,307,321,321,392,392,402,402,427,473,104,129,129,161,161,181,209,227,240,274,274,274],"floor_reached":51,"language":"ZHS","playtime":1910,"items_purged":["Defend_B"],"score":2167,"play_id":"ebc58b8e-d4fd-4a10-8495-553d1e454819","local_time":"20210201203249","is_ascension_mode":true,"campfire_choices":[{"data":"AT_EmpoweredMortalDraw","floor":7.0,"key":"SMITH"},{"data":"Zap","floor":12.0,"key":"SMITH"},{"data":"Reboot","floor":15.0,"key":"SMITH"},{"data":"Strike_B","floor":27.0,"key":"PURGE"},{"data":"Coolheaded","floor":32.0,"key":"SMITH"},{"data":"Dualcast","floor":41,"key":"SMITH"},{"data":"Amplify","floor":49,"key":"SMITH"}],"circlet_count":0,"master_deck":["AscendersBane","Strike_B","Strike_B","Defend_B+1","Defend_B","Defend_B","Zap+1","Dualcast+1","AT_RightCognition","Finesse","AT_EmpoweredMortalDraw+1","Undo","Steam","FTL","Reboot+1","BootSequence","Turbo","AT_DarkMatter","Gash","AT_RobotInSpace","Defragment","Coolheaded+1","Reboot","All For One","REME_Compress+1","Madness","Madness","Heatsinks","Gash+1","AT_WaterDrop","Electrodynamics","AT_HeatAcrobatics","Amplify+1"],"relics":["AT_ATBox","REME_ComplimentaryCards","AT_MortalBlade","Happy Flower","Dead Branch","Akabeko","Toy Ornithopter","AT_ChloranthyRing","REME_DuelDisc","MutagenicStrength","Eternal Feather","Peace Pipe","Nunchaku","Regal Pillow","SlaversCollar","Ginger","TungstenRod","AT_Manta","Singing Bowl","AT_ArchangelStaff","CaptainsWheel","AT_SunfireAegis","Vajra"],"acts_visited":["Exordium","TheCity","TheBeyond"],"potions_floor_usage":[33,50],"damage_taken":[{"damage":6.0,"enemies":"Small Slimes","floor":1.0,"turns":2.0},{"damage":0.0,"enemies":"Cultist","floor":2.0,"turns":1.0},{"damage":0.0,"enemies":"Jaw Worm","floor":4.0,"turns":3.0},{"damage":0.0,"enemies":"3 Sentries","floor":6.0,"turns":2.0},{"damage":1.0,"enemies":"Lagavulin","floor":8.0,"turns":3.0},{"damage":0.0,"enemies":"Gremlin Nob","floor":10.0,"turns":2.0},{"damage":0.0,"enemies":"Exordium Wildlife","floor":11.0,"turns":2.0},{"damage":0.0,"enemies":"3 Louse","floor":13.0,"turns":2.0},{"damage":0.0,"enemies":"The Guardian","floor":16.0,"turns":8.0},{"damage":0.0,"enemies":"Spheric Guardian","floor":18.0,"turns":1.0},{"damage":0.0,"enemies":"Chosen","floor":22.0,"turns":3.0},{"damage":0.0,"enemies":"Gremlin Leader","floor":23.0,"turns":2.0},{"damage":0.0,"enemies":"3 Cultists","floor":24.0,"turns":2.0},{"damage":0.0,"enemies":"Slavers","floor":25.0,"turns":1.0},{"damage":14.0,"enemies":"Snake Plant","floor":28.0,"turns":3.0},{"damage":16.0,"enemies":"Book of Stabbing","floor":29.0,"turns":3.0},{"damage":0.0,"enemies":"Cultist and Chosen","floor":30.0,"turns":2.0},{"damage":0.0,"enemies":"Centurion and Healer","floor":31.0,"turns":1.0},{"damage":4,"enemies":"Collector","floor":33,"turns":4},{"damage":0,"enemies":"Orb Walker","floor":35,"turns":1},{"damage":0,"enemies":"Mind Bloom Boss Battle","floor":37,"turns":2},{"damage":0,"enemies":"2 Orb Walkers","floor":38,"turns":1},{"damage":14,"enemies":"Giant Head","floor":40,"turns":7},{"damage":0,"enemies":"Nemesis","floor":42,"turns":3},{"damage":0,"enemies":"3 Darklings","floor":44,"turns":2},{"damage":0,"enemies":"Giant Head","floor":45,"turns":1},{"damage":0,"enemies":"Jaw Worm Horde","floor":46,"turns":2},{"damage":0,"enemies":"Sphere and 2 Shapes","floor":47,"turns":2},{"damage":0,"enemies":"Reptomancer","floor":48,"turns":2},{"damage":14,"enemies":"Awakened One","floor":50,"turns":5}],"seed_played":"7710938821125298651","potions_obtained":[{"floor":2.0,"key":"LiquidBronze"},{"floor":6.0,"key":"Energy Potion"},{"floor":8.0,"key":"Dexterity Potion"},{"floor":18.0,"key":"PowerPotion"},{"floor":33,"key":"FocusPotion"}],"is_trial":false,"path_per_floor":["M","M","?","M","$","E","R","E","T","E","M","R","M","$","R","B",null,"M","?","?","?","M","E","M","E","T","R","M","E","M","M","R","B",null,"M","?","?","?","$","E","R","E","T","M","E","M","M","E","R","B",null],"character_chosen":"DEFECT","items_purchased":["FTL","AT_ChloranthyRing","AT_Manta"],"campfire_rested":0,"item_purchase_floors":[5,14,39],"current_hp_per_floor":[58,58,58,58,58,58,58,57,57,57,57,57,57,57,57,57,68,68,68,68,68,68,68,68,68,68,71,57,41,41,41,53,54,67,67,58,58,58,58,44,62,62,62,64,66,66,68,68,77,63],"gold":274,"neow_bonus":"BOSS_RELIC","is_daily":false,"chose_seed":false,"campfire_upgraded":6,"win_rate":0.0,"timestamp":1612182769,"path_taken":["M","M","?","M","$","E","R","E","T","E","?","R","M","?","R","BOSS","M","?","?","?","M","E","M","E","T","R","M","E","?","M","R","BOSS","M","?","?","?","$","E","R","E","T","M","E","M","M","E","R","BOSS"],"items_purchased_type":["Card","Relic","Relic"],"build_version":"2020-12-18","purchased_purges":1,"victory":true,"max_hp_per_floor":[71,71,71,71,71,71,71,71,71,71,71,71,71,71,71,71,71,71,71,71,71,71,71,71,71,71,71,71,71,71,71,71,71,71,71,71,71,71,71,71,71,71,71,73,75,75,77,77,77,77],"card_choices":[{"not_picked":["Loop","Streamline"],"picked":"Undo","floor":1.0},{"not_picked":["Chill","Loop"],"picked":"Steam","floor":2.0},{"not_picked":["Loop","Steam","Conserve Battery"],"picked":"SKIP","floor":4.0},{"not_picked":["Conserve Battery","Lockon","AT_HeatAcrobatics"],"picked":"SKIP","floor":6.0},{"not_picked":["Cold Snap","Fusion"],"picked":"Reboot","floor":8.0},{"not_picked":["Undo","Darkness","AT_ThreeBodyProblem"],"picked":"SKIP","floor":10.0},{"not_picked":["Ball Lightning","Redo","Sweeping Beam"],"picked":"SKIP","floor":11.0},{"not_picked":["Rebound","Beam Cell"],"picked":"BootSequence","floor":13.0},{"not_picked":["Self Repair+1","Stack"],"picked":"Turbo","floor":18.0},{"not_picked":["AT_HeatAcrobatics","Sweeping Beam"],"picked":"AT_DarkMatter","floor":22.0},{"not_picked":["Compile Driver","Storm"],"picked":"Gash","floor":23.0},{"not_picked":["Chaos","Turbo","Gash"],"picked":"SKIP","floor":24.0},{"not_picked":["Skim","Heatsinks"],"picked":"AT_RobotInSpace","floor":25.0},{"not_picked":["Sunder+1","Hologram"],"picked":"Defragment","floor":28.0},{"not_picked":["Gash","Loop"],"picked":"Coolheaded","floor":29.0},{"not_picked":["Go for the Eyes","Leap","Capacitor"],"picked":"SKIP","floor":30.0},{"not_picked":["Gash","Redo"],"picked":"Reboot","floor":31.0},{"not_picked":["Fission","Meteor Strike"],"picked":"All For One","floor":33},{"not_picked":["Beam Cell","AT_HeatAcrobatics"],"picked":"REME_Compress+1","floor":35},{"not_picked":["AT_ThunderBolt","Force Field"],"picked":"Heatsinks","floor":37},{"not_picked":["Sweeping Beam","Ball Lightning"],"picked":"Gash+1","floor":38},{"not_picked":["Stack","Rip and Tear+1"],"picked":"AT_WaterDrop","floor":40},{"not_picked":["Steam+1","Lockon+1"],"picked":"Electrodynamics","floor":42},{"not_picked":["Streamline","Cold Snap","Redo"],"picked":"Singing Bowl","floor":44},{"not_picked":["AT_WarpDrive","Doom and Gloom","Chaos"],"picked":"Singing Bowl","floor":45},{"not_picked":["Capacitor+1","Consume+1"],"picked":"AT_HeatAcrobatics","floor":46},{"not_picked":["Stack+1","BootSequence","Leap"],"picked":"Singing Bowl","floor":47},{"not_picked":["Cold Snap","AT_RightCognition"],"picked":"Amplify","floor":48}],"player_experience":679475,"relics_obtained":[{"floor":6.0,"key":"Happy Flower"},{"floor":8.0,"key":"Dead Branch"},{"floor":9.0,"key":"Akabeko"},{"floor":10.0,"key":"Toy Ornithopter"},{"floor":23.0,"key":"Eternal Feather"},{"floor":25.0,"key":"Peace Pipe"},{"floor":26.0,"key":"Nunchaku"},{"floor":29.0,"key":"Regal Pillow"},{"floor":37,"key":"Ginger"},{"floor":38,"key":"TungstenRod"},{"floor":40,"key":"Singing Bowl"},{"floor":42,"key":"AT_ArchangelStaff"},{"floor":43,"key":"CaptainsWheel"},{"floor":45,"key":"AT_SunfireAegis"},{"floor":48,"key":"Vajra"}],"event_choices":[{"damage_healed":0.0,"max_hp_gain":0.0,"max_hp_loss":0.0,"gold_gain":0.0,"event_name":"The Woman in Blue","player_choice":"Bought 0 Potions","floor":3.0,"gold_loss":0.0,"damage_taken":0.0},{"damage_healed":0.0,"max_hp_gain":0.0,"max_hp_loss":0.0,"gold_gain":0.0,"event_name":"Drug Dealer","player_choice":"Inject Mutagens","floor":19.0,"gold_loss":0.0,"damage_taken":0.0,"relics_obtained":["MutagenicStrength"]},{"damage_healed":0.0,"max_hp_gain":0.0,"max_hp_loss":0.0,"gold_gain":99.0,"event_name":"Nest","player_choice":"Stole From Cult","floor":20.0,"gold_loss":0.0,"damage_taken":0.0},{"cards_removed":["Strike_B"],"damage_healed":0.0,"max_hp_gain":0.0,"max_hp_loss":0.0,"gold_gain":0.0,"event_name":"Designer","player_choice":"Upgrade and Remove","floor":21.0,"gold_loss":90.0,"damage_taken":0.0,"cards_upgraded":["Defend_B"]},{"damage_healed":0,"gold_gain":0,"player_choice":"Embrace Madness","damage_taken":9,"max_hp_gain":0,"max_hp_loss":0,"event_name":"Winding Halls","floor":36,"gold_loss":0,"cards_obtained":["Madness","Madness"]},{"damage_healed":0,"gold_gain":0,"player_choice":"Fight","damage_taken":0,"max_hp_gain":0,"max_hp_loss":0,"event_name":"MindBloom","floor":37,"gold_loss":0},{"damage_healed":0,"gold_gain":0,"player_choice":"Fight","damage_taken":0,"max_hp_gain":0,"max_hp_loss":0,"event_name":"Mysterious Sphere","floor":38,"gold_loss":0}],"is_beta":true,"boss_relics":[{"not_picked":["Snecko Eye","Fusion Hammer"],"picked":"REME_DuelDisc"},{"not_picked":["Astrolabe","REME_DemonsWealth"],"picked":"SlaversCollar"}],"items_purged_floors":[39],"is_endless":false,"potions_floor_spawned":[2,6,8,11,18,23,24,30,33,37,44,46,47],"ascension_level":14}}