{"host":"v0n6ky7dmveherv3","time":1612219976,"event":{"mods":["BaseMod","Better Third Choice","Downfall","Minty Spire (QoL Compilation)","StSLib"],"gold_per_floor":[99,111,111,111,128,128,175,60,60,73,73,102,2,27,41,143,143,143,157,173,191,191,219,219,232,242,276,276,304,114,143,155,251,251,251,266,286,302,312,329,356,390,409,442,457,473,323,349,368,368],"floor_reached":51,"language":"ENG","playtime":4198,"items_purged":["bronze:Strike","bronze:Defend"],"score":900,"play_id":"325bae91-8f5e-441a-8e88-5dd1cb35e4da","local_time":"20210201155256","is_ascension_mode":true,"campfire_choices":[{"data":"bronze:ShipIt","floor":1.0,"key":"SMITH"},{"data":"bronze:ItsAFeature","floor":6.0,"key":"SMITH"},{"data":"bronze:BugBarrage","floor":9.0,"key":"SMITH"},{"data":"bronze:BugBarrage","floor":13.0,"key":"SMITH"},{"data":"bronze:Goto","floor":18.0,"key":"SMITH"},{"data":"bronze:ItsAFeature","floor":28.0,"key":"SMITH"},{"data":"bronze:Boost","floor":35.0,"key":"SMITH"}],"circlet_count":0,"master_deck":["bronze:Strike","bronze:Strike","bronze:Strike","bronze:Defend+1","bronze:Defend","bronze:Defend+1","bronze:Replicate","bronze:Goto+1","bronze:ShipIt+1","bronze:ItsAFeature+1","bronze:BugBarrage+1","bronze:BugBarrage+1","bronze:ItsAFeature+1","bronze:Frontload+1","bronze:Frontload+1","bronze:FindAndReplace","bronze:MaxOutput","bronze:ItsAFeature","bronze:Boost+1","bronze:Mutator","bronze:Boost+1","bronze:Repair","bronze:Repair","bronze:ShipIt","bronze:Fortify"],"relics":["bronze:BronzeCore","Bag of Marbles","Nunchaku","Incense Burner","downfall:HeartBlessingGreen","Shovel","Coffee Dripper","Art of War","Bottled Flame","Question Card","War Paint","Calipers","Black Star","MealTicket","Omamori","Orichalcum","Gambling Chip","Unceasing Top","Letter Opener","Mango"],"acts_visited":["Exordium","TheCity","TheBeyond"],"potions_floor_usage":[44,45],"damage_taken":[{"damage":7.0,"enemies":"Small Slimes","floor":2.0,"turns":4.0},{"damage":0.0,"enemies":"Cultist","floor":4.0,"turns":1.0},{"damage":0.0,"enemies":"2 Louse","floor":5.0,"turns":3.0},{"damage":0.0,"enemies":"downfall:FleeingMerchant","floor":8.0,"turns":4.0},{"damage":10.0,"enemies":"Large Slime","floor":10.0,"turns":3.0},{"damage":24.0,"enemies":"3 Sentries","floor":12.0,"turns":5.0},{"damage":0.0,"enemies":"Gremlin Nob","floor":14.0,"turns":2.0},{"damage":1.0,"enemies":"Blue Slaver","floor":15.0,"turns":3.0},{"damage":1.0,"enemies":"SI_SHIV_ARCHETYPE","floor":16.0,"turns":5.0},{"damage":4.0,"enemies":"3 Byrds","floor":19.0,"turns":5.0},{"damage":4.0,"enemies":"Spheric Guardian","floor":20.0,"turns":3.0},{"damage":0.0,"enemies":"3 Cultists","floor":21.0,"turns":3.0},{"damage":15.0,"enemies":"Slavers","floor":23.0,"turns":4.0},{"damage":3.0,"enemies":"Snecko","floor":25.0,"turns":3.0},{"damage":2.0,"enemies":"Shelled Parasite and Fungi","floor":26.0,"turns":5.0},{"damage":1.0,"enemies":"Book of Stabbing","floor":27.0,"turns":5.0},{"damage":1.0,"enemies":"Gremlin Leader","floor":29.0,"turns":3.0},{"damage":0.0,"enemies":"downfall:FleeingMerchant","floor":30.0,"turns":4.0},{"damage":4.0,"enemies":"Book of Stabbing","floor":31.0,"turns":3.0},{"damage":0.0,"enemies":"Centurion and Healer","floor":32.0,"turns":3.0},{"damage":10.0,"enemies":"DF_ARCHETYPE_CLAW","floor":33.0,"turns":4.0},{"damage":6.0,"enemies":"3 Darklings","floor":36.0,"turns":6.0},{"damage":0.0,"enemies":"Orb Walker","floor":37.0,"turns":4.0},{"damage":11.0,"enemies":"3 Darklings","floor":38.0,"turns":5.0},{"damage":0.0,"enemies":"Sphere and 2 Shapes","floor":39.0,"turns":4.0},{"damage":3.0,"enemies":"Spire Growth","floor":40.0,"turns":5.0},{"damage":4.0,"enemies":"Giant Head","floor":42.0,"turns":7.0},{"damage":12.0,"enemies":"Transient","floor":43.0,"turns":5.0},{"damage":8,"enemies":"Reptomancer","floor":44,"turns":7},{"damage":10,"enemies":"3 Darklings","floor":45,"turns":6},{"damage":9,"enemies":"Maw","floor":46,"turns":5},{"damage":4,"enemies":"Nemesis","floor":48,"turns":7},{"damage":8,"enemies":"Spire Growth","floor":49,"turns":6},{"damage":22,"enemies":"WA_ARCHETYPE_DIVINITY","floor":50,"turns":13}],"seed_played":"-217871497242972906","potions_obtained":[{"floor":2.0,"key":"DuplicationPotion"},{"floor":5.0,"key":"Slimebound:ThreeZeroPotion"},{"floor":10.0,"key":"champ:CounterPotion"},{"floor":16.0,"key":"Swift Potion"},{"floor":23.0,"key":"PowerPotion"},{"floor":26.0,"key":"SmokeBomb"},{"floor":31.0,"key":"Swift Potion"},{"floor":33.0,"key":"Strength Potion"},{"floor":38.0,"key":"LiquidBronze"},{"floor":39.0,"key":"DuplicationPotion"},{"floor":44,"key":"Swift Potion"},{"floor":49,"key":"SteroidPotion"}],"is_trial":false,"path_per_floor":["R","M","?","M","M","R","T","$","R","M","?","E","R","E","M","B",null,"R","M","M","M","?","E","T","M","M","E","R","E","$","E","M","B",null,"R","M","M","M","M","M","T","E","M","E","M","M","?","E","M","B",null],"character_chosen":"THE_AUTOMATON","items_purchased":["bronze:BugBarrage","bronze:ItsAFeature"],"campfire_rested":0,"item_purchase_floors":[8,30],"current_hp_per_floor":[70,63,63,63,63,63,63,63,63,53,41,17,17,17,16,15,70,70,66,62,62,62,47,47,44,42,41,41,40,40,36,36,26,70,70,64,64,53,53,50,50,53,48,54,58,63,80,94,94,79],"gold":368,"neow_bonus":"ONE_RANDOM_RARE_CARD","is_daily":false,"chose_seed":false,"campfire_upgraded":7,"win_rate":0.0,"timestamp":1612219976,"path_taken":["R","M","?","M","M","R","T","$","R","M","?","E","R","E","M","BOSS","R","M","M","M","?","E","T","M","M","E","R","E","$","E","M","BOSS","R","M","M","M","M","M","T","E","M","E","M","M","?","E","M","BOSS"],"items_purchased_type":["Card","Card"],"build_version":"2020-12-22","purchased_purges":2,"victory":true,"max_hp_per_floor":[70,70,70,70,70,70,70,70,70,70,70,70,70,70,70,70,70,70,70,70,70,70,70,70,70,70,70,70,70,70,70,70,70,70,70,70,70,70,70,70,70,70,70,70,70,70,80,94,94,94],"card_choices":[{"not_picked":["bronze:OilSpill","bronze:Separator"],"picked":"bronze:ItsAFeature","floor":2.0},{"not_picked":["bronze:BitShift","bronze:DelayedSlice","bronze:Overload"],"picked":"SKIP","floor":4.0},{"not_picked":["bronze:OilSpill","bronze:ChildClass","bronze:Backtrace"],"picked":"SKIP","floor":5.0},{"not_picked":["bronze:OilSpill","bronze:Constructor"],"picked":"bronze:BugBarrage","floor":8.0},{"not_picked":["bronze:Separator","bronze:Iterate"],"picked":"bronze:ItsAFeature","floor":10.0},{"not_picked":["bronze:BuggyMess","bronze:Invalidate","bronze:InfiniteBeams"],"picked":"SKIP","floor":12.0},{"not_picked":["bronze:Repulsor","bronze:ChildClass","bronze:FollowUp"],"picked":"SKIP","floor":14.0},{"not_picked":["bronze:Constructor","bronze:Refactor","bronze:ChildClass"],"picked":"SKIP","floor":15.0},{"not_picked":["bronze:WildBeam","bronze:DelayedGuard"],"picked":"bronze:Frontload+1","floor":19.0},{"not_picked":["bronze:NullPointer","bronze:CloningBeam","bronze:DelayedGuard"],"picked":"SKIP","floor":20.0},{"not_picked":["bronze:CutThrough+1","bronze:Allocate+1","bronze:Branch"],"picked":"SKIP","floor":21.0},{"not_picked":["bronze:WildBeam","bronze:Deprecate","bronze:BuggyMess"],"picked":"SKIP","floor":23.0},{"not_picked":["bronze:Library","bronze:DelayedGuard+1","bronze:Flail"],"picked":"SKIP","floor":25.0},{"not_picked":["bronze:ForceShield","bronze:Overheat"],"picked":"bronze:Frontload+1","floor":26.0},{"not_picked":["bronze:Return+1","bronze:BitShift"],"picked":"bronze:FindAndReplace","floor":27.0},{"not_picked":["bronze:ClassDefault","bronze:Turbo","bronze:Repair+1"],"picked":"bronze:MaxOutput","floor":29.0},{"not_picked":["bronze:DelayedGuard","bronze:Iterate","bronze:Refactor","bronze:Constructor"],"picked":"SKIP","floor":30.0},{"not_picked":["bronze:WildBeam","bronze:OilSpill","bronze:CleanCode","bronze:InfiniteBeams+1"],"picked":"SKIP","floor":31.0},{"not_picked":["bronze:Terminator","bronze:Branch","bronze:OilSpill"],"picked":"bronze:Boost","floor":32.0},{"not_picked":["bronze:Verify","bronze:CleanCode","bronze:HardenedForm"],"picked":"bronze:Mutator","floor":33.0},{"not_picked":["bronze:Backtrace+1","bronze:Turbo","bronze:Constructor+1"],"picked":"bronze:Boost+1","floor":36.0},{"not_picked":["bronze:Separator+1","bronze:WhirlingStrike+1","bronze:Overheat","bronze:BitShift+1"],"picked":"SKIP","floor":37.0},{"not_picked":["bronze:NullPointer+1","bronze:ForLoop","bronze:OilSpill+1","bronze:BuggyMess+1"],"picked":"SKIP","floor":38.0},{"not_picked":["bronze:ChosenStrike","bronze:DarkDash","bronze:DelayedGuard"],"picked":"bronze:Repair","floor":39.0},{"not_picked":["bronze:BuggyMess","bronze:WildBeam","bronze:Deprecate","bronze:InfiniteBeams+1"],"picked":"SKIP","floor":40.0},{"not_picked":["bronze:FineTuning","bronze:BuggyMess+1","bronze:MaxOutput","bronze:InfiniteBeams+1"],"picked":"SKIP","floor":42.0},{"not_picked":["bronze:WhirlingStrike+1","bronze:BuggyMess+1","bronze:Turbo+1"],"picked":"bronze:Repair","floor":43.0},{"not_picked":["bronze:DelayedGuard","bronze:BuggyMess+1","bronze:WildBeam+1","bronze:FineTuning+1"],"picked":"SKIP","floor":44},{"not_picked":["bronze:ShipIt","bronze:Optimize+1","bronze:Frontload+1","bronze:Philosophize"],"picked":"SKIP","floor":45},{"not_picked":["bronze:Optimize+1","bronze:Frontload+1","bronze:Philosophize"],"picked":"bronze:ShipIt","floor":45},{"not_picked":["bronze:Deprecate","bronze:FineTuning","bronze:Separator","bronze:Frontload"],"picked":"SKIP","floor":46},{"not_picked":["bronze:DelayedSlice+1","bronze:OilSpill","bronze:CloningBeam+1"],"picked":"bronze:Fortify","floor":48},{"not_picked":["bronze:Philosophize","bronze:Overheat","bronze:BuggyMess+1","bronze:Deprecate+1"],"picked":"SKIP","floor":49}],"player_experience":138301,"relics_obtained":[{"floor":7.0,"key":"Bag of Marbles"},{"floor":12.0,"key":"Incense Burner"},{"floor":14.0,"key":"Shovel"},{"floor":23.0,"key":"Art of War"},{"floor":24.0,"key":"Bottled Flame"},{"floor":27.0,"key":"Question Card"},{"floor":29.0,"key":"War Paint"},{"floor":31.0,"key":"Calipers"},{"floor":41.0,"key":"MealTicket"},{"floor":42.0,"key":"Omamori"},{"floor":42.0,"key":"Orichalcum"},{"floor":44,"key":"Gambling Chip"},{"floor":44,"key":"Unceasing Top"},{"floor":48,"key":"Letter Opener"},{"floor":48,"key":"Mango"}],"event_choices":[{"damage_healed":0.0,"max_hp_gain":0.0,"max_hp_loss":0.0,"gold_gain":0.0,"event_name":"betterThird:BetterScrap","player_choice":"Relic ","floor":11.0,"gold_loss":0.0,"damage_taken":12.0,"cards_obtained":["Reflex"]},{"damage_healed":0.0,"max_hp_gain":0.0,"max_hp_loss":0.0,"gold_gain":0.0,"event_name":"Vampires","player_choice":"Ignored","floor":22.0,"gold_loss":0.0,"damage_taken":0.0}],"is_beta":false,"boss_relics":[{"not_picked":["Astrolabe","SacredBark"],"picked":"Coffee Dripper"},{"not_picked":["SlaversCollar","Busted Crown"],"picked":"Black Star"}],"items_purged_floors":[8,30],"is_endless":false,"potions_floor_spawned":[2,5,10,16,19,23,26,31,32,33,38,39,42,44,49],"ascension_level":1}}