{"host":"y3h3n3f7seyagppx","time":1612206841,"event":{"mods":["AlwaysNeverKeys","BaseMod","Better Vampires","Colored Powertips","DeckTracker","Emptier Cage","Minty Spire (QoL Compilation)","Permanent Neow","Quick Restart","Rare Cards Sparkle","Relic Sorter","Relic Stats","StSLib","Transform Curses"],"gold_per_floor":[119,138,155,155,172,200,200,229,229,257,276,286,286,286],"floor_reached":13,"language":"ENG","playtime":1131,"items_purged":[],"score":214,"play_id":"e1a67d23-56e6-4efb-a603-8c3251fa0d82","local_time":"20210201141401","is_ascension_mode":true,"campfire_choices":[{"floor":7,"key":"REST"}],"circlet_count":0,"master_deck":["AscendersBane","Strike_B","Strike_B","Strike_B","Defend_B","Defend_B","Defend_B","Defend_B","Zap","Dualcast","Cold Snap","Chill","Machine Learning","Conserve Battery","BootSequence","Darkness","Go for the Eyes"],"relics":["Sozu","Bottled Tornado","Bag of Preparation","Frozen Egg 2","Calipers"],"acts_visited":["Exordium"],"potions_floor_usage":[],"damage_taken":[{"damage":9,"enemies":"Jaw Worm","floor":1,"turns":4},{"damage":1,"enemies":"Cultist","floor":2,"turns":4},{"damage":0,"enemies":"Small Slimes","floor":3,"turns":4},{"damage":14,"enemies":"Exordium Wildlife","floor":5,"turns":5},{"damage":13,"enemies":"3 Sentries","floor":6,"turns":11},{"damage":15,"enemies":"Lagavulin","floor":8,"turns":10},{"damage":11,"enemies":"3 Sentries","floor":10,"turns":14},{"damage":0,"enemies":"Exordium Thugs","floor":11,"turns":4},{"damage":0,"enemies":"Red Slaver","floor":12,"turns":4},{"damage":55,"enemies":"Gremlin Nob","floor":13,"turns":4}],"seed_played":"4034845366689321776","potions_obtained":[],"is_trial":false,"path_per_floor":["M","M","M","?","M","E","R","E","T","E","M","M","E"],"character_chosen":"DEFECT","items_purchased":[],"campfire_rested":1,"item_purchase_floors":[],"current_hp_per_floor":[55,54,54,54,40,27,48,33,33,22,22,22,0,0],"gold":286,"neow_bonus":"BOSS_RELIC","is_daily":false,"chose_seed":false,"campfire_upgraded":0,"win_rate":0.0,"timestamp":1612206841,"path_taken":["M","M","M","?","M","E","R","E","T","E","M","?","E"],"items_purchased_type":[],"build_version":"2020-12-22","purchased_purges":0,"victory":false,"max_hp_per_floor":[71,71,71,71,71,71,71,71,71,71,71,71,71,71],"relic_stats":{"Sozu":3,"counters":[10,64],"Bag of Preparation":[8],"obtain_stats":[{"Sozu":0,"Calipers":10,"Bag of Preparation":8,"Bottled Tornado":6,"Frozen Egg 2":9,"Cracked Core":0},{"Sozu":0,"Calipers":7,"Bag of Preparation":6,"Bottled Tornado":5,"Frozen Egg 2":6,"Cracked Core":0},{"Sozu":0,"Calipers":52,"Bag of Preparation":38,"Bottled Tornado":28,"Frozen Egg 2":38,"Cracked Core":0}]},"card_choices":[{"not_picked":["Gash","Loop"],"picked":"Cold Snap","floor":1},{"not_picked":["Hologram","Rebound"],"picked":"Chill","floor":2},{"not_picked":["Steam","Hologram","Barrage"],"picked":"SKIP","floor":3},{"not_picked":["Steam","Hologram","Barrage"],"picked":"SKIP","floor":3},{"not_picked":["Multi-Cast","Reprogram","Hologram"],"picked":"SKIP","floor":5},{"not_picked":["Consume","Hello World"],"picked":"Conserve Battery","floor":6},{"not_picked":["Self Repair","Beam Cell"],"picked":"BootSequence","floor":8},{"not_picked":["Steam","Redo"],"picked":"Darkness","floor":10},{"not_picked":["Double Energy","Streamline","Beam Cell"],"picked":"SKIP","floor":11},{"not_picked":["Go for the Eyes","Rebound","Steam"],"picked":"SKIP","floor":12},{"not_picked":["Rebound","Steam"],"picked":"Go for the Eyes","floor":12}],"player_experience":21898333,"relics_obtained":[{"floor":6,"key":"Bottled Tornado"},{"floor":8,"key":"Bag of Preparation"},{"floor":9,"key":"Frozen Egg 2"},{"floor":10,"key":"Calipers"}],"event_choices":[{"damage_healed":0,"gold_gain":0,"cards_transformed":["Strike_B"],"player_choice":"Transformed","damage_taken":0,"max_hp_gain":0,"max_hp_loss":0,"event_name":"Transmorgrifier","floor":4,"gold_loss":0,"cards_obtained":["Machine Learning"]}],"is_beta":false,"boss_relics":[],"items_purged_floors":[],"is_endless":false,"potions_floor_spawned":[1,2,10],"killed_by":"Gremlin Nob","ascension_level":20}}