{"host":"hp5j21f092xpawtl","time":1612146806,"event":{"mods":["Act Like it!","BaseMod","Dota2Spire","Gensokyo","Minty Spire (QoL Compilation)","Remilia£®¿Ÿ√◊¿Ú—«£©","Replay The Spire","Shop Mod","StSLib","The Administrix","The Bladedancer","The Bug Knight","The Death Knight","The Servant 0.9.4","[IsaacMod]“‘»ˆº‚À˛"],"gold_per_floor":[109,129,129,139,139,139,171,171,221,306,331,345,358,358,358,456,456,468,483,483,71,81,81,106,106,106,106,144,144,154,154,154,154,154,250,250,269,283,283,183,223,255,288,115,139,179,179,218,249,260,260,280,280,280,97,142,142,142],"floor_reached":57,"language":"ZHS","playtime":4099,"items_purged":["Defend_RM","Hallownest:curseDreamersLament","Strike_RM"],"score":1044,"play_id":"59180fc8-38cf-4d40-a818-a36e6e8fa506","local_time":"20210201103326","is_ascension_mode":false,"campfire_choices":[{"data":"EndlessAdversity","floor":6.0,"key":"SMITH"},{"data":"Ultimatum","floor":8.0,"key":"SMITH"},{"data":"RedNightlessCastle","floor":15.0,"key":"SMITH"},{"data":"HunterOfTheNight","floor":23.0,"key":"SMITH"},{"data":"RedNightlessCastle","floor":25.0,"key":"SMITH"},{"floor":29.0,"key":"RECALL"},{"floor":34.0,"key":"DIG"},{"data":"ScarletCoffin","floor":51.0,"key":"SMITH"},{"data":"ScarletDream","floor":54.0,"key":"SMITH"}],"circlet_count":1,"master_deck":["Strike_RM+1","Strike_RM+1","Defend_RM","Defend_RM+1","ScarletShoot","ScarletImprint+1","Stigmanizer","EndlessAdversity+1","Ultimatum+1","UnderTheZenith","RedNightlessCastle+1","AfternoonTea","ForecastOfChange+1","HunterOfTheNight+1","MastersStateliness+1","DiffusionOfMisfortune+1","TransientEternity","FavorOfDestiny+1","RedNightlessCastle+1","ScarletDream+1","LeisurelyOfLord","ScarletDream+1","ScarletCoffin+1","UnderTheZenith","UnderTheZenith+1","EternalNight+1","HunterOfTheNight+1","ScarletImprint","ScarletSymphony+1","ScarletImprint"],"relics":["ScarletHat","Circlet","HushsDoor","Leech","Gensokyo:Justice","Dota2Spire:Vanguard","Dota2Spire:OctarineCore","Pen Nib","Toy Ornithopter","BargainBundle","Whetstone","DeathKnight:SindragosasSkull","ReplayTheSpireMod:Ninjato","Painkiller Herb","MoneyPower","Gremlin Food","Ancient Tea Set","HollowMod:PaleOreRelic","ForgetMeNow","BelialBook","Replay:Wax Seal","Oddly Smooth Stone","Replay:PocketPolymizer","Dota2Spire:LotusOrb","GuppysTail","TheBible","SatanicBible","YumHeart"],"acts_visited":["Gensokyo:Gensokyo","Hallownest:CityofTears","Gensokyo:Gensokyoest","TheEnding"],"potions_floor_usage":[],"damage_taken":[{"damage":5.0,"enemies":"Gensokyo:Gryphon","floor":1.0,"turns":3.0},{"damage":0.0,"enemies":"Gensokyo:Python","floor":2.0,"turns":2.0},{"damage":0.0,"enemies":"Gensokyo:2_Kodama","floor":4.0,"turns":2.0},{"damage":0.0,"enemies":"Gensokyo:Cirno","floor":7.0,"turns":4.0},{"damage":0.0,"enemies":"Gensokyo:Mamizou","floor":11.0,"turns":5.0},{"damage":0.0,"enemies":"Gensokyo:2_Rabbits","floor":12.0,"turns":3.0},{"damage":0.0,"enemies":"Gensokyo:Python_and_Kodama","floor":13.0,"turns":3.0},{"damage":0.0,"enemies":"Gensokyo:Reimu","floor":16.0,"turns":5.0},{"damage":12.0,"enemies":"Hallownest:Guard_and_Sentry","floor":18.0,"turns":6.0},{"damage":0.0,"enemies":"Hallownest:2_Mistakes","floor":19.0,"turns":3.0},{"damage":0.0,"enemies":"Hallownest:Warrior_and_Youth","floor":22.0,"turns":4.0},{"damage":0.0,"enemies":"Hallownest:Nosk","floor":24.0,"turns":4.0},{"damage":1.0,"enemies":"Hallownest:monsterShrumalOgre","floor":28.0,"turns":2.0},{"damage":1.0,"enemies":"Hallownest:2_Flukemon","floor":30.0,"turns":3.0},{"damage":167.0,"enemies":"Hallownest:BossMantisLord","floor":35.0,"turns":13.0},{"damage":0.0,"enemies":"Gensokyo:3_Boulders","floor":37.0,"turns":7.0},{"damage":1.0,"enemies":"Gensokyo:3_Bats","floor":38.0,"turns":3.0},{"damage":0.0,"enemies":"Gensokyo:SeedOfUnknown","floor":41.0,"turns":2.0},{"damage":0.0,"enemies":"Gensokyo:AtlasGolem","floor":42.0,"turns":5.0},{"damage":0.0,"enemies":"Gensokyo:Doremy","floor":43.0,"turns":2.0},{"damage":10.0,"enemies":"Gensokyo:3_Boulders","floor":46.0,"turns":6.0},{"damage":59.0,"enemies":"Gensokyo:Rafflesia","floor":48.0,"turns":10.0},{"damage":16.0,"enemies":"Gensokyo:Marisa","floor":49.0,"turns":6.0},{"damage":86.0,"enemies":"Gensokyo:4_Bats","floor":50.0,"turns":11.0},{"damage":5.0,"enemies":"Gensokyo:Yuyuko","floor":52.0,"turns":6.0},{"damage":104.0,"enemies":"Shield and Spear","floor":56.0,"turns":9.0},{"damage":0,"enemies":"Delirium","floor":57,"turns":1}],"seed_played":"-452672868215213383","potions_obtained":[{"floor":2.0,"key":"ColorlessPotion"},{"floor":7.0,"key":"Regen Potion"},{"floor":11.0,"key":"Fire Potion"},{"floor":16.0,"key":"Adrenaline Potion"},{"floor":22.0,"key":"CultistPotion"},{"floor":24.0,"key":"Fire Potion"},{"floor":35.0,"key":"Fire Potion"},{"floor":38.0,"key":"Slimebound:ThreeZeroPotion"},{"floor":42.0,"key":"Fire Potion"},{"floor":46.0,"key":"Dota2Spire:Clarity"},{"floor":49.0,"key":"LifebloodPotion"},{"floor":50.0,"key":"Strength Potion"}],"is_trial":false,"path_per_floor":["M","M","?","M","?","R","E","R","T","?","E","M","M","T","R","B",null,"M","M","?","$","M","R","E","R","T","?","M","R","M","PTL","PTL","?","R","B",null,"?","?","?","T","?","?","E","COS","T","?","?","?","E","?","T","B",null,"T","T","E","B"],"character_chosen":"REMILIA","items_purchased":["BargainBundle","DiffusionOfMisfortune","SkillPotion","Whetstone","TransientEternity","ScarletSymphony+1"],"campfire_rested":0,"item_purchase_floors":[21,21,21,21,21,55],"current_hp_per_floor":[77,78,78,79,63,63,67,67,67,52,56,58,60,60,60,70,82,74,80,76,76,79,79,82,82,82,82,82,82,82,82,82,82,82,92,92,96,98,98,98,99,99,99,99,99,95,56,99,98,24,24,24,109,109,109,11,11,11],"gold":142,"neow_bonus":"TEN_PERCENT_HP_BONUS","is_daily":false,"chose_seed":false,"campfire_upgraded":7,"win_rate":0.0,"timestamp":1612146806,"path_taken":["M","M","?","M","?","R","E","R","T","?","E","M","?","?","R","BOSS","M","?","?","$","M","R","E","R","T","?","?","R","M","PTL","PTL","?","R","BOSS","?","?","?","T","?","?","E","COS","T","?","?","?","E","?","T","BOSS","T","T","E","BOSS"],"items_purchased_type":["Relic","Card","Potion","Relic","Card","Card"],"build_version":"2020-12-22","purchased_purges":3,"victory":false,"max_hp_per_floor":[82,82,82,82,82,82,82,82,82,82,82,82,82,82,82,82,82,82,82,82,82,82,82,82,82,82,82,82,82,82,82,82,82,82,92,92,99,99,99,99,99,99,99,99,99,99,99,99,109,109,109,109,109,109,109,109,109,109],"card_choices":[{"not_picked":["HellCatastrophe","DiffusionOfMisfortune"],"picked":"ScarletImprint","floor":1.0},{"not_picked":["CharismaGuard","MastersStateliness"],"picked":"Stigmanizer","floor":2.0},{"not_picked":["UnstableMagic","Maim"],"picked":"EndlessAdversity","floor":4.0},{"not_picked":["BlasphemousPunishment","UnstableMagic"],"picked":"Ultimatum","floor":7.0},{"not_picked":["UnstableMagic","BloodyTrap"],"picked":"UnderTheZenith","floor":11.0},{"not_picked":["EndlessAdversity","RedRainbow","ReincarnationDial"],"picked":"SKIP","floor":11.0},{"not_picked":["DiffusionOfMisfortune","ReincarnationDial"],"picked":"RedNightlessCastle","floor":12.0},{"not_picked":["EternalNight","LeisurelyOfLord"],"picked":"AfternoonTea","floor":13.0},{"not_picked":["BatForm","HellCatastrophe"],"picked":"ForecastOfChange","floor":16.0},{"not_picked":["Ultimatum","CharismaGuard"],"picked":"HunterOfTheNight","floor":18.0},{"not_picked":["BlasphemousPunishment","AfternoonTea+1"],"picked":"MastersStateliness","floor":19.0},{"not_picked":["BloodHunter","RedRainbow"],"picked":"FavorOfDestiny","floor":22.0},{"not_picked":["VampireSweep","ChaoticDestiny"],"picked":"RedNightlessCastle","floor":24.0},{"not_picked":["UnstableMagic","CharismaGuard+1"],"picked":"ScarletDream+1","floor":28.0},{"not_picked":["BloodHunter","DevilSight"],"picked":"LeisurelyOfLord","floor":30.0},{"not_picked":["RedRainbow+1","UnderTheZenith"],"picked":"ScarletDream","floor":33.0},{"not_picked":["CeilingFear","ChaoticDestiny"],"picked":"ScarletCoffin","floor":35.0},{"not_picked":["FavorOfDestiny+1","VampireSweep+1"],"picked":"UnderTheZenith","floor":37.0},{"not_picked":["FavorOfDestiny","CharismaGuard","HellCatastrophe"],"picked":"SKIP","floor":38.0},{"not_picked":["UltimateOffering","DiffusionOfMisfortune"],"picked":"UnderTheZenith+1","floor":41.0},{"not_picked":["BlasphemousPunishment+1","UnstableMagic"],"picked":"EternalNight+1","floor":42.0},{"not_picked":["BlasphemousPunishment","UnderTheZenith+1"],"picked":"HunterOfTheNight+1","floor":43.0},{"not_picked":["FavorOfDestiny","RedRainbow","BlasphemousPunishment+1"],"picked":"SKIP","floor":46.0},{"not_picked":["ForbiddenFruit","TwelveNightmare+1","EmergencyRegeneration+1"],"picked":"SKIP","floor":48.0},{"not_picked":["BloodHunter+1","AfternoonTea","CharismaGuard"],"picked":"SKIP","floor":49.0},{"not_picked":["LeisurelyOfLord","UnderTheZenith"],"picked":"ScarletImprint","floor":50.0},{"not_picked":["RedRainbow","EternalNight"],"picked":"ScarletImprint","floor":56.0}],"player_experience":32823,"relics_obtained":[{"floor":7.0,"key":"Dota2Spire:OctarineCore"},{"floor":11.0,"key":"Pen Nib"},{"floor":14.0,"key":"Toy Ornithopter"},{"floor":24.0,"key":"DeathKnight:SindragosasSkull"},{"floor":26.0,"key":"ReplayTheSpireMod:Ninjato"},{"floor":34.0,"key":"conspire:Flyswatter"},{"floor":37.0,"key":"MoneyPower"},{"floor":42.0,"key":"Gremlin Food"},{"floor":43.0,"key":"Ancient Tea Set"},{"floor":45.0,"key":"HollowMod:PaleOreRelic"},{"floor":49.0,"key":"Oddly Smooth Stone"},{"floor":50.0,"key":"Dota2Spire:LotusOrb"},{"floor":50.0,"key":"GuppysTail"},{"floor":56.0,"key":"TheBible"},{"floor":56.0,"key":"SatanicBible"},{"floor":56.0,"key":"YumHeart"}],"event_choices":[],"is_beta":false,"boss_relics":[{"not_picked":["ChewingGum","Abe\u0027s Treasure","bronze:MakeshiftBattery"]},{"not_picked":["Replay:Drink Me","SacredBark"],"picked":"Painkiller Herb"},{"not_picked":[]}],"items_purged_floors":[21,40,55],"is_endless":false,"potions_floor_spawned":[2,7,11,13,16,22,30,42,43,46,48,49],"killed_by":"Delirium","ascension_level":0}}