{"host":"cq8xacpj8p19paz6","time":1612173706,"event":{"mods":["Aspiration","BaseMod","Better Altar","Better Match","Better Sensory Stone","Better Skull","Better Third Choice","BetterRewards","Conspire","Downfall","Hermit","Infinite Spire","Marisa????????","Minty Spire (QoL Compilation)","Replay The Spire","Shop Mod","StSLib","The Bladedancer","The Cursed","The Disciple","The Hierophant","The Jungle","The Necromancer","The Poker Player","The Runesmith","The Servant 0.9.4"],"gold_per_floor":[116,134,153,203,203,203,233,264,264,339,359,390,390,39,39,164,164,195,195,500,500,528,528,556,556,556,556,577,577,577,611,611,731,731,757,757,809,825,825],"floor_reached":38,"language":"ENG","playtime":4354,"items_purged":["Strike_G","Shame"],"score":614,"play_id":"e02c3fda-4df8-421d-8553-6816acc833d6","local_time":"20210201100146","is_ascension_mode":false,"campfire_choices":[{"data":"Caltrops","floor":6,"key":"SMITH"},{"data":"Bane","floor":13,"key":"SMITH"},{"data":"Deadly Poison","floor":15,"key":"SMITH"},{"floor":23,"key":"REST"},{"data":"Noxious Fumes","floor":27,"key":"SMITH"},{"floor":32,"key":"DIG"}],"circlet_count":0,"master_deck":["Strike_G","Strike_G","Strike_G","Strike_G","Defend_G","Defend_G","Defend_G+1","Defend_G","Defend_G","Survivor","Infinite Blades+1","Bane+1","Caltrops+1","Deadly Poison+1","Dagger Throw","Backflip","Blade Dance","Deadly Poison","Poison Darts","Fluid Movement","Infinite Blades+1","Noxious Fumes+1","Slice+1","Escape Plan","conspire:PoisonWeapons","conspire:PoisonWeapons","downfall:Malfunctioning","Finisher","Envenom","Dagger Throw+1"],"relics":["Ring of the Snake","Byrd Skull","infinitespire:Broken Mirror","Du-Vu Doll","Gambling Chip","Replay:Bandana","Matryoshka","aspiration:Lifesprig","infinitespire:Satchel","HoveringKite","Gremlin Food","conspire:BottledYoYo","DollysMirror","theJungle:PaperFaux","Replay:Bottled Steam","Meat on the Bone","Runesmith:Nanobots","Regal Pillow","Lee\u0027s Waffle","MerchantsRug","Ring of Hypnosis","ReplayTheSpireMod:Ring of Exchange","Vajra","aspiration:Nostalgia","blademaster:DancersAmulet","Pet Ghost"],"acts_visited":["Exordium","Exordium","TheBeyond"],"potions_floor_usage":[16,16,16,33],"damage_taken":[{"damage":2,"enemies":"Cultist","floor":1,"turns":4},{"damage":1,"enemies":"Small Slimes","floor":2,"turns":3},{"damage":0,"enemies":"2 Louse","floor":3,"turns":2},{"damage":7,"enemies":"Lots of Slimes","floor":7,"turns":4},{"damage":10,"enemies":"3 Louse","floor":8,"turns":3},{"damage":6,"enemies":"Blue Slaver","floor":11,"turns":3},{"damage":5,"enemies":"2 Fungi Beasts","floor":12,"turns":3},{"damage":33,"enemies":"The Guardian","floor":16,"turns":7},{"damage":20,"enemies":"theJungle:GiantWrat","floor":18,"turns":5},{"damage":0,"enemies":"Shell Parasite","floor":22,"turns":3},{"damage":7,"enemies":"theJungle:Lyon","floor":24,"turns":3},{"damage":0,"enemies":"Snake Plant","floor":31,"turns":2},{"damage":47,"enemies":"theJungle:TotemBoss","floor":33,"turns":6},{"damage":10,"enemies":"3 Shapes","floor":35,"turns":4},{"damage":20,"enemies":"conspire:MimicChest","floor":37,"turns":4},{"damage":49,"enemies":"Orin","floor":38,"turns":5}],"seed_played":"-5115590094043331059","potions_obtained":[{"floor":1,"key":"Reflective Coating"},{"floor":2,"key":"Adrenaline Potion"},{"floor":8,"key":"BlessingOfTheForge"},{"floor":33,"key":"Milkshake"}],"is_trial":false,"path_per_floor":["M","M","M","T","?","R","M","M","T","?","M","M","R","$","R","B",null,"M","?","$","?","M","R","M","?","T","R","$","?","?","M","R","B",null,"M","?","?","?"],"character_chosen":"THE_SILENT","items_purchased":["Infinite Blades","infinitespire:Broken Mirror","aspiration:Lifesprig","Deadly Poison","infinitespire:Satchel","Gremlin Food","conspire:BottledYoYo","DollysMirror","Noxious Fumes","Runesmith:Nanobots","Regal Pillow","Lee\u0027s Waffle","Escape Plan","conspire:PoisonWeapons","ColorlessPotion","MerchantsRug"],"campfire_rested":1,"item_purchase_floors":[0,0,14,14,14,20,20,20,20,28,28,28,28,28,28,28],"current_hp_per_floor":[68,67,67,67,67,67,60,50,50,43,37,32,32,32,32,37,70,50,50,50,50,50,70,63,63,63,63,77,77,77,77,77,42,77,67,67,47,0,0],"gold":825,"neow_bonus":"","is_daily":false,"chose_seed":false,"campfire_upgraded":4,"win_rate":0.0,"timestamp":1612173706,"path_taken":["M","M","M","?","?","R","M","M","T","?","M","?","R","$","R","BOSS","M","?","$","?","M","R","M","?","T","R","?","?","?","M","R","BOSS","M","?","?","?"],"items_purchased_type":["Card","Relic","Relic","Card","Relic","Relic","Relic","Relic","Card","Relic","Relic","Relic","Card","Card","Potion","Relic"],"build_version":"2020-12-22","purchased_purges":2,"victory":false,"max_hp_per_floor":[70,70,70,70,70,70,70,70,70,70,70,70,70,70,70,70,70,70,70,70,70,70,70,70,70,70,70,77,77,77,77,77,77,77,77,77,77,77,77],"card_choices":[{"not_picked":["Sucker Punch","PiercingWail"],"picked":"Bane","floor":1},{"not_picked":["ReplayTheSpireMod:The Works","Acrobatics"],"picked":"Caltrops","floor":2},{"not_picked":["Calculated Gamble","ReplayTheSpireMod:The Works","Choke"],"picked":"SKIP","floor":3},{"not_picked":["Heel Hook","Blade Dance"],"picked":"Deadly Poison","floor":7},{"not_picked":["PiercingWail","aspiration:Lunge"],"picked":"Dagger Throw","floor":8},{"not_picked":["Prepared","Poisoned Stab"],"picked":"Backflip","floor":11},{"not_picked":["Choke","Unload"],"picked":"Blade Dance","floor":12},{"not_picked":["Replay:Bag of Tricks","Phantasmal Killer"],"picked":"Poison Darts","floor":16},{"not_picked":["Dash","Bane"],"picked":"Fluid Movement","floor":18},{"not_picked":["Draining Mist","Backflip","Riddle With Holes"],"picked":"SKIP","floor":22},{"not_picked":["Crippling Poison+1","Bane"],"picked":"Slice+1","floor":24},{"not_picked":["Tactician+1","Quick Slash"],"picked":"Finisher","floor":31},{"not_picked":["A Thousand Cuts","infinitespire:Neurotoxin"],"picked":"Envenom","floor":33},{"not_picked":["Reflex+1","Deflect"],"picked":"Dagger Throw+1","floor":35}],"player_experience":98414,"relics_obtained":[{"floor":4,"key":"Replay:Bandana"},{"floor":9,"key":"Matryoshka"},{"floor":26,"key":"Replay:Bottled Steam"},{"floor":26,"key":"Meat on the Bone"},{"floor":30,"key":"Ring of Hypnosis"},{"floor":30,"key":"ReplayTheSpireMod:Ring of Exchange"},{"floor":32,"key":"Vajra"},{"floor":37,"key":"Pet Ghost"}],"event_choices":[{"damage_healed":0,"gold_gain":0,"player_choice":"Grow","damage_taken":0,"max_hp_gain":0,"max_hp_loss":0,"event_name":"Living Wall","floor":5,"gold_loss":0,"cards_upgraded":["Infinite Blades"]},{"damage_healed":0,"gold_gain":75,"player_choice":"Touch","damage_taken":7,"max_hp_gain":0,"max_hp_loss":0,"event_name":"FaceTrader","floor":10,"gold_loss":0},{"damage_healed":0,"gold_gain":0,"player_choice":"Leave","damage_taken":0,"max_hp_gain":0,"max_hp_loss":0,"event_name":"conspire:Investor","floor":25,"gold_loss":0},{"cards_removed":["Neutralize"],"damage_healed":0,"gold_gain":0,"player_choice":"Removed Attack","damage_taken":0,"max_hp_gain":0,"max_hp_loss":0,"event_name":"Falling","floor":36,"gold_loss":0},{"damage_healed":0,"gold_gain":0,"player_choice":"Fight","damage_taken":0,"max_hp_gain":0,"max_hp_loss":0,"event_name":"OrinTheCat","floor":38,"gold_loss":0}],"is_beta":false,"boss_relics":[{"not_picked":["Fusion Hammer","Cursed Key"],"picked":"HoveringKite"},{"not_picked":["ClockworkSouvenir","Guide Book"],"picked":"aspiration:Nostalgia"}],"items_purged_floors":[20,28],"is_endless":false,"potions_floor_spawned":[1,2,8,12,33],"killed_by":"Orin","ascension_level":0}}