{"host":"vumwfieg2b2mnrfl","time":1612219278,"event":{"mods":["AchievementEnabler","BaseMod","Minty Spire (QoL Compilation)","Rare Cards Sparkle","Relic Stats"],"gold_per_floor":[17,31,31,31,51,51,82,105,154,154,154,198,181,199,199,292,292,306,326,326,346,63,63,63],"floor_reached":23,"language":"ENG","playtime":705,"items_purged":[],"score":396,"play_id":"dcaf48c5-86f8-4204-83ea-f5ff3202d3da","local_time":"20210201164118","is_ascension_mode":true,"campfire_choices":[{"data":"Bash","floor":6.0,"key":"SMITH"},{"floor":10.0,"key":"REST"},{"data":"Shrug It Off","floor":15.0,"key":"SMITH"}],"circlet_count":0,"master_deck":["AscendersBane","Strike_R","Strike_R","Strike_R","Defend_R","Defend_R","Defend_R","Bash+1","Demon Form+1","Thunderclap","Twin Strike","Feed+1","Shrug It Off+1","Whirlwind+1","Iron Wave+1","Double Tap","Demon Form+1","Intimidate+1","Feel No Pain+1","Armaments","Shrug It Off"],"relics":["Burning Blood","Golden Idol","Molten Egg 2","Blood Vial","Strawberry","Astrolabe","Mummified Hand"],"acts_visited":["Exordium","TheCity"],"potions_floor_usage":[16,23],"damage_taken":[{"damage":0.0,"enemies":"2 Louse","floor":1.0,"turns":3.0},{"damage":20.0,"enemies":"Small Slimes","floor":2.0,"turns":5.0},{"damage":6.0,"enemies":"Cultist","floor":5.0,"turns":3.0},{"damage":56.0,"enemies":"Gremlin Nob","floor":7.0,"turns":5.0},{"damage":22.0,"enemies":"Red Slaver","floor":8.0,"turns":6.0},{"damage":12.0,"enemies":"Lagavulin","floor":12.0,"turns":5.0},{"damage":1.0,"enemies":"Exordium Thugs","floor":13.0,"turns":4.0},{"damage":9.0,"enemies":"3 Louse","floor":14.0,"turns":3.0},{"damage":37,"enemies":"Hexaghost","floor":16,"turns":9},{"damage":16,"enemies":"Chosen","floor":18,"turns":7},{"damage":25,"enemies":"Spheric Guardian","floor":19,"turns":5},{"damage":45,"enemies":"Snecko","floor":21,"turns":6},{"damage":13,"enemies":"Slavers","floor":23,"turns":3}],"seed_played":"-3622327497078418976","potions_obtained":[{"floor":1.0,"key":"BloodPotion"},{"floor":2.0,"key":"ElixirPotion"},{"floor":7.0,"key":"EssenceOfSteel"},{"floor":13.0,"key":"FearPotion"},{"floor":16,"key":"LiquidBronze"},{"floor":21,"key":"Block Potion"}],"is_trial":false,"path_per_floor":["M","M","?","?","M","R","E","M","T","R","?","E","M","M","R","B",null,"M","M","$","M","$","E"],"character_chosen":"IRONCLAD","items_purchased":["Mummified Hand"],"campfire_rested":1,"item_purchase_floors":[22],"current_hp_per_floor":[74,60,60,60,60,60,10,9,9,31,31,34,45,48,48,19,72,64,47,47,10,10,0,0],"gold":63,"neow_bonus":"THREE_RARE_CARDS","is_daily":false,"chose_seed":false,"campfire_upgraded":2,"win_rate":0.0,"timestamp":1612219278,"path_taken":["M","M","?","?","M","R","E","M","T","R","?","E","?","M","R","BOSS","M","M","$","M","$","E"],"items_purchased_type":["Relic"],"build_version":"2020-12-22","purchased_purges":0,"victory":false,"max_hp_per_floor":[75,75,75,75,75,75,75,75,75,75,75,82,86,90,90,90,90,90,90,90,90,90,90,90],"relic_stats":{"Blood Vial":16,"counters":[13,64],"Golden Idol":63,"Mummified Hand":[1],"Astrolabe":["Demon Form","Intimidate","Feel No Pain"],"obtain_stats":[{"Blood Vial":9,"Golden Idol":3,"Mummified Hand":22,"Strawberry":12,"Astrolabe":17,"Molten Egg 2":7,"Burning Blood":0},{"Blood Vial":5,"Golden Idol":2,"Mummified Hand":12,"Strawberry":6,"Astrolabe":9,"Molten Egg 2":4,"Burning Blood":0},{"Blood Vial":22,"Golden Idol":8,"Mummified Hand":61,"Strawberry":27,"Astrolabe":43,"Molten Egg 2":16,"Burning Blood":0}],"Burning Blood":72},"card_choices":[{"not_picked":["Exhume","Reaper"],"picked":"Demon Form","floor":0.0},{"not_picked":["Searing Blow","Feel No Pain","Pummel"],"picked":"SKIP","floor":1.0},{"not_picked":["Second Wind","Perfected Strike"],"picked":"Thunderclap","floor":2.0},{"not_picked":["Anger","Flex"],"picked":"Twin Strike","floor":5.0},{"not_picked":["Cleave+1","Battle Trance"],"picked":"Feed+1","floor":7.0},{"not_picked":["Hemokinesis+1","Thunderclap+1"],"picked":"Shrug It Off","floor":8.0},{"not_picked":["Blood for Blood+1","Sever Soul+1","True Grit"],"picked":"SKIP","floor":12.0},{"not_picked":["Anger+1","Wild Strike+1"],"picked":"Whirlwind+1","floor":13.0},{"not_picked":["Dropkick+1","Inflame"],"picked":"Iron Wave+1","floor":14.0},{"not_picked":["Juggernaut","Immolate+1"],"picked":"Double Tap","floor":16},{"not_picked":["Flex","Pummel+1"],"picked":"Armaments","floor":18},{"not_picked":["Body Slam+1","Headbutt+1","Thunderclap+1"],"picked":"SKIP","floor":19},{"not_picked":["Fire Breathing","Sword Boomerang+1"],"picked":"Shrug It Off","floor":21}],"player_experience":510194,"relics_obtained":[{"floor":7.0,"key":"Molten Egg 2"},{"floor":9.0,"key":"Blood Vial"},{"floor":12.0,"key":"Strawberry"}],"event_choices":[{"damage_healed":0.0,"max_hp_gain":0.0,"max_hp_loss":0.0,"gold_gain":0.0,"event_name":"Golden Idol","player_choice":"Take Wound","floor":3.0,"gold_loss":0.0,"damage_taken":0.0,"relics_obtained":["Golden Idol"],"cards_obtained":["Injury"]},{"damage_healed":0.0,"max_hp_gain":0.0,"max_hp_loss":0.0,"gold_gain":0.0,"event_name":"Living Wall","player_choice":"Grow","floor":4.0,"gold_loss":0.0,"damage_taken":0.0,"cards_upgraded":["Demon Form"]},{"cards_removed":["Injury"],"damage_healed":0.0,"max_hp_gain":0.0,"max_hp_loss":0.0,"gold_gain":0.0,"event_name":"Purifier","player_choice":"Purged","floor":11.0,"gold_loss":0.0,"damage_taken":0.0}],"is_beta":false,"boss_relics":[{"not_picked":["Coffee Dripper","Tiny House"],"picked":"Astrolabe"}],"items_purged_floors":[],"is_endless":false,"potions_floor_spawned":[1,2,7,13,16,21],"killed_by":"Slavers","ascension_level":19}}