{"host":"bf5upntvbdompq33","time":1612219048,"event":{"mods":["BaseMod","Colored Map","Colored Powertips","Curses Come First","Minty Spire (QoL Compilation)","StSLib"],"gold_per_floor":[14,30,42,52,52,80,80,110,110,129,129,164,164,65,65,141,141,159,142,241,255,267,267,279,306,306,306,306],"floor_reached":27,"language":"ENG","playtime":2449,"items_purged":[],"score":587,"play_id":"d954eae0-835d-4183-b03d-e279c2793650","local_time":"20210201153728","is_ascension_mode":true,"campfire_choices":[{"floor":7,"key":"REST"},{"data":"Body Slam","floor":11,"key":"SMITH"},{"data":"Entrench","floor":13,"key":"SMITH"},{"data":"Shrug It Off","floor":15,"key":"SMITH"},{"data":"Body Slam","floor":23,"key":"SMITH"}],"circlet_count":0,"master_deck":["AscendersBane","Strike_R","Strike_R","Defend_R","Defend_R","Defend_R","Defend_R","Bash","Anger","Body Slam+1","Entrench+1","Shrug It Off+1","Reaper","Ghostly Armor","Carnage","Shrug It Off","Armaments","Juggernaut","Corruption+1","Clothesline+1","Rage+1","Body Slam+1","Shrug It Off","Dual Wield"],"relics":["Burning Blood","Thread and Needle","Peace Pipe","Girya","Sundial","Astrolabe","The Courier","Question Card"],"acts_visited":["TheCity"],"potions_floor_usage":[6,12,16,18,19,22],"damage_taken":[{"damage":6,"enemies":"2 Louse","floor":1,"turns":3},{"damage":2,"enemies":"Cultist","floor":2,"turns":4},{"damage":0,"enemies":"Small Slimes","floor":3,"turns":3},{"damage":0,"enemies":"3 Louse","floor":4,"turns":5},{"damage":60,"enemies":"Lagavulin","floor":6,"turns":11},{"damage":0,"enemies":"Large Slime","floor":10,"turns":7},{"damage":16,"enemies":"3 Sentries","floor":12,"turns":11},{"damage":57,"enemies":"Hexaghost","floor":16,"turns":12},{"damage":0,"enemies":"Chosen","floor":18,"turns":6},{"damage":10,"enemies":"2 Thieves","floor":19,"turns":4},{"damage":0,"enemies":"Shelled Parasite and Fungi","floor":21,"turns":7},{"damage":48,"enemies":"3 Cultists","floor":22,"turns":8},{"damage":8,"enemies":"Centurion and Healer","floor":24,"turns":8},{"damage":20,"enemies":"Book of Stabbing","floor":25,"turns":5},{"damage":35,"enemies":"Gremlin Leader","floor":27,"turns":3}],"seed_played":"-3107870814043485420","potions_obtained":[{"floor":2,"key":"GamblersBrew"},{"floor":6,"key":"SpeedPotion"},{"floor":12,"key":"LiquidBronze"},{"floor":16,"key":"DistilledChaos"},{"floor":18,"key":"AttackPotion"},{"floor":21,"key":"Explosive Potion"}],"is_trial":false,"path_per_floor":["M","M","M","M","$","E","R","?","T","M","R","E","R","$","R","B",null,"M","M","?","M","M","R","M","E","T","E"],"character_chosen":"IRONCLAD","items_purchased":["Shrug It Off","Armaments"],"campfire_rested":1,"item_purchase_floors":[14,14],"current_hp_per_floor":[68,72,75,75,75,21,43,43,43,57,57,59,59,59,59,12,59,65,61,61,67,28,28,26,17,17,0,0],"gold":306,"neow_bonus":"ONE_RARE_RELIC","is_daily":false,"chose_seed":false,"campfire_upgraded":4,"win_rate":0.0,"timestamp":1612219048,"path_taken":["M","M","M","M","$","E","R","?","T","M","R","E","R","$","R","BOSS","M","M","?","M","M","R","M","E","T","E"],"items_purchased_type":["Card","Card"],"build_version":"2020-12-22","purchased_purges":0,"victory":false,"max_hp_per_floor":[75,75,75,75,75,75,75,75,75,75,75,75,75,75,75,75,75,75,75,75,75,75,75,75,75,75,75,75],"card_choices":[{"not_picked":["Warcry","Burning Pact"],"picked":"Anger","floor":1},{"not_picked":["Evolve","Rampage"],"picked":"Body Slam","floor":2},{"not_picked":["Clash","Body Slam"],"picked":"Entrench","floor":3},{"not_picked":["Iron Wave","Combust"],"picked":"Shrug It Off","floor":4},{"not_picked":["Havoc","Shrug It Off"],"picked":"Reaper","floor":6},{"not_picked":["Dropkick","Clash"],"picked":"Ghostly Armor","floor":10},{"not_picked":["Headbutt","Pummel"],"picked":"Carnage","floor":12},{"not_picked":["Berserk","Double Tap"],"picked":"Juggernaut","floor":16},{"not_picked":["Anger","Wild Strike","Perfected Strike"],"picked":"SKIP","floor":18},{"not_picked":["Heavy Blade","Infernal Blade","Perfected Strike"],"picked":"SKIP","floor":19},{"not_picked":["Reckless Charge","Blood for Blood"],"picked":"Body Slam","floor":21},{"not_picked":["Rampage","Armaments","Flex"],"picked":"SKIP","floor":22},{"not_picked":["Inflame","Body Slam"],"picked":"Shrug It Off","floor":24},{"not_picked":["Corruption","Headbutt"],"picked":"Dual Wield","floor":25}],"player_experience":1307353,"relics_obtained":[{"floor":6,"key":"Peace Pipe"},{"floor":9,"key":"Girya"},{"floor":12,"key":"Sundial"},{"floor":25,"key":"The Courier"},{"floor":26,"key":"Question Card"}],"event_choices":[{"damage_healed":0,"gold_gain":30,"player_choice":"Searched \u00271\u0027 times","damage_taken":0,"max_hp_gain":0,"max_hp_loss":0,"event_name":"Dead Adventurer","floor":8,"gold_loss":0},{"damage_healed":0,"gold_gain":99,"player_choice":"Stole From Cult","damage_taken":0,"max_hp_gain":0,"max_hp_loss":0,"event_name":"Nest","floor":20,"gold_loss":0}],"is_beta":false,"boss_relics":[{"not_picked":["Fusion Hammer","Pandora\u0027s Box"],"picked":"Astrolabe"}],"items_purged_floors":[],"is_endless":false,"potions_floor_spawned":[2,6,12,16,18,21],"killed_by":"Gremlin Leader","ascension_level":14}}