{"host":"0cnf9zf1gia27zti","time":1612147579,"event":{"mods":["BaseMod","Better Third Choice","BetterRewards","Card Forge","ChefMod","Colored Map","Colored Powertips","Conspire","Downfall","Googly Eyes","Infinite Spire","Minty Spire (QoL Compilation)","Practice Mode","Quick Restart","Replay The Spire","Shade Mod","Spicy Shops","StSLib","The Marked"],"gold_per_floor":[115,78,78,94,54,29,68,48,48,64,64,78,119,119,119,245,245,261,276,276,301,153,186,186,200,226,226,248,282,282,311,311,450,450,463,606,624,657,684,684,771,820,898,941,941,956,1019,1044,1044,1044,1044,1044,654,701,701],"floor_reached":56,"language":"ENG","playtime":3417,"items_purged":["Strike_B","Strike_B","Strike_B","Strike_B","Defend_B"],"score":1985,"play_id":"16aaa980-a82e-406b-a322-903f6ab2da85","local_time":"20210201024619","is_ascension_mode":false,"campfire_choices":[{"floor":11,"key":"DIG"},{"floor":15,"key":"DIG"},{"floor":24,"key":"DIG"},{"floor":27,"key":"DIG"},{"floor":32,"key":"DIG"},{"floor":40,"key":"RECALL"},{"floor":45,"key":"DIG"},{"floor":49,"key":"DIG"},{"floor":52,"key":"DIG"}],"circlet_count":0,"master_deck":["Defend_B","Defend_B","Defend_B","Zap","Dualcast","Thunder Strike+1","Thunder Strike+1","Defragment+1","Ball Lightning","Loop","Leap","Defragment+1","Reboot","Defragment+1","Mayhem","Defragment+1","Loop","Conserve Battery+1","Leap+1","Tempest+1","Steam+1","Steam+1","Crystallizer","Reinforced Body+1","Ball Lightning+1","ReplayTheSpireMod:Calculation Training+1","Ball Lightning+1","Rainbow+1","Lockon+1","Cold Snap+1","Echo Form+1","Crystallizer","Madness+1","Conserve Battery+1","Time Bomb+1","Steam+1","Defragment+1","Tempest+1","Electrodynamics","infinitespire:Collect+1","Time Bomb+1","Madness+1","Madness+1","Glacier+1","Mind Blast+1","Mind Blast+1","Apotheosis+1","Pot Of Greed+1","Pot Of Greed+1","Pot Of Greed+1","Pot Of Greed+1","Pot Of Greed+1","Conserve Battery+1","Conserve Battery+1","Crystallizer+1"],"relics":["Cracked Core","Hammer of Thor","Seething Fire","Anvil of the Gods","DataDisk","Replay:Wax Seal","DollysMirror","ReplayTheSpireMod:TigerMarble","infinitespire:Satchel","Runic Capacitor","Shovel","infinitespire:Broken Mirror","MealTicket","Molten Egg 2","Replay:Bottled Eggs","Blue Candle","Incense Burner","Guide Book","Membership Card","Ice Cream","Chemical X","conspire:GiftBox","Calipers","Eternal Feather","Juzu Bracelet","Iron Hammer","Blood Vial","sneckomod:BlankCard","Torii","Toxic Egg 2","Replay:Baseball","BargainBundle","Regal Pillow","ReplayTheSpireMod:Shallot","Omamori","Golden Idol","Pet Ghost","infinitespire:Joker Card","Shuriken","infinitespire:Freezer","Cursed Key","MutagenicStrength","Anchor","Mercury Hourglass","Toy Ornithopter","CeramicFish","conspire:Flyswatter","Blue Doll","Replay:Kaleidoscope","Grinning Jar","Ancient Tea Set","Chameleon Ring","Nunchaku","infinitespire:Golems Mask","FossilizedHelix","Cables","Cauldron","Vajra","Strawberry","OrangePellets"],"acts_visited":["Exordium","TheCity","TheBeyond","TheEnding"],"potions_floor_usage":[16,16,18,19,23,33,33,33,41,50,55,55],"damage_taken":[{"damage":0,"enemies":"Cultist","floor":1,"turns":2},{"damage":0,"enemies":"conspire:RoseBush","floor":4,"turns":2},{"damage":0,"enemies":"Gremlin Nob","floor":7,"turns":3},{"damage":0,"enemies":"Jaw Worm","floor":10,"turns":2},{"damage":0,"enemies":"Looter","floor":12,"turns":1},{"damage":0,"enemies":"3 Sentries","floor":13,"turns":2},{"damage":0,"enemies":"Slime Boss","floor":16,"turns":5},{"damage":0,"enemies":"3 Byrds","floor":18,"turns":3},{"damage":0,"enemies":"conspire:FuzzyDice","floor":19,"turns":2},{"damage":0,"enemies":"Shelled Parasite and Fungi","floor":21,"turns":2},{"damage":0,"enemies":"Slavers","floor":23,"turns":3},{"damage":0,"enemies":"Centurion and Healer","floor":25,"turns":3},{"damage":0,"enemies":"Snake Plant","floor":28,"turns":2},{"damage":0,"enemies":"Shelled Parasite and Fungi","floor":29,"turns":2},{"damage":0,"enemies":"conspire:HollyBat","floor":31,"turns":8},{"damage":0,"enemies":"Automaton","floor":33,"turns":3},{"damage":0,"enemies":"3 Darklings","floor":35,"turns":3},{"damage":4,"enemies":"infinitespire:Three Voidlings","floor":36,"turns":3},{"damage":0,"enemies":"Nightmare_Alpha","floor":36,"turns":6},{"damage":0,"enemies":"Orb Walker","floor":38,"turns":2},{"damage":1,"enemies":"R_Hoarder","floor":41,"turns":4},{"damage":0,"enemies":"Nemesis","floor":44,"turns":3},{"damage":0,"enemies":"Jaw Worm Horde","floor":46,"turns":2},{"damage":0,"enemies":"Mind Bloom Boss Battle","floor":47,"turns":1},{"damage":0,"enemies":"3 Darklings","floor":48,"turns":2},{"damage":0,"enemies":"Awakened One","floor":50,"turns":5},{"damage":0,"enemies":"Shield and Spear","floor":54,"turns":3},{"damage":15,"enemies":"The Heart","floor":55,"turns":4}],"seed_played":"-2857045595380557841","potions_obtained":[{"floor":1,"key":"BlessingOfTheForge"},{"floor":7,"key":"Dexterity Potion"},{"floor":8,"key":"Reflective Coating"},{"floor":16,"key":"FocusPotion"},{"floor":19,"key":"CultistPotion"},{"floor":23,"key":"Reflective Coating"},{"floor":29,"key":"Fire Potion"},{"floor":31,"key":"Dexterity Potion"},{"floor":33,"key":"SneckoOil"},{"floor":36,"key":"AttackPotion"},{"floor":44,"key":"LiquidMemories"},{"floor":48,"key":"SkillPotion"},{"floor":53,"key":"Dexterity Potion"},{"floor":53,"key":"Flashbang"}],"is_trial":false,"path_per_floor":["M","$","?","M","$","$","E","?","T","M","R","M","E","$","R_BF","B",null,"M","M","?","M","$","E","R","M","T","R","M","M","?","M","R","B",null,"M","?","?","M","?","R","E","T","T","E","R","M","?","M","R","B",null,"R","$","E","B",null],"character_chosen":"DEFECT","items_purchased":["DataDisk","Thunder Strike","Replay:Wax Seal","DollysMirror","ReplayTheSpireMod:TigerMarble","infinitespire:Satchel","Defragment","Runic Capacitor","Shovel","Ball Lightning","infinitespire:Broken Mirror","Loop","MealTicket","Leap","Molten Egg 2","Replay:Bottled Eggs","Blue Candle","Defragment","Incense Burner","Guide Book","Membership Card","Ice Cream","Chemical X","conspire:GiftBox","Calipers","Defragment","Mayhem","Eternal Feather","Defragment","Juzu Bracelet","Iron Hammer","Blood Vial","sneckomod:BlankCard","Torii","Loop","Toxic Egg 2","Replay:Baseball","BargainBundle","Regal Pillow","ReplayTheSpireMod:Shallot","Conserve Battery+1","Leap+1","Tempest+1","Steam+1","Omamori","Crystallizer","Reinforced Body+1","ReplayTheSpireMod:Calculation Training+1","Ball Lightning+1","Anchor","Madness+1","Cauldron","Vajra","Strawberry","OrangePellets","Conserve Battery+1"],"campfire_rested":0,"item_purchase_floors":[0,0,0,0,0,0,0,0,0,0,0,0,0,0,0,0,0,0,0,0,0,0,0,0,0,0,0,0,0,0,0,0,0,0,0,0,0,0,0,0,0,0,0,0,0,0,2,5,6,22,22,53,53,53,53,53],"current_hp_per_floor":[75,75,57,59,74,75,75,75,75,75,75,75,75,75,75,75,75,75,75,75,75,75,75,75,75,75,75,75,75,75,75,75,75,75,75,75,66,68,58,75,74,74,74,75,75,75,75,75,75,75,75,75,82,82,67],"gold":701,"neow_bonus":"","is_daily":false,"chose_seed":false,"campfire_upgraded":0,"win_rate":0.0,"timestamp":1612147579,"path_taken":["M","?","?","M","?","$","E","?","T","M","R","M","E","$","R_BF","BOSS","M","M","?","M","$","E","R","M","T","R","M","M","?","M","R","BOSS","M","?","?","M","?","R","E","?","T","E","R","M","?","M","R","BOSS","R","$","E","BOSS"],"items_purchased_type":["Relic","Card","Relic","Relic","Relic","Relic","Card","Relic","Relic","Card","Relic","Card","Relic","Card","Relic","Relic","Relic","Card","Relic","Relic","Relic","Relic","Relic","Relic","Relic","Card","Card","Relic","Card","Relic","Relic","Relic","Relic","Relic","Card","Relic","Relic","Relic","Relic","Relic","Card","Card","Card","Card","Relic","Card","Card","Card","Card","Relic","Card","Relic","Relic","Relic","Relic","Card"],"build_version":"2020-12-22","purchased_purges":5,"victory":true,"max_hp_per_floor":[75,75,75,75,75,75,75,75,75,75,75,75,75,75,75,75,75,75,75,75,75,75,75,75,75,75,75,75,75,75,75,75,75,75,75,75,75,75,75,75,75,75,75,75,75,75,75,75,75,75,75,75,82,82,82],"card_choices":[{"not_picked":["Core Surge+1","Creative AI"],"picked":"Reboot","floor":0},{"not_picked":["Doom and Gloom+1","Redo+1","Coolheaded+1"],"picked":"SKIP","floor":1},{"not_picked":["Steam+1","Panic Button+1"],"picked":"Ball Lightning+1","floor":4},{"not_picked":["conspire:Rain+1","Ball Lightning+1"],"picked":"Rainbow+1","floor":7},{"not_picked":["Coolheaded+1","Stack+1"],"picked":"Lockon+1","floor":10},{"not_picked":["Recycle+1","Coolheaded+1"],"picked":"Cold Snap+1","floor":12},{"not_picked":["Go for the Eyes+1","Leap+1","Capacitor"],"picked":"SKIP","floor":13},{"not_picked":["Reboot+1","Hyperbeam+1"],"picked":"Echo Form","floor":16},{"not_picked":["Beam Cell+1","Go for the Eyes+1","Streamline+1"],"picked":"SKIP","floor":18},{"not_picked":["Turbo+1","Stack+1"],"picked":"Crystallizer","floor":19},{"not_picked":["Auto Shields+1","Hologram+1","Hyperbeam+1"],"picked":"SKIP","floor":21},{"not_picked":["Coolheaded+1","Hello World"],"picked":"Conserve Battery+1","floor":23},{"not_picked":["Leap+1","Conserve Battery+1"],"picked":"Time Bomb+1","floor":25},{"not_picked":["FIFO Queue","ReplaySolidLightProjector+1"],"picked":"Steam+1","floor":28},{"not_picked":["Cold Snap+1","Beam Cell+1"],"picked":"Defragment","floor":29},{"not_picked":["Barrage+1","Go for the Eyes+1"],"picked":"Tempest+1","floor":31},{"not_picked":["Rainbow+1","Creative AI"],"picked":"Electrodynamics","floor":33},{"not_picked":["Go for the Eyes+1","Doom and Gloom+1","Turbo+1"],"picked":"SKIP","floor":35},{"not_picked":["infinitespire:Oblivion","infinitespire:SealOfDarkness+"],"picked":"infinitespire:Collect","floor":36},{"not_picked":["Fusion+1","Leap+1"],"picked":"Time Bomb+1","floor":36},{"not_picked":["Force Field+1","Turbo+1"],"picked":"Glacier+1","floor":38},{"not_picked":["HandOfGreed+1","Magnetism"],"picked":"Mind Blast+1","floor":39},{"not_picked":["ReplayTheSpireMod:Trickstab+1","Impatience+1"],"picked":"Mind Blast+1","floor":39},{"not_picked":["The Bomb+1","Metamorphosis+1"],"picked":"Apotheosis+1","floor":39},{"not_picked":["All For One+1","Genetic Algorithm+1"],"picked":"Conserve Battery+1","floor":41},{"not_picked":["BasicCrystalCard+1","Rip and Tear+1","Coolheaded+1"],"picked":"SKIP","floor":44},{"not_picked":["Go for the Eyes+1","Static Discharge","Turbo+1"],"picked":"SKIP","floor":46},{"not_picked":["Turbo+1","Consume+1","Leap+1"],"picked":"SKIP","floor":48},{"not_picked":["BootSequence+1","Go for the Eyes+1"],"picked":"Crystallizer+1","floor":54}],"player_experience":3371579,"relics_obtained":[{"floor":7,"key":"Pet Ghost"},{"floor":9,"key":"infinitespire:Joker Card"},{"floor":11,"key":"Shuriken"},{"floor":15,"key":"infinitespire:Freezer"},{"floor":23,"key":"Mercury Hourglass"},{"floor":24,"key":"Toy Ornithopter"},{"floor":26,"key":"CeramicFish"},{"floor":27,"key":"conspire:Flyswatter"},{"floor":32,"key":"Blue Doll"},{"floor":36,"key":"Replay:Kaleidoscope"},{"floor":41,"key":"Grinning Jar"},{"floor":42,"key":"Ancient Tea Set"},{"floor":44,"key":"Chameleon Ring"},{"floor":45,"key":"Nunchaku"},{"floor":47,"key":"infinitespire:Golems Mask"},{"floor":49,"key":"FossilizedHelix"},{"floor":52,"key":"Cables"}],"event_choices":[{"damage_healed":0,"gold_gain":0,"player_choice":"Take Damage","damage_taken":18,"relics_obtained":["Golden Idol"],"max_hp_gain":0,"max_hp_loss":0,"event_name":"Golden Idol","floor":3,"gold_loss":0},{"damage_healed":0,"gold_gain":0,"player_choice":"Bought 1 Potion","damage_taken":0,"max_hp_gain":0,"max_hp_loss":0,"event_name":"The Woman in Blue","floor":8,"gold_loss":0},{"damage_healed":0,"gold_gain":0,"player_choice":"Inject Mutagens","damage_taken":0,"relics_obtained":["MutagenicStrength"],"max_hp_gain":0,"max_hp_loss":0,"event_name":"Drug Dealer","floor":20,"gold_loss":0},{"damage_healed":0,"gold_gain":0,"player_choice":"Embrace Madness","damage_taken":9,"max_hp_gain":0,"max_hp_loss":0,"event_name":"Winding Halls","floor":37,"gold_loss":0,"cards_obtained":["Madness","Madness"]},{"damage_healed":0,"gold_gain":0,"player_choice":"Memory 3","damage_taken":10,"max_hp_gain":0,"max_hp_loss":0,"event_name":"SensoryStone","floor":39,"gold_loss":0},{"damage_healed":0,"gold_gain":0,"player_choice":"Fight","damage_taken":0,"max_hp_gain":0,"max_hp_loss":0,"event_name":"MindBloom","floor":47,"gold_loss":0}],"is_beta":false,"boss_relics":[{"not_picked":["Runic Dome","conspire:RunicOctahedron"],"picked":"Cursed Key"},{"not_picked":["Sozu","conspire:SlowCooker","bronze:MakeshiftBattery"]}],"items_purged_floors":[0,0,0,0,53],"is_endless":false,"potions_floor_spawned":[1,7,16,19,23,29,31,33,36,44,48,54],"ascension_level":0}}