{"host":"swphzoo6hmc78epl","time":1612156674,"event":{"mods":["BaseMod","Highlight Path","Minty Spire (QoL Compilation)","Quick Restart"],"gold_per_floor":[113,130,145,162,64,64,89,89,89,164,175,188,188,33,33,129,129,143,155,189,200,200,227,227,227,253,288,50,60,60,88,88,185,185,204,251,117,117,129,129,129,129],"floor_reached":41,"language":"ENG","playtime":1918,"items_purged":["Strike_B","Defend_B"],"score":516,"play_id":"ab11e70b-2135-46c1-b9a7-fa85f2d56071","local_time":"20210201001754","is_ascension_mode":true,"campfire_choices":[{"data":"Storm","floor":6,"key":"SMITH"},{"data":"Sweeping Beam","floor":8,"key":"SMITH"},{"data":"Cold Snap","floor":15,"key":"SMITH"},{"data":"Electrodynamics","floor":30,"key":"SMITH"},{"data":"Buffer","floor":32,"key":"SMITH"},{"data":"Glacier","floor":40,"key":"SMITH"}],"circlet_count":0,"master_deck":["Zap","Dualcast","Sweeping Beam+1","Self Repair","Barrage","Storm+1","Cold Snap+1","Rebound","Electrodynamics+1","Cold Snap","Defragment","Stack+1","Conserve Battery","FTL","Rip and Tear","Buffer","Buffer+1","Rainbow","CurseOfTheBell","Heatsinks","Glacier+1","Glacier"],"relics":["SacredBark","Orichalcum","Singing Bowl","DataDisk","Empty Cage","Red Mask","Unceasing Top","Nunchaku","Dream Catcher","Mummified Hand","Question Card","Calling Bell","Boot","Molten Egg 2","TungstenRod","WingedGreaves","Ancient Tea Set"],"acts_visited":["Exordium","TheCity","TheBeyond"],"potions_floor_usage":[7,16,21,23,33,41],"damage_taken":[{"damage":6,"enemies":"Cultist","floor":1,"turns":4},{"damage":0,"enemies":"Small Slimes","floor":2,"turns":2},{"damage":3,"enemies":"2 Louse","floor":3,"turns":4},{"damage":3,"enemies":"2 Fungi Beasts","floor":4,"turns":4},{"damage":31,"enemies":"3 Sentries","floor":7,"turns":9},{"damage":8,"enemies":"Looter","floor":11,"turns":3},{"damage":12,"enemies":"Gremlin Gang","floor":12,"turns":4},{"damage":22,"enemies":"Slime Boss","floor":16,"turns":9},{"damage":23,"enemies":"Shell Parasite","floor":18,"turns":6},{"damage":19,"enemies":"Spheric Guardian","floor":19,"turns":4},{"damage":7,"enemies":"Masked Bandits","floor":20,"turns":3},{"damage":10,"enemies":"Centurion and Healer","floor":21,"turns":3},{"damage":66,"enemies":"Book of Stabbing","floor":23,"turns":7},{"damage":19,"enemies":"Slavers","floor":27,"turns":3},{"damage":0,"enemies":"Snecko","floor":29,"turns":4},{"damage":2,"enemies":"Book of Stabbing","floor":31,"turns":4},{"damage":7,"enemies":"Champ","floor":33,"turns":16},{"damage":7,"enemies":"3 Shapes","floor":35,"turns":3},{"damage":22,"enemies":"2 Orb Walkers","floor":36,"turns":3},{"damage":0,"enemies":"Orb Walker","floor":39,"turns":3},{"damage":113,"enemies":"Giant Head","floor":41,"turns":11}],"seed_played":"-8106197196184260725","potions_obtained":[{"floor":4,"key":"ColorlessPotion"},{"floor":11,"key":"Ancient Potion"},{"floor":12,"key":"Energy Potion"},{"floor":20,"key":"Energy Potion"},{"floor":21,"key":"Regen Potion"},{"floor":31,"key":"Block Potion"},{"floor":39,"key":"DistilledChaos"}],"is_trial":false,"path_per_floor":["M","M","M","M","$","R","E","R","T","?","M","M","?","$","R","B",null,"M","M","?","M","?","E","?","?","T","E","$","M","R","E","R","B",null,"M","?","$","?","M","R","E"],"character_chosen":"DEFECT","items_purchased":["Cold Snap","DataDisk","Mummified Hand","Glacier"],"campfire_rested":0,"item_purchase_floors":[5,14,28,37],"current_hp_per_floor":[69,69,73,75,75,75,51,51,51,40,41,38,31,31,31,16,79,63,51,53,50,50,36,36,36,36,24,24,33,33,38,38,38,83,76,61,61,61,70,70,0,0],"gold":129,"neow_bonus":"BOSS_RELIC","is_daily":false,"chose_seed":false,"campfire_upgraded":6,"win_rate":0.0,"timestamp":1612156674,"path_taken":["M","M","M","M","$","R","E","R","T","?","M","M","?","$","R","BOSS","M","M","?","M","?","E","?","?","T","E","?","?","R","E","R","BOSS","M","?","?","?","M","R","E"],"items_purchased_type":["Card","Relic","Relic","Card"],"build_version":"2020-12-22","purchased_purges":2,"victory":false,"max_hp_per_floor":[75,75,75,75,75,75,75,75,75,75,77,79,79,79,79,79,79,79,79,81,81,81,81,81,81,81,81,81,83,83,83,83,83,83,83,83,83,83,85,85,85,85],"card_choices":[{"not_picked":["Turbo","Doom and Gloom"],"picked":"Sweeping Beam","floor":1},{"not_picked":["Auto Shields","Stack"],"picked":"Self Repair","floor":2},{"not_picked":["Heatsinks","Coolheaded"],"picked":"Barrage","floor":3},{"not_picked":["BootSequence","Stack"],"picked":"Storm","floor":4},{"not_picked":["Recycle","Sweeping Beam"],"picked":"Rebound","floor":7},{"not_picked":["Leap","Sweeping Beam","Darkness"],"picked":"Singing Bowl","floor":11},{"not_picked":["Steam","Coolheaded","Auto Shields"],"picked":"Singing Bowl","floor":12},{"not_picked":["Biased Cognition","Fission"],"picked":"Electrodynamics","floor":16},{"not_picked":["Compile Driver","Streamline"],"picked":"Cold Snap","floor":18},{"not_picked":["Cold Snap","Doom and Gloom+1"],"picked":"Defragment","floor":19},{"not_picked":["Coolheaded","Compile Driver","Barrage"],"picked":"Singing Bowl","floor":20},{"not_picked":["Coolheaded","Barrage+1"],"picked":"Stack+1","floor":21},{"not_picked":["Barrage","Double Energy"],"picked":"Conserve Battery","floor":23},{"not_picked":["Fusion","BootSequence+1"],"picked":"Buffer","floor":27},{"not_picked":["Turbo","Ball Lightning","Skim"],"picked":"Singing Bowl","floor":29},{"not_picked":["Go for the Eyes+1","Genetic Algorithm"],"picked":"Buffer","floor":31},{"not_picked":["Amplify","Electrodynamics","Machine Learning"],"picked":"Rainbow","floor":33},{"not_picked":["Gash+1","Stack","Compile Driver+1"],"picked":"Heatsinks","floor":35},{"not_picked":["Blizzard+1","Barrage+1","Beam Cell+1"],"picked":"Glacier","floor":36},{"not_picked":["Coolheaded+1","Compile Driver+1","Double Energy+1","Streamline+1"],"picked":"Singing Bowl","floor":39}],"player_experience":852805,"relics_obtained":[{"floor":7,"key":"Orichalcum"},{"floor":9,"key":"Singing Bowl"},{"floor":20,"key":"Red Mask"},{"floor":23,"key":"Unceasing Top"},{"floor":26,"key":"Nunchaku"},{"floor":27,"key":"Dream Catcher"},{"floor":31,"key":"Question Card"},{"floor":34,"key":"Boot"},{"floor":34,"key":"Molten Egg 2"},{"floor":34,"key":"TungstenRod"},{"floor":36,"key":"WingedGreaves"}],"event_choices":[{"damage_healed":0,"gold_gain":75,"player_choice":"Gather Gold","damage_taken":11,"max_hp_gain":0,"max_hp_loss":0,"event_name":"World of Goop","floor":10,"gold_loss":0},{"cards_removed":["Strike_B"],"damage_healed":0,"gold_gain":0,"player_choice":"Card Removal","damage_taken":7,"max_hp_gain":0,"max_hp_loss":0,"event_name":"Golden Wing","floor":13,"gold_loss":0},{"damage_healed":0,"gold_gain":0,"player_choice":"Fought Bandits","damage_taken":0,"max_hp_gain":0,"max_hp_loss":0,"event_name":"Masked Bandits","floor":20,"gold_loss":0},{"cards_removed":["Defend_B"],"damage_healed":0,"gold_gain":0,"player_choice":"Elegance","damage_taken":0,"max_hp_gain":0,"max_hp_loss":0,"event_name":"Back to Basics","floor":22,"gold_loss":0},{"damage_healed":0,"gold_gain":0,"cards_transformed":["Defend_B","Defend_B"],"player_choice":"Became Test Subject","damage_taken":0,"max_hp_gain":0,"max_hp_loss":0,"event_name":"Drug Dealer","floor":24,"gold_loss":0,"cards_obtained":["FTL","Rip and Tear"]},{"damage_healed":0,"gold_gain":0,"player_choice":"Ignored","damage_taken":0,"max_hp_gain":0,"max_hp_loss":0,"event_name":"Vampires","floor":25,"gold_loss":0},{"damage_healed":0,"gold_gain":0,"player_choice":"Fight","damage_taken":0,"max_hp_gain":0,"max_hp_loss":0,"event_name":"Mysterious Sphere","floor":36,"gold_loss":0},{"damage_healed":0,"gold_gain":0,"player_choice":"Gave Potion","damage_taken":0,"relics_obtained":["Ancient Tea Set"],"max_hp_gain":0,"max_hp_loss":0,"event_name":"WeMeetAgain","floor":38,"gold_loss":0}],"is_beta":false,"boss_relics":[{"not_picked":["Fusion Hammer","Philosopher\u0027s Stone"],"picked":"Empty Cage"},{"not_picked":["Runic Pyramid","Tiny House"],"picked":"Calling Bell"}],"items_purged_floors":[5,37],"is_endless":false,"potions_floor_spawned":[4,11,12,20,21,31,39],"killed_by":"Giant Head","ascension_level":3}}