{"host":"y3h3n3f7seyagppx","time":1612206382,"event":{"mods":["AlwaysNeverKeys","BaseMod","Better Vampires","Colored Powertips","DeckTracker","Emptier Cage","Minty Spire (QoL Compilation)","Permanent Neow","Quick Restart","Rare Cards Sparkle","Relic Sorter","Relic Stats","StSLib","Transform Curses"],"gold_per_floor":[118,118,118,131,155,155,169,207,282,316,49,49,85,110,110,200,200,215,229,248,268,5,5,44,44,69,94,147,147,168,168,168,270,270,294,319,341,396,0,42,42,95,95,95,128,128,173,205,205,205,205,205,205,48,100,100],"floor_reached":57,"language":"ENG","playtime":5957,"items_purged":["Strike_G"],"score":3104,"play_id":"09160d62-9f3c-4646-8d1a-1a0b1cac5268","local_time":"20210201140622","is_ascension_mode":true,"campfire_choices":[{"data":"Dagger Throw","floor":6.0,"key":"SMITH"},{"data":"Neutralize","floor":15.0,"key":"SMITH"},{"data":"Accuracy","floor":23.0,"key":"SMITH"},{"data":"Blade Dance","floor":25.0,"key":"SMITH"},{"data":"Blade Dance","floor":29.0,"key":"SMITH"},{"data":"Footwork","floor":32.0,"key":"SMITH"},{"data":"Cloak And Dagger","floor":44.0,"key":"SMITH"},{"data":"Cloak And Dagger","floor":49.0,"key":"SMITH"},{"data":"Malaise","floor":53.0,"key":"SMITH"}],"circlet_count":0,"master_deck":["AscendersBane","Strike_G","Strike_G","Strike_G","Defend_G","Defend_G","Defend_G","Defend_G","Defend_G","Survivor","Neutralize+1","Backstab+1","Dagger Throw+1","Blade Dance+1","Endless Agony+1","Blade Dance+1","Footwork+1","After Image","Infinite Blades","Backflip","Tools of the Trade","Backflip","PiercingWail","Accuracy+1","Calculated Gamble","After Image","Cloak And Dagger+1","Malaise+1","After Image","Cloak And Dagger+1","Calculated Gamble","Infinite Blades+1","Well Laid Plans+1","Finisher","Dodge and Roll+1"],"relics":["Ring of the Snake","Du-Vu Doll","Golden Idol","Thread and Needle","StrikeDummy","Tiny Chest","Ornamental Fan","Bag of Preparation","Coffee Dripper","PreservedInsect","Meat on the Bone","CeramicFish","Pantograph","MutagenicStrength","Sozu","Dream Catcher","Anchor","DollysMirror","Pen Nib","Smiling Mask","Whetstone","Lantern","ClockworkSouvenir","Blood Vial"],"acts_visited":["Exordium","TheCity","TheBeyond","TheEnding"],"potions_floor_usage":[56,56],"damage_taken":[{"damage":0.0,"enemies":"2 Louse","floor":1.0,"turns":3.0},{"damage":1.0,"enemies":"Cultist","floor":4.0,"turns":4.0},{"damage":3.0,"enemies":"Small Slimes","floor":5.0,"turns":4.0},{"damage":0.0,"enemies":"3 Louse","floor":7.0,"turns":4.0},{"damage":11.0,"enemies":"3 Sentries","floor":8.0,"turns":8.0},{"damage":2.0,"enemies":"Gremlin Nob","floor":10.0,"turns":3.0},{"damage":0.0,"enemies":"3 Sentries","floor":13.0,"turns":5.0},{"damage":0.0,"enemies":"Blue Slaver","floor":14.0,"turns":1.0},{"damage":27.0,"enemies":"Hexaghost","floor":16.0,"turns":9.0},{"damage":0.0,"enemies":"Spheric Guardian","floor":18.0,"turns":1.0},{"damage":0.0,"enemies":"2 Thieves","floor":19.0,"turns":3.0},{"damage":1.0,"enemies":"Snake Plant","floor":20.0,"turns":5.0},{"damage":11.0,"enemies":"Snecko","floor":21.0,"turns":5.0},{"damage":0.0,"enemies":"Gremlin Leader","floor":24.0,"turns":4.0},{"damage":4.0,"enemies":"3 Cultists","floor":27.0,"turns":5.0},{"damage":0.0,"enemies":"Slavers","floor":28.0,"turns":4.0},{"damage":0.0,"enemies":"Snake Plant","floor":30.0,"turns":5.0},{"damage":17.0,"enemies":"Collector","floor":33.0,"turns":8.0},{"damage":0.0,"enemies":"Orb Walker","floor":35.0,"turns":3.0},{"damage":0.0,"enemies":"3 Shapes","floor":36.0,"turns":5.0},{"damage":0.0,"enemies":"Writhing Mass","floor":37.0,"turns":8.0},{"damage":0.0,"enemies":"Giant Head","floor":40.0,"turns":6.0},{"damage":0.0,"enemies":"Reptomancer","floor":42.0,"turns":6.0},{"damage":0.0,"enemies":"4 Shapes","floor":45.0,"turns":3.0},{"damage":0.0,"enemies":"Giant Head","floor":47.0,"turns":4.0},{"damage":0.0,"enemies":"Maw","floor":48.0,"turns":5.0},{"damage":27.0,"enemies":"Awakened One","floor":50.0,"turns":9.0},{"damage":32.0,"enemies":"Donu and Deca","floor":51.0,"turns":9.0},{"damage":0.0,"enemies":"Shield and Spear","floor":55.0,"turns":5.0},{"damage":37,"enemies":"The Heart","floor":56,"turns":8}],"seed_played":"7712154295616807467","potions_obtained":[{"floor":4.0,"key":"EssenceOfSteel"},{"floor":8.0,"key":"ColorlessPotion"},{"floor":10.0,"key":"Energy Potion"},{"floor":16.0,"key":"Regen Potion"},{"floor":19.0,"key":"CunningPotion"},{"floor":27.0,"key":"EssenceOfSteel"},{"floor":28.0,"key":"Weak Potion"}],"is_trial":false,"path_per_floor":["M","?","?","M","M","R","M","E","T","E","$","?","E","M","R","B",null,"M","M","M","M","$","R","E","R","T","M","E","R","M","?","R","B",null,"M","M","M","T","$","E","?","E","T","R","M","?","E","M","R","B","B",null,"R","$","E","B",null],"character_chosen":"THE_SILENT","items_purchased":["Ornamental Fan","PreservedInsect","PiercingWail","Accuracy","Anchor","DollysMirror","ClockworkSouvenir"],"campfire_rested":0,"item_purchase_floors":[11,22,22,22,39,39,54],"current_hp_per_floor":[59,59,54,53,50,50,50,39,39,37,37,54,54,54,54,27,47,47,47,54,43,43,43,43,43,43,39,39,39,39,39,39,37,50,50,50,50,50,50,50,50,50,50,50,50,50,50,50,50,36,31,46,46,46,46,26],"gold":100,"neow_bonus":"ONE_RARE_RELIC","is_daily":false,"chose_seed":false,"campfire_upgraded":9,"win_rate":0.0,"timestamp":1612206382,"path_taken":["M","?","?","M","M","R","M","E","T","E","$","?","E","M","R","BOSS","M","M","M","M","$","R","E","R","T","?","E","R","M","?","R","BOSS","M","M","M","?","$","E","?","E","T","R","M","?","E","M","R","BOSS","BOSS","R","$","E","BOSS"],"items_purchased_type":["Relic","Relic","Card","Card","Relic","Relic","Relic"],"build_version":"2020-12-22","purchased_purges":1,"victory":true,"max_hp_per_floor":[60,60,54,54,54,54,54,54,54,54,54,54,54,54,54,54,54,54,54,54,54,54,54,54,54,54,54,54,54,54,54,54,54,54,54,54,54,54,54,54,51,51,51,51,51,51,51,51,51,51,51,51,51,51,51,51],"relic_stats":{"counters":[30,152],"Golden Idol":224,"CeramicFish":99,"PreservedInsect":483,"Pen Nib":[28],"Bag of Preparation":[50],"Whetstone":["Endless Agony","Backstab"],"Smiling Mask":0,"Sozu":4,"Blood Vial":2,"Dream Catcher":0,"Ornamental Fan":[676],"Pantograph":34,"Tiny Chest":1,"obtain_stats":[{"Lantern":47,"Golden Idol":3,"CeramicFish":26,"Thread and Needle":8,"PreservedInsect":22,"Pen Nib":40,"Bag of Preparation":13,"Whetstone":43,"Smiling Mask":42,"ClockworkSouvenir":54,"Du-Vu Doll":0,"Sozu":34,"Blood Vial":55,"Dream Catcher":38,"Anchor":39,"Ornamental Fan":11,"DollysMirror":39,"Pantograph":28,"MutagenicStrength":31,"Tiny Chest":10,"Coffee Dripper":17,"StrikeDummy":9,"Ring of the Snake":0,"Meat on the Bone":24},{"Lantern":25,"Golden Idol":1,"CeramicFish":14,"Thread and Needle":5,"PreservedInsect":13,"Pen Nib":22,"Bag of Preparation":7,"Whetstone":23,"Smiling Mask":23,"ClockworkSouvenir":28,"Du-Vu Doll":0,"Sozu":18,"Blood Vial":29,"Dream Catcher":21,"Anchor":21,"Ornamental Fan":6,"DollysMirror":21,"Pantograph":16,"MutagenicStrength":17,"Tiny Chest":6,"Coffee Dripper":9,"StrikeDummy":5,"Ring of the Snake":0,"Meat on the Bone":14},{"Lantern":116,"Golden Idol":3,"CeramicFish":59,"Thread and Needle":23,"PreservedInsect":55,"Pen Nib":103,"Bag of Preparation":31,"Whetstone":109,"Smiling Mask":109,"ClockworkSouvenir":139,"Du-Vu Doll":0,"Sozu":81,"Blood Vial":144,"Dream Catcher":97,"Anchor":97,"Ornamental Fan":26,"DollysMirror":97,"Pantograph":68,"MutagenicStrength":73,"Tiny Chest":26,"Coffee Dripper":41,"StrikeDummy":23,"Ring of the Snake":0,"Meat on the Bone":59}],"Ring of the Snake":[62],"Meat on the Bone":36},"card_choices":[{"not_picked":["Acrobatics","Dodge and Roll","Outmaneuver"],"picked":"SKIP","floor":1.0},{"not_picked":["Underhanded Strike","Phantasmal Killer"],"picked":"Backstab","floor":4.0},{"not_picked":["Flying Knee","Backflip"],"picked":"Dagger Throw","floor":5.0},{"not_picked":["Tactician","All Out Attack"],"picked":"Blade Dance","floor":7.0},{"not_picked":["Dagger Throw","Riddle With Holes","Heel Hook"],"picked":"SKIP","floor":8.0},{"not_picked":["Dodge and Roll","Expertise"],"picked":"Endless Agony","floor":10.0},{"not_picked":["Catalyst","Phantasmal Killer"],"picked":"Blade Dance","floor":13.0},{"not_picked":["Blur","Flying Knee"],"picked":"Footwork","floor":14.0},{"not_picked":["Envenom","Night Terror"],"picked":"After Image","floor":16.0},{"not_picked":["Dagger Throw","Skewer"],"picked":"Infinite Blades","floor":18.0},{"not_picked":["Deflect","Bane"],"picked":"Backflip","floor":19.0},{"not_picked":["Eviscerate+1","Footwork"],"picked":"Tools of the Trade","floor":20.0},{"not_picked":["Deadly Poison","Acrobatics"],"picked":"Backflip","floor":21.0},{"not_picked":["Skewer","Quick Slash","Tactician"],"picked":"SKIP","floor":24.0},{"not_picked":["Bane+1","Poisoned Stab","Tactician"],"picked":"SKIP","floor":27.0},{"not_picked":["Escape Plan","Poisoned Stab"],"picked":"Calculated Gamble","floor":28.0},{"not_picked":["Caltrops","Bane","Sucker Punch"],"picked":"SKIP","floor":30.0},{"not_picked":["Caltrops","Bane","Sucker Punch"],"picked":"SKIP","floor":30.0},{"not_picked":["Tools of the Trade","Adrenaline"],"picked":"After Image","floor":33.0},{"not_picked":["Dodge and Roll","Underhanded Strike","Dash"],"picked":"SKIP","floor":35.0},{"not_picked":["Infinite Blades","Deflect"],"picked":"Cloak And Dagger","floor":36.0},{"not_picked":["Caltrops","Riddle With Holes"],"picked":"Malaise","floor":37.0},{"not_picked":["Riddle With Holes","Cloak And Dagger","Heel Hook"],"picked":"SKIP","floor":40.0},{"not_picked":["Riddle With Holes","Heel Hook"],"picked":"Cloak And Dagger","floor":40.0},{"not_picked":["Outmaneuver","Bane+1"],"picked":"Calculated Gamble","floor":42.0},{"not_picked":["Dagger Throw","All Out Attack"],"picked":"Infinite Blades+1","floor":45.0},{"not_picked":["Outmaneuver","Sucker Punch"],"picked":"Well Laid Plans+1","floor":47.0},{"not_picked":["Deflect","Eviscerate+1"],"picked":"Finisher","floor":48.0},{"not_picked":["Calculated Gamble","Sucker Punch"],"picked":"Dodge and Roll+1","floor":55.0}],"player_experience":21892376,"relics_obtained":[{"floor":8.0,"key":"Thread and Needle"},{"floor":9.0,"key":"StrikeDummy"},{"floor":10.0,"key":"Tiny Chest"},{"floor":13.0,"key":"Bag of Preparation"},{"floor":24.0,"key":"Meat on the Bone"},{"floor":26.0,"key":"CeramicFish"},{"floor":28.0,"key":"Pantograph"},{"floor":38.0,"key":"Dream Catcher"},{"floor":40.0,"key":"Pen Nib"},{"floor":42.0,"key":"Smiling Mask"},{"floor":43.0,"key":"Whetstone"},{"floor":47.0,"key":"Lantern"},{"floor":55.0,"key":"Blood Vial"}],"event_choices":[{"damage_healed":0.0,"max_hp_gain":0.0,"max_hp_loss":0.0,"gold_gain":0.0,"event_name":"Liars Game","player_choice":"Ignored","floor":2.0,"gold_loss":0.0,"damage_taken":0.0},{"damage_healed":0.0,"max_hp_gain":0.0,"max_hp_loss":6.0,"gold_gain":0.0,"event_name":"Golden Idol","player_choice":"Lose Max HP","floor":3.0,"gold_loss":0.0,"damage_taken":0.0,"relics_obtained":["Golden Idol"]},{"damage_healed":17.0,"max_hp_gain":0.0,"max_hp_loss":0.0,"gold_gain":0.0,"event_name":"Wheel of Change","player_choice":"Full Heal","floor":12.0,"gold_loss":0.0,"damage_taken":0.0},{"damage_healed":0.0,"max_hp_gain":0.0,"max_hp_loss":0.0,"gold_gain":0.0,"event_name":"Drug Dealer","player_choice":"Inject Mutagens","floor":31.0,"gold_loss":0.0,"damage_taken":0.0,"relics_obtained":["MutagenicStrength"]},{"damage_healed":0.0,"max_hp_gain":0.0,"max_hp_loss":3.0,"gold_gain":0.0,"event_name":"Winding Halls","player_choice":"Max HP","floor":41.0,"gold_loss":0.0,"damage_taken":0.0},{"cards_removed":["Strike_G"],"damage_healed":0.0,"max_hp_gain":0.0,"max_hp_loss":0.0,"gold_gain":0.0,"event_name":"Falling","player_choice":"Removed Attack","floor":46.0,"gold_loss":0.0,"damage_taken":0.0}],"is_beta":false,"boss_relics":[{"not_picked":["Empty Cage","Astrolabe"],"picked":"Coffee Dripper"},{"not_picked":["Tiny House","Calling Bell"],"picked":"Sozu"}],"items_purged_floors":[39],"is_endless":false,"potions_floor_spawned":[4,8,10,14,16,19,27,28,37,40,42,45,55],"ascension_level":20}}