{"host":"avjwtc49fhlk6kym","time":1612195709,"event":{"mods":["AchievementEnabler","BaseMod","Better Match","Better Note","Better Third Choice","Colored Map","Colored Powertips","Displayed Cursed Tome","Highlight Path","Minty Spire (QoL Compilation)","Permanent Neow","Quick Restart","StSLib"],"gold_per_floor":[115,0,0,14,14,44,56,80,118,84,84,84,59,59,59,59,59],"floor_reached":16,"language":"ENG","playtime":696,"items_purged":[],"score":96,"play_id":"a53a46b5-a9d5-411b-bebe-9a176d3384bb","local_time":"20210201110829","is_ascension_mode":false,"campfire_choices":[{"floor":12,"key":"REST"},{"floor":15,"key":"REST"}],"circlet_count":0,"master_deck":["Strike_P","Strike_P","Strike_P","Defend_P","Defend_P","Eruption+1","Vigilance","LikeWater+1","PathToVictory","Enlightenment","ThirdEye","Conclude","Protect","Consecrate","Chrysalis","Consecrate"],"relics":["PureWater","MawBank","Blood Vial"],"acts_visited":["Exordium"],"potions_floor_usage":[16],"damage_taken":[{"damage":1.0,"enemies":"Cultist","floor":1.0,"turns":4.0},{"damage":1.0,"enemies":"Jaw Worm","floor":4.0,"turns":3.0},{"damage":43.0,"enemies":"3 Sentries","floor":6.0,"turns":20.0},{"damage":7,"enemies":"Small Slimes","floor":8,"turns":4},{"damage":51,"enemies":"Hexaghost","floor":16,"turns":16}],"seed_played":"5896502267765829894","potions_obtained":[{"floor":1.0,"key":"Energy Potion"},{"floor":8,"key":"GamblersBrew"}],"is_trial":false,"path_per_floor":["M","?","?","M","$","E","?","M","T","$","?","R","$","?","R","B"],"character_chosen":"WATCHER","items_purchased":["Consecrate","Consecrate"],"campfire_rested":2,"item_purchase_floors":[10,13],"current_hp_per_floor":[71,77,70,69,69,26,26,19,19,19,19,42,42,26,49,0,0],"gold":59,"neow_bonus":"TRANSFORM_CARD","is_daily":false,"chose_seed":false,"campfire_upgraded":0,"win_rate":0.0,"timestamp":1612195709,"path_taken":["M","?","?","M","$","E","?","?","T","$","?","R","?","?","R","BOSS"],"items_purchased_type":["Card","Card"],"build_version":"2020-12-22","purchased_purges":0,"victory":false,"max_hp_per_floor":[72,78,78,78,78,78,78,78,78,78,78,78,78,78,78,78,78],"card_choices":[{"not_picked":["Meditate","Prostrate"],"picked":"PathToVictory","floor":1.0},{"not_picked":["Indignation","ClearTheMind"],"picked":"ThirdEye","floor":4.0},{"not_picked":["DevaForm","JustLucky"],"picked":"Conclude","floor":6.0},{"not_picked":["Crescendo","Halt"],"picked":"Protect","floor":8}],"player_experience":425063,"relics_obtained":[{"floor":6.0,"key":"MawBank"},{"floor":9,"key":"Blood Vial"}],"event_choices":[{"damage_healed":0.0,"max_hp_gain":0.0,"max_hp_loss":0.0,"gold_gain":0.0,"event_name":"betterThird:BetterSerpent","player_choice":"RENOUNCE","floor":2.0,"gold_loss":115.0,"damage_taken":115.0,"cards_obtained":["Enlightenment"]},{"cards_removed":["Defend_P"],"damage_healed":0.0,"max_hp_gain":0.0,"max_hp_loss":0.0,"gold_gain":0.0,"event_name":"Golden Wing","player_choice":"Card Removal","floor":3.0,"gold_loss":0.0,"damage_taken":7.0},{"cards_removed":["Strike_P"],"damage_healed":0.0,"max_hp_gain":0.0,"max_hp_loss":0.0,"gold_gain":0.0,"event_name":"Purifier","player_choice":"Purged","floor":7.0,"gold_loss":0.0,"damage_taken":0.0},{"cards_removed":["Defend_P"],"damage_healed":0,"gold_gain":0,"player_choice":"Take \u0026 Give","damage_taken":0,"max_hp_gain":0,"max_hp_loss":0,"event_name":"betterNote:BetterNote","floor":11,"gold_loss":0,"cards_obtained":["Chrysalis"]},{"damage_healed":42,"gold_gain":0,"player_choice":"Upgrade","damage_taken":16,"max_hp_gain":0,"max_hp_loss":78,"event_name":"betterThird:BetterShining","floor":14,"gold_loss":0,"cards_upgraded":["Eruption","LikeWater"]}],"is_beta":false,"boss_relics":[],"items_purged_floors":[],"is_endless":false,"potions_floor_spawned":[1,8],"killed_by":"Hexaghost","ascension_level":0}}