{"host":"y7b1p9nkx4idorr2","time":1612175224,"event":{"mods":["AchievementEnabler","Act Like it!","BaseMod","Colored Map","Downfall","GifTheSpireLib","Googly Eyes","Highlight Path","Mimic Mod","Minty Spire (QoL Compilation)","Shop Mod","Spicy Shops","StSLib","Unceasing Turn Reminder"],"gold_per_floor":[99,119,119,153,253,153,153,167,67,94,94,112,12,27,38,143,143,143,156,66,66,66,66,97,125,125,136,147,72,72,72,84,181,181,181,192,207,257,257,257,257,257,62,95,95,95,95,16,35,35,35,68,14,14,14,14,14],"floor_reached":55,"language":"ENG","playtime":3526,"items_purged":["Regret","Pride","champ:Strike"],"score":734,"play_id":"ce495978-5fe8-4ad6-9140-27efc1892c66","local_time":"20210201042704","is_ascension_mode":false,"campfire_choices":[{"data":"Apotheosis","floor":1,"key":"SMITH"},{"floor":6,"key":"RECALL"},{"data":"champ:StrikeOfGenius","floor":9,"key":"SMITH"},{"floor":13,"key":"REST"},{"data":"champ:GladiatorStyle","floor":18,"key":"SMITH"},{"data":"champ:StanceDance","floor":23,"key":"SMITH"},{"data":"champ:ArenaPreparation","floor":26,"key":"SMITH"},{"data":"champ:IronFortress","floor":35,"key":"SMITH"},{"data":"champ:HeavySlash","floor":40,"key":"SMITH"},{"data":"expansioncontent:Chronoboost","floor":45,"key":"SMITH"},{"floor":47,"key":"REST"},{"data":"champ:DancingMaster","floor":54,"key":"SMITH"}],"circlet_count":0,"master_deck":["champ:Defend","champ:Defend","champ:Defend","champ:Defend","champ:Execute","champ:Taunt","Apotheosis+1","champ:Duel","champ:GladiatorStyle+1","champ:Taunt","champ:AdrenalArmor","champ:ArenaPreparation+1","champ:StrikeOfGenius+1","Forethought","champ:Circumvent","champ:EnGarde","champ:FlashCut","champ:SkillfulDodge","champ:GutPunch","champ:StanceDance+1","champ:HeavySlash+1","champ:GutPunch","champ:GutPunch","champ:Haymaker","champ:RecklessLeap+1","champ:IronFortress+1","Necronomicurse","champ:Circumvent","champ:DancingMaster+1","champ:EnragedBash+1","champ:EnGarde","expansioncontent:Chronoboost+1","champ:CrookedStrike","champ:BerserkersShout+1","champ:FlashCut+1","champ:BerserkerStyle","champ:DefensiveShout","champ:DefensiveStyle","champ:ShieldWall"],"relics":["champ:ChampionCrown","downfall:GremlinSack","downfall:HeartBlessingBlue","Shuriken","downfall:HeartBlessingRed","MealTicket","downfall:HeartBlessingGreen","Busted Crown","The Courier","Juzu Bracelet","Toy Ornithopter","Necronomicon","Empty Cage","hexamod:Sixitude","Lantern","Omamori","champ:DefensiveTrainingManual","TungstenRod","Slimebound:PreparedRelic"],"acts_visited":["Exordium","TheCity","TheBeyond","TheEnding"],"potions_floor_usage":[29,32,33,52,52],"damage_taken":[{"damage":10,"enemies":"Jaw Worm","floor":2,"turns":4},{"damage":22,"enemies":"Small Slimes","floor":4,"turns":9},{"damage":37,"enemies":"Small Slimes","floor":5,"turns":5},{"damage":10,"enemies":"Small Slimes","floor":8,"turns":2},{"damage":8,"enemies":"Gremlin Nob","floor":10,"turns":4},{"damage":0,"enemies":"Cultist","floor":11,"turns":1},{"damage":0,"enemies":"Blue Slaver","floor":12,"turns":3},{"damage":12,"enemies":"2 Fungi Beasts","floor":14,"turns":4},{"damage":1,"enemies":"Large Slime","floor":15,"turns":3},{"damage":70,"enemies":"IC_STATUS_ARCHETYPE","floor":16,"turns":8},{"damage":10,"enemies":"Chosen","floor":19,"turns":3},{"damage":41,"enemies":"downfall:FleeingMerchant","floor":20,"turns":4},{"damage":17,"enemies":"3 Cultists","floor":24,"turns":4},{"damage":64,"enemies":"Book of Stabbing","floor":25,"turns":6},{"damage":36,"enemies":"3 Cultists","floor":27,"turns":5},{"damage":26,"enemies":"Centurion and Healer","floor":28,"turns":3},{"damage":75,"enemies":"downfall:FleeingMerchant","floor":29,"turns":4},{"damage":89,"enemies":"Chosen and Byrds","floor":32,"turns":5},{"damage":85,"enemies":"SI_MIRROR_ARCHETYPE","floor":33,"turns":8},{"damage":104,"enemies":"3 Darklings","floor":36,"turns":7},{"damage":49,"enemies":"Orb Walker","floor":37,"turns":2},{"damage":67,"enemies":"Orb Walker","floor":38,"turns":5},{"damage":68,"enemies":"downfall:FleeingMerchant","floor":43,"turns":4},{"damage":72,"enemies":"Reptomancer","floor":44,"turns":6},{"damage":0,"enemies":"downfall:FleeingMerchant","floor":48,"turns":2},{"damage":48,"enemies":"Jaw Worm Horde","floor":49,"turns":4},{"damage":161,"enemies":"DF_ARCHETYPE_ORBS","floor":50,"turns":7},{"damage":160,"enemies":"downfall:CharBossMerchant","floor":52,"turns":8},{"damage":108,"enemies":"downfall:NeowBoss","floor":55,"turns":12}],"seed_played":"6927919146016094258","potions_obtained":[{"floor":8,"key":"hexamod:SoulburnPotion"},{"floor":10,"key":"SpeedPotion"},{"floor":14,"key":"Guardian:BlockOnCardUsePotion"},{"floor":15,"key":"SkillPotion"},{"floor":16,"key":"PowerPotion"},{"floor":36,"key":"champ:TechniquePotion"},{"floor":39,"key":"FairyPotion"},{"floor":39,"key":"DuplicationPotion"},{"floor":52,"key":"champ:TechniquePotion"}],"is_trial":false,"path_per_floor":["R","M","?","MIM","?","R","T","M","R","E","M","M","R","M","M","B",null,"R","M","$","?","?","R","MIM","E","R","M","M","$","?","?","M","B",null,"R","M","M","?","?","R","T","?","$","E","R","?","R","$","M","B",null,"E","$","R","B"],"character_chosen":"THE_CHAMP","items_purchased":["champ:IronFortress","champ:DefensiveTrainingManual","TungstenRod","champ:BerserkerStyle","champ:ShieldWall"],"campfire_rested":2,"item_purchase_floors":[29,48,48,48,53],"current_hp_per_floor":[63,63,63,61,44,54,54,54,54,46,46,46,76,74,73,63,100,100,100,99,99,79,79,77,73,73,72,71,86,86,70,51,8,105,105,72,63,61,61,61,61,61,73,62,62,62,93,105,105,53,105,102,105,105,0,0,0],"gold":14,"neow_bonus":"RANDOM_COLORLESS_2","is_daily":false,"chose_seed":false,"campfire_upgraded":9,"win_rate":0.0,"timestamp":1612175224,"path_taken":["R","M","?","?","?","R","T","M","R","E","?","M","R","M","M","BOSS","R","M","$","?","?","R","MIM","E","R","M","M","$","?","?","M","BOSS","R","M","M","?","?","R","T","?","$","E","R","?","R","$","M","BOSS","E","$","R","BOSS"],"items_purchased_type":["Card","Relic","Relic","Card","Card"],"build_version":"2020-12-22","purchased_purges":3,"victory":false,"max_hp_per_floor":[90,90,90,90,90,100,100,100,100,100,100,100,100,100,100,100,100,100,100,100,100,105,105,105,105,105,105,105,105,105,105,105,105,105,105,105,105,105,105,105,105,105,105,105,105,105,105,105,105,105,105,105,105,105,105,105,105],"card_choices":[{"not_picked":["Metamorphosis","Master of Strategy"],"picked":"Apotheosis","floor":0},{"not_picked":["champ:FancyFootwork","champ:Backstep"],"picked":"champ:Duel","floor":2},{"not_picked":["champ:FlashCut","champ:FanOfKnives"],"picked":"champ:GladiatorStyle","floor":4},{"not_picked":["champ:Lariat","champ:Endure"],"picked":"champ:Circumvent","floor":5},{"not_picked":["champ:Endure","champ:BringItOn"],"picked":"champ:EnGarde","floor":8},{"not_picked":["champ:PreciseThrust","champ:ViciousMockery"],"picked":"champ:FlashCut","floor":10},{"not_picked":["champ:HeartStrike","champ:PreciseThrust","champ:DefensiveShout"],"picked":"SKIP","floor":11},{"not_picked":["champ:AdrenalArmor","champ:CrownThrow"],"picked":"champ:SkillfulDodge","floor":12},{"not_picked":["champ:CrownThrow","champ:Endure"],"picked":"champ:GutPunch","floor":14},{"not_picked":["champ:Circumvent","champ:GutPunch"],"picked":"champ:StanceDance","floor":15},{"not_picked":["champ:GladiatorForm","champ:SteelEdge"],"picked":"champ:HeavySlash","floor":16},{"not_picked":[],"picked":"champ:GutPunch","floor":19},{"not_picked":[],"picked":"champ:GutPunch","floor":20},{"not_picked":[],"picked":"champ:Haymaker","floor":25},{"not_picked":[],"picked":"champ:RecklessLeap+1","floor":27},{"not_picked":["champ:Haymaker"],"picked":"SKIP","floor":28},{"not_picked":["champ:BladeFlurry"],"picked":"SKIP","floor":29},{"not_picked":[],"picked":"champ:Circumvent","floor":32},{"not_picked":[],"picked":"champ:DancingMaster","floor":33},{"not_picked":[],"picked":"champ:EnragedBash+1","floor":36},{"not_picked":["champ:Haymaker+1"],"picked":"SKIP","floor":37},{"not_picked":[],"picked":"champ:EnGarde","floor":38},{"not_picked":["expansioncontent:InvincibleStrength","expansioncontent:AwakenDeath"],"picked":"expansioncontent:Chronoboost","floor":42},{"not_picked":[],"picked":"champ:CrookedStrike","floor":43},{"not_picked":[],"picked":"champ:BerserkersShout+1","floor":44},{"not_picked":[],"picked":"champ:FlashCut+1","floor":48},{"not_picked":[],"picked":"champ:DefensiveShout","floor":49},{"not_picked":[],"picked":"champ:DefensiveStyle","floor":52}],"player_experience":2250345,"relics_obtained":[{"floor":5,"key":"downfall:GremlinSack"},{"floor":7,"key":"Shuriken"},{"floor":10,"key":"MealTicket"},{"floor":24,"key":"The Courier"},{"floor":25,"key":"Juzu Bracelet"},{"floor":31,"key":"Necronomicon"},{"floor":38,"key":"hexamod:Sixitude"},{"floor":41,"key":"Lantern"},{"floor":44,"key":"Omamori"},{"floor":52,"key":"Slimebound:PreparedRelic"}],"event_choices":[{"damage_healed":0,"gold_gain":0,"player_choice":"Ignored","damage_taken":0,"max_hp_gain":0,"max_hp_loss":0,"event_name":"Vampires","floor":21,"gold_loss":0},{"damage_healed":0,"gold_gain":0,"player_choice":"Stole Relic","damage_taken":0,"relics_obtained":["Toy Ornithopter"],"max_hp_gain":0,"max_hp_loss":0,"event_name":"Addict","floor":30,"gold_loss":0,"cards_obtained":["Pride"]},{"damage_healed":0,"gold_gain":0,"player_choice":"Got Potions","damage_taken":0,"max_hp_gain":0,"max_hp_loss":0,"event_name":"Lab","floor":39,"gold_loss":0},{"cards_removed":["champ:Strike"],"damage_healed":0,"gold_gain":0,"player_choice":"Removed Attack","damage_taken":0,"max_hp_gain":0,"max_hp_loss":0,"event_name":"Falling","floor":46,"gold_loss":0}],"is_beta":false,"boss_relics":[{"not_picked":["Tiny House","SacredBark"],"picked":"Busted Crown"},{"not_picked":["Velvet Choker","Black Star"],"picked":"Empty Cage"}],"items_purged_floors":[20,43,43],"is_endless":false,"potions_floor_spawned":[8,10,14,15,16,19,25,27,32,36,44,52],"killed_by":"downfall:NeowBoss","ascension_level":0}}