{"host":"2x189hkb4impm2gi","time":1612140612,"event":{"mods":["BaseMod","Colored Map","Colored Powertips","Minty Spire (QoL Compilation)"],"gold_per_floor":[117,117,12,27,38,63,63,74,121,132,57,73,348,380,380,482,482,494,93,103,76,94,128,147,182,205,215,215,215],"floor_reached":28,"language":"ENG","playtime":2062,"items_purged":["Strike_B","Strike_B"],"score":272,"play_id":"18a226c9-ef08-43b2-8f04-fde1d523fa99","local_time":"20210131195012","is_ascension_mode":false,"campfire_choices":[{"data":"Zap","floor":7,"key":"SMITH"},{"floor":15,"key":"REST"}],"circlet_count":0,"master_deck":["Strike_B","Defend_B","Defend_B","Defend_B+1","Defend_B","Zap+1","Dualcast","Capacitor","Doom and Gloom","Loop","Cold Snap","Ball Lightning","Reinforced Body","Steam","Loop","Steam+1","Regret","Buffer","Rainbow","Leap+1","Conserve Battery","Heatsinks","Coolheaded","Beam Cell","Conserve Battery","Sweeping Beam+1","Darkness","Double Energy","Compile Driver","Amplify"],"relics":["Cracked Core","Letter Opener","Vajra","Toy Ornithopter","Philosopher\u0027s Stone","ClockworkSouvenir","Mercury Hourglass","InkBottle","War Paint"],"acts_visited":["Exordium","TheCity"],"potions_floor_usage":[14,16,16,23,24,25,25,25,25,28,28],"damage_taken":[{"damage":1,"enemies":"Cultist","floor":1,"turns":3},{"damage":9,"enemies":"Jaw Worm","floor":4,"turns":4},{"damage":12,"enemies":"Small Slimes","floor":5,"turns":3},{"damage":23,"enemies":"3 Sentries","floor":6,"turns":6},{"damage":8,"enemies":"Looter","floor":8,"turns":3},{"damage":5,"enemies":"Large Slime","floor":10,"turns":4},{"damage":5,"enemies":"Blue Slaver","floor":12,"turns":4},{"damage":14,"enemies":"Gremlin Nob","floor":14,"turns":4},{"damage":24,"enemies":"Hexaghost","floor":16,"turns":12},{"damage":13,"enemies":"Chosen","floor":18,"turns":5},{"damage":17,"enemies":"2 Thieves","floor":20,"turns":4},{"damage":8,"enemies":"Centurion and Healer","floor":22,"turns":7},{"damage":31,"enemies":"Slavers","floor":23,"turns":6},{"damage":10,"enemies":"Chosen and Byrds","floor":24,"turns":4},{"damage":30,"enemies":"Gremlin Leader","floor":25,"turns":5},{"damage":0,"enemies":"Cultist and Chosen","floor":27,"turns":4},{"damage":29,"enemies":"Slavers","floor":28,"turns":3}],"seed_played":"7721378611960300066","potions_obtained":[{"floor":1,"key":"PotionOfCapacity"},{"floor":4,"key":"Dexterity Potion"},{"floor":10,"key":"PowerPotion"},{"floor":16,"key":"PowerPotion"},{"floor":18,"key":"LiquidBronze"},{"floor":22,"key":"PowerPotion"},{"floor":23,"key":"EntropicBrew"},{"floor":25,"key":"FocusPotion"}],"is_trial":false,"path_per_floor":["M","?","$","M","M","E","R","M","T","M","$","M","?","E","R","B",null,"M","$","M","$","M","E","M","E","T","M","E"],"character_chosen":"DEFECT","items_purchased":["Doom and Gloom","Loop","Conserve Battery","Heatsinks","ClockworkSouvenir","Coolheaded","Conserve Battery"],"campfire_rested":1,"item_purchase_floors":[3,3,19,19,19,19,21],"current_hp_per_floor":[81,81,81,72,60,37,37,29,29,24,24,19,19,5,29,15,82,69,69,52,52,44,18,13,17,17,17,0,0],"gold":215,"neow_bonus":"TEN_PERCENT_HP_BONUS","is_daily":false,"chose_seed":false,"campfire_upgraded":1,"win_rate":0.0,"timestamp":1612140612,"path_taken":["M","?","?","M","M","E","R","M","T","?","$","M","?","E","R","BOSS","M","?","M","$","M","E","M","E","T","M","E"],"items_purchased_type":["Card","Card","Card","Card","Relic","Card","Card"],"build_version":"2020-12-22","purchased_purges":2,"victory":false,"max_hp_per_floor":[82,82,82,82,82,82,82,82,82,82,82,82,82,82,82,82,82,82,82,82,82,82,82,82,82,82,82,82,82],"card_choices":[{"not_picked":["Self Repair","Chill"],"picked":"Capacitor","floor":1},{"not_picked":["Compile Driver","Coolheaded"],"picked":"Cold Snap","floor":4},{"not_picked":["Barrage","Hologram"],"picked":"Ball Lightning","floor":5},{"not_picked":["Steam Power","Beam Cell"],"picked":"Reinforced Body","floor":6},{"not_picked":["Compile Driver","Stack"],"picked":"Steam","floor":8},{"not_picked":["Rip and Tear","Gash"],"picked":"Loop","floor":10},{"not_picked":["Redo","Hologram"],"picked":"Steam","floor":12},{"not_picked":["Heatsinks","Gash"],"picked":"Buffer","floor":14},{"not_picked":["Amplify","Seek"],"picked":"Rainbow","floor":16},{"not_picked":["Compile Driver+1","Sweeping Beam"],"picked":"Leap+1","floor":18},{"not_picked":["Barrage","Leap+1"],"picked":"Beam Cell","floor":20},{"not_picked":["Go for the Eyes","Self Repair+1"],"picked":"Sweeping Beam+1","floor":22},{"not_picked":["Leap","Hologram+1"],"picked":"Darkness","floor":23},{"not_picked":["Steam","Beam Cell"],"picked":"Double Energy","floor":24},{"not_picked":["Aggregate","Stack"],"picked":"Compile Driver","floor":25},{"not_picked":["Rip and Tear","Cold Snap"],"picked":"Amplify","floor":27}],"player_experience":24848,"relics_obtained":[{"floor":6,"key":"Letter Opener"},{"floor":9,"key":"Vajra"},{"floor":14,"key":"Toy Ornithopter"},{"floor":23,"key":"Mercury Hourglass"},{"floor":25,"key":"InkBottle"},{"floor":26,"key":"War Paint"}],"event_choices":[{"cards_removed":["Strike_B"],"damage_healed":0,"gold_gain":0,"player_choice":"Offered Basic","damage_taken":0,"max_hp_gain":0,"max_hp_loss":0,"event_name":"Bonfire Elementals","floor":2,"gold_loss":0},{"damage_healed":0,"gold_gain":275,"player_choice":"Desecrate","damage_taken":0,"max_hp_gain":0,"max_hp_loss":0,"event_name":"Golden Shrine","floor":13,"gold_loss":0,"cards_obtained":["Regret"]}],"is_beta":false,"boss_relics":[{"not_picked":["Ectoplasm","Runic Pyramid"],"picked":"Philosopher\u0027s Stone"}],"items_purged_floors":[11,19],"is_endless":false,"potions_floor_spawned":[1,4,10,16,18,22,23,25],"killed_by":"Slavers","ascension_level":0}}