{"host":"xm0tf1maiknh0fp9","time":1612188486,"event":{"mods":["BaseMod","Colored Map","Colored Powertips","Googly Eyes","Minty Spire (QoL Compilation)","Replay The Spire","StSLib"],"gold_per_floor":[111,123,140,154,172,201,201,235,235,269,269,269,295,315,315,414,414,424,424,424],"floor_reached":19,"language":"ENG","playtime":619,"items_purged":[],"score":299,"play_id":"40499211-8989-4fb5-bcc6-eca2fc919354","local_time":"20210201090806","is_ascension_mode":true,"campfire_choices":[{"data":"BowlingBash","floor":7.0,"key":"SMITH"},{"floor":11.0,"key":"REST"},{"floor":15.0,"key":"REST"}],"circlet_count":0,"master_deck":["Strike_P","Strike_P","Defend_P","Defend_P","Defend_P","Defend_P","Eruption","Vigilance","SashWhip","Consecrate","Tantrum","Scrawl","FearNoEvil"],"relics":["SlaversCollar","Replay:Accelerometer","The Courier","Pantograph","Pen Nib","Peace Pipe","Empty Cage"],"acts_visited":["Exordium","TheCity"],"potions_floor_usage":[],"damage_taken":[{"damage":1.0,"enemies":"Small Slimes","floor":1.0,"turns":4.0},{"damage":0.0,"enemies":"Cultist","floor":2.0,"turns":2.0},{"damage":6.0,"enemies":"2 Louse","floor":3.0,"turns":3.0},{"damage":2.0,"enemies":"Exordium Thugs","floor":4.0,"turns":4.0},{"damage":5.0,"enemies":"Red Slaver","floor":5.0,"turns":4.0},{"damage":18.0,"enemies":"Replay:BlueRogue","floor":6.0,"turns":5.0},{"damage":0.0,"enemies":"Gremlin Nob","floor":8.0,"turns":3.0},{"damage":21.0,"enemies":"Replay:BlueRogue","floor":10.0,"turns":3.0},{"damage":0.0,"enemies":"3 Sentries","floor":13.0,"turns":3.0},{"damage":7.0,"enemies":"Exordium Wildlife","floor":14.0,"turns":4.0},{"damage":28.0,"enemies":"Hexaghost","floor":16.0,"turns":6.0},{"damage":28,"enemies":"2 Thieves","floor":18,"turns":4},{"damage":49,"enemies":"Shell Parasite","floor":19,"turns":5}],"seed_played":"8115973108391470694","potions_obtained":[{"floor":2.0,"key":"Flashbang"},{"floor":5.0,"key":"CultistPotion"},{"floor":8.0,"key":"DuplicationPotion"},{"floor":10.0,"key":"PowerPotion"},{"floor":13.0,"key":"PowerPotion"}],"is_trial":false,"path_per_floor":["M","M","M","M","M","E","R","E","T","E","R","?","E","M","R","B",null,"M","M"],"character_chosen":"WATCHER","items_purchased":[],"campfire_rested":2,"item_purchase_floors":[],"current_hp_per_floor":[71,71,65,63,58,40,40,40,40,19,40,45,45,38,59,44,72,44,0,0],"gold":424,"neow_bonus":"BOSS_RELIC","is_daily":false,"chose_seed":false,"campfire_upgraded":1,"win_rate":0.0,"timestamp":1612188486,"path_taken":["M","M","M","M","M","E","R","E","T","E","R","?","E","M","R","BOSS","BOSS","M","?"],"items_purchased_type":[],"build_version":"2020-12-22","purchased_purges":0,"victory":false,"max_hp_per_floor":[72,72,72,72,72,72,72,72,72,72,72,72,72,72,72,72,72,72,72,72],"card_choices":[{"not_picked":["Halt","ClearTheMind","SashWhip"],"picked":"SKIP","floor":1.0},{"not_picked":["Halt","ClearTheMind"],"picked":"SashWhip","floor":1.0},{"not_picked":["ForeignInfluence","EmptyBody"],"picked":"Consecrate","floor":2.0},{"not_picked":["Evaluate","Replay:AtTheReady","JustLucky"],"picked":"SKIP","floor":3.0},{"not_picked":["Meditate","Replay:ManipulateFuture"],"picked":"BowlingBash","floor":4.0},{"not_picked":["Crescendo","WheelKick","Brilliance"],"picked":"SKIP","floor":5.0},{"not_picked":["Sanctity","SashWhip","PathToVictory"],"picked":"SKIP","floor":6.0},{"not_picked":["WindmillStrike","CrushJoints","Replay:Battleflow"],"picked":"SKIP","floor":8.0},{"not_picked":["Halt","ClearTheMind"],"picked":"Tantrum","floor":10.0},{"not_picked":["BowlingBash","CutThroughFate"],"picked":"Scrawl","floor":13.0},{"not_picked":["Crescendo","Replay:BluntJabs","Evaluate"],"picked":"SKIP","floor":14.0},{"not_picked":["EmptyFist+1","Perseverance"],"picked":"FearNoEvil","floor":18}],"player_experience":168571,"relics_obtained":[{"floor":6.0,"key":"Replay:Accelerometer"},{"floor":8.0,"key":"The Courier"},{"floor":9.0,"key":"Pantograph"},{"floor":10.0,"key":"Pen Nib"},{"floor":13.0,"key":"Peace Pipe"}],"event_choices":[{"cards_removed":["BowlingBash"],"damage_healed":5.0,"max_hp_gain":0.0,"max_hp_loss":0.0,"gold_gain":0.0,"event_name":"Bonfire Elementals","player_choice":"Offered Common","floor":12.0,"gold_loss":0.0,"damage_taken":0.0},{"cards_removed":["BowlingBash"],"damage_healed":5.0,"max_hp_gain":0.0,"max_hp_loss":0.0,"gold_gain":0.0,"event_name":"Bonfire Elementals","player_choice":"Offered Special","floor":12.0,"gold_loss":0.0,"damage_taken":0.0}],"is_beta":false,"boss_relics":[{"not_picked":["Snecko Eye","Honey Jar"],"picked":"Empty Cage"}],"items_purged_floors":[],"is_endless":false,"potions_floor_spawned":[2,5,8,10,13],"killed_by":"Shell Parasite","ascension_level":4}}