{"host":"pq8o62wp0h1hflf3","time":1612208989,"event":{"mods":["BaseMod","Colored Map","Minty Spire (QoL Compilation)","Relic Stats","ojb\u0027s Info Mod"],"gold_per_floor":[114,114,139,64,64,64,95,111,111,127,127,168,168,189,189,285,285,304,327,327,327,33,68,68,68,68],"floor_reached":25,"language":"ENG","playtime":2440,"items_purged":["Strike_B","Strike_B"],"score":458,"play_id":"1d8cb0e7-0322-4198-9b0f-56d726469611","local_time":"20210201144949","is_ascension_mode":true,"campfire_choices":[{"data":"Streamline","floor":6,"key":"SMITH"},{"floor":11,"key":"REST"},{"data":"Defragment","floor":13,"key":"SMITH"},{"data":"Capacitor","floor":15,"key":"SMITH"},{"floor":24,"key":"REST"}],"circlet_count":0,"master_deck":["AscendersBane","Strike_B","Strike_B","Defend_B","Defend_B","Defend_B","Defend_B","Zap","Dualcast","Defragment+1","Cold Snap","Streamline+1","Leap","Defragment+1","Ball Lightning","Capacitor+1","Conserve Battery","Electrodynamics","Force Field","RitualDagger","Apotheosis","Reboot"],"relics":["Cracked Core","Golden Idol","Thread and Needle","Torii","Omamori","Cursed Key","Potion Belt"],"acts_visited":["Exordium","TheCity"],"potions_floor_usage":[3,10,16,16],"damage_taken":[{"damage":1,"enemies":"Cultist","floor":1,"turns":3},{"damage":12,"enemies":"Small Slimes","floor":3,"turns":2},{"damage":32,"enemies":"Gremlin Nob","floor":7,"turns":4},{"damage":0,"enemies":"2 Louse","floor":8,"turns":1},{"damage":1,"enemies":"Exordium Wildlife","floor":10,"turns":3},{"damage":1,"enemies":"Lagavulin","floor":12,"turns":6},{"damage":0,"enemies":"3 Louse","floor":14,"turns":4},{"damage":21,"enemies":"Slime Boss","floor":16,"turns":10},{"damage":0,"enemies":"Spheric Guardian","floor":18,"turns":3},{"damage":8,"enemies":"2 Thieves","floor":19,"turns":4},{"damage":37,"enemies":"Slavers","floor":23,"turns":3},{"damage":20,"enemies":"Snecko","floor":25,"turns":4}],"seed_played":"9199789607380269925","potions_obtained":[{"floor":1,"key":"DistilledChaos"},{"floor":8,"key":"ColorlessPotion"},{"floor":10,"key":"Dexterity Potion"},{"floor":14,"key":"PowerPotion"},{"floor":23,"key":"LiquidBronze"}],"is_trial":false,"path_per_floor":["M","?","M","$","?","R","E","M","T","M","R","E","R","M","R","B",null,"M","M","T","?","$","E","R","M"],"character_chosen":"DEFECT","items_purchased":["Apotheosis"],"campfire_rested":2,"item_purchase_floors":[22],"current_hp_per_floor":[63,63,51,51,51,51,19,19,19,18,37,36,36,36,36,15,52,52,44,44,38,38,1,20,0,0],"gold":68,"neow_bonus":"THREE_CARDS","is_daily":false,"chose_seed":false,"campfire_upgraded":3,"win_rate":0.0,"timestamp":1612208989,"path_taken":["M","?","M","$","?","R","E","M","T","M","R","E","R","?","R","BOSS","M","M","?","?","$","E","R","M"],"items_purchased_type":["Card"],"build_version":"2020-12-22","purchased_purges":2,"victory":false,"max_hp_per_floor":[71,64,64,64,64,64,64,64,64,64,64,64,64,64,64,64,64,64,64,64,64,64,64,64,64,64],"relic_stats":{"Torii":11,"counters":[12,47],"Golden Idol":64,"Cursed Key":1,"obtain_stats":[{"Potion Belt":23,"Torii":9,"Golden Idol":2,"Thread and Needle":7,"Omamori":12,"Cracked Core":0,"Cursed Key":17},{"Potion Belt":11,"Torii":4,"Golden Idol":1,"Thread and Needle":3,"Omamori":6,"Cracked Core":0,"Cursed Key":8},{"Potion Belt":43,"Torii":10,"Golden Idol":3,"Thread and Needle":9,"Omamori":19,"Cracked Core":0,"Cursed Key":33}]},"card_choices":[{"not_picked":["White Noise","Steam"],"picked":"Defragment","floor":0},{"not_picked":["Steam Power","Compile Driver"],"picked":"Cold Snap","floor":1},{"not_picked":["Steam","Redo"],"picked":"Streamline","floor":3},{"not_picked":["Cold Snap","Stack"],"picked":"Leap","floor":7},{"not_picked":["Melter","Rebound"],"picked":"Defragment","floor":8},{"not_picked":["Hologram","Redo"],"picked":"Ball Lightning","floor":10},{"not_picked":["Leap","White Noise"],"picked":"Capacitor","floor":12},{"not_picked":["Rebound","Sunder"],"picked":"Conserve Battery","floor":14},{"not_picked":["Multi-Cast","Thunder Strike"],"picked":"Electrodynamics","floor":16},{"not_picked":["Coolheaded","Conserve Battery"],"picked":"Force Field","floor":18},{"not_picked":["Recycle","Redo","Fusion+1"],"picked":"SKIP","floor":19},{"not_picked":["Sunder","Compile Driver"],"picked":"Reboot","floor":23}],"player_experience":1179177,"relics_obtained":[{"floor":7,"key":"Thread and Needle"},{"floor":9,"key":"Torii"},{"floor":12,"key":"Omamori"},{"floor":23,"key":"Potion Belt"}],"event_choices":[{"damage_healed":0,"gold_gain":0,"player_choice":"Lose Max HP","damage_taken":0,"relics_obtained":["Golden Idol"],"max_hp_gain":0,"max_hp_loss":7,"event_name":"Golden Idol","floor":2,"gold_loss":0},{"damage_healed":0,"gold_gain":0,"player_choice":"Upgraded","damage_taken":0,"max_hp_gain":0,"max_hp_loss":0,"event_name":"Upgrade Shrine","floor":5,"gold_loss":0,"cards_upgraded":["Defragment"]},{"damage_healed":0,"gold_gain":0,"player_choice":"Joined the Cult","damage_taken":6,"max_hp_gain":0,"max_hp_loss":0,"event_name":"Nest","floor":21,"gold_loss":0,"cards_obtained":["RitualDagger"]}],"is_beta":false,"boss_relics":[{"not_picked":["Fusion Hammer","Runic Pyramid"],"picked":"Cursed Key"}],"items_purged_floors":[4,22],"is_endless":false,"potions_floor_spawned":[1,8,10,14,23],"killed_by":"Snecko","ascension_level":20}}