{"host":"c6u7e77myxvw4d0m","time":1612165905,"event":{"mods":["AchievementEnabler","BaseMod","Bestiary","Colored Map","Colored Powertips","Minty Spire (QoL Compilation)","Rare Cards Sparkle","Relic Stats","everything is the same but u backflip on backflip"],"gold_per_floor":[111,131,181,195,212,246,118,118,198,116,135,161,161,171,171,243,243,262,275,307,307,307,307],"floor_reached":22,"language":"ENG","playtime":2002,"items_purged":[],"score":409,"play_id":"200552a5-0d3e-40c9-997e-f7bfc29c9015","local_time":"20210201095145","is_ascension_mode":true,"campfire_choices":[{"data":"Perfected Strike","floor":8,"key":"SMITH"},{"data":"Perfected Strike","floor":13,"key":"SMITH"},{"data":"Dual Wield","floor":15,"key":"SMITH"}],"circlet_count":0,"master_deck":["AscendersBane","Strike_R","Strike_R","Strike_R","Strike_R","Strike_R","Defend_R","Defend_R","Defend_R","Defend_R","Bash","Perfected Strike+1","Clothesline","Feel No Pain","Wild Strike","Perfected Strike+1","Inflame","Carnage","Cleave","Shrug It Off","Dual Wield+1","Rampage","Demon Form","Headbutt","Feel No Pain"],"relics":["Burning Blood","Torii","Oddly Smooth Stone","Sozu","Red Mask","Nloth\u0027s Gift"],"acts_visited":["Exordium","TheCity"],"potions_floor_usage":[6,12,16,16],"damage_taken":[{"damage":7,"enemies":"Small Slimes","floor":1,"turns":3},{"damage":1,"enemies":"Cultist","floor":2,"turns":3},{"damage":6,"enemies":"Jaw Worm","floor":4,"turns":4},{"damage":9,"enemies":"Looter","floor":5,"turns":4},{"damage":35,"enemies":"Lagavulin","floor":6,"turns":7},{"damage":11,"enemies":"Gremlin Gang","floor":11,"turns":4},{"damage":0,"enemies":"Gremlin Nob","floor":12,"turns":1},{"damage":1,"enemies":"3 Louse","floor":14,"turns":3},{"damage":27,"enemies":"Hexaghost","floor":16,"turns":8},{"damage":10,"enemies":"Chosen","floor":18,"turns":4},{"damage":23,"enemies":"2 Thieves","floor":19,"turns":4},{"damage":40,"enemies":"Masked Bandits","floor":20,"turns":4},{"damage":21,"enemies":"Cultist and Chosen","floor":22,"turns":8}],"seed_played":"8084810381743080342","potions_obtained":[{"floor":1,"key":"LiquidBronze"},{"floor":2,"key":"Swift Potion"},{"floor":4,"key":"DistilledChaos"},{"floor":12,"key":"AttackPotion"}],"is_trial":false,"path_per_floor":["M","M","?","M","M","E","$","R","T","$","M","E","R","M","R","B",null,"M","M","?","?","M"],"character_chosen":"IRONCLAD","items_purchased":["Carnage","DistilledChaos","Cleave","Shrug It Off"],"campfire_rested":0,"item_purchase_floors":[7,7,10,10],"current_hp_per_floor":[67,72,72,72,69,40,40,40,40,40,35,41,41,46,46,25,63,59,42,8,8,0,0],"gold":307,"neow_bonus":"THREE_CARDS","is_daily":false,"chose_seed":false,"campfire_upgraded":3,"win_rate":0.0,"timestamp":1612165905,"path_taken":["M","M","?","M","?","E","$","R","T","$","M","E","R","M","R","BOSS","M","M","?","?","?"],"items_purchased_type":["Card","Potion","Card","Card"],"build_version":"2020-12-22","purchased_purges":0,"victory":false,"max_hp_per_floor":[75,75,75,75,75,75,75,75,75,75,75,75,75,75,75,75,75,75,75,75,75,75,75],"relic_stats":{"Sozu":2,"Torii":46,"counters":[13,57],"Nloth\u0027s Gift":0,"obtain_stats":[{"Sozu":17,"Torii":6,"Blue Candle":9,"Oddly Smooth Stone":12,"Red Mask":20,"Nloth\u0027s Gift":21,"Burning Blood":0},{"Sozu":9,"Torii":5,"Blue Candle":5,"Oddly Smooth Stone":7,"Red Mask":12,"Nloth\u0027s Gift":12,"Burning Blood":0},{"Sozu":37,"Torii":21,"Blue Candle":21,"Oddly Smooth Stone":26,"Red Mask":49,"Nloth\u0027s Gift":49,"Burning Blood":0}],"Burning Blood":72},"card_choices":[{"not_picked":["Thunderclap","Body Slam"],"picked":"Perfected Strike","floor":0},{"not_picked":["Entrench","Spot Weakness"],"picked":"Clothesline","floor":1},{"not_picked":["Havoc","Pummel"],"picked":"Feel No Pain","floor":2},{"not_picked":["Uppercut","Shockwave"],"picked":"Wild Strike","floor":4},{"not_picked":["Cleave","Heavy Blade"],"picked":"Perfected Strike","floor":5},{"not_picked":["True Grit","Shockwave"],"picked":"Inflame","floor":6},{"not_picked":["Sever Soul","Feel No Pain"],"picked":"Dual Wield","floor":11},{"not_picked":["Armaments","Exhume","Dual Wield"],"picked":"SKIP","floor":12},{"not_picked":["Sever Soul","Iron Wave"],"picked":"Rampage","floor":14},{"not_picked":["Impervious","Double Tap"],"picked":"Demon Form","floor":16},{"not_picked":["Sever Soul","Clash","Sword Boomerang"],"picked":"SKIP","floor":18},{"not_picked":["Perfected Strike","Clothesline"],"picked":"Headbutt","floor":19},{"not_picked":["Second Wind","Thunderclap"],"picked":"Feel No Pain","floor":20}],"player_experience":594183,"relics_obtained":[{"floor":6,"key":"Torii"},{"floor":9,"key":"Blue Candle"},{"floor":12,"key":"Oddly Smooth Stone"},{"floor":20,"key":"Red Mask"}],"event_choices":[{"damage_healed":0,"gold_gain":50,"player_choice":"Pray","damage_taken":0,"max_hp_gain":0,"max_hp_loss":0,"event_name":"Golden Shrine","floor":3,"gold_loss":0},{"damage_healed":0,"gold_gain":0,"player_choice":"Fought Bandits","damage_taken":0,"max_hp_gain":0,"max_hp_loss":0,"event_name":"Masked Bandits","floor":20,"gold_loss":0},{"damage_healed":0,"gold_gain":0,"player_choice":"Traded Relic","damage_taken":0,"relics_obtained":["Nloth\u0027s Gift"],"max_hp_gain":0,"max_hp_loss":0,"event_name":"N\u0027loth","floor":21,"relics_lost":["Blue Candle"],"gold_loss":0}],"is_beta":false,"boss_relics":[{"not_picked":["Calling Bell","Empty Cage"],"picked":"Sozu"}],"items_purged_floors":[],"is_endless":false,"potions_floor_spawned":[1,2,4,12,14,18,20],"killed_by":"Cultist and Chosen","ascension_level":17}}