{"host":"krw8blyxua7at9ak","time":1612147096,"event":{"mods":["BaseMod","Highlight Path","Minty Spire (QoL Compilation)","ojb\u0027s Info Mod"],"gold_per_floor":[109,122,122,139,150,150,175,175,175,6,6,31,31,58,58,131,131,141,141,66,66,77,77,77],"floor_reached":23,"language":"ENG","playtime":758,"items_purged":[],"score":514,"play_id":"96a73a83-a537-4823-b802-890792698d2c","local_time":"20210201033816","is_ascension_mode":true,"campfire_choices":[{"data":"Dagger Throw","floor":6,"key":"SMITH"},{"data":"Bouncing Flask","floor":11,"key":"SMITH"},{"data":"Dagger Throw","floor":13,"key":"SMITH"},{"data":"Neutralize","floor":15,"key":"SMITH"}],"circlet_count":0,"master_deck":["AscendersBane","Strike_G","Strike_G","Strike_G","Strike_G","Defend_G","Defend_G+1","Defend_G","Defend_G","Defend_G","Survivor","Neutralize+1","Leg Sweep+1","Dagger Throw+1","Dagger Throw+1","Bouncing Flask+1","Bullet Time","RitualDagger","Footwork"],"relics":["Ring of the Serpent","NeowsBlessing","Oddly Smooth Stone","Regal Pillow","Pen Nib","Singing Bowl","PreservedInsect"],"acts_visited":["Exordium","TheCity"],"potions_floor_usage":[5,7,7,7,14,18,18,23,23],"damage_taken":[{"damage":0,"enemies":"Cultist","floor":1,"turns":1},{"damage":0,"enemies":"Small Slimes","floor":2,"turns":2},{"damage":0,"enemies":"Jaw Worm","floor":4,"turns":1},{"damage":7,"enemies":"Exordium Wildlife","floor":5,"turns":8},{"damage":6,"enemies":"Gremlin Nob","floor":7,"turns":3},{"damage":6,"enemies":"Lagavulin","floor":12,"turns":6},{"damage":2,"enemies":"Gremlin Nob","floor":14,"turns":3},{"damage":0,"enemies":"Hexaghost","floor":16,"turns":9},{"damage":0,"enemies":"3 Byrds","floor":18,"turns":5},{"damage":10,"enemies":"Chosen","floor":22,"turns":5},{"damage":25,"enemies":"Slavers","floor":23,"turns":3}],"seed_played":"512166219552742410","potions_obtained":[{"floor":2,"key":"AttackPotion"},{"floor":3,"key":"EntropicBrew"},{"floor":5,"key":"FearPotion"},{"floor":12,"key":"Energy Potion"},{"floor":16,"key":"Poison Potion"},{"floor":18,"key":"EssenceOfSteel"},{"floor":22,"key":"Weak Potion"}],"is_trial":false,"path_per_floor":["M","M","?","M","M","R","E","?","T","$","R","E","R","E","R","B",null,"M","?","?","?","M","E"],"character_chosen":"THE_SILENT","items_purchased":["Pen Nib"],"campfire_rested":0,"item_purchase_floors":[10],"current_hp_per_floor":[59,59,59,59,52,52,46,26,26,26,26,22,22,22,22,22,58,60,40,40,34,24,0,0],"gold":77,"neow_bonus":"THREE_ENEMY_KILL","is_daily":false,"chose_seed":false,"campfire_upgraded":4,"win_rate":0.0,"timestamp":1612147096,"path_taken":["M","?","?","?","M","R","E","?","T","?","R","E","R","E","R","BOSS","M","?","?","?","?","E"],"items_purchased_type":["Relic"],"build_version":"2020-12-22","purchased_purges":0,"victory":false,"max_hp_per_floor":[66,66,66,66,66,66,66,66,66,66,66,68,68,70,70,70,70,72,77,77,77,77,77,77],"card_choices":[{"not_picked":["Prepared","Calculated Gamble","Bane"],"picked":"SKIP","floor":1},{"not_picked":["Outmaneuver","Acrobatics"],"picked":"Leg Sweep","floor":2},{"not_picked":["Outmaneuver","Phantasmal Killer"],"picked":"Dagger Throw","floor":4},{"not_picked":["Outmaneuver","Crippling Poison"],"picked":"Dagger Throw","floor":5},{"not_picked":["Grand Finale","Deadly Poison"],"picked":"Bouncing Flask","floor":7},{"not_picked":["Dagger Throw","Sucker Punch","Deflect"],"picked":"Singing Bowl","floor":12},{"not_picked":["Heel Hook","Poisoned Stab","Dagger Spray"],"picked":"Singing Bowl","floor":14},{"not_picked":["Glass Knife","Phantasmal Killer"],"picked":"Bullet Time","floor":16},{"not_picked":["Deadly Poison","PiercingWail","Flying Knee"],"picked":"Singing Bowl","floor":18},{"not_picked":["Bane","Eviscerate+1"],"picked":"Footwork","floor":22}],"player_experience":375956,"relics_obtained":[{"floor":7,"key":"Oddly Smooth Stone"},{"floor":9,"key":"Regal Pillow"},{"floor":12,"key":"Singing Bowl"},{"floor":14,"key":"PreservedInsect"}],"event_choices":[{"damage_healed":0,"gold_gain":0,"player_choice":"Got Potions","damage_taken":0,"max_hp_gain":0,"max_hp_loss":0,"event_name":"Lab","floor":3,"gold_loss":0},{"damage_healed":0,"gold_gain":0,"player_choice":"Entered Light","damage_taken":20,"max_hp_gain":0,"max_hp_loss":0,"event_name":"Shining Light","floor":8,"gold_loss":0,"cards_upgraded":["Defend_G","Leg Sweep"]},{"damage_healed":0,"gold_gain":0,"player_choice":"Shed Blood","damage_taken":25,"max_hp_gain":5,"max_hp_loss":0,"event_name":"Forgotten Altar","floor":19,"gold_loss":0},{"cards_removed":["Strike_G"],"damage_healed":0,"gold_gain":0,"player_choice":"Gave Gold","damage_taken":0,"max_hp_gain":0,"max_hp_loss":0,"event_name":"Beggar","floor":20,"gold_loss":75},{"damage_healed":0,"gold_gain":0,"player_choice":"Joined the Cult","damage_taken":6,"max_hp_gain":0,"max_hp_loss":0,"event_name":"Nest","floor":21,"gold_loss":0,"cards_obtained":["RitualDagger"]}],"is_beta":false,"boss_relics":[{"not_picked":["SacredBark","Runic Dome"],"picked":"Ring of the Serpent"}],"items_purged_floors":[],"is_endless":false,"potions_floor_spawned":[2,5,12,16,18,22],"killed_by":"Slavers","ascension_level":20}}