{"host":"y9jgkjnf95sujozk","time":1612198052,"event":{"mods":["2.2 Compatiblity","AchievementEnabler","Act Like it!","BaseMod","BetterRewards","Block Reminder","Colored Map","Colored Powertips","Friendly Minions","Gensokyo","GifTheSpireLib","Hallownest","Hermit","Highlight Path","HololiveMod","Hubris","Infinite Spire","Jorbs\u0027s Wanderer Trilogy","Koishi","Marisa（霧雨　魔理沙）","Minty Spire (QoL Compilation)","Quick Restart","Random Character Button","Rare Cards Sparkle","Reimu（博??梦）","Remilia（蕾米莉?）","Replay The Spire","Shop Mod","StSLib","SuperFastMode","The Bug Knight","The Cursed","The Disciple","The Hierophant","The Jungle","The Poker Player","The Runesmith","The Senshi","The Servant 0.9.4"],"gold_per_floor":[116,127,147,157,157,157,106,106,130,163,176,186,203,203,203,203,203],"floor_reached":16,"language":"ENG","playtime":554,"items_purged":[],"score":154,"play_id":"442b9886-18bd-4600-89fa-9eb68d2e4d97","local_time":"20210201174732","is_ascension_mode":false,"campfire_choices":[{"floor":6,"key":"REST"},{"data":"stsjorbsmod:FracturedMind","floor":8,"key":"SMITH"},{"floor":15,"key":"REST"}],"circlet_count":0,"master_deck":["stsjorbsmod:ForbiddenGrimoire+1","stsjorbsmod:Strike_Wanderer","stsjorbsmod:Strike_Wanderer","stsjorbsmod:Strike_Wanderer","stsjorbsmod:Strike_Wanderer","stsjorbsmod:Defend_Wanderer","stsjorbsmod:Defend_Wanderer","stsjorbsmod:Defend_Wanderer","stsjorbsmod:Defend_Wanderer","stsjorbsmod:FreshAdventure","stsjorbsmod:EyeOfTheStorm","stsjorbsmod:Hurt+1","stsjorbsmod:Firebolt","stsjorbsmod:TinyHut","stsjorbsmod:UnseenServant","stsjorbsmod:TinyHut","stsjorbsmod:FracturedMind+1","stsjorbsmod:LoseGrip+1","stsjorbsmod:Introspection+1","stsjorbsmod:HoldMonster","stsjorbsmod:FracturedMind","stsjorbsmod:Aid","stsjorbsmod:MistyStep"],"relics":["stsjorbsmod:GrimoireRelic","Boot","Ornamental Fan","Blue Doll"],"acts_visited":["Exordium"],"potions_floor_usage":[10,10,10,13],"damage_taken":[{"damage":0,"enemies":"Small Slimes","floor":1,"turns":3},{"damage":4,"enemies":"Cultist","floor":2,"turns":4},{"damage":11,"enemies":"Jaw Worm","floor":3,"turns":4},{"damage":9,"enemies":"Blue Slaver","floor":4,"turns":5},{"damage":31,"enemies":"HollowMod:MossKnight","floor":10,"turns":7},{"damage":12,"enemies":"3 Louse","floor":11,"turns":2},{"damage":8,"enemies":"Exordium Thugs","floor":12,"turns":4},{"damage":19,"enemies":"Large Slime","floor":13,"turns":7},{"damage":40,"enemies":"Fading Forest","floor":16,"turns":10}],"seed_played":"477479327039597304","potions_obtained":[{"floor":1,"key":"stsjorbsmod:LiquidVirtue"},{"floor":2,"key":"Energy Potion"},{"floor":3,"key":"ZuzhouPotion:ReiMu"},{"floor":10,"key":"stsjorbsmod:DimensionDoorPotion"}],"is_trial":false,"path_per_floor":["M","M","M","M","?","R","$","R","T","E","M","M","M","?","R","B"],"character_chosen":"WANDERER","items_purchased":["stsjorbsmod:Hurt+1","stsjorbsmod:Firebolt","stsjorbsmod:TinyHut","stsjorbsmod:Introspection+1"],"campfire_rested":2,"item_purchase_floors":[0,0,0,7],"current_hp_per_floor":[68,67,59,52,52,68,68,68,68,41,29,23,5,5,25,0,0],"gold":203,"neow_bonus":"","is_daily":false,"chose_seed":false,"campfire_upgraded":1,"win_rate":0.0,"timestamp":1612198052,"path_taken":["M","M","M","M","?","R","?","R","T","E","M","M","M","?","R","BOSS"],"items_purchased_type":["Card","Card","Card","Card"],"build_version":"2020-12-22","purchased_purges":0,"victory":false,"max_hp_per_floor":[68,68,68,68,68,68,68,68,68,68,68,68,68,68,68,68,68],"card_choices":[{"not_picked":["stsjorbsmod:Materialize","stsjorbsmod:DisguiseSelf"],"picked":"stsjorbsmod:UnseenServant","floor":1},{"not_picked":["stsjorbsmod:Materialize","stsjorbsmod:RayOfFrost"],"picked":"stsjorbsmod:TinyHut","floor":2},{"not_picked":["stsjorbsmod:Aid","stsjorbsmod:OldPocket"],"picked":"stsjorbsmod:FracturedMind","floor":3},{"not_picked":["stsjorbsmod:Channel","stsjorbsmod:FracturedMind"],"picked":"stsjorbsmod:LoseGrip","floor":4},{"not_picked":["stsjorbsmod:Materialize","stsjorbsmod:Pyromancy"],"picked":"stsjorbsmod:HoldMonster","floor":10},{"not_picked":["stsjorbsmod:SmithingStrike","stsjorbsmod:Hibernate"],"picked":"stsjorbsmod:FracturedMind","floor":11},{"not_picked":["stsjorbsmod:Message","stsjorbsmod:Materialize"],"picked":"stsjorbsmod:Aid","floor":12},{"not_picked":["stsjorbsmod:Stalwart","stsjorbsmod:Channel"],"picked":"stsjorbsmod:MistyStep","floor":13}],"player_experience":123604,"relics_obtained":[{"floor":9,"key":"Boot"},{"floor":10,"key":"Ornamental Fan"},{"floor":14,"key":"Blue Doll"}],"event_choices":[{"damage_healed":0,"gold_gain":0,"player_choice":"Upgraded","damage_taken":0,"max_hp_gain":0,"max_hp_loss":0,"event_name":"Upgrade Shrine","floor":5,"gold_loss":0,"cards_upgraded":["stsjorbsmod:LoseGrip"]},{"damage_healed":0,"gold_gain":0,"player_choice":"Relic","damage_taken":0,"max_hp_gain":0,"max_hp_loss":0,"event_name":"Wheel of Change","floor":14,"gold_loss":0}],"is_beta":false,"boss_relics":[],"items_purged_floors":[],"is_endless":false,"potions_floor_spawned":[1,2,3,10],"killed_by":"Fading Forest","ascension_level":0}}