{"host":"mn5kbj4x7gv3jr0o","time":1612149115,"event":{"mods":["2.2 Compatiblity","A Magickal Journey","AchievementEnabler","Ascension Reborn","Ascension Unlocker","Aspiration","BaseMod","Bestiary","Better Altar","Better Note","Better Sensory Stone","Better Silent Start","Better Skull","Better Third Choice","Better Vampires","Better-Laid Plans","BetterRewards","Block Reminder","CCEM2","Colored Powertips","Colorless Booster Pack","Conspire","Curses Come First","Dota2Spire","Downfall","Emptier Cage","Energized Spire","Fox Events","GifTheSpireLib","Halation","HololiveMod","Hubris","Infinite Spire","Ironclad Rager","Jess\u0027s Bottle","Keyboard Shortcuts","Minty Spire (QoL Compilation)","Mirrors Mod","Poem Panic","Potion Indicator Mod","Potionbrewer","Puzzle Mod","Quarter Circle Forward PUNCH!","Quick Restart","Random Character Button","RatMod","Relic Sorter","Reliquary","Retaliation","Reworked Bosses","SCP261 Mod","SacredBarkPlus","Shop Mod","Small Relic Pack","Spicy Shops","Spikes Relics","StS++","StSLib","Stuff the Spire","The Blue Laboratory","Thieving Mod","Trackpad","Uncapped","UnlockEverythingMod","Useless Jewels Mod","Virulent Crown","Weighted Paths","Wide Potions"],"gold_per_floor":[116,131,141,157,157,186,186,220,271,289,289,289,325,351,351,459,459,478,478,498,101,101,101,101,101,101,127,168,168,168,187,187,292,292,314,58,0,0,16,16],"floor_reached":39,"language":"ENG","playtime":3741,"items_purged":[],"score":442,"play_id":"82755d94-4698-4cef-8029-097435af4bcd","local_time":"20210131221155","is_ascension_mode":true,"campfire_choices":[{"data":"potionbrewer:QuickStep","floor":7,"key":"SMITH"},{"data":"potionbrewer:Collect","floor":11,"key":"SMITH"},{"data":"potionbrewer:TwoForOne","floor":15,"key":"SMITH"},{"data":"DDmod:PotionAddictCard","floor":23,"key":"SMITH"},{"data":"potionbrewer:BeatDown","floor":30,"key":"SMITH"},{"data":"potionbrewer:IronHeart","floor":32,"key":"SMITH"}],"circlet_count":0,"master_deck":["potionbrewer:PotionbrewerStrike","potionbrewer:PotionbrewerStrike","potionbrewer:PotionbrewerDefend","potionbrewer:PotionbrewerDefend+1","potionbrewer:PotionbrewerDefend","potionbrewer:PotionbrewerDefend","potionbrewer:Collect+1","potionbrewer:ChemicalSpill","potionbrewer:PrivateReserves+1","potionbrewer:ChemicalRage","potionbrewer:OneTwoPunch","potionbrewer:QuickStep+1","potionbrewer:Toxicity","potionbrewer:OneTwoPunch","potionbrewer:TwoForOne+1","potionbrewer:Smack","potionbrewer:BeatDown+1","potionbrewer:QuickStep","potionbrewer:Collect+1","potionbrewer:Fuel","DDmod:PotionAddictCard+1","potionbrewer:IronHeart+1","Trip","potionbrewer:QuickStep","potionbrewer:DigDeep","potionbrewer:TwoForOne","potionbrewer:Smokescreen+1"],"relics":["potionbrewer:PotionKit","halation:PinkSoulGem","hubris:Icosahedron","halation:LoveArrow","Dota2Spire:ArmletOfMordiggian","CCEMRelics:SoftDrink","CCEMRelics:CanOfSoda","trackpad:AdjectivePendant","hubris:Towel","halation:LostSnail","infinitespire:EmpoweringShard","CCEMRelics:BundleOfDynamite","energizedSpire:SpiderWeb","Mercury Hourglass","Red Mask"],"acts_visited":["Exordium","TheCity","TheBeyond"],"potions_floor_usage":[6,6,7,8,8,10,13,13,13,14,14,16,16,16,17,18,18,18,20,20,20,27,27,27,27,27,28,28,28,28,31,31,33,33,35,35,35,39,39,39,39,39,39,39,39,39],"damage_taken":[{"damage":2.0,"enemies":"conspire:RoseBush","floor":1.0,"turns":4.0},{"damage":2.0,"enemies":"Small Slimes","floor":2.0,"turns":4.0},{"damage":0.0,"enemies":"Jaw Worm","floor":3.0,"turns":7.0},{"damage":0.0,"enemies":"Exordium Thugs","floor":4.0,"turns":5.0},{"damage":22,"enemies":"3 Sentries","floor":6,"turns":10},{"damage":0,"enemies":"Gremlin Nob","floor":8,"turns":4},{"damage":0,"enemies":"Large Slime","floor":10,"turns":5},{"damage":1,"enemies":"3 Sentries","floor":13,"turns":9},{"damage":0,"enemies":"3 Louse","floor":14,"turns":3},{"damage":48,"enemies":"Hexaghost","floor":16,"turns":13},{"damage":0,"enemies":"Chosen","floor":18,"turns":5},{"damage":14,"enemies":"Spheric Guardian","floor":20,"turns":4},{"damage":0,"enemies":"Snecko","floor":27,"turns":7},{"damage":20,"enemies":"Slavers","floor":28,"turns":7},{"damage":0,"enemies":"conspire:HollyBat","floor":31,"turns":6},{"damage":4,"enemies":"conspire:MysteriousRune","floor":33,"turns":9},{"damage":7,"enemies":"Orb Walker","floor":35,"turns":4},{"damage":22,"enemies":"infinitespire:Three Voidlings","floor":39,"turns":5},{"damage":111,"enemies":"Nightmare_Alpha","floor":39,"turns":8}],"seed_played":"-5029982709321686244","potions_obtained":[{"floor":2.0,"key":"potionbrewer:CleansingPotion"},{"floor":6,"key":"SCP261:BarrettColaPotion"},{"floor":8,"key":"DuplicationPotion"},{"floor":13,"key":"Ancient Potion"},{"floor":16,"key":"SCP261:GirlTearsPotion"},{"floor":22,"key":"foxEvents:VialedCaress"},{"floor":27,"key":"potionbrewer:BarricadePotion"},{"floor":28,"key":"Swift Potion"},{"floor":33,"key":"blueLaboratory:HorrorPotion"}],"is_trial":false,"path_per_floor":["M","M","M","M","?","E","R","E","T","M","R","?","E","M","R","B",null,"M","?","M","$","?","R","?","?","T","M","E","?","R","M","R","B",null,"M","$","?","?","?"],"character_chosen":"POTIONBREWER","items_purchased":["halation:LostSnail","DDmod:PotionAddictCard","potionbrewer:IronHeart","Trip","Mercury Hourglass"],"campfire_rested":0,"item_purchase_floors":[21,21,21,21,36],"current_hp_per_floor":[66,64,64,64,64,51,51,51,51,51,51,51,50,50,50,2,77,77,77,63,63,63,63,63,63,63,63,63,63,63,63,63,59,65,65,65,65,45,0,0],"gold":16,"neow_bonus":"REMOVE_TWO","is_daily":false,"chose_seed":false,"campfire_upgraded":6,"win_rate":0.0,"timestamp":1612149115,"path_taken":["M","M","M","M","?","E","R","E","T","M","R","?","E","M","R","BOSS","M","?","M","$","?","R","?","?","T","M","E","?","R","M","R","BOSS","M","$","?","?","?"],"items_purchased_type":["Relic","Card","Card","Card","Relic"],"build_version":"2020-12-22","purchased_purges":0,"victory":false,"max_hp_per_floor":[68,68,68,68,68,77,77,77,77,77,77,77,77,77,77,77,77,77,77,77,77,65,65,65,65,65,65,65,65,65,65,65,65,65,65,65,65,65,65,65],"card_choices":[{"not_picked":["potionbrewer:ChemicalRage","potionbrewer:Experimentation"],"picked":"potionbrewer:PrivateReserves","floor":1.0},{"not_picked":["potionbrewer:CausticBarrier","potionbrewer:BlindingSpray"],"picked":"potionbrewer:ChemicalRage","floor":2.0},{"not_picked":["potionbrewer:TimeBomb","potionbrewer:Refill"],"picked":"potionbrewer:OneTwoPunch","floor":3.0},{"not_picked":["potionbrewer:ChemicalWeapons","potionbrewer:PortableLab","potionbrewer:CausticBarrier"],"picked":"SKIP","floor":4.0},{"not_picked":["potionbrewer:HazardousMaterials","potionbrewer:DigDeep"],"picked":"potionbrewer:QuickStep","floor":6},{"not_picked":["potionbrewer:TestFormula","potionbrewer:TimeBomb"],"picked":"potionbrewer:Toxicity","floor":8},{"not_picked":["potionbrewer:TestFormula","potionbrewer:LeftoverSpecimen"],"picked":"potionbrewer:OneTwoPunch","floor":10},{"not_picked":["potionbrewer:BalancedFormula","potionbrewer:Biohazard"],"picked":"potionbrewer:TwoForOne","floor":13},{"not_picked":["potionbrewer:Contingency","potionbrewer:TestFormula"],"picked":"potionbrewer:Smack","floor":14},{"not_picked":["potionbrewer:PotentialEnergy","potionbrewer:SpecialFormula"],"picked":"potionbrewer:BeatDown","floor":16},{"not_picked":["potionbrewer:FortifiedSerum","potionbrewer:CausticBarrier"],"picked":"potionbrewer:QuickStep","floor":18},{"not_picked":["potionbrewer:CrossReference","potionbrewer:Biohazard"],"picked":"potionbrewer:Fuel","floor":20},{"not_picked":["potionbrewer:VolatileSolution+1","potionbrewer:Spark"],"picked":"potionbrewer:QuickStep","floor":27},{"not_picked":["potionbrewer:UnstableFormula","potionbrewer:TestFormula"],"picked":"potionbrewer:DigDeep","floor":28},{"not_picked":["potionbrewer:IronHeart","potionbrewer:Brandish","potionbrewer:Smack"],"picked":"SKIP","floor":31},{"not_picked":["potionbrewer:BeatDown","potionbrewer:BrokenBeakers"],"picked":"potionbrewer:TwoForOne","floor":33},{"not_picked":["potionbrewer:AcidCloud+1","potionbrewer:Backhand"],"picked":"potionbrewer:Smokescreen+1","floor":35}],"player_experience":176116,"relics_obtained":[{"floor":6,"key":"CCEMRelics:CanOfSoda"},{"floor":8,"key":"trackpad:AdjectivePendant"},{"floor":9,"key":"Dota2Spire:ArmletOfMordiggian"},{"floor":13,"key":"CCEMRelics:SoftDrink"},{"floor":26,"key":"infinitespire:EmpoweringShard"},{"floor":28,"key":"CCEMRelics:BundleOfDynamite"}],"event_choices":[{"cards_removed":["potionbrewer:TwoForOne"],"damage_healed":0,"gold_gain":0,"player_choice":"Take \u0026 Give","damage_taken":0,"max_hp_gain":0,"max_hp_loss":0,"event_name":"betterNote:BetterNote","floor":19,"gold_loss":0,"cards_obtained":["potionbrewer:Collect"]},{"damage_healed":0,"gold_gain":0,"player_choice":"Paid","damage_taken":0,"relics_obtained":["Red Mask"],"max_hp_gain":0,"max_hp_loss":0,"event_name":"Tomb of Lord Red Mask","floor":37,"gold_loss":58}],"is_beta":false,"boss_relics":[{"not_picked":["trackpad:StolenKidneys","hubris:HollowSoul"],"picked":"halation:LoveArrow"},{"not_picked":["StuffTheSpire:RunicHypercube","halation:PlatinumPhoenix"],"picked":"energizedSpire:SpiderWeb"}],"items_purged_floors":[],"is_endless":false,"potions_floor_spawned":[2,6,8,13,16,27,28,31,33,39],"killed_by":"Nightmare_Alpha","ascension_level":0}}