{"host":"rtczl7o4e2em2rmi","time":1612156873,"event":{"mods":["AchievementEnabler","BaseMod","Bestiary","Custom Start","Minty Spire (QoL Compilation)","Permanent Neow","Relic Filter","Relic Stats","StSLib"],"gold_per_floor":[219,230,22,40,40,81,30,30,53,53,53,53,53,71,71,199,199,220,235,235,251,18,18,53,53,76,110,140,165,165,190,190,190,190],"floor_reached":33,"language":"ZHS","playtime":11567,"items_purged":["Strike_B"],"score":401,"play_id":"c807c89e-52f8-4f2f-9e36-dbdc1f7c0da2","local_time":"20210201002113","is_ascension_mode":true,"campfire_choices":[{"floor":8.0,"key":"REST"},{"floor":10.0,"key":"REST"},{"data":"Sunder","floor":15.0,"key":"SMITH"},{"floor":23,"key":"REST"},{"floor":25,"key":"REST"},{"floor":30,"key":"REST"},{"floor":32,"key":"REST"}],"circlet_count":0,"master_deck":["AscendersBane","Strike_B","Strike_B","Strike_B","Defend_B","Defend_B","Defend_B","Defend_B","Zap","Dualcast","Go for the Eyes","Melter","Cold Snap","Sunder+1","Static Discharge","Cold Snap","Skim","Seek","Leap+1","BootSequence+1","Coolheaded","Double Energy","Bandage Up","Undo","Machine Learning","BootSequence","Coolheaded+1","White Noise+1","Compile Driver+1","Multi-Cast","Stack"],"relics":["Cracked Core","Tiny Chest","Golden Idol","Happy Flower","Bronze Scales","Pantograph","Shuriken","Philosopher\u0027s Stone","Art of War","CeramicFish"],"acts_visited":["Exordium","TheCity"],"potions_floor_usage":[21,24,31],"damage_taken":[{"damage":1.0,"enemies":"Cultist","floor":1.0,"turns":3.0},{"damage":0.0,"enemies":"2 Louse","floor":2.0,"turns":2.0},{"damage":10.0,"enemies":"Small Slimes","floor":4.0,"turns":2.0},{"damage":48.0,"enemies":"Lagavulin","floor":6.0,"turns":7.0},{"damage":8.0,"enemies":"Gremlin Gang","floor":14.0,"turns":4.0},{"damage":40.0,"enemies":"The Guardian","floor":16.0,"turns":9.0},{"damage":20.0,"enemies":"2 Thieves","floor":18.0,"turns":3.0},{"damage":0.0,"enemies":"Spheric Guardian","floor":19.0,"turns":2.0},{"damage":22,"enemies":"Centurion and Healer","floor":21,"turns":5},{"damage":33,"enemies":"Gremlin Leader","floor":24,"turns":8},{"damage":5,"enemies":"Snake Plant","floor":27,"turns":3},{"damage":11,"enemies":"Chosen and Byrds","floor":28,"turns":6},{"damage":23,"enemies":"Snecko","floor":29,"turns":5},{"damage":10,"enemies":"3 Cultists","floor":31,"turns":5},{"damage":80,"enemies":"Collector","floor":33,"turns":6}],"seed_played":"-199840279569875810","potions_obtained":[{"floor":1.0,"key":"EssenceOfSteel"},{"floor":6.0,"key":"ColorlessPotion"},{"floor":16.0,"key":"PowerPotion"},{"floor":18.0,"key":"Ancient Potion"},{"floor":19.0,"key":"AttackPotion"}],"is_trial":false,"path_per_floor":["M","M","$","M","?","E","$","R","T","R","?","?","T","M","R","B",null,"M","M","?","M","$","R","E","R","T","M","M","M","R","M","R","B"],"character_chosen":"DEFECT","items_purchased":["Tiny Chest","Cold Snap","Cold Snap","Machine Learning","BootSequence"],"campfire_rested":6,"item_purchase_floors":[3,3,7,22,22],"current_hp_per_floor":[67,67,67,57,57,9,9,31,31,53,35,35,35,27,27,12,59,39,39,39,21,21,43,14,36,36,35,28,9,31,25,47,0,0],"gold":190,"neow_bonus":"HUNDRED_GOLD","is_daily":false,"chose_seed":false,"campfire_upgraded":1,"win_rate":0.0,"timestamp":1612156873,"path_taken":["M","M","$","M","?","E","$","R","T","R","?","?","?","M","R","BOSS","M","?","?","M","$","R","E","R","T","M","?","M","R","M","R","BOSS"],"items_purchased_type":["Relic","Card","Card","Card","Card"],"build_version":"2020-12-22","purchased_purges":1,"victory":false,"max_hp_per_floor":[75,75,75,75,75,75,75,75,75,75,75,75,75,75,75,75,75,75,75,75,75,75,75,75,75,75,75,75,75,75,75,75,75,75],"relic_stats":{"Happy Flower":[18],"counters":[15,70],"Golden Idol":70,"Shuriken":[12],"Bronze Scales":[159],"Pantograph":50,"CeramicFish":36,"Tiny Chest":1,"Art of War":[2],"obtain_stats":[{"Happy Flower":6,"Golden Idol":5,"Shuriken":13,"Bronze Scales":9,"Pantograph":11,"CeramicFish":26,"Tiny Chest":3,"Philosopher\u0027s Stone":17,"Art of War":24,"Cracked Core":0},{"Happy Flower":4,"Golden Idol":3,"Shuriken":4,"Bronze Scales":4,"Pantograph":4,"CeramicFish":10,"Tiny Chest":2,"Philosopher\u0027s Stone":6,"Art of War":10,"Cracked Core":0},{"Happy Flower":14,"Golden Idol":7,"Shuriken":14,"Bronze Scales":14,"Pantograph":14,"CeramicFish":45,"Tiny Chest":5,"Philosopher\u0027s Stone":27,"Art of War":45,"Cracked Core":0}]},"card_choices":[{"not_picked":["Double Energy","Darkness"],"picked":"Go for the Eyes","floor":1.0},{"not_picked":["Compile Driver","Conserve Battery"],"picked":"Melter","floor":2.0},{"not_picked":["Stack","Melter"],"picked":"Sunder","floor":4.0},{"not_picked":["Stack","Recycle"],"picked":"Static Discharge","floor":6.0},{"not_picked":["Rebound","Rip and Tear"],"picked":"Skim","floor":14.0},{"not_picked":["Thunder Strike","Amplify"],"picked":"Seek","floor":16.0},{"not_picked":["Compile Driver","Stack+1"],"picked":"Leap+1","floor":18.0},{"not_picked":["Steam","Beam Cell"],"picked":"BootSequence+1","floor":19.0},{"not_picked":["Turbo","Barrage"],"picked":"Undo","floor":21},{"not_picked":["FTL","Skim"],"picked":"Coolheaded+1","floor":24},{"not_picked":["Turbo","Heatsinks+1"],"picked":"White Noise+1","floor":27},{"not_picked":["Rebound+1","Chaos"],"picked":"Compile Driver+1","floor":28},{"not_picked":["Rebound","Melter"],"picked":"Multi-Cast","floor":29},{"not_picked":["Genetic Algorithm","Scrape"],"picked":"Stack","floor":31}],"player_experience":494318,"relics_obtained":[{"floor":6.0,"key":"Happy Flower"},{"floor":9.0,"key":"Bronze Scales"},{"floor":13.0,"key":"Shuriken"},{"floor":24,"key":"Art of War"},{"floor":26,"key":"CeramicFish"}],"event_choices":[{"damage_healed":0.0,"max_hp_gain":0.0,"max_hp_loss":0.0,"gold_gain":0.0,"event_name":"Golden Idol","player_choice":"Take Wound","floor":5.0,"gold_loss":0.0,"damage_taken":0.0,"relics_obtained":["Golden Idol"],"cards_obtained":["Injury"]},{"damage_healed":0.0,"max_hp_gain":0.0,"max_hp_loss":0.0,"gold_gain":0.0,"event_name":"Scrap Ooze","player_choice":"Success","floor":11.0,"gold_loss":0.0,"damage_taken":18.0,"relics_obtained":["Pantograph"]},{"cards_removed":["Injury"],"damage_healed":0.0,"max_hp_gain":0.0,"max_hp_loss":0.0,"gold_gain":0.0,"event_name":"Fountain of Cleansing","player_choice":"Removed Curses","floor":12.0,"gold_loss":0.0,"damage_taken":0.0},{"damage_healed":0,"gold_gain":0,"player_choice":"3 cards matched","damage_taken":0,"max_hp_gain":0,"max_hp_loss":0,"event_name":"Match and Keep!","floor":20,"gold_loss":0,"cards_obtained":["Coolheaded","Double Energy","Bandage Up"]}],"is_beta":false,"boss_relics":[{"not_picked":["Calling Bell","Runic Pyramid"],"picked":"Philosopher\u0027s Stone"}],"items_purged_floors":[22],"is_endless":false,"potions_floor_spawned":[1,6,16,18,19],"killed_by":"Collector","ascension_level":10}}