{"host":"x8sop9v6zw8yitbt","time":1612159409,"event":{"mods":["BaseMod","Best Route Mod","Block Reminder","Challenge The Spire","Colored Powertips","Dark Map","DeckTracker","Minty Spire (QoL Compilation)","Permanent Neow","Quick Restart","Rare Cards Sparkle","Reliquary","Spicy Shops","Spikes Relics","StSLib","Virulent Crown"],"gold_per_floor":[112,187,205,205,205,240,240,278,305,318,243,266,266,183,183,183,183],"floor_reached":16,"language":"ENG","playtime":410,"items_purged":["Strike_R"],"score":111,"play_id":"f98e0365-c3bc-4ca2-9744-dd46404740d2","local_time":"20210201010329","is_ascension_mode":true,"campfire_choices":[{"data":"Shockwave","floor":7,"key":"SMITH"},{"data":"Swift Strike","floor":13,"key":"SMITH"},{"data":"Bash","floor":15,"key":"SMITH"}],"circlet_count":0,"master_deck":["Strike_R","Strike_R","Strike_R","Defend_R","Defend_R","Defend_R","Defend_R","Bash+1","Swift Strike+1","Shockwave+1"],"relics":["Burning Blood","Golden Idol","reliquary:RoseTintedGlasses","Orichalcum","reliquary:SilkGlove","Nunchaku","Thread and Needle"],"acts_visited":["Exordium"],"potions_floor_usage":[],"damage_taken":[{"damage":1,"enemies":"Jaw Worm","floor":1,"turns":3},{"damage":3,"enemies":"Small Slimes","floor":3,"turns":3},{"damage":31,"enemies":"3 Sentries","floor":6,"turns":7},{"damage":20,"enemies":"Gremlin Nob","floor":8,"turns":4},{"damage":0,"enemies":"2 Louse","floor":10,"turns":4},{"damage":33,"enemies":"Hexaghost","floor":16,"turns":11}],"seed_played":"5862112905427533576","potions_obtained":[{"floor":6,"key":"Block Potion"},{"floor":8,"key":"BloodPotion"},{"floor":10,"key":"Fire Potion"}],"is_trial":false,"path_per_floor":["M","?","M","?","?","E","R","E","T","M","$","T","R","$","R","B"],"character_chosen":"IRONCLAD","items_purchased":["Thread and Needle"],"campfire_rested":0,"item_purchase_floors":[14],"current_hp_per_floor":[80,69,72,65,65,40,40,26,26,32,32,32,32,32,32,0,0],"gold":183,"neow_bonus":"RANDOM_COLORLESS","is_daily":false,"chose_seed":false,"campfire_upgraded":3,"win_rate":0.0,"timestamp":1612159409,"path_taken":["M","?","M","?","?","E","R","E","T","M","?","?","R","$","R","BOSS"],"items_purchased_type":["Relic"],"build_version":"2020-12-22","purchased_purges":1,"victory":false,"max_hp_per_floor":[80,80,80,80,74,74,74,74,74,74,74,74,74,74,74,74,74],"card_choices":[{"not_picked":["PanicButton","Impatience"],"picked":"Swift Strike","floor":0},{"not_picked":["Blood for Blood","Dual Wield"],"picked":"Shockwave","floor":1},{"not_picked":["Clothesline","Iron Wave","Armaments"],"picked":"SKIP","floor":3},{"not_picked":["Feel No Pain","Thunderclap","Cleave"],"picked":"SKIP","floor":6},{"not_picked":["Warcry","Fiend Fire","Evolve"],"picked":"SKIP","floor":8},{"not_picked":["Pommel Strike","Searing Blow","Havoc"],"picked":"SKIP","floor":10}],"player_experience":872824,"relics_obtained":[{"floor":6,"key":"reliquary:RoseTintedGlasses"},{"floor":8,"key":"Orichalcum"},{"floor":9,"key":"reliquary:SilkGlove"},{"floor":12,"key":"Nunchaku"}],"event_choices":[{"damage_healed":0,"gold_gain":75,"player_choice":"Gather Gold","damage_taken":11,"max_hp_gain":0,"max_hp_loss":0,"event_name":"World of Goop","floor":2,"gold_loss":0},{"cards_removed":["Strike_R"],"damage_healed":0,"gold_gain":0,"player_choice":"Card Removal","damage_taken":7,"max_hp_gain":0,"max_hp_loss":0,"event_name":"Golden Wing","floor":4,"gold_loss":0},{"damage_healed":0,"gold_gain":0,"player_choice":"Lose Max HP","damage_taken":0,"relics_obtained":["Golden Idol"],"max_hp_gain":0,"max_hp_loss":6,"event_name":"Golden Idol","floor":5,"gold_loss":0}],"is_beta":false,"boss_relics":[],"items_purged_floors":[11],"is_endless":false,"potions_floor_spawned":[6,8,10],"killed_by":"Hexaghost","ascension_level":1}}