{"host":"d52brwsy6af8zvaq","time":1612140313,"event":{"mods":["AchievementEnabler","BaseMod","Bestiary","Highlight Path","Minty Spire (QoL Compilation)","Quick Restart","Relic Stats","ojb\u0027s Better Paths Mod"],"gold_per_floor":[116,116,116,133,149,149,182,182,182,196,209,209,21,50,50,121,121,139,64,79,79,95,120,120,132,132,132,158,170,185,198,198,272,272,285,302,302,138,138,138,173,185,185,219,219,219,0,20,20,20,20],"floor_reached":50,"language":"ENG","playtime":2715,"items_purged":["Strike_G"],"score":1254,"play_id":"f2fecf8a-7e82-470e-b880-212b30c4088a","local_time":"20210131174513","is_ascension_mode":true,"campfire_choices":[{"data":"Neutralize","floor":6.0,"key":"SMITH"},{"data":"Finisher","floor":8.0,"key":"SMITH"},{"data":"Catalyst","floor":12.0,"key":"SMITH"},{"data":"Burst","floor":15.0,"key":"SMITH"},{"data":"Adrenaline","floor":24.0,"key":"SMITH"},{"floor":27.0,"key":"REST"},{"data":"Noxious Fumes","floor":32.0,"key":"SMITH"},{"floor":40,"key":"RECALL"},{"floor":49,"key":"REST"}],"circlet_count":0,"master_deck":["AscendersBane","Defend_G","Defend_G","Defend_G","Survivor","Neutralize+1","Swift Strike","Blade Dance","Deadly Poison","Finisher+1","Slice+1","Catalyst+1","Cloak And Dagger","Well Laid Plans","Dash+1","Burst+1","Adrenaline+1","Footwork+1","Infinite Blades+1","Blade Dance+1","Dagger Spray+1","Catalyst","Deflect+1","Cloak And Dagger","Deadly Poison","Dodge and Roll","Noxious Fumes+1","Corpse Explosion","Night Terror","Bane+1","Blur","Backflip+1"],"relics":["Ring of the Snake","Thread and Needle","Molten Egg 2","Boot","Snake Skull","Astrolabe","Paper Crane","Matryoshka","Meat on the Bone","Runic Dome","PreservedInsect","Toy Ornithopter","Centennial Puzzle","Darkstone Periapt","Akabeko","Mummified Hand","Red Mask"],"acts_visited":["Exordium","TheCity","TheBeyond"],"potions_floor_usage":[],"damage_taken":[{"damage":7.0,"enemies":"Jaw Worm","floor":1.0,"turns":6.0},{"damage":0.0,"enemies":"2 Louse","floor":4.0,"turns":3.0},{"damage":0.0,"enemies":"Small Slimes","floor":5.0,"turns":3.0},{"damage":6.0,"enemies":"3 Sentries","floor":7.0,"turns":9.0},{"damage":1.0,"enemies":"Gremlin Gang","floor":10.0,"turns":4.0},{"damage":0.0,"enemies":"2 Fungi Beasts","floor":11.0,"turns":2.0},{"damage":0.0,"enemies":"Lagavulin","floor":14.0,"turns":4.0},{"damage":11.0,"enemies":"Hexaghost","floor":16.0,"turns":11.0},{"damage":0.0,"enemies":"2 Thieves","floor":18.0,"turns":3.0},{"damage":0.0,"enemies":"Shell Parasite","floor":20.0,"turns":3.0},{"damage":8.0,"enemies":"Snecko","floor":22.0,"turns":4.0},{"damage":7.0,"enemies":"Book of Stabbing","floor":23.0,"turns":5.0},{"damage":4.0,"enemies":"3 Cultists","floor":25.0,"turns":5.0},{"damage":0.0,"enemies":"Gremlin Leader","floor":28.0,"turns":2.0},{"damage":23.0,"enemies":"Shelled Parasite and Fungi","floor":29.0,"turns":3.0},{"damage":4.0,"enemies":"Centurion and Healer","floor":30.0,"turns":4.0},{"damage":2.0,"enemies":"Chosen and Byrds","floor":31.0,"turns":4.0},{"damage":33.0,"enemies":"Collector","floor":33.0,"turns":5.0},{"damage":0.0,"enemies":"3 Shapes","floor":35.0,"turns":5.0},{"damage":0.0,"enemies":"3 Darklings","floor":36.0,"turns":3.0},{"damage":9,"enemies":"Giant Head","floor":41,"turns":3},{"damage":0,"enemies":"4 Shapes","floor":42,"turns":5},{"damage":18,"enemies":"Nemesis","floor":44,"turns":5},{"damage":35,"enemies":"Jaw Worm Horde","floor":48,"turns":5},{"damage":38,"enemies":"Donu and Deca","floor":50,"turns":3}],"seed_played":"-6652996556749248640","potions_obtained":[{"floor":1.0,"key":"LiquidMemories"},{"floor":5.0,"key":"GamblersBrew"},{"floor":7.0,"key":"GhostInAJar"},{"floor":20.0,"key":"DuplicationPotion"},{"floor":29.0,"key":"EssenceOfSteel"},{"floor":31.0,"key":"CunningPotion"},{"floor":33.0,"key":"SteroidPotion"},{"floor":35.0,"key":"GamblersBrew"}],"is_trial":false,"path_per_floor":["M","?","T","M","M","R","E","R","T","M","M","R","$","E","R","B",null,"M","?","M","?","M","E","R","M","T","R","E","M","M","M","R","B",null,"M","M","?","$","?","R","E","M","T","E","?","T","?","M","R","B"],"character_chosen":"THE_SILENT","items_purchased":["Well Laid Plans","Dash+1","PreservedInsect"],"campfire_rested":2,"item_purchase_floors":[13,13,38],"current_hp_per_floor":[52,45,45,45,45,45,39,39,39,38,38,38,38,38,38,27,56,56,56,56,56,48,41,41,37,37,56,56,45,41,39,39,18,54,54,54,54,54,54,54,45,45,45,39,39,39,39,16,34,0,0],"gold":20,"neow_bonus":"RANDOM_COLORLESS","is_daily":false,"chose_seed":false,"campfire_upgraded":6,"win_rate":0.0,"timestamp":1612140313,"path_taken":["M","?","?","M","M","R","E","R","T","M","M","R","$","E","R","BOSS","M","?","M","?","M","E","R","M","T","R","E","M","?","M","R","BOSS","M","M","?","$","?","R","E","M","T","E","?","?","?","M","R","BOSS"],"items_purchased_type":["Card","Card","Relic"],"build_version":"2020-12-22","purchased_purges":1,"victory":false,"max_hp_per_floor":[66,66,66,66,66,66,66,66,66,66,66,66,66,66,66,66,66,66,66,66,66,66,66,66,66,66,66,66,66,66,66,66,66,66,66,66,66,66,66,66,66,66,66,66,63,63,63,63,63,63,63],"relic_stats":{"Darkstone Periapt":0,"Centennial Puzzle":[9],"counters":[25,109],"Mummified Hand":[4],"Astrolabe":["Footwork","Infinite Blades","Blade Dance"],"Snake Skull":[75],"PreservedInsect":180,"Boot":[203],"obtain_stats":[{"Darkstone Periapt":44,"Astrolabe":17,"Thread and Needle":3,"Snake Skull":14,"PreservedInsect":38,"Paper Crane":23,"Boot":9,"Akabeko":46,"Runic Dome":34,"Centennial Puzzle":43,"Matryoshka":26,"Mummified Hand":46,"Molten Egg 2":7,"Red Mask":47,"Toy Ornithopter":41,"Ring of the Snake":0,"Meat on the Bone":28},{"Darkstone Periapt":23,"Astrolabe":8,"Thread and Needle":1,"Snake Skull":7,"PreservedInsect":20,"Paper Crane":12,"Boot":4,"Akabeko":23,"Runic Dome":18,"Centennial Puzzle":22,"Matryoshka":13,"Mummified Hand":23,"Molten Egg 2":4,"Red Mask":23,"Toy Ornithopter":21,"Ring of the Snake":0,"Meat on the Bone":14},{"Darkstone Periapt":101,"Astrolabe":42,"Thread and Needle":6,"Snake Skull":31,"PreservedInsect":88,"Paper Crane":57,"Boot":21,"Akabeko":101,"Runic Dome":80,"Centennial Puzzle":96,"Matryoshka":62,"Mummified Hand":101,"Molten Egg 2":21,"Red Mask":101,"Toy Ornithopter":91,"Ring of the Snake":0,"Meat on the Bone":64}],"Toy Ornithopter":0,"Ring of the Snake":[50],"Meat on the Bone":48},"card_choices":[{"not_picked":["Purity","Forethought"],"picked":"Swift Strike","floor":0.0},{"not_picked":["Heel Hook","Cloak And Dagger"],"picked":"Blade Dance","floor":1.0},{"not_picked":["Cloak And Dagger","Catalyst"],"picked":"Deadly Poison","floor":4.0},{"not_picked":["Deflect","Backflip"],"picked":"Finisher","floor":5.0},{"not_picked":["Expertise","Deflect"],"picked":"Slice+1","floor":7.0},{"not_picked":["Quick Slash+1","Underhanded Strike+1"],"picked":"Catalyst","floor":10.0},{"not_picked":["Acrobatics","Riddle With Holes+1"],"picked":"Cloak And Dagger","floor":11.0},{"not_picked":["Dodge and Roll","Deflect"],"picked":"Burst","floor":14.0},{"not_picked":["Envenom","Burst"],"picked":"Adrenaline","floor":16.0},{"not_picked":["Caltrops","Blade Dance+1"],"picked":"Dagger Spray+1","floor":18.0},{"not_picked":["Backflip","Flying Knee+1"],"picked":"Catalyst","floor":20.0},{"not_picked":["Underhanded Strike+1","Infinite Blades","Dagger Spray+1"],"picked":"SKIP","floor":22.0},{"not_picked":["Escape Plan","Burst"],"picked":"Deflect+1","floor":23.0},{"not_picked":["Slice+1","Dagger Throw+1"],"picked":"Cloak And Dagger","floor":25.0},{"not_picked":["Infinite Blades","Deflect"],"picked":"Deadly Poison","floor":28.0},{"not_picked":["Flechettes+1","Well Laid Plans+1"],"picked":"Dodge and Roll","floor":29.0},{"not_picked":["Quick Slash+1","Deadly Poison"],"picked":"Noxious Fumes","floor":30.0},{"not_picked":["Deadly Poison+1","Riddle With Holes+1"],"picked":"Corpse Explosion","floor":31.0},{"not_picked":["Grand Finale+1","Envenom"],"picked":"Night Terror","floor":33.0},{"not_picked":["Setup","Acrobatics","Blade Dance"],"picked":"SKIP","floor":35.0},{"not_picked":["Finisher+1","Dagger Throw+1"],"picked":"Bane+1","floor":36.0},{"not_picked":["Bouncing Flask","Poisoned Stab+1"],"picked":"Blur","floor":41},{"not_picked":["Sucker Punch+1","Blade Dance","Dagger Spray+1"],"picked":"SKIP","floor":42},{"not_picked":["Dagger Throw+1","Prepared"],"picked":"Backflip+1","floor":44},{"not_picked":["Dodge and Roll","Choke+1","Poisoned Stab+1"],"picked":"SKIP","floor":48}],"player_experience":2090261,"relics_obtained":[{"floor":3.0,"key":"Thread and Needle"},{"floor":7.0,"key":"Molten Egg 2"},{"floor":9.0,"key":"Boot"},{"floor":14.0,"key":"Snake Skull"},{"floor":23.0,"key":"Paper Crane"},{"floor":26.0,"key":"Matryoshka"},{"floor":28.0,"key":"Meat on the Bone"},{"floor":41,"key":"Toy Ornithopter"},{"floor":43,"key":"Centennial Puzzle"},{"floor":44,"key":"Darkstone Periapt"},{"floor":46,"key":"Akabeko"},{"floor":46,"key":"Mummified Hand"}],"event_choices":[{"cards_removed":["Strike_G"],"damage_healed":0.0,"max_hp_gain":0.0,"max_hp_loss":0.0,"gold_gain":0.0,"event_name":"Golden Wing","player_choice":"Card Removal","floor":2.0,"gold_loss":0.0,"damage_taken":7.0},{"cards_removed":["Defend_G"],"damage_healed":0.0,"max_hp_gain":0.0,"max_hp_loss":0.0,"gold_gain":0.0,"event_name":"Beggar","player_choice":"Gave Gold","floor":19.0,"gold_loss":75.0,"damage_taken":0.0},{"cards_removed":["Defend_G"],"damage_healed":0.0,"max_hp_gain":0.0,"max_hp_loss":0.0,"gold_gain":0.0,"event_name":"Bonfire Elementals","player_choice":"Offered Basic","floor":21.0,"gold_loss":0.0,"damage_taken":0.0},{"damage_healed":0,"gold_gain":0,"player_choice":"Ignored","damage_taken":0,"max_hp_gain":0,"max_hp_loss":0,"event_name":"Mysterious Sphere","floor":37,"gold_loss":0},{"damage_healed":0,"gold_gain":0,"player_choice":"Memory 1","damage_taken":0,"max_hp_gain":0,"max_hp_loss":0,"event_name":"SensoryStone","floor":39,"gold_loss":0},{"damage_healed":0,"gold_gain":0,"player_choice":"Max HP","damage_taken":0,"max_hp_gain":0,"max_hp_loss":3,"event_name":"Winding Halls","floor":45,"gold_loss":0},{"damage_healed":0,"gold_gain":0,"player_choice":"Paid","damage_taken":0,"relics_obtained":["Red Mask"],"max_hp_gain":0,"max_hp_loss":0,"event_name":"Tomb of Lord Red Mask","floor":47,"gold_loss":219}],"is_beta":false,"boss_relics":[{"not_picked":["Runic Pyramid","Philosopher\u0027s Stone"],"picked":"Astrolabe"},{"not_picked":["SacredBark","Velvet Choker"],"picked":"Runic Dome"}],"items_purged_floors":[13],"is_endless":false,"potions_floor_spawned":[1,5,7,20,29,31,33,35,36,44],"killed_by":"Donu and Deca","ascension_level":20}}