{"host":"f0gpob8hq9vgebej","time":1612177196,"event":{"mods":["AchievementEnabler","BaseMod","Minty Spire (QoL Compilation)","Quick Restart","SuperFastMode"],"gold_per_floor":[117,129,140,140,154,154,173,187,214,229,245,255,286,300,300,371,371,389,76,96,96,111,111,111,111,138,138,138],"floor_reached":27,"language":"KOR","playtime":681,"items_purged":["Strike_G"],"score":387,"play_id":"7f9ff8a9-b117-42ab-99f2-dd31c4fc1221","local_time":"20210201195956","is_ascension_mode":true,"campfire_choices":[{"data":"Prepared","floor":6.0,"key":"SMITH"},{"floor":15,"key":"REST"},{"floor":23,"key":"REST"},{"data":"Phantasmal Killer","floor":25,"key":"SMITH"}],"circlet_count":0,"master_deck":["AscendersBane","Strike_G","Strike_G","Strike_G","Defend_G","Defend_G","Defend_G","Defend_G","Survivor","Neutralize","Blade Dance","Acrobatics","Prepared+1","Venomology","Footwork","Glass Knife","Phantasmal Killer+1","Calculated Gamble+1","Accuracy"],"relics":["Ring of the Snake","Vajra","Singing Bowl","Question Card","MutagenicStrength","Bag of Marbles"],"acts_visited":["Exordium","TheCity"],"potions_floor_usage":[10,11,13,13,13,16,16,22],"damage_taken":[{"damage":2.0,"enemies":"Small Slimes","floor":1.0,"turns":3.0},{"damage":9.0,"enemies":"Cultist","floor":2.0,"turns":6.0},{"damage":6.0,"enemies":"2 Louse","floor":3.0,"turns":3.0},{"damage":3.0,"enemies":"Looter","floor":5.0,"turns":3.0},{"damage":0.0,"enemies":"2 Fungi Beasts","floor":7.0,"turns":4.0},{"damage":16,"enemies":"3 Louse","floor":8,"turns":5},{"damage":6,"enemies":"Lots of Slimes","floor":10,"turns":5},{"damage":5,"enemies":"Gremlin Gang","floor":11,"turns":8},{"damage":0,"enemies":"Blue Slaver","floor":12,"turns":5},{"damage":7,"enemies":"Gremlin Nob","floor":13,"turns":3},{"damage":13,"enemies":"Exordium Thugs","floor":14,"turns":6},{"damage":24,"enemies":"Hexaghost","floor":16,"turns":12},{"damage":0,"enemies":"Spheric Guardian","floor":18,"turns":2},{"damage":19,"enemies":"Shell Parasite","floor":20,"turns":5},{"damage":34,"enemies":"Snake Plant","floor":22,"turns":4},{"damage":27,"enemies":"Snecko","floor":27,"turns":3}],"seed_played":"-1835380438766474739","potions_obtained":[{"floor":1.0,"key":"Swift Potion"},{"floor":5.0,"key":"SpeedPotion"},{"floor":11,"key":"DuplicationPotion"}],"is_trial":false,"path_per_floor":["M","M","M","?","M","R","M","M","T","M","M","M","E","M","R","B",null,"M","$","M","?","M","R","?","R","T","M"],"character_chosen":"THE_SILENT","items_purchased":["Question Card"],"campfire_rested":2,"item_purchase_floors":[19],"current_hp_per_floor":[42,33,27,66,63,63,63,47,47,41,36,36,29,18,38,14,55,57,57,38,38,6,27,27,27,27,0,0],"gold":138,"neow_bonus":"REMOVE_TWO","is_daily":false,"chose_seed":false,"campfire_upgraded":2,"win_rate":0.0,"timestamp":1612177196,"path_taken":["M","M","M","?","M","R","M","M","T","M","M","?","E","M","R","BOSS","M","$","M","?","M","R","?","R","T","M"],"items_purchased_type":["Relic"],"build_version":"2020-12-22","purchased_purges":1,"victory":false,"max_hp_per_floor":[66,66,66,66,66,66,66,66,66,66,66,66,66,68,68,68,68,70,70,70,70,72,72,72,72,72,72,72],"card_choices":[{"not_picked":["Flechettes","Slice"],"picked":"Escape Plan","floor":1.0},{"not_picked":["Heel Hook","Setup"],"picked":"Blade Dance","floor":2.0},{"not_picked":["Escape Plan","Flechettes"],"picked":"Acrobatics","floor":3.0},{"not_picked":["Masterful Stab","Footwork"],"picked":"Prepared","floor":5.0},{"not_picked":["Underhanded Strike","Quick Slash"],"picked":"Venomology","floor":7.0},{"not_picked":["Outmaneuver","Acrobatics","Underhanded Strike"],"picked":"SKIP","floor":8},{"not_picked":["Dodge and Roll","Acrobatics"],"picked":"Footwork","floor":10},{"not_picked":["Outmaneuver","Heel Hook","Flying Knee"],"picked":"SKIP","floor":11},{"not_picked":["Dagger Spray","Dodge and Roll","Bane"],"picked":"SKIP","floor":12},{"not_picked":["Slice","Noxious Fumes"],"picked":"Glass Knife","floor":13},{"not_picked":["Sucker Punch","Deflect","Underhanded Strike"],"picked":"Singing Bowl","floor":14},{"not_picked":["Glass Knife","After Image"],"picked":"Phantasmal Killer","floor":16},{"not_picked":["Dagger Spray","Quick Slash","Cloak And Dagger"],"picked":"Singing Bowl","floor":18},{"not_picked":["Slice","Deflect","PiercingWail"],"picked":"Calculated Gamble+1","floor":20},{"not_picked":["Dodge and Roll","Dagger Spray+1","Quick Slash","PiercingWail"],"picked":"Singing Bowl","floor":22}],"player_experience":343308,"relics_obtained":[{"floor":9,"key":"Vajra"},{"floor":13,"key":"Singing Bowl"},{"floor":26,"key":"Bag of Marbles"}],"event_choices":[{"cards_removed":["Escape Plan"],"damage_healed":39.0,"max_hp_gain":0.0,"max_hp_loss":0.0,"gold_gain":0.0,"event_name":"Bonfire Elementals","player_choice":"Offered Uncommon","floor":4.0,"gold_loss":0.0,"damage_taken":0.0},{"damage_healed":0,"gold_gain":0,"player_choice":"Read","damage_taken":0,"max_hp_gain":0,"max_hp_loss":0,"event_name":"The Library","floor":21,"gold_loss":0,"cards_obtained":["Accuracy"]},{"damage_healed":0,"gold_gain":0,"player_choice":"Inject Mutagens","damage_taken":0,"relics_obtained":["MutagenicStrength"],"max_hp_gain":0,"max_hp_loss":0,"event_name":"Drug Dealer","floor":24,"gold_loss":0}],"is_beta":false,"boss_relics":[{"not_picked":["Cursed Key","Snecko Eye","Coffee Dripper"]}],"items_purged_floors":[19],"is_endless":false,"potions_floor_spawned":[1,5,10,11,12],"killed_by":"Snecko","ascension_level":15}}