{"host":"j9610sde00vfp93k","time":1612174811,"event":{"mods":["AchievementEnabler","BaseMod","Minty Spire (QoL Compilation)","StSLib","SuperFastMode"],"gold_per_floor":[119,44,54,72,72,72,3,24,79,79,79,79,79,94,94,198,198,214,214,214,114,39,39,39,39],"floor_reached":24,"language":"ENG","playtime":686,"items_purged":["Defend_R","Dark Embrace"],"score":180,"play_id":"58f53a02-920f-43cc-98ab-c610b4d4a9e8","local_time":"20210201182011","is_ascension_mode":false,"campfire_choices":[{"data":"Bash","floor":6,"key":"SMITH"},{"data":"Dropkick","floor":10,"key":"SMITH"},{"floor":13,"key":"REST"},{"floor":15,"key":"RECALL"},{"data":"Shrug It Off","floor":23,"key":"SMITH"}],"circlet_count":0,"master_deck":["Bash+1","Uppercut+1","Dropkick+1","Combust","Reaper","Uppercut","Inflame","Whirlwind","Shrug It Off+1"],"relics":["Burning Blood","Odd Mushroom","Whetstone","Pandora\u0027s Box"],"acts_visited":["Exordium","TheCity"],"potions_floor_usage":[16,24,24],"damage_taken":[{"damage":10,"enemies":"Small Slimes","floor":1,"turns":3},{"damage":4,"enemies":"Cultist","floor":3,"turns":3},{"damage":6,"enemies":"Jaw Worm","floor":4,"turns":3},{"damage":31,"enemies":"The Mushroom Lair","floor":8,"turns":5},{"damage":8,"enemies":"2 Fungi Beasts","floor":14,"turns":3},{"damage":60,"enemies":"The Guardian","floor":16,"turns":11},{"damage":23,"enemies":"Shell Parasite","floor":18,"turns":4},{"damage":66,"enemies":"Gremlin Leader","floor":24,"turns":6}],"seed_played":"1090388189366169719","potions_obtained":[{"floor":1,"key":"ColorlessPotion"},{"floor":8,"key":"LiquidBronze"},{"floor":11,"key":"ColorlessPotion"},{"floor":11,"key":"LiquidMemories"}],"is_trial":false,"path_per_floor":["M","$","M","M","?","R","$","?","T","R","?","$","R","M","R","B",null,"M","?","?","$","?","R","E"],"character_chosen":"IRONCLAD","items_purchased":["Dropkick"],"campfire_rested":1,"item_purchase_floors":[7],"current_hp_per_floor":[76,76,78,78,78,78,78,53,53,53,53,53,77,75,75,21,80,63,48,48,48,48,48,0,0],"gold":39,"neow_bonus":"TRANSFORM_CARD","is_daily":false,"chose_seed":false,"campfire_upgraded":3,"win_rate":0.0,"timestamp":1612174811,"path_taken":["M","$","M","M","?","R","?","?","T","R","?","$","R","?","R","BOSS","M","?","?","$","?","R","E"],"items_purchased_type":["Card"],"build_version":"2020-12-22","purchased_purges":2,"victory":false,"max_hp_per_floor":[80,80,80,80,80,80,80,80,80,80,80,80,80,80,80,80,80,80,85,85,85,85,85,85,85],"card_choices":[{"not_picked":["Whirlwind","Headbutt","Feel No Pain"],"picked":"SKIP","floor":1},{"not_picked":["Blood for Blood","Dual Wield","True Grit"],"picked":"SKIP","floor":3},{"not_picked":["Warcry","Havoc","Headbutt"],"picked":"SKIP","floor":4},{"not_picked":["Feel No Pain","Perfected Strike","Heavy Blade"],"picked":"SKIP","floor":14},{"not_picked":["Perfected Strike","Sever Soul","Cleave"],"picked":"SKIP","floor":18}],"player_experience":181682,"relics_obtained":[{"floor":8,"key":"Odd Mushroom"},{"floor":9,"key":"Whetstone"}],"event_choices":[{"damage_healed":0,"gold_gain":0,"player_choice":"Bought 0 Potions","damage_taken":0,"max_hp_gain":0,"max_hp_loss":0,"event_name":"The Woman in Blue","floor":5,"gold_loss":0},{"damage_healed":0,"gold_gain":0,"player_choice":"Fought Mushrooms","damage_taken":0,"max_hp_gain":0,"max_hp_loss":0,"event_name":"Mushrooms","floor":8,"gold_loss":0},{"damage_healed":0,"gold_gain":0,"player_choice":"Got Potions","damage_taken":0,"max_hp_gain":0,"max_hp_loss":0,"event_name":"Lab","floor":11,"gold_loss":0},{"damage_healed":0,"gold_gain":0,"player_choice":"Shed Blood","damage_taken":20,"max_hp_gain":5,"max_hp_loss":0,"event_name":"Forgotten Altar","floor":19,"gold_loss":0},{"damage_healed":0,"gold_gain":0,"player_choice":"Read","damage_taken":0,"max_hp_gain":0,"max_hp_loss":0,"event_name":"The Library","floor":20,"gold_loss":0,"cards_obtained":["Shrug It Off"]},{"cards_removed":["Havoc"],"damage_healed":0,"gold_gain":0,"player_choice":"Gave Gold","damage_taken":0,"max_hp_gain":0,"max_hp_loss":0,"event_name":"Beggar","floor":22,"gold_loss":75}],"is_beta":false,"boss_relics":[{"not_picked":["Calling Bell","Velvet Choker"],"picked":"Pandora\u0027s Box"}],"items_purged_floors":[2,21],"is_endless":false,"potions_floor_spawned":[1,8,14],"killed_by":"Gremlin Leader","ascension_level":0}}