{"host":"i7v9plv3kh1bvjs0","time":1612216910,"event":{"mods":["AchievementEnabler","BaseMod","Better Third Choice","BetterRewards","Colored Map","Curses Come First","Downfall","Energized Spire","Minty Spire (QoL Compilation)","Replay The Spire","Spikes Relics","Spire Arcade","StSLib","Transform Curses"],"gold_per_floor":[99,118,128,128,128,128,151,162,181,42,42,52,0,0,19,120,120,120,137,154,173,173,273,273,82,99,128,143,143,143,408,422,422,422,422],"floor_reached":33,"language":"ENG","playtime":2609,"items_purged":[],"score":259,"play_id":"16cc0721-8457-4f7b-b3a4-5ba8724b762c","local_time":"20210201140150","is_ascension_mode":false,"campfire_choices":[{"data":"Guardian:CurlUp","floor":1,"key":"SMITH"},{"data":"Guardian:RefractedBeam","floor":6,"key":"SMITH"},{"data":"Guardian:WalkerClaw","floor":11,"key":"SMITH"},{"floor":18,"key":"DIG"},{"floor":29,"key":"REST"}],"circlet_count":0,"master_deck":["Guardian:Strike_Guardian+1","Guardian:Strike_Guardian+1","Guardian:Strike_Guardian+1","Guardian:Strike_Guardian+1","Guardian:Defend_Guardian","Guardian:Defend_Guardian","Guardian:Defend_Guardian","Guardian:Defend_Guardian","Guardian:CurlUp+1","Guardian:TwinSlam","Guardian:RefractedBeam+1","Guardian:TemporalShield","Guardian:WalkerClaw+1","Guardian:ChargeCore","Guardian:TimeBomb","Guardian:SentryBeam","Guardian:PiercingHide","Guardian:RollAttack+1","Guardian:PiercingHide","Guardian:StasisField","Guardian:FloatingOrbs+1","Guardian:Suspension+1","Guardian:PrismaticBarrier","J.A.X.","Guardian:Recover","Guardian:Reroute","Guardian:SpikerProtocol","Guardian:Incinerate","Guardian:RevengeProtocol","Guardian:WalkerClaw+1","Guardian:CrystalBeam","Guardian:ShieldSpikes","Guardian:RefractedBeam+1"],"relics":["Guardian:ModeShifter","Replay:Bottled Eggs","ReplayTheSpireMod:TigerMarble","The Courier","Philosopher\u0027s Stone","Mercury Hourglass","Question Card","MutagenicStrength","Mirror","Lantern","Replay:Rubber Ducky"],"acts_visited":["Exordium","TheCity"],"potions_floor_usage":[16,28,32,32],"damage_taken":[{"damage":0,"enemies":"Small Slimes","floor":2,"turns":3},{"damage":1,"enemies":"Jaw Worm","floor":3,"turns":4},{"damage":1,"enemies":"Cultist","floor":8,"turns":3},{"damage":11,"enemies":"Exordium Wildlife","floor":9,"turns":4},{"damage":0,"enemies":"downfall:FleeingMerchant","floor":10,"turns":4},{"damage":5,"enemies":"Blue Slaver","floor":12,"turns":2},{"damage":8,"enemies":"downfall:FleeingMerchant","floor":13,"turns":4},{"damage":0,"enemies":"3 Louse","floor":15,"turns":3},{"damage":58,"enemies":"WA_ARCHETYPE_RETAIN","floor":16,"turns":17},{"damage":2,"enemies":"Shell Parasite","floor":19,"turns":4},{"damage":0,"enemies":"Chosen","floor":20,"turns":3},{"damage":5,"enemies":"Snake Plant","floor":21,"turns":4},{"damage":20,"enemies":"downfall:Augmenter","floor":23,"turns":8},{"damage":3,"enemies":"downfall:FleeingMerchant","floor":25,"turns":4},{"damage":6,"enemies":"3 Cultists","floor":26,"turns":4},{"damage":30,"enemies":"Book of Stabbing","floor":27,"turns":5},{"damage":10,"enemies":"Cultist and Chosen","floor":28,"turns":5},{"damage":0,"enemies":"downfall:FleeingMerchant","floor":31,"turns":1},{"damage":7,"enemies":"Centurion and Healer","floor":32,"turns":4},{"damage":41,"enemies":"DF_ARCHETYPE_CLAW","floor":33,"turns":5}],"seed_played":"-621290896975100788","potions_obtained":[{"floor":3,"key":"FearPotion"},{"floor":8,"key":"Venom Potion"},{"floor":12,"key":"Death Potion"},{"floor":15,"key":"Guardian:DefensiveModePotion"},{"floor":16,"key":"SteroidPotion"},{"floor":19,"key":"Adrenaline Potion"},{"floor":28,"key":"Guardian:DefensiveModePotion"},{"floor":32,"key":"Fruit Juice"}],"is_trial":false,"path_per_floor":["R_BF","M","M","?","?","R","T","M","M","$","R","M","$","T","M","B",null,"R_BF","M","M","M","T","?","T","$","M","E","M","R","?","$","M","B"],"character_chosen":"GUARDIAN","items_purchased":["Guardian:SentryBeam","Guardian:PiercingHide","Guardian:RollAttack+1","Guardian:SpikerProtocol","Lantern","Guardian:CrystalBeam","Guardian:ShieldSpikes"],"campfire_rested":1,"item_purchase_floors":[10,10,13,25,25,31,31],"current_hp_per_floor":[88,88,87,87,87,87,87,86,75,75,75,70,62,62,62,4,88,88,86,86,81,81,61,61,58,52,22,12,38,38,38,40,0,0,0],"gold":422,"neow_bonus":"TEN_PERCENT_HP_BONUS","is_daily":false,"chose_seed":false,"campfire_upgraded":3,"win_rate":0.0,"timestamp":1612216910,"path_taken":["R_BF","M","M","?","?","R","T","M","M","?","R","M","$","?","M","BOSS","R_BF","M","M","M","?","?","T","$","M","E","M","R","?","$","M","BOSS"],"items_purchased_type":["Card","Card","Card","Card","Relic","Card","Card"],"build_version":"2020-12-22","purchased_purges":0,"victory":false,"max_hp_per_floor":[88,88,88,88,88,88,88,88,88,88,88,88,88,88,88,88,88,88,88,88,88,88,88,88,88,88,88,88,88,88,88,93,93,93,93],"card_choices":[{"not_picked":["Guardian:RollAttack","Guardian:PrismaticBarrier"],"picked":"Guardian:RefractedBeam","floor":2},{"not_picked":["Guardian:Reroute","Guardian:Recover"],"picked":"Guardian:TemporalShield","floor":3},{"not_picked":["Guardian:MultiBeam","Guardian:RollAttack"],"picked":"Guardian:WalkerClaw","floor":8},{"not_picked":["Guardian:Reroute","Guardian:PiercingHide"],"picked":"Guardian:ChargeCore","floor":9},{"not_picked":["Guardian:Incinerate","Guardian:ShieldCharger"],"picked":"Guardian:TimeBomb","floor":10},{"not_picked":["Guardian:PrimingBeam","Guardian:Reroute"],"picked":"Guardian:Gem_Synthetic","floor":12},{"not_picked":["Guardian:Gem_Crimson","Guardian:ChargeCore"],"picked":"Guardian:ShieldCharger","floor":13},{"not_picked":["Guardian:VentSteam","Guardian:RollAttack"],"picked":"Guardian:PiercingHide","floor":15},{"not_picked":["Guardian:Gem_Orange","Guardian:SphericShield"],"picked":"Guardian:StasisField","floor":16},{"not_picked":["Guardian:ChargeCore","Guardian:PrimingBeam"],"picked":"Guardian:FloatingOrbs+1","floor":19},{"not_picked":["Guardian:ShieldCharger","Guardian:TemporalStrike","Guardian:RollAttack"],"picked":"SKIP","floor":20},{"not_picked":["Guardian:ChargeCore","Guardian:BronzeArmor"],"picked":"Guardian:Suspension+1","floor":21},{"not_picked":[],"picked":"J.A.X.","floor":23},{"not_picked":["Guardian:DonusPower","Guardian:PiercingHide","Guardian:WalkerClaw+1"],"picked":"Guardian:Recover","floor":23},{"not_picked":["Guardian:DecasProtection","Guardian:BronzeArmor","Guardian:VentSteam+1"],"picked":"Guardian:Reroute","floor":25},{"not_picked":["Guardian:Planning","Guardian:GuardianWhirl","Guardian:FloatingOrbs+1"],"picked":"Guardian:Incinerate","floor":26},{"not_picked":["Guardian:Gem_Red","Guardian:Reroute","Guardian:Gem_Synthetic"],"picked":"Guardian:RevengeProtocol","floor":27},{"not_picked":["Guardian:TemporalStrike","Guardian:Recover","Guardian:PolyBeam","Guardian:Incinerate"],"picked":"SKIP","floor":28},{"not_picked":["Guardian:Reroute","Guardian:Repulse","Guardian:Suspension"],"picked":"Guardian:WalkerClaw+1","floor":31},{"not_picked":["Guardian:Recover","Guardian:MultiBeam","Guardian:Incinerate"],"picked":"Guardian:RefractedBeam+1","floor":32}],"player_experience":114491,"relics_obtained":[{"floor":7,"key":"ReplayTheSpireMod:TigerMarble"},{"floor":14,"key":"The Courier"},{"floor":18,"key":"Mercury Hourglass"},{"floor":22,"key":"Question Card"},{"floor":23,"key":"MutagenicStrength"},{"floor":24,"key":"Mirror"},{"floor":27,"key":"Replay:Rubber Ducky"}],"event_choices":[{"damage_healed":0,"gold_gain":0,"player_choice":"Box","damage_taken":0,"relics_obtained":["Replay:Bottled Eggs"],"max_hp_gain":0,"max_hp_loss":0,"event_name":"Big Fish","floor":4,"gold_loss":0,"cards_obtained":["Regret"]},{"damage_healed":0,"gold_gain":0,"player_choice":"Ignored","damage_taken":0,"max_hp_gain":0,"max_hp_loss":0,"event_name":"Ghosts","floor":30,"gold_loss":0}],"is_beta":false,"boss_relics":[{"not_picked":["energizedSpire:OgreHead","Guardian:StasisSlotReductionRelic"],"picked":"Philosopher\u0027s Stone"}],"items_purged_floors":[],"is_endless":false,"potions_floor_spawned":[3,8,12,15,16,19,21,28,32],"killed_by":"DF_ARCHETYPE_CLAW","ascension_level":0}}