{"host":"rolltorest","time":1612168844,"event":{"mods":["BaseMod","Minty Spire (QoL Compilation)","Relic Stats","Slay the Relics Exporter","StSLib"],"gold_per_floor":[114,128,403,40,54,82,82,111,111,138,138,209,237,237,237,311,311,322,57,57,57,57,57,82,82,82,108,126,226,255,269,269,345,345,360,407,119,119,130,156,0,31,31,31,57,71,85,120,120,120,120,120,120,120,151,151],"floor_reached":57,"language":"ENG","playtime":2510,"items_purged":["Regret","Strike_R"],"score":3775,"play_id":"5d5da2cc-6288-4a2b-bc27-6e388be7a523","local_time":"20210201004044","is_ascension_mode":true,"campfire_choices":[{"data":"Immolate","floor":7,"key":"SMITH"},{"data":"Inflame","floor":11,"key":"SMITH"},{"floor":15,"key":"REST"},{"floor":23,"key":"REST"},{"data":"Ghostly","floor":25,"key":"SMITH"},{"data":"Ghostly","floor":32,"key":"SMITH"},{"data":"1","floor":44,"key":"LIFT"},{"floor":49,"key":"RECALL"},{"data":"2","floor":53,"key":"LIFT"}],"circlet_count":0,"master_deck":["AscendersBane","Defend_R","Defend_R+1","Defend_R","Defend_R","Bash","Perfected Strike","Pommel Strike","Battle Trance","Inflame+1","Burning Pact","Immolate+1","Feel No Pain","Thunderclap+1","Dark Embrace","Impervious","Evolve","Ghostly+1","Ghostly+1","Ghostly","Bite+1","Bite+1","Bite+1","Bite+1","Bite+1","Feel No Pain+1","Second Wind+1","Armaments+1","Offering","Disarm+1","Disarm","Headbutt+1","Corruption","True Grit+1","Dropkick+1","Shrug It Off","Trip","Shockwave","Pommel Strike+1","Dual Wield","Shrug It Off+1","Limit Break"],"relics":["SlaversCollar","Bag of Preparation","WingedGreaves","Molten Egg 2","Calipers","Dream Catcher","Ginger","Mark of Pain","Regal Pillow","Shuriken","Mango","Anchor","Dead Branch","Pear","Unceasing Top","Snecko Eye","FossilizedHelix","Ornamental Fan","Girya","Lizard Tail","Mummified Hand","CeramicFish","War Paint"],"acts_visited":["Exordium","TheCity","TheBeyond","TheEnding"],"potions_floor_usage":[8,10,18,24,33,33,56,56],"damage_taken":[{"damage":2,"enemies":"2 Louse","floor":1,"turns":3},{"damage":0,"enemies":"Cultist","floor":2,"turns":2},{"damage":9,"enemies":"Small Slimes","floor":5,"turns":4},{"damage":25,"enemies":"Lagavulin","floor":6,"turns":5},{"damage":0,"enemies":"Gremlin Nob","floor":8,"turns":2},{"damage":2,"enemies":"3 Sentries","floor":10,"turns":4},{"damage":20,"enemies":"Lagavulin","floor":13,"turns":4},{"damage":0,"enemies":"Slime Boss","floor":16,"turns":5},{"damage":58,"enemies":"3 Byrds","floor":18,"turns":5},{"damage":6,"enemies":"Slavers","floor":24,"turns":7},{"damage":5,"enemies":"Gremlin Leader","floor":27,"turns":6},{"damage":8,"enemies":"Spheric Guardian","floor":28,"turns":8},{"damage":0,"enemies":"Colosseum Slavers","floor":29,"turns":3},{"damage":6,"enemies":"Colosseum Nobs","floor":29,"turns":5},{"damage":1,"enemies":"Slavers","floor":30,"turns":4},{"damage":8,"enemies":"3 Cultists","floor":31,"turns":7},{"damage":6,"enemies":"Collector","floor":33,"turns":9},{"damage":2,"enemies":"3 Darklings","floor":35,"turns":2},{"damage":0,"enemies":"2 Orb Walkers","floor":36,"turns":4},{"damage":0,"enemies":"Orb Walker","floor":39,"turns":2},{"damage":0,"enemies":"Reptomancer","floor":40,"turns":3},{"damage":0,"enemies":"Giant Head","floor":42,"turns":4},{"damage":0,"enemies":"Nemesis","floor":45,"turns":3},{"damage":0,"enemies":"Spire Growth","floor":46,"turns":2},{"damage":0,"enemies":"Maw","floor":47,"turns":3},{"damage":0,"enemies":"Giant Head","floor":48,"turns":2},{"damage":0,"enemies":"Donu and Deca","floor":50,"turns":3},{"damage":0,"enemies":"Time Eater","floor":51,"turns":9},{"damage":0,"enemies":"Shield and Spear","floor":55,"turns":4},{"damage":17,"enemies":"The Heart","floor":56,"turns":8}],"seed_played":"2424336239412010116","potions_obtained":[{"floor":2,"key":"LiquidMemories"},{"floor":5,"key":"FearPotion"},{"floor":8,"key":"EssenceOfSteel"},{"floor":10,"key":"Strength Potion"},{"floor":18,"key":"BlessingOfTheForge"},{"floor":28,"key":"ColorlessPotion"},{"floor":33,"key":"EssenceOfSteel"},{"floor":35,"key":"FearPotion"},{"floor":40,"key":"GamblersBrew"},{"floor":45,"key":"PowerPotion"}],"is_trial":false,"path_per_floor":["M","M","?","$","M","E","R","E","T","E","R","?","E","?","R","B",null,"M","$","?","?","$","R","E","R","T","E","M","?","E","M","R","B",null,"M","?","$","?","M","E","$","E","T","R","E","M","M","E","R","B","B",null,"R","$","E","B",null],"character_chosen":"IRONCLAD","items_purchased":["Bag of Preparation","Battle Trance","Inflame","Regal Pillow","Ornamental Fan","Shrug It Off","Trip"],"campfire_rested":2,"item_purchase_floors":[4,4,4,19,37,41,41],"current_hp_per_floor":[66,66,66,66,57,32,32,32,32,30,30,30,10,10,32,32,64,6,6,6,6,6,25,25,25,39,39,39,49,49,49,49,49,49,49,49,49,49,49,49,49,49,49,49,49,49,49,49,49,49,49,49,49,49,49,39],"gold":151,"neow_bonus":"BOSS_RELIC","is_daily":false,"chose_seed":false,"campfire_upgraded":4,"win_rate":0.0,"timestamp":1612168844,"path_taken":["M","M","?","?","M","E","R","E","T","E","R","?","E","?","R","BOSS","M","$","?","?","$","R","E","R","T","E","M","?","E","M","R","BOSS","M","?","$","?","?","E","$","E","T","R","E","M","?","E","R","BOSS","BOSS","R","$","E","BOSS"],"items_purchased_type":["Relic","Card","Card","Relic","Relic","Card","Card"],"build_version":"2020-12-18","purchased_purges":2,"victory":true,"max_hp_per_floor":[75,75,75,75,75,75,75,75,75,75,75,75,75,75,75,75,75,75,75,37,25,25,25,25,25,39,39,39,49,49,49,49,49,49,49,49,49,49,49,49,49,49,49,49,49,49,49,49,49,49,49,49,49,49,49,49],"relic_stats":{"Regal Pillow":12,"counters":[30,132],"Dead Branch":[463],"CeramicFish":9,"Bag of Preparation":[56],"Ginger":[25],"War Paint":["Second Wind","Defend_R"],"Dream Catcher":2,"Lizard Tail":0,"Shuriken":[42],"Ornamental Fan":[112],"Mummified Hand":[113],"Snecko Eye":[144,131,157,141],"obtain_stats":[{"Girya":40,"Regal Pillow":19,"Calipers":9,"Pear":29,"Dead Branch":29,"CeramicFish":48,"Mango":26,"Bag of Preparation":4,"Ginger":13,"War Paint":55,"Burning Blood":0,"SlaversCollar":0,"Dream Catcher":10,"Anchor":27,"Lizard Tail":42,"Shuriken":24,"Ornamental Fan":37,"Mummified Hand":45,"Snecko Eye":34,"Molten Egg 2":8,"WingedGreaves":6,"Mark of Pain":17,"Unceasing Top":30,"FossilizedHelix":36},{"Girya":21,"Regal Pillow":9,"Calipers":5,"Pear":14,"Dead Branch":14,"CeramicFish":26,"Mango":10,"Bag of Preparation":2,"Ginger":7,"War Paint":29,"Burning Blood":0,"SlaversCollar":0,"Dream Catcher":6,"Anchor":11,"Lizard Tail":22,"Shuriken":10,"Ornamental Fan":19,"Mummified Hand":23,"Snecko Eye":17,"Molten Egg 2":5,"WingedGreaves":4,"Mark of Pain":8,"Unceasing Top":15,"FossilizedHelix":19},{"Girya":94,"Regal Pillow":34,"Calipers":16,"Pear":63,"Dead Branch":63,"CeramicFish":108,"Mango":41,"Bag of Preparation":5,"Ginger":24,"War Paint":124,"Burning Blood":0,"SlaversCollar":0,"Dream Catcher":20,"Anchor":47,"Lizard Tail":98,"Shuriken":41,"Ornamental Fan":89,"Mummified Hand":101,"Snecko Eye":83,"Molten Egg 2":16,"WingedGreaves":14,"Mark of Pain":29,"Unceasing Top":67,"FossilizedHelix":89}],"Unceasing Top":[0]},"card_choices":[{"not_picked":["Warcry","Wild Strike"],"picked":"Perfected Strike","floor":1},{"not_picked":["Sword Boomerang","Shrug It Off"],"picked":"Pommel Strike","floor":2},{"not_picked":["Anger","Sever Soul"],"picked":"Burning Pact","floor":5},{"not_picked":["Infernal Blade","Seeing Red"],"picked":"Immolate","floor":6},{"not_picked":["Burning Pact","Ghostly Armor"],"picked":"Feel No Pain","floor":8},{"not_picked":["Perfected Strike+1","Twin Strike+1"],"picked":"Thunderclap+1","floor":10},{"not_picked":["Berserk","Pommel Strike+1"],"picked":"Dark Embrace","floor":13},{"not_picked":["Immolate+1","Berserk"],"picked":"Impervious","floor":16},{"not_picked":["Perfected Strike+1","Anger+1"],"picked":"Evolve","floor":18},{"not_picked":["Warcry","Metallicize"],"picked":"Feel No Pain+1","floor":23},{"not_picked":["Iron Wave+1","Combust"],"picked":"Second Wind","floor":24},{"not_picked":["Perfected Strike+1","Pummel+1"],"picked":"Armaments+1","floor":27},{"not_picked":["Heavy Blade+1","Dual Wield"],"picked":"Offering","floor":28},{"not_picked":["Body Slam+1","Armaments"],"picked":"Disarm+1","floor":29},{"not_picked":["Reckless Charge+1","Flex"],"picked":"Disarm","floor":30},{"not_picked":["Searing Blow+1","Sword Boomerang+1"],"picked":"Headbutt+1","floor":31},{"not_picked":["Barricade","Demon Form"],"picked":"Corruption","floor":33},{"not_picked":["Reckless Charge+1","Clothesline+1"],"picked":"True Grit+1","floor":35},{"not_picked":["Cleave+1","Thunderclap+1"],"picked":"Dropkick+1","floor":36},{"not_picked":["Rampage+1","Sword Boomerang+1","Armaments+1"],"picked":"SKIP","floor":39},{"not_picked":["Clash+1","Rage","Headbutt+1"],"picked":"SKIP","floor":40},{"not_picked":["Ghostly Armor","Bloodletting"],"picked":"Shockwave","floor":42},{"not_picked":["Anger+1","Cleave+1"],"picked":"Pommel Strike+1","floor":45},{"not_picked":["True Grit","Wild Strike+1"],"picked":"Dual Wield","floor":46},{"not_picked":["Rupture","Spot Weakness+1"],"picked":"Shrug It Off+1","floor":47},{"not_picked":["Clothesline+1","Searing Blow+1"],"picked":"Limit Break","floor":48},{"not_picked":["Entrench","Headbutt+1","Iron Wave+1"],"picked":"SKIP","floor":55}],"player_experience":1792004,"relics_obtained":[{"floor":6,"key":"WingedGreaves"},{"floor":8,"key":"Molten Egg 2"},{"floor":9,"key":"Calipers"},{"floor":10,"key":"Dream Catcher"},{"floor":13,"key":"Ginger"},{"floor":24,"key":"Shuriken"},{"floor":26,"key":"Mango"},{"floor":27,"key":"Anchor"},{"floor":29,"key":"Dead Branch"},{"floor":29,"key":"Pear"},{"floor":30,"key":"Unceasing Top"},{"floor":36,"key":"FossilizedHelix"},{"floor":40,"key":"Girya"},{"floor":42,"key":"Lizard Tail"},{"floor":45,"key":"Mummified Hand"},{"floor":48,"key":"CeramicFish"},{"floor":55,"key":"War Paint"}],"event_choices":[{"damage_healed":0,"gold_gain":275,"player_choice":"Desecrate","damage_taken":0,"max_hp_gain":0,"max_hp_loss":0,"event_name":"Golden Shrine","floor":3,"gold_loss":0,"cards_obtained":["Regret"]},{"damage_healed":0,"gold_gain":71,"player_choice":"Gained Gold","damage_taken":0,"max_hp_gain":0,"max_hp_loss":0,"event_name":"Golden Wing","floor":12,"gold_loss":0},{"damage_healed":0,"gold_gain":0,"player_choice":"Fled","damage_taken":0,"max_hp_gain":0,"max_hp_loss":0,"event_name":"Scrap Ooze","floor":14,"gold_loss":0},{"damage_healed":0,"gold_gain":0,"player_choice":"Became a Ghost","damage_taken":0,"max_hp_gain":0,"max_hp_loss":38,"event_name":"Ghosts","floor":20,"gold_loss":0,"cards_obtained":["Ghostly","Ghostly","Ghostly"]},{"damage_healed":0,"gold_gain":0,"player_choice":"Became a vampire","damage_taken":0,"max_hp_gain":0,"max_hp_loss":12,"event_name":"Vampires","floor":21,"gold_loss":0,"cards_obtained":["Bite","Bite","Bite","Bite","Bite"]},{"damage_healed":0,"gold_gain":0,"player_choice":"Fight","damage_taken":0,"max_hp_gain":0,"max_hp_loss":0,"event_name":"Colosseum","floor":29,"gold_loss":0},{"damage_healed":0,"gold_gain":0,"player_choice":"Fought Nobs","damage_taken":0,"max_hp_gain":0,"max_hp_loss":0,"event_name":"Colosseum","floor":29,"gold_loss":0},{"damage_healed":0,"gold_gain":0,"player_choice":"Fight","damage_taken":0,"max_hp_gain":0,"max_hp_loss":0,"event_name":"Mysterious Sphere","floor":36,"gold_loss":0},{"damage_healed":0,"gold_gain":0,"player_choice":"Got Potions","damage_taken":0,"max_hp_gain":0,"max_hp_loss":0,"event_name":"Lab","floor":38,"gold_loss":0}],"is_beta":true,"boss_relics":[{"not_picked":["Calling Bell","Coffee Dripper"],"picked":"Mark of Pain"},{"not_picked":["Pandora\u0027s Box","Runic Pyramid"],"picked":"Snecko Eye"}],"items_purged_floors":[4,19],"is_endless":false,"potions_floor_spawned":[2,5,8,10,18,28,31,33,35,40,45,46,47],"ascension_level":20}}