{"host":"takgv9cv6xf64vhq","time":1612152598,"event":{"mods":["BaseMod","Colored Powertips","Conspire","Decade(王小明)","Downfall","Energized Spire","Hermit","Hubris","LagranYue(拉格朗・月)","Marisa（F雨　魔理沙）","Minty Spire (QoL Compilation)","Replay The Spire","StSLib","The Cursed","The Hierophant","The Jungle","The Servant 0.9.4","TheHeartMod"],"gold_per_floor":[115,40,40,60,135,165,165,192,192,207,207,207,35,35,35,154,154,178,191,191,1,25,25,25],"floor_reached":23,"language":"ZHS","playtime":1091,"items_purged":["Strike_G","Regret"],"score":333,"play_id":"57c73569-8894-419a-8201-3919fc46a986","local_time":"20210201120958","is_ascension_mode":true,"campfire_choices":[{"data":"Neutralize","floor":7.0,"key":"SMITH"},{"data":"Backflip","floor":11.0,"key":"SMITH"},{"data":"Survivor","floor":15.0,"key":"SMITH"}],"circlet_count":0,"master_deck":["AscendersBane","Strike_G","Strike_G","Strike_G","Strike_G","Defend_G","Defend_G","Defend_G","Defend_G","Survivor+1","Neutralize+1","PiercingWail","Backflip+1","Blade Dance","Slice","Dagger Throw","ReplayTheSpireMod:Scrap Shanks+1","Poison Darts","Cloak And Dagger","hubris:SlightOfHand+1","hubris:Despair","Specialist","hubris:Sniper"],"relics":["Ring of the Snake","NeowsBlessing","InkBottle","Replay:Baseball","Matryoshka","Nunchaku","Golden Idol","energizedSpire:SpiderWeb","ReplayTheSpireMod:CursedCoin","Pantograph"],"acts_visited":["Exordium","TheCity"],"potions_floor_usage":[],"damage_taken":[{"damage":0.0,"enemies":"2 Louse","floor":1.0,"turns":1.0},{"damage":0.0,"enemies":"Cultist","floor":4.0,"turns":1.0},{"damage":0.0,"enemies":"Gremlin Nob","floor":6.0,"turns":1.0},{"damage":40.0,"enemies":"Lagavulin","floor":8.0,"turns":9.0},{"damage":0.0,"enemies":"Jaw Worm","floor":10.0,"turns":4.0},{"damage":1.0,"enemies":"Hexaghost","floor":16.0,"turns":11.0},{"damage":19.0,"enemies":"3 Byrds","floor":18.0,"turns":4.0},{"damage":0.0,"enemies":"Spheric Guardian","floor":19.0,"turns":3.0},{"damage":14.0,"enemies":"Shelled Parasite and Fungi","floor":22.0,"turns":4.0},{"damage":19,"enemies":"Book of Stabbing","floor":23,"turns":4}],"seed_played":"-4032568119462082838","potions_obtained":[{"floor":8.0,"key":"Strength Potion"},{"floor":10.0,"key":"Block Potion"},{"floor":16.0,"key":"Poison Potion"},{"floor":18.0,"key":"Venom Potion"}],"is_trial":false,"path_per_floor":["M","$","?","M","?","E","R","E","T","M","R","?","$","?","R","B",null,"M","M","?","$","M","E"],"character_chosen":"THE_SILENT","items_purchased":["ReplayTheSpireMod:Scrap Shanks","ReplayTheSpireMod:CursedCoin","Pantograph","Specialist"],"campfire_rested":0,"item_purchase_floors":[13,21,21,21],"current_hp_per_floor":[63,63,63,63,52,52,52,12,12,12,12,12,12,12,12,11,52,33,33,33,33,19,0,0],"gold":25,"neow_bonus":"THREE_ENEMY_KILL","is_daily":false,"chose_seed":false,"campfire_upgraded":3,"win_rate":0.0,"timestamp":1612152598,"path_taken":["M","$","?","?","?","E","R","E","T","M","R","?","$","?","R","BOSS","M","M","?","$","M","E"],"items_purchased_type":["Card","Relic","Relic","Card"],"build_version":"2020-12-22","purchased_purges":2,"victory":false,"max_hp_per_floor":[70,70,70,70,70,70,70,70,70,70,70,70,70,65,65,65,65,65,65,65,65,65,65,65],"card_choices":[{"not_picked":["Underhanded Strike","Sucker Punch"],"picked":"PiercingWail","floor":1.0},{"not_picked":["Flying Knee","Hidden Blade"],"picked":"Backflip","floor":4.0},{"not_picked":["Expertise","Grand Finale"],"picked":"Blade Dance","floor":6.0},{"not_picked":["Flying Knee","Predator"],"picked":"Slice","floor":8.0},{"not_picked":["Riddle With Holes","Sucker Punch"],"picked":"Dagger Throw","floor":10.0},{"not_picked":["Glass Knife","Venomology"],"picked":"Poison Darts","floor":16.0},{"not_picked":["Dash","Bane+1"],"picked":"Cloak And Dagger","floor":18.0},{"not_picked":["Well Laid Plans","Slice"],"picked":"hubris:SlightOfHand+1","floor":19.0},{"not_picked":["Expertise","Hidden Blade"],"picked":"hubris:Sniper","floor":22.0}],"player_experience":298363,"relics_obtained":[{"floor":6.0,"key":"InkBottle"},{"floor":8.0,"key":"Replay:Baseball"},{"floor":9.0,"key":"Matryoshka"}],"event_choices":[{"cards_removed":["Defend_G"],"damage_healed":0.0,"max_hp_gain":0.0,"max_hp_loss":0.0,"gold_gain":0.0,"event_name":"Wheel of Change","player_choice":"Card Removal","floor":3.0,"gold_loss":0.0,"damage_taken":0.0},{"damage_healed":0.0,"max_hp_gain":0.0,"max_hp_loss":0.0,"gold_gain":75.0,"event_name":"World of Goop","player_choice":"Gather Gold","floor":5.0,"gold_loss":0.0,"damage_taken":11.0},{"damage_healed":0.0,"max_hp_gain":0.0,"max_hp_loss":0.0,"gold_gain":0.0,"event_name":"Big Fish","player_choice":"Box","floor":12.0,"gold_loss":0.0,"damage_taken":0.0,"relics_obtained":["Nunchaku"],"cards_obtained":["Regret"]},{"damage_healed":0.0,"max_hp_gain":0.0,"max_hp_loss":5.0,"gold_gain":0.0,"event_name":"Golden Idol","player_choice":"Lose Max HP","floor":14.0,"gold_loss":0.0,"damage_taken":0.0,"relics_obtained":["Golden Idol"]},{"damage_healed":0.0,"max_hp_gain":0.0,"max_hp_loss":0.0,"gold_gain":0.0,"event_name":"Upgrade Shrine","player_choice":"Upgraded","floor":20.0,"gold_loss":0.0,"damage_taken":0.0,"cards_upgraded":["ReplayTheSpireMod:Scrap Shanks"]}],"is_beta":false,"boss_relics":[{"not_picked":["conspire:SeveredTorchhead","ChewingGum"],"picked":"energizedSpire:SpiderWeb"}],"items_purged_floors":[2,13],"is_endless":false,"potions_floor_spawned":[8,10,16,18],"killed_by":"Book of Stabbing","ascension_level":10}}