{"host":"8962ghaoa8fyttvy","time":1612179924,"event":{"mods":["2.2 Compatiblity","AchievementEnabler","BaseMod","Bestiary","Colored Map","Colored Powertips","Curses Come First","Highlight Path","Keyboard Shortcuts","Minty Spire (QoL Compilation)","Relic Stats","Slay the Relics Exporter","StSLib","SuperFastMode"],"gold_per_floor":[110,124,124,143,157,157,182,28,28,48,48,66,85,4,4,99,99,111,26,26,38,38,72,72,83,130,148,148,148,148],"floor_reached":29,"language":"ENG","playtime":843,"items_purged":[],"score":272,"play_id":"6358165f-8467-45f1-b1f6-7bacbc86c2ba","local_time":"20210201064524","is_ascension_mode":false,"campfire_choices":[{"data":"Storm","floor":6,"key":"SMITH"},{"data":"Creative AI","floor":15,"key":"SMITH"},{"data":"Self Repair","floor":24,"key":"SMITH"},{"data":"Self Repair","floor":28,"key":"SMITH"}],"circlet_count":0,"master_deck":["Defend_B","Defend_B","Defend_B","Defend_B","Zap","Genetic Algorithm","Self Repair+1","Storm+1","Genetic Algorithm","Go for the Eyes","Sweeping Beam","Steam","Creative AI+1","Machine Learning","White Noise","Bite","Bite","Bite","Bite","Bite","Thunder Strike","Self Repair+1"],"relics":["Cracked Core","Oddly Smooth Stone","Bottled Lightning","Lee\u0027s Waffle","CaptainsWheel","Runic Pyramid","Incense Burner","Darkstone Periapt","Potion Belt"],"acts_visited":["Exordium","TheCity"],"potions_floor_usage":[16,23],"damage_taken":[{"damage":6,"enemies":"2 Louse","floor":1,"turns":2},{"damage":0,"enemies":"Cultist","floor":2,"turns":4},{"damage":2,"enemies":"Jaw Worm","floor":4,"turns":4},{"damage":9,"enemies":"Red Slaver","floor":5,"turns":4},{"damage":50,"enemies":"3 Sentries","floor":7,"turns":7},{"damage":17,"enemies":"Lots of Slimes","floor":10,"turns":6},{"damage":0,"enemies":"Looter","floor":12,"turns":4},{"damage":0,"enemies":"2 Fungi Beasts","floor":13,"turns":4},{"damage":38,"enemies":"The Guardian","floor":16,"turns":8},{"damage":15,"enemies":"Chosen","floor":18,"turns":5},{"damage":0,"enemies":"3 Byrds","floor":21,"turns":3},{"damage":48,"enemies":"Slavers","floor":23,"turns":5},{"damage":33,"enemies":"3 Cultists","floor":25,"turns":6},{"damage":1,"enemies":"Snecko","floor":27,"turns":5},{"damage":35,"enemies":"Book of Stabbing","floor":29,"turns":6}],"seed_played":"-2399529442160388565","potions_obtained":[{"floor":1,"key":"Swift Potion"},{"floor":12,"key":"Ancient Potion"},{"floor":13,"key":"LiquidBronze"},{"floor":16,"key":"Fire Potion"},{"floor":18,"key":"EssenceOfSteel"},{"floor":25,"key":"Strength Potion"},{"floor":27,"key":"ColorlessPotion"}],"is_trial":false,"path_per_floor":["M","M","?","M","M","R","E","$","T","M","?","M","M","$","R","B",null,"M","?","?","M","?","E","R","M","T","M","R","E"],"character_chosen":"DEFECT","items_purchased":["Lee\u0027s Waffle","Creative AI"],"campfire_rested":0,"item_purchase_floors":[8,14],"current_hp_per_floor":[69,69,69,74,72,72,29,82,82,72,72,79,82,82,82,51,82,74,74,74,74,57,31,31,18,18,31,31,0,0],"gold":148,"neow_bonus":"RANDOM_COMMON_RELIC","is_daily":false,"chose_seed":false,"campfire_upgraded":4,"win_rate":0.0,"timestamp":1612179924,"path_taken":["M","M","?","?","?","R","E","$","T","M","?","M","?","?","R","BOSS","M","?","?","M","?","E","R","M","T","M","R","E"],"items_purchased_type":["Relic","Card"],"build_version":"2020-12-22","purchased_purges":0,"victory":false,"max_hp_per_floor":[75,75,75,75,75,75,75,82,82,82,82,82,82,82,82,82,82,82,82,82,82,57,57,57,57,57,57,57,57,57],"relic_stats":{"Darkstone Periapt":0,"Lee\u0027s Waffle":53,"counters":[15,73],"obtain_stats":[{"Darkstone Periapt":23,"Potion Belt":26,"Lee\u0027s Waffle":8,"CaptainsWheel":9,"Oddly Smooth Stone":0,"Incense Burner":19,"Bottled Lightning":7,"Cracked Core":0,"Runic Pyramid":17},{"Darkstone Periapt":12,"Potion Belt":13,"Lee\u0027s Waffle":5,"CaptainsWheel":5,"Oddly Smooth Stone":0,"Incense Burner":10,"Bottled Lightning":5,"Cracked Core":0,"Runic Pyramid":9},{"Darkstone Periapt":56,"Potion Belt":62,"Lee\u0027s Waffle":21,"CaptainsWheel":21,"Oddly Smooth Stone":0,"Incense Burner":48,"Bottled Lightning":21,"Cracked Core":0,"Runic Pyramid":43}]},"card_choices":[{"not_picked":["Steam","Hologram"],"picked":"Genetic Algorithm","floor":1},{"not_picked":["Steam","Hello World"],"picked":"Self Repair","floor":2},{"not_picked":["Glacier","Doom and Gloom"],"picked":"Storm","floor":4},{"not_picked":["Rebound","Compile Driver"],"picked":"Genetic Algorithm","floor":5},{"not_picked":["Leap","Defragment","Storm"],"picked":"SKIP","floor":7},{"not_picked":["Storm","Static Discharge"],"picked":"Go for the Eyes","floor":10},{"not_picked":["Doom and Gloom","Barrage"],"picked":"Sweeping Beam","floor":12},{"not_picked":["Darkness","Cold Snap"],"picked":"Steam","floor":13},{"not_picked":["Fission","All For One"],"picked":"Machine Learning","floor":16},{"not_picked":["Redo","Barrage"],"picked":"White Noise","floor":18},{"not_picked":["Cold Snap","Ball Lightning+1","Coolheaded"],"picked":"SKIP","floor":21},{"not_picked":["Sweeping Beam","Hello World"],"picked":"Thunder Strike","floor":23},{"not_picked":["Cold Snap","Compile Driver+1"],"picked":"Self Repair","floor":25},{"not_picked":["Hologram+1","Auto Shields","Barrage+1"],"picked":"SKIP","floor":27}],"player_experience":17509,"relics_obtained":[{"floor":7,"key":"Bottled Lightning"},{"floor":9,"key":"CaptainsWheel"},{"floor":23,"key":"Darkstone Periapt"},{"floor":26,"key":"Potion Belt"}],"event_choices":[{"damage_healed":0,"gold_gain":0,"player_choice":"Bought 0 Potions","damage_taken":0,"max_hp_gain":0,"max_hp_loss":0,"event_name":"The Woman in Blue","floor":3,"gold_loss":0},{"cards_removed":["Dualcast"],"damage_healed":0,"gold_gain":0,"player_choice":"Offered Basic","damage_taken":0,"max_hp_gain":0,"max_hp_loss":0,"event_name":"Bonfire Elementals","floor":11,"gold_loss":0},{"damage_healed":0,"gold_gain":0,"player_choice":"Obtained Relic","damage_taken":0,"relics_obtained":["Incense Burner"],"max_hp_gain":0,"max_hp_loss":0,"event_name":"Addict","floor":19,"gold_loss":85},{"cards_removed":["Strike_B"],"damage_healed":0,"gold_gain":0,"player_choice":"Elegance","damage_taken":0,"max_hp_gain":0,"max_hp_loss":0,"event_name":"Back to Basics","floor":20,"gold_loss":0},{"damage_healed":0,"gold_gain":0,"player_choice":"Became a vampire","damage_taken":0,"max_hp_gain":0,"max_hp_loss":25,"event_name":"Vampires","floor":22,"gold_loss":0,"cards_obtained":["Bite","Bite","Bite","Bite","Bite"]}],"is_beta":false,"boss_relics":[{"not_picked":["Velvet Choker","Astrolabe"],"picked":"Runic Pyramid"}],"items_purged_floors":[],"is_endless":false,"potions_floor_spawned":[1,12,13,16,18,25,27],"killed_by":"Book of Stabbing","ascension_level":0}}