{"host":"4rvakrj1idbgia3f","time":1612208464,"event":{"mods":["BaseMod","Colored Map","Colored Powertips","DeckTracker","Highlight Path","Minty Spire (QoL Compilation)","Random Character Button","StSLib"],"gold_per_floor":[117,135,285,30,49,49,63,63,63,63,95,108,122,149,149,149,149],"floor_reached":16,"language":"JPN","playtime":678,"items_purged":["Doubt"],"score":224,"play_id":"a1018606-1642-4150-9fd2-273d471248aa","local_time":"20210202044104","is_ascension_mode":true,"campfire_choices":[{"data":"Underhanded Strike","floor":6,"key":"SMITH"},{"data":"Quick Slash","floor":8,"key":"SMITH"},{"data":"Noxious Fumes","floor":15,"key":"SMITH"}],"circlet_count":0,"master_deck":["AscendersBane","Strike_G","Strike_G","Strike_G","Strike_G","Strike_G","Defend_G","Defend_G","Defend_G","Defend_G","Defend_G","Survivor","Neutralize","Quick Slash+1","Prepared","Wraith Form v2","Underhanded Strike+1","Dodge and Roll","Footwork","Dodge and Roll+1","Dagger Throw","Noxious Fumes+1"],"relics":["Ring of the Snake","NeowsBlessing","Toxic Egg 2","InkBottle","Unceasing Top"],"acts_visited":["Exordium"],"potions_floor_usage":[7,11,14],"damage_taken":[{"damage":0,"enemies":"2 Louse","floor":1,"turns":1},{"damage":0,"enemies":"Small Slimes","floor":2,"turns":1},{"damage":0,"enemies":"Jaw Worm","floor":5,"turns":1},{"damage":10,"enemies":"Lots of Slimes","floor":7,"turns":5},{"damage":32,"enemies":"3 Sentries","floor":11,"turns":13},{"damage":0,"enemies":"2 Fungi Beasts","floor":12,"turns":4},{"damage":1,"enemies":"Red Slaver","floor":13,"turns":5},{"damage":1,"enemies":"Lagavulin","floor":14,"turns":8},{"damage":24,"enemies":"Slime Boss","floor":16,"turns":3}],"seed_played":"-448488597133364315","potions_obtained":[{"floor":1,"key":"ColorlessPotion"},{"floor":7,"key":"Swift Potion"},{"floor":13,"key":"Poison Potion"}],"is_trial":false,"path_per_floor":["M","M","?","$","M","R","M","R","T","?","E","M","M","E","R","B"],"character_chosen":"THE_SILENT","items_purchased":["Wraith Form v2","Underhanded Strike"],"campfire_rested":0,"item_purchase_floors":[4,4],"current_hp_per_floor":[59,59,59,59,59,59,49,49,49,54,22,22,21,20,20,0,0],"gold":149,"neow_bonus":"THREE_ENEMY_KILL","is_daily":false,"chose_seed":false,"campfire_upgraded":3,"win_rate":0.0,"timestamp":1612208464,"path_taken":["M","M","?","$","M","R","M","R","T","?","E","?","M","E","R","BOSS"],"items_purchased_type":["Card","Card"],"build_version":"2020-12-22","purchased_purges":1,"victory":false,"max_hp_per_floor":[66,66,66,66,66,66,66,66,66,71,71,71,71,71,71,71,71],"card_choices":[{"not_picked":["Setup","Well Laid Plans"],"picked":"Quick Slash","floor":1},{"not_picked":["Acrobatics","Backflip"],"picked":"Prepared","floor":2},{"not_picked":["Expertise","Accuracy","Catalyst"],"picked":"SKIP","floor":5},{"not_picked":["Outmaneuver","Catalyst"],"picked":"Dodge and Roll","floor":7},{"not_picked":["Reflex+1","Sucker Punch"],"picked":"Footwork","floor":11},{"not_picked":["Quick Slash","Outmaneuver+1"],"picked":"Dodge and Roll+1","floor":12},{"not_picked":["Caltrops","Endless Agony"],"picked":"Dagger Throw","floor":13},{"not_picked":["Wraith Form v2","Accuracy"],"picked":"Noxious Fumes","floor":14}],"player_experience":2189422,"relics_obtained":[{"floor":9,"key":"Toxic Egg 2"},{"floor":11,"key":"InkBottle"},{"floor":14,"key":"Unceasing Top"}],"event_choices":[{"damage_healed":0,"gold_gain":150,"player_choice":"AGREE","damage_taken":0,"max_hp_gain":0,"max_hp_loss":0,"event_name":"Liars Game","floor":3,"gold_loss":0,"cards_obtained":["Doubt"]},{"damage_healed":0,"gold_gain":0,"player_choice":"Donut","damage_taken":0,"max_hp_gain":5,"max_hp_loss":0,"event_name":"Big Fish","floor":10,"gold_loss":0}],"is_beta":false,"boss_relics":[],"items_purged_floors":[4],"is_endless":false,"potions_floor_spawned":[1,7,13],"killed_by":"Slime Boss","ascension_level":20}}