{"host":"d5i1qeb9dejicw1z","time":1612154070,"event":{"mods":["AchievementEnabler","BaseMod","Better Note","BetterRewards","Evolution","Gold Saver","Minty Spire (QoL Compilation)","Permanent Neow","Relic Filter Mod","Reliquary","StSLib"],"gold_per_floor":[396,414,8,8,8,40,54,54,54,54,54,70,81,99,99,176,176,148,148,166,32,32,61,61,72,72,89,123,123,66,66,66],"floor_reached":31,"language":"ENG","playtime":1073,"items_purged":["Strike_B"],"score":650,"play_id":"dba5286f-003b-4628-a4c1-d858f040ad8f","local_time":"20210131203430","is_ascension_mode":true,"campfire_choices":[{"data":"Defragment","floor":8,"key":"SMITH"},{"floor":10,"key":"REST"},{"floor":15,"key":"REST"},{"data":"Defragment","floor":24,"key":"SMITH"}],"circlet_count":0,"master_deck":["AscendersBane","Cold Snap+1","Cold Snap","Strike_B+1","Defend_B","Defend_B","Defend_B","Defend_B","Zap","Dualcast","Go for the Eyes","Blizzard","Loop","Cold Snap","Defragment+1","Chill","Leap","Machine Learning","Defragment+1","Capacitor","Chill","Capacitor"],"relics":["Cracked Core","EVO:Axolotl","Symbiotic Virus","FossilizedHelix","reliquary:NewFriend","Nuclear Battery","Vajra","reliquary:JackalopeAntler","Pantograph"],"acts_visited":["Exordium","TheCity"],"potions_floor_usage":[13,16,18,23,23,25,28,31],"damage_taken":[{"damage":0,"enemies":"Cultist","floor":1,"turns":3},{"damage":6,"enemies":"2 Louse","floor":2,"turns":3},{"damage":19,"enemies":"Gremlin Nob","floor":6,"turns":6},{"damage":0,"enemies":"Jaw Worm","floor":7,"turns":3},{"damage":3,"enemies":"Blue Slaver","floor":12,"turns":3},{"damage":9,"enemies":"3 Louse","floor":13,"turns":3},{"damage":0,"enemies":"Large Slime","floor":14,"turns":6},{"damage":0,"enemies":"The Guardian","floor":16,"turns":11},{"damage":5,"enemies":"2 Thieves","floor":18,"turns":4},{"damage":17,"enemies":"Chosen","floor":20,"turns":6},{"damage":18,"enemies":"Slavers","floor":23,"turns":5},{"damage":18,"enemies":"Snake Plant","floor":25,"turns":7},{"damage":0,"enemies":"Centurion and Healer","floor":27,"turns":7},{"damage":7,"enemies":"Book of Stabbing","floor":28,"turns":8},{"damage":10,"enemies":"Slavers","floor":31,"turns":1}],"seed_played":"-3473514744318650947","potions_obtained":[{"floor":6,"key":"GamblersBrew"},{"floor":12,"key":"Swift Potion"},{"floor":16,"key":"Explosive Potion"},{"floor":20,"key":"LiquidBronze"},{"floor":23,"key":"ColorlessPotion"},{"floor":27,"key":"ColorlessPotion"}],"is_trial":false,"path_per_floor":["M","M","$","?","?","E","M","R","T","R","$","M","M","M","R","B",null,"M","?","M","$","?","E","R","M","T","M","E","?","$","E"],"character_chosen":"DEFECT","items_purchased":["Cold Snap","Symbiotic Virus","Capacitor","FocusPotion","Weak Potion"],"campfire_rested":2,"item_purchase_floors":[3,3,21,21,30],"current_hp_per_floor":[64,58,58,63,40,21,21,21,21,43,43,40,31,31,53,53,70,65,65,48,48,48,30,30,12,12,12,5,5,5,0,0],"gold":66,"neow_bonus":"THREE_CARDS","is_daily":false,"chose_seed":false,"campfire_upgraded":2,"win_rate":0.0,"timestamp":1612154070,"path_taken":["M","?","$","?","?","E","M","R","T","R","$","M","M","M","R","BOSS","M","?","?","$","?","E","R","M","T","M","E","?","$","E"],"items_purchased_type":["Card","Relic","Card","Potion","Potion"],"build_version":"2020-12-22","purchased_purges":1,"victory":false,"max_hp_per_floor":[71,71,71,76,76,76,76,76,76,76,76,76,76,76,76,76,76,76,76,76,76,76,76,76,76,76,76,76,76,76,76,76],"card_choices":[{"not_picked":["Darkness","Compile Driver"],"picked":"Go for the Eyes","floor":0},{"not_picked":["Leap","Redo"],"picked":"Blizzard","floor":1},{"not_picked":["Go for the Eyes","Hologram"],"picked":"Loop","floor":2},{"not_picked":["Capacitor","Go for the Eyes"],"picked":"Defragment","floor":6},{"not_picked":["Reinforced Body","Redo","Streamline"],"picked":"SKIP","floor":7},{"not_picked":["Steam Power","Reprogram"],"picked":"Chill","floor":12},{"not_picked":["Static Discharge","Streamline"],"picked":"Leap","floor":13},{"not_picked":["Static Discharge","Hologram","Streamline"],"picked":"SKIP","floor":14},{"not_picked":["Electrodynamics","Hyperbeam"],"picked":"Machine Learning","floor":16},{"not_picked":["Barrage","Compile Driver","Steam Power"],"picked":"SKIP","floor":18},{"not_picked":["Sweeping Beam","Compile Driver","Stack"],"picked":"SKIP","floor":20},{"not_picked":["BootSequence","Barrage","Ball Lightning"],"picked":"SKIP","floor":23},{"not_picked":["Tempest+1","Rebound","Compile Driver"],"picked":"SKIP","floor":25},{"not_picked":["Undo","Hologram"],"picked":"Capacitor","floor":27},{"not_picked":["White Noise","Double Energy","Lockon"],"picked":"SKIP","floor":28}],"player_experience":1217913,"relics_obtained":[{"floor":6,"key":"FossilizedHelix"},{"floor":9,"key":"reliquary:NewFriend"},{"floor":23,"key":"Vajra"},{"floor":26,"key":"reliquary:JackalopeAntler"},{"floor":28,"key":"Pantograph"}],"event_choices":[{"damage_healed":0,"gold_gain":0,"player_choice":"Donut","damage_taken":0,"max_hp_gain":5,"max_hp_loss":0,"event_name":"Big Fish","floor":4,"gold_loss":0},{"damage_healed":0,"gold_gain":0,"player_choice":"Entered Light","damage_taken":23,"max_hp_gain":0,"max_hp_loss":0,"event_name":"Shining Light","floor":5,"gold_loss":0,"cards_upgraded":["Strike_B","Cold Snap"]},{"damage_healed":0,"gold_gain":0,"player_choice":"Take","damage_taken":0,"max_hp_gain":0,"max_hp_loss":0,"event_name":"betterNote:BetterNote","floor":19,"gold_loss":0,"cards_obtained":["Defragment"]},{"damage_healed":0,"gold_gain":0,"player_choice":"Read","damage_taken":0,"max_hp_gain":0,"max_hp_loss":0,"event_name":"The Library","floor":22,"gold_loss":0,"cards_obtained":["Chill"]},{"damage_healed":0,"gold_gain":0,"player_choice":"Ignored","damage_taken":0,"max_hp_gain":0,"max_hp_loss":0,"event_name":"Cursed Tome","floor":29,"gold_loss":0}],"is_beta":false,"boss_relics":[{"not_picked":["Black Star","FrozenCore"],"picked":"Nuclear Battery"}],"items_purged_floors":[3],"is_endless":false,"potions_floor_spawned":[6,12,16,20,23,27],"killed_by":"Slavers","ascension_level":20}}