{"host":"bxd97rc2ofc6op20","time":1612163949,"event":{"mods":["BaseMod","Colored Map","Colored Powertips","Googly Eyes","Highlight Path","Minty Spire (QoL Compilation)","Quick Restart","Rare Cards Sparkle"],"gold_per_floor":[114,128,147,133,133,133,159,159,186,202,202,152,186,205,205,306,306,317,328,328,340,255,255,284,284,309,343,343,357,357,387,387,487,487,499,512,532,532,543,543,578,598,652,652,652],"floor_reached":44,"language":"ENG","playtime":3526,"items_purged":[],"score":702,"play_id":"92e802c6-cfd0-4838-98e4-f9aac996e461","local_time":"20210131231909","is_ascension_mode":true,"campfire_choices":[{"data":"SignatureMove","floor":6.0,"key":"SMITH"},{"data":"MentalFortress","floor":8.0,"key":"SMITH"},{"data":"Vigilance","floor":11.0,"key":"SMITH"},{"data":"InnerPeace","floor":15.0,"key":"SMITH"},{"data":"TalkToTheHand","floor":23.0,"key":"SMITH"},{"data":"Wallop","floor":25.0,"key":"SMITH"},{"data":"Scrawl","floor":28,"key":"SMITH"},{"data":"ClearTheMind","floor":30,"key":"SMITH"},{"floor":32,"key":"REST"},{"data":"TalkToTheHand","floor":40,"key":"SMITH"}],"circlet_count":0,"master_deck":["Strike_P+1","Strike_P+1","Strike_P+1","Strike_P+1","Defend_P+1","Defend_P+1","Defend_P+1","Eruption","Vigilance+1","SignatureMove+1","InnerPeace+1","ClearTheMind+1","MentalFortress+1","Collect+1","JustLucky","Prostrate","Scrawl+1","TalkToTheHand+1","Worship","Wallop+1","Indignation","FollowUp+1","FlurryOfBlows+1","ConjureBlade","Establishment","CurseOfTheBell","SandsOfTime","TalkToTheHand+1","Parasite"],"relics":["PureWater","Regal Pillow","Art of War","Akabeko","Oddly Smooth Stone","Runic Pyramid","War Paint","CloakClasp","Vajra","MealTicket","Calling Bell","Tiny Chest","Pantograph","Mango","Lantern","Omamori"],"acts_visited":["Exordium","TheCity","TheBeyond"],"potions_floor_usage":[33,33,37,39,41],"damage_taken":[{"damage":0.0,"enemies":"Small Slimes","floor":1.0,"turns":2.0},{"damage":0.0,"enemies":"2 Louse","floor":2.0,"turns":2.0},{"damage":0.0,"enemies":"Jaw Worm","floor":3.0,"turns":2.0},{"damage":14.0,"enemies":"Exordium Thugs","floor":4.0,"turns":4.0},{"damage":20.0,"enemies":"Gremlin Nob","floor":7.0,"turns":3.0},{"damage":0.0,"enemies":"Exordium Wildlife","floor":10.0,"turns":1.0},{"damage":0.0,"enemies":"3 Sentries","floor":13.0,"turns":3.0},{"damage":0.0,"enemies":"Large Slime","floor":14.0,"turns":2.0},{"damage":0.0,"enemies":"Hexaghost","floor":16.0,"turns":8.0},{"damage":0.0,"enemies":"Spheric Guardian","floor":18.0,"turns":3.0},{"damage":3.0,"enemies":"Shell Parasite","floor":19.0,"turns":2.0},{"damage":12.0,"enemies":"Shelled Parasite and Fungi","floor":21.0,"turns":2.0},{"damage":13.0,"enemies":"Book of Stabbing","floor":24.0,"turns":3.0},{"damage":4,"enemies":"Gremlin Leader","floor":27,"turns":3},{"damage":1,"enemies":"Snecko","floor":29,"turns":3},{"damage":1,"enemies":"Book of Stabbing","floor":31,"turns":4},{"damage":6,"enemies":"Collector","floor":33,"turns":4},{"damage":0,"enemies":"3 Shapes","floor":35,"turns":7},{"damage":0,"enemies":"Orb Walker","floor":36,"turns":5},{"damage":9,"enemies":"Transient","floor":37,"turns":5},{"damage":0,"enemies":"Maw","floor":39,"turns":4},{"damage":31,"enemies":"Reptomancer","floor":41,"turns":6},{"damage":44,"enemies":"Writhing Mass","floor":42,"turns":8},{"damage":24,"enemies":"Giant Head","floor":44,"turns":6}],"seed_played":"-3273027116205802298","potions_obtained":[{"floor":2.0,"key":"Explosive Potion"},{"floor":4.0,"key":"Explosive Potion"},{"floor":7.0,"key":"AttackPotion"},{"floor":13.0,"key":"Energy Potion"},{"floor":14.0,"key":"Energy Potion"},{"floor":19.0,"key":"FearPotion"},{"floor":21.0,"key":"Explosive Potion"},{"floor":24.0,"key":"AttackPotion"},{"floor":27,"key":"AttackPotion"},{"floor":33,"key":"Energy Potion"},{"floor":35,"key":"FearPotion"},{"floor":36,"key":"FearPotion"},{"floor":42,"key":"Explosive Potion"}],"is_trial":false,"path_per_floor":["M","M","M","M","?","R","E","R","T","M","R","?","E","M","R","B",null,"M","M","?","M","?","R","E","R","T","E","R","M","R","E","R","B",null,"M","M","M","?","M","R","E","M","T","E"],"character_chosen":"WATCHER","items_purchased":[],"campfire_rested":1,"item_purchase_floors":[],"current_hp_per_floor":[72,72,72,58,58,58,38,38,38,38,38,38,38,38,38,38,72,72,69,69,57,57,57,44,44,44,40,40,39,39,38,72,66,86,86,86,77,77,77,77,46,2,2,0,0],"gold":652,"neow_bonus":"RANDOM_COMMON_RELIC","is_daily":false,"chose_seed":false,"campfire_upgraded":9,"win_rate":0.0,"timestamp":1612163949,"path_taken":["M","M","M","M","?","R","E","R","T","M","R","?","E","M","R","BOSS","M","M","?","M","?","R","E","R","T","E","R","?","R","E","R","BOSS","M","M","M","?","M","R","E","M","T","E"],"items_purchased_type":[],"build_version":"2020-12-22","purchased_purges":0,"victory":false,"max_hp_per_floor":[72,72,72,72,72,72,72,72,72,72,72,72,72,72,72,72,72,72,72,72,72,72,72,72,72,72,72,72,72,72,72,72,72,86,86,86,86,86,86,86,86,86,86,86,86],"card_choices":[{"not_picked":["FlyingSleeves","SashWhip"],"picked":"Vengeance","floor":1.0},{"not_picked":["Study","BowlingBash"],"picked":"SignatureMove","floor":2.0},{"not_picked":["ClearTheMind","Evaluate"],"picked":"InnerPeace","floor":3.0},{"not_picked":["FlurryOfBlows","JustLucky"],"picked":"ClearTheMind","floor":4.0},{"not_picked":["ConjureBlade","CarveReality"],"picked":"MentalFortress","floor":7.0},{"not_picked":["Crescendo","PathToVictory"],"picked":"Collect","floor":10.0},{"not_picked":["SignatureMove","Evaluate"],"picked":"JustLucky","floor":13.0},{"not_picked":["EmptyFist","FlurryOfBlows"],"picked":"Prostrate","floor":14.0},{"not_picked":["LessonLearned","DeusExMachina"],"picked":"Scrawl","floor":16.0},{"not_picked":["FlurryOfBlows","Wireheading+1"],"picked":"TalkToTheHand","floor":18.0},{"not_picked":["WindmillStrike+1","FollowUp+1"],"picked":"Worship","floor":19.0},{"not_picked":["ClearTheMind+1","ThirdEye+1"],"picked":"Wallop","floor":21.0},{"not_picked":["Protect","PathToVictory"],"picked":"Indignation","floor":24.0},{"not_picked":["SandsOfTime","EmptyBody"],"picked":"FollowUp+1","floor":27},{"not_picked":["Consecrate+1","FollowUp+1"],"picked":"FlurryOfBlows+1","floor":29},{"not_picked":["Alpha","Worship"],"picked":"ConjureBlade","floor":31},{"not_picked":["ConjureBlade","Scrawl"],"picked":"Establishment","floor":33},{"not_picked":["FlurryOfBlows+1","CutThroughFate","Weave+1"],"picked":"SKIP","floor":35},{"not_picked":["FlyingSleeves+1","Pray+1","BowlingBash+1"],"picked":"SKIP","floor":36},{"not_picked":["EmptyMind","Indignation"],"picked":"SandsOfTime","floor":37},{"not_picked":["Consecrate+1","Protect"],"picked":"TalkToTheHand","floor":39},{"not_picked":["Fasting2+1","BattleHymn+1","EmptyFist+1"],"picked":"SKIP","floor":41},{"not_picked":["Sanctity","FollowUp","CrushJoints"],"picked":"SKIP","floor":42}],"player_experience":430558,"relics_obtained":[{"floor":7.0,"key":"Art of War"},{"floor":9.0,"key":"Akabeko"},{"floor":13.0,"key":"Oddly Smooth Stone"},{"floor":24.0,"key":"CloakClasp"},{"floor":27,"key":"Vajra"},{"floor":31,"key":"MealTicket"},{"floor":34,"key":"Tiny Chest"},{"floor":34,"key":"Pantograph"},{"floor":34,"key":"Mango"},{"floor":41,"key":"Lantern"},{"floor":43,"key":"Omamori"}],"event_choices":[{"damage_healed":0.0,"max_hp_gain":0.0,"max_hp_loss":0.0,"gold_gain":0.0,"event_name":"Liars Game","player_choice":"Ignored","floor":5.0,"gold_loss":0.0,"damage_taken":0.0},{"cards_removed":["Defend_P"],"damage_healed":0.0,"max_hp_gain":0.0,"max_hp_loss":0.0,"gold_gain":0.0,"event_name":"The Cleric","player_choice":"Card Removal","floor":12.0,"gold_loss":50.0,"damage_taken":0.0},{"damage_healed":0.0,"max_hp_gain":0.0,"max_hp_loss":0.0,"gold_gain":0.0,"event_name":"Back to Basics","player_choice":"Simplicity","floor":20.0,"gold_loss":0.0,"damage_taken":0.0,"cards_upgraded":["Strike_P","Strike_P","Strike_P","Strike_P","Defend_P","Defend_P","Defend_P"]},{"damage_healed":0.0,"max_hp_gain":0.0,"max_hp_loss":0.0,"gold_gain":0.0,"event_name":"Addict","player_choice":"Obtained Relic","floor":22.0,"gold_loss":85.0,"damage_taken":0.0,"relics_obtained":["War Paint"]},{"cards_removed":["Vengeance"],"damage_healed":0,"gold_gain":0,"player_choice":"Removed Skill","damage_taken":0,"max_hp_gain":0,"max_hp_loss":0,"event_name":"Falling","floor":38,"gold_loss":0}],"is_beta":false,"boss_relics":[{"not_picked":["Pandora\u0027s Box","Ectoplasm"],"picked":"Runic Pyramid"},{"not_picked":["Velvet Choker","SlaversCollar"],"picked":"Calling Bell"}],"items_purged_floors":[],"is_endless":false,"potions_floor_spawned":[2,4,7,13,14,19,21,24,27,33,35,36,42],"killed_by":"Giant Head","ascension_level":3}}