{"host":"mw3dmj42qtkbha4b","time":1612188936,"event":{"mods":["BaseMod","Colored Map","Colored Powertips","DeckTracker","Minty Spire (QoL Compilation)","StSLib","SuperFastMode"],"gold_per_floor":[109,109,125,125,143,171,186,218,241,166,191,28,28,63,63,63,63],"floor_reached":16,"language":"KOR","playtime":333,"items_purged":["Strike_P"],"score":236,"play_id":"efc8da21-9414-4ed4-8b13-270a4845eeef","local_time":"20210201231536","is_ascension_mode":true,"campfire_choices":[{"data":"Strike_P","floor":15.0,"key":"SMITH"}],"circlet_count":0,"master_deck":["AscendersBane","Strike_P","Strike_P","Strike_P+1","Defend_P","Defend_P","Defend_P","Eruption+1","Vigilance"],"relics":["PureWater","NeowsBlessing","Nunchaku","Vajra","Akabeko","Dream Catcher","Juzu Bracelet","Smiling Mask"],"acts_visited":["Exordium"],"potions_floor_usage":[],"damage_taken":[{"damage":0.0,"enemies":"Cultist","floor":1.0,"turns":1.0},{"damage":0.0,"enemies":"Jaw Worm","floor":3.0,"turns":1.0},{"damage":0.0,"enemies":"Small Slimes","floor":5.0,"turns":1.0},{"damage":52.0,"enemies":"3 Sentries","floor":6.0,"turns":6.0},{"damage":27.0,"enemies":"Exordium Wildlife","floor":7.0,"turns":4.0},{"damage":16.0,"enemies":"Gremlin Nob","floor":8.0,"turns":3.0},{"damage":2.0,"enemies":"Lagavulin","floor":14.0,"turns":4.0},{"damage":30,"enemies":"Slime Boss","floor":16,"turns":3}],"seed_played":"-4742394826716812682","potions_obtained":[{"floor":1.0,"key":"FairyPotion"},{"floor":3.0,"key":"PowerPotion"},{"floor":8.0,"key":"DistilledChaos"}],"is_trial":false,"path_per_floor":["M","$","M","?","M","E","M","E","T","$","T","$","?","E","R","B"],"character_chosen":"WATCHER","items_purchased":["Juzu Bracelet"],"campfire_rested":0,"item_purchase_floors":[12],"current_hp_per_floor":[61,61,61,61,61,9,20,4,4,4,4,4,4,2,2,0,0],"gold":63,"neow_bonus":"THREE_ENEMY_KILL","is_daily":false,"chose_seed":false,"campfire_upgraded":1,"win_rate":0.0,"timestamp":1612188936,"path_taken":["M","?","?","?","M","E","M","E","T","$","?","?","?","E","R","BOSS"],"items_purchased_type":["Relic"],"build_version":"2020-12-22","purchased_purges":1,"victory":false,"max_hp_per_floor":[68,68,68,68,68,68,68,68,68,68,68,68,68,68,68,68,68],"card_choices":[{"not_picked":["Collect","ClearTheMind","Crescendo"],"picked":"SKIP","floor":1.0},{"not_picked":["BowlingBash","SandsOfTime","ForeignInfluence"],"picked":"SKIP","floor":3.0},{"not_picked":["CutThroughFate","EmptyBody","Meditate"],"picked":"SKIP","floor":5.0},{"not_picked":["ClearTheMind","SandsOfTime","FlurryOfBlows"],"picked":"SKIP","floor":6.0},{"not_picked":["Halt","WheelKick","JustLucky"],"picked":"SKIP","floor":7.0},{"not_picked":["CarveReality","WreathOfFlame","CutThroughFate"],"picked":"SKIP","floor":8.0},{"not_picked":["CutThroughFate","JustLucky","Evaluate"],"picked":"SKIP","floor":14.0}],"player_experience":1777409,"relics_obtained":[{"floor":6.0,"key":"Nunchaku"},{"floor":8.0,"key":"Vajra"},{"floor":9.0,"key":"Akabeko"},{"floor":11.0,"key":"Dream Catcher"},{"floor":14.0,"key":"Smiling Mask"}],"event_choices":[{"cards_removed":["Defend_P"],"damage_healed":0.0,"max_hp_gain":0.0,"max_hp_loss":0.0,"gold_gain":0.0,"event_name":"Bonfire Elementals","player_choice":"Offered Basic","floor":4.0,"gold_loss":0.0,"damage_taken":0.0},{"damage_healed":0.0,"max_hp_gain":0.0,"max_hp_loss":0.0,"gold_gain":0.0,"event_name":"Living Wall","player_choice":"Grow","floor":13.0,"gold_loss":0.0,"damage_taken":0.0,"cards_upgraded":["Eruption"]}],"is_beta":false,"boss_relics":[],"items_purged_floors":[10],"is_endless":false,"potions_floor_spawned":[1,3,8],"killed_by":"Slime Boss","ascension_level":20}}