{"host":"4k1o517shm2ba6vh","time":1612198103,"event":{"mods":["AchievementEnabler","BaseMod","Downfall","Minty Spire (QoL Compilation)","Smile Girya","StSLib","The Poker Player","everything is the same but u backflip on backflip"],"gold_per_floor":[99,115,135,145,165,195,263,296,296,196,121,151,101,118,137,235,235,85,99,199,199,199,199,224,241,341,368,382,223,63,74,89,190,190,40,51,51,60,74,101,101,112,112,112,112,128,78,97,114,114,114,141,56,6,6,6,6,6],"floor_reached":56,"language":"ENG","playtime":5168,"items_purged":[],"score":889,"play_id":"411a89b7-425f-415c-815e-228de66e51ad","local_time":"20210201104823","is_ascension_mode":false,"campfire_choices":[{"data":"Slimebound:Split","floor":1,"key":"SMITH"},{"data":"Slimebound:Gluttony","floor":10,"key":"SMITH"},{"floor":13,"key":"RECALL"},{"data":"Slimebound:Repurpose","floor":18,"key":"SMITH"},{"data":"Slimebound:FirmFortitude","floor":35,"key":"SMITH"},{"floor":47,"key":"REST"},{"floor":54,"key":"REST"}],"circlet_count":0,"master_deck":["Slimebound:Strike_Slimebound+1","Slimebound:Strike_Slimebound+1","Slimebound:Strike_Slimebound+1","Slimebound:Tackle+1","Slimebound:Defend_Slimebound+1","Slimebound:Defend_Slimebound+1","Slimebound:Defend_Slimebound+1","Slimebound:Defend_Slimebound+1","Slimebound:Split+1","Slimebound:CorrosiveSpit+1","Slimebound:SamplingLick+1","Slimebound:Gluttony+1","Slimebound:MegaLick+1","Slimebound:SlimeTap+1","Slimebound:Repurpose+1","Slimebound:RejuvenatingLick+1","Slimebound:GoopSpray+1","Slimebound:LeechEnergy+1","Slimebound:Prepare+1","Slimebound:Equalize+1","Slimebound:Prepare+1","downfall:Bewildered","Slimebound:Repurpose+1","downfall:Haunted","downfall:Haunted","downfall:Bewildered","Slimebound:MassFeed+1","downfall:Bewildered","Pain","Slimebound:RejuvenatingLick+1","Slimebound:Dissolve+1","Slimebound:FirmFortitude+1","Slimebound:LeechEnergy+1","Slimebound:SelfFormingGoo+1","Slimebound:Dissolve+1","Slimebound:MegaLick","Slimebound:SpikyOuterGoop+1","Slimebound:Darklings","Slimebound:SamplingLick+1","Slimebound:HauntingLick+1","Slimebound:LeadByExample","expansioncontent:InvincibleStrength"],"relics":["Slimebound:AbsorbEndCombat","Lizard Tail","Gremlin Horn","Slimebound:AggressiveSlimeRelic","Slimebound:GreedOozeRelic","Gambling Chip","Sozu","Mango","Meat on the Bone","sneckomod:BabySnecko","Mummified Hand","Du-Vu Doll","Nunchaku","ClockworkSouvenir","Vajra","SlaversCollar","Letter Opener","Art of War","Ornamental Fan","Lantern","Kunai"],"acts_visited":["Exordium","TheCity","TheBeyond","TheEnding"],"potions_floor_usage":[8,8,46,50],"damage_taken":[{"damage":0,"enemies":"2 Louse","floor":2,"turns":2},{"damage":4,"enemies":"Small Slimes","floor":3,"turns":3},{"damage":12,"enemies":"Jaw Worm","floor":4,"turns":4},{"damage":11,"enemies":"3 Louse","floor":5,"turns":3},{"damage":29,"enemies":"Lagavulin","floor":6,"turns":6},{"damage":16,"enemies":"3 Sentries","floor":8,"turns":5},{"damage":24,"enemies":"Gremlin Nob","floor":12,"turns":4},{"damage":9,"enemies":"Gremlin Gang","floor":14,"turns":4},{"damage":3,"enemies":"Blue Slaver","floor":15,"turns":3},{"damage":18,"enemies":"WA_ARCHETYPE_RETAIN","floor":16,"turns":7},{"damage":0,"enemies":"Spheric Guardian","floor":19,"turns":3},{"damage":11,"enemies":"SI_SHIV_ARCHETYPE","floor":20,"turns":6},{"damage":3,"enemies":"3 Byrds","floor":25,"turns":3},{"damage":24,"enemies":"Gremlin Leader","floor":27,"turns":4},{"damage":0,"enemies":"Snake Plant","floor":28,"turns":2},{"damage":6,"enemies":"downfall:FleeingMerchant","floor":29,"turns":4},{"damage":6,"enemies":"downfall:FleeingMerchant","floor":30,"turns":4},{"damage":0,"enemies":"Snecko","floor":31,"turns":2},{"damage":0,"enemies":"Centurion and Healer","floor":32,"turns":2},{"damage":40,"enemies":"IC_MUSHROOM_ARCHETYPE","floor":33,"turns":7},{"damage":3,"enemies":"Orb Walker","floor":36,"turns":3},{"damage":0,"enemies":"downfall:FleeingMerchant","floor":38,"turns":2},{"damage":0,"enemies":"3 Darklings","floor":39,"turns":2},{"damage":14,"enemies":"Transient","floor":42,"turns":5},{"damage":38,"enemies":"4 Shapes","floor":46,"turns":3},{"damage":9,"enemies":"Maw","floor":48,"turns":4},{"damage":3,"enemies":"Spire Growth","floor":49,"turns":3},{"damage":62,"enemies":"DF_ARCHETYPE_ORBS","floor":50,"turns":6},{"damage":91,"enemies":"downfall:CharBossMerchant","floor":52,"turns":8},{"damage":23,"enemies":"downfall:NeowBoss","floor":55,"turns":12},{"damage":158,"enemies":"downfall:NeowBossFinal","floor":56,"turns":11}],"seed_played":"-440362369716211669","potions_obtained":[{"floor":3,"key":"Regen Potion"},{"floor":5,"key":"PowerPotion"},{"floor":6,"key":"Slimebound:ThreeZeroPotion"},{"floor":12,"key":"Block Potion"},{"floor":14,"key":"bronze:BurnAndBuffPotion"}],"is_trial":false,"path_per_floor":["R","M","M","M","M","E","T","E","?","R","?","E","R","M","M","B",null,"R","M","?","?","?","T","T","M","?","E","M","$","$","M","M","B",null,"R","M","?","$","M","?","T","M","?","$","?","M","R","M","M","B",null,"E","$","R","B","B"],"character_chosen":"SLIMEBOUND","items_purchased":["ClockworkSouvenir","Vajra","Letter Opener","Slimebound:MegaLick","expansioncontent:InvincibleStrength"],"campfire_rested":2,"item_purchase_floors":[29,30,38,38,53],"current_hp_per_floor":[71,71,69,60,53,32,32,38,61,61,61,39,39,36,37,27,71,71,71,79,79,79,79,79,85,90,82,90,90,90,90,93,59,93,103,100,93,93,97,97,97,97,97,97,97,71,103,102,109,65,109,50,50,82,79,0,0,0],"gold":6,"neow_bonus":"TEN_PERCENT_HP_BONUS","is_daily":false,"chose_seed":false,"campfire_upgraded":4,"win_rate":0.0,"timestamp":1612198103,"path_taken":["R","M","M","M","M","E","T","E","?","R","?","E","R","?","M","BOSS","R","M","?","?","?","?","T","?","?","E","M","?","$","?","M","BOSS","R","M","?","$","M","?","T","?","?","$","?","?","R","M","M","BOSS","E","$","R","BOSS","BOSS"],"items_purchased_type":["Relic","Relic","Relic","Card","Card"],"build_version":"2020-12-22","purchased_purges":0,"victory":false,"max_hp_per_floor":[71,71,71,71,71,71,71,71,71,71,71,71,71,71,71,71,71,71,71,85,85,85,85,85,85,90,90,90,90,90,90,93,93,93,103,103,93,93,97,97,97,97,97,97,97,109,109,109,109,109,109,109,109,109,109,109,109,109],"card_choices":[{"not_picked":["Slimebound:FinishingTackle","Slimebound:HauntingLick"],"picked":"Slimebound:SamplingLick","floor":2},{"not_picked":["Slimebound:DisruptingSlam","Slimebound:SamplingLick"],"picked":"Slimebound:Gluttony","floor":3},{"not_picked":["Slimebound:BestDefense","Slimebound:LivingWall"],"picked":"Slimebound:MegaLick","floor":4},{"not_picked":["Slimebound:GoopTackle","Slimebound:RollThrough"],"picked":"Slimebound:SlimeTap","floor":5},{"not_picked":["Slimebound:SplitBruiser","Slimebound:Chomp"],"picked":"Slimebound:Repurpose","floor":6},{"not_picked":["Slimebound:Grow","Slimebound:HauntingLick"],"picked":"Slimebound:RejuvenatingLick","floor":8},{"not_picked":["Slimebound:SamplingLick","Slimebound:FormOfPuddle"],"picked":"Slimebound:GoopSpray","floor":12},{"not_picked":["Slimebound:SlimeSpikes","Slimebound:FinishingTackle"],"picked":"Slimebound:LeechEnergy","floor":14},{"not_picked":["Slimebound:DuplicatedForm","Slimebound:ItLooksTasty"],"picked":"Slimebound:Prepare","floor":15},{"not_picked":["Slimebound:OneTwoCombo","Slimebound:LeechLife"],"picked":"Slimebound:OozeBath","floor":16},{"not_picked":["Slimebound:LeechingTouch+1","Slimebound:GoopSpray+1"],"picked":"Slimebound:Equalize","floor":19},{"not_picked":["Slimebound:ItLooksTasty","Slimebound:HauntingLick"],"picked":"Slimebound:Prepare","floor":20},{"not_picked":["Slimebound:DisruptingSlam","Slimebound:SplitBruiser"],"picked":"Slimebound:Repurpose","floor":25},{"not_picked":["Slimebound:SlimeSpikes+1","Slimebound:ItLooksTasty+1"],"picked":"Slimebound:RejuvenatingLick+1","floor":27},{"not_picked":["Slimebound:ComboTackle","Slimebound:LeechEnergy"],"picked":"Slimebound:Dissolve","floor":28},{"not_picked":["Slimebound:PressTheAttack+1","Slimebound:MegaLick","Slimebound:GoopSpray+1"],"picked":"SKIP","floor":29},{"not_picked":["Slimebound:LivingWall","Slimebound:BestDefense"],"picked":"Slimebound:FirmFortitude","floor":30},{"not_picked":["Slimebound:Grow","Slimebound:LivingWall+1"],"picked":"Slimebound:LeechEnergy+1","floor":31},{"not_picked":["Slimebound:Replication","Slimebound:Repurpose+1","Slimebound:Schlurp"],"picked":"SKIP","floor":32},{"not_picked":["Slimebound:OneTwoCombo","Slimebound:LeechLife"],"picked":"Slimebound:SelfFormingGoo","floor":33},{"not_picked":["Slimebound:FinishingTackle","Slimebound:FlameTackle+1","Slimebound:GoopTackle+1"],"picked":"SKIP","floor":36},{"not_picked":["Slimebound:ComboTackle+1","Slimebound:GoopSpray+1"],"picked":"Slimebound:Dissolve+1","floor":38},{"not_picked":["Slimebound:BestDefense","Slimebound:LeechEnergy","Slimebound:FormOfPuddle+1"],"picked":"SKIP","floor":39},{"not_picked":["Slimebound:RainOfGoop+1","Slimebound:SlimeBarrage"],"picked":"Slimebound:SpikyOuterGoop+1","floor":42},{"not_picked":["Slimebound:LivingWall+1","Slimebound:SlimeBarrage+1"],"picked":"Slimebound:SamplingLick+1","floor":46},{"not_picked":["Slimebound:SamplingLick","Slimebound:GoopTackle","Slimebound:SlimeSpikes+1"],"picked":"SKIP","floor":48},{"not_picked":["Slimebound:GrowthPunch+1","Slimebound:PressTheAttack"],"picked":"Slimebound:HauntingLick+1","floor":49},{"not_picked":["Slimebound:PrepareCrush","Slimebound:LeechingTouch+1"],"picked":"Slimebound:LeadByExample","floor":52}],"player_experience":456795,"relics_obtained":[{"floor":6,"key":"Lizard Tail"},{"floor":7,"key":"Gremlin Horn"},{"floor":8,"key":"Slimebound:AggressiveSlimeRelic"},{"floor":12,"key":"Gambling Chip"},{"floor":20,"key":"Mango"},{"floor":20,"key":"Meat on the Bone"},{"floor":23,"key":"Mummified Hand"},{"floor":27,"key":"Nunchaku"},{"floor":40,"key":"Art of War"},{"floor":41,"key":"Ornamental Fan"},{"floor":45,"key":"Lantern"},{"floor":52,"key":"Kunai"}],"event_choices":[{"damage_healed":23,"gold_gain":0,"player_choice":"Banana","damage_taken":0,"max_hp_gain":0,"max_hp_loss":0,"event_name":"Big Fish","floor":9,"gold_loss":0},{"damage_healed":0,"gold_gain":0,"player_choice":"Ignored","damage_taken":0,"max_hp_gain":0,"max_hp_loss":0,"event_name":"Vampires","floor":21,"gold_loss":0},{"damage_healed":0,"gold_gain":0,"player_choice":"Relic","damage_taken":0,"max_hp_gain":0,"max_hp_loss":0,"event_name":"Wheel of Change","floor":45,"gold_loss":0}],"is_beta":false,"boss_relics":[{"not_picked":["Pandora\u0027s Box","SacredBark"],"picked":"Sozu"},{"not_picked":["Snecko Eye","bronze:MakeshiftBattery"],"picked":"SlaversCollar"}],"items_purged_floors":[],"is_endless":false,"potions_floor_spawned":[3,5,6,12,14,20,27,28,36,42,48],"killed_by":"downfall:NeowBossFinal","ascension_level":0}}