{"host":"zk71suw73lg2r165","time":1612196247,"event":{"mods":["BaseMod","Colored Map","Minty Spire (QoL Compilation)","Permanent Neow","Relic Stats","StSLib"],"gold_per_floor":[110,129,144,124,140,170,180,180,180,228,261,261,281,296,296,373,373,388,388,400,400,400,400],"floor_reached":22,"language":"ENG","playtime":593,"items_purged":[],"score":396,"play_id":"8f508fc3-cb80-4f51-ac97-0ef18908f27c","local_time":"20210201111727","is_ascension_mode":true,"campfire_choices":[{"data":"Biased Cognition","floor":8,"key":"SMITH"},{"floor":12,"key":"REST"},{"data":"Rainbow","floor":15,"key":"SMITH"}],"circlet_count":0,"master_deck":["AscendersBane","Strike_B","Strike_B","Strike_B","Strike_B","Defend_B","Defend_B","Defend_B","Defend_B","Zap","Dualcast","Biased Cognition+1","Reinforced Body","Auto Shields","Ball Lightning","Conserve Battery","Rainbow+1","Genetic Algorithm","Buffer","Turbo","Glacier","Core Surge","Sweeping Beam","Loop+1","Biased Cognition+1"],"relics":["Cracked Core","PreservedInsect","Question Card","Potion Belt","Letter Opener","Philosopher\u0027s Stone","Eternal Feather"],"acts_visited":["Exordium","TheCity"],"potions_floor_usage":[6,11,16,22],"damage_taken":[{"damage":1,"enemies":"Cultist","floor":1,"turns":3},{"damage":7,"enemies":"Jaw Worm","floor":2,"turns":2},{"damage":0,"enemies":"2 Louse","floor":3,"turns":2},{"damage":4,"enemies":"Red Slaver","floor":5,"turns":3},{"damage":24,"enemies":"Gremlin Nob","floor":6,"turns":4},{"damage":0,"enemies":"3 Louse","floor":7,"turns":4},{"damage":19,"enemies":"3 Sentries","floor":11,"turns":6},{"damage":4,"enemies":"Large Slime","floor":13,"turns":6},{"damage":8,"enemies":"Blue Slaver","floor":14,"turns":3},{"damage":13,"enemies":"Slime Boss","floor":16,"turns":8},{"damage":20,"enemies":"3 Byrds","floor":18,"turns":6},{"damage":11,"enemies":"Chosen","floor":20,"turns":6},{"damage":29,"enemies":"Shelled Parasite and Fungi","floor":22,"turns":2}],"seed_played":"1945778958997256086","potions_obtained":[{"floor":1,"key":"Energy Potion"},{"floor":3,"key":"FocusPotion"},{"floor":4,"key":"AttackPotion"},{"floor":6,"key":"LiquidBronze"},{"floor":7,"key":"SkillPotion"},{"floor":16,"key":"FocusPotion"},{"floor":18,"key":"PotionOfCapacity"},{"floor":20,"key":"Block Potion"}],"is_trial":false,"path_per_floor":["M","M","M","?","M","E","M","R","T","T","E","R","M","M","R","B",null,"M","T","M","?","M"],"character_chosen":"DEFECT","items_purchased":[],"campfire_rested":1,"item_purchase_floors":[],"current_hp_per_floor":[63,56,56,56,52,28,28,28,28,28,9,30,26,18,18,5,55,35,35,24,24,0,0],"gold":400,"neow_bonus":"ONE_RANDOM_RARE_CARD","is_daily":false,"chose_seed":false,"campfire_upgraded":2,"win_rate":0.0,"timestamp":1612196247,"path_taken":["M","?","M","?","?","E","M","R","T","?","E","R","M","M","R","BOSS","M","?","M","?","?"],"items_purchased_type":[],"build_version":"2020-12-22","purchased_purges":0,"victory":false,"max_hp_per_floor":[71,71,71,71,71,71,71,71,71,71,71,71,71,71,71,71,71,71,71,71,71,71,71],"relic_stats":{"counters":[13,55],"Eternal Feather":0,"PreservedInsect":31,"Letter Opener":[32],"Question Card":6,"obtain_stats":[{"Potion Belt":10,"Philosopher\u0027s Stone":17,"Eternal Feather":19,"PreservedInsect":6,"Letter Opener":11,"Cracked Core":0,"Question Card":9},{"Potion Belt":6,"Philosopher\u0027s Stone":10,"Eternal Feather":11,"PreservedInsect":5,"Letter Opener":7,"Cracked Core":0,"Question Card":6},{"Potion Belt":18,"Philosopher\u0027s Stone":41,"Eternal Feather":47,"PreservedInsect":14,"Letter Opener":24,"Cracked Core":0,"Question Card":18}]},"card_choices":[{"not_picked":["Darkness","FTL"],"picked":"Reinforced Body","floor":1},{"not_picked":["Tempest","Reprogram"],"picked":"Auto Shields","floor":2},{"not_picked":["Cold Snap","Loop"],"picked":"Ball Lightning","floor":3},{"not_picked":["Sweeping Beam","Stack"],"picked":"Conserve Battery","floor":5},{"not_picked":["Fusion","BootSequence"],"picked":"Rainbow","floor":6},{"not_picked":["Aggregate","Ball Lightning"],"picked":"Genetic Algorithm","floor":7},{"not_picked":["Steam","Heatsinks","Beam Cell"],"picked":"Buffer","floor":11},{"not_picked":["Melter","Sweeping Beam","Coolheaded"],"picked":"Turbo","floor":13},{"not_picked":["Fusion","Defragment","Steam"],"picked":"Glacier","floor":14},{"not_picked":["All For One","Reboot","Meteor Strike"],"picked":"Core Surge","floor":16},{"not_picked":["Leap","Steam","Stack"],"picked":"Sweeping Beam","floor":18},{"not_picked":["Redo","Steam","Static Discharge"],"picked":"Loop+1","floor":20}],"player_experience":1433844,"relics_obtained":[{"floor":6,"key":"PreservedInsect"},{"floor":9,"key":"Question Card"},{"floor":10,"key":"Potion Belt"},{"floor":11,"key":"Letter Opener"},{"floor":19,"key":"Eternal Feather"}],"event_choices":[{"damage_healed":0,"gold_gain":0,"player_choice":"Bought 1 Potion","damage_taken":0,"max_hp_gain":0,"max_hp_loss":0,"event_name":"The Woman in Blue","floor":4,"gold_loss":0},{"damage_healed":0,"gold_gain":0,"player_choice":"Copied","damage_taken":0,"max_hp_gain":0,"max_hp_loss":0,"event_name":"Duplicator","floor":21,"gold_loss":0,"cards_obtained":["Biased Cognition"]}],"is_beta":false,"boss_relics":[{"not_picked":["Snecko Eye","FrozenCore"],"picked":"Philosopher\u0027s Stone"}],"items_purged_floors":[],"is_endless":false,"potions_floor_spawned":[1,3,6,7,16,18,20],"killed_by":"Shelled Parasite and Fungi","ascension_level":20}}