{"host":"hkj1blq6xqcrzx6o","time":1612186450,"event":{"mods":["Act Like it!","BaseMod","Downfall","Gensokyo","Lobotomy","Marisa£®ÏF”Í°°ƒß¿Ì…≥£©","Minty Spire (QoL Compilation)","Quick Restart","Reimu£®≤©¿ˆ¡È√Œ£©","Remilia£®¿Ÿ√◊¿Ú—«£©","Replay The Spire","StSLib","The Servant 0.9.4","Youmu£®ªÍ∆«—˝√Œ£©"],"gold_per_floor":[114,114,189,189,200,219,219,239,239,289,300,300,29,54,54,157,157,177,177,427,427,439,453,453,453,526,8,20,20,20,20,20,20,20],"floor_reached":33,"language":"ZHS","playtime":1050,"items_purged":["Strike_MRS"],"score":263,"play_id":"a19ac653-b5e1-4678-ad85-35dbae90d17a","local_time":"20210201213410","is_ascension_mode":false,"campfire_choices":[{"floor":12,"key":"REST"},{"floor":15,"key":"REST"},{"floor":24,"key":"REST"},{"floor":30,"key":"REST"},{"data":"StarDustReverie","floor":32,"key":"SMITH"}],"circlet_count":0,"master_deck":["Strike_MRS","Strike_MRS","Defend_MRS","Defend_MRS","Defend_MRS","MasterSpark","UpSweep","WitchLeyline","FairyDestructionRay","PowerUp","Voices","MysteriousBeam","StarlightTyphoon","SuperPerseids","MagicChant","EnergyFlow","ManaRampage","ShootTheMoon","FairyDestructionRay","StarDustReverie+1","Orbital","FinalSpark","SuperPerseids+1","Singularity","OortCloud","WitchLeyline","OrrerysSun+1","MeteoricShower","Blind","SprinkleStarSeal","ShootingEcho","DC","Gensokyo:Apocalypse"],"relics":["MiniHakkero","ReplayTheSpireMod:Ring of Collecting","CrazyTorch:ReiMu","Dream Catcher","ReplayTheSpireMod:Ring of Exchange","Replay:Mystery Machine","Strange Spoon","Gensokyo:ConquerorOfFear","Gensokyo:MosesMiracle","AntiCross","ReplayTheSpireMod:Ring of Addiction","Chameleon Ring","Toy Ornithopter","Blood Vial","Mummified Hand"],"acts_visited":["Exordium","Exordium"],"potions_floor_usage":[16,29],"damage_taken":[{"damage":13,"enemies":"Jaw Worm","floor":1,"turns":2},{"damage":8,"enemies":"2 Louse","floor":5,"turns":2},{"damage":0,"enemies":"Small Slimes","floor":6,"turns":2},{"damage":10,"enemies":"Looter","floor":8,"turns":3},{"damage":0,"enemies":"2 Fungi Beasts","floor":11,"turns":2},{"damage":31,"enemies":"3 Sentries","floor":14,"turns":5},{"damage":27,"enemies":"Slime Boss","floor":16,"turns":5},{"damage":15,"enemies":"Gensokyo:Chomper","floor":18,"turns":3},{"damage":6,"enemies":"Gensokyo:2_Gloops","floor":22,"turns":4},{"damage":21,"enemies":"Gensokyo:Slime_Group","floor":23,"turns":3},{"damage":0,"enemies":"Gensokyo:3_Gloops","floor":28,"turns":1},{"damage":0,"enemies":"Gensokyo:Tenshi","floor":29,"turns":1},{"damage":62,"enemies":"Gensokyo:Kaguya","floor":33,"turns":5}],"seed_played":"5209848218154124917","potions_obtained":[{"floor":11,"key":"PowerPotion"},{"floor":16,"key":"BottledSpark"},{"floor":26,"key":"ShroomBrew"},{"floor":26,"key":"SkillPotion"},{"floor":28,"key":"SpeedPotion"}],"is_trial":false,"path_per_floor":["M","?","?","?","M","M","?","M","T","T","M","R","$","E","R","B",null,"M","?","?","?","M","M","R","?","T","$","M","E","R","?","R","B"],"character_chosen":"MARISA","items_purchased":["ManaRampage","ShootTheMoon","FairyDestructionRay","OrrerysSun+1","MeteoricShower","Blind","Blood Vial","SprinkleStarSeal"],"campfire_rested":4,"item_purchase_floors":[13,13,13,27,27,27,27,27],"current_hp_per_floor":[55,60,49,49,41,41,41,31,31,31,31,52,52,21,42,15,73,58,58,58,58,52,31,51,51,51,51,53,60,69,63,63,0,0],"gold":20,"neow_bonus":"TRANSFORM_TWO_CARDS","is_daily":false,"chose_seed":false,"campfire_upgraded":1,"win_rate":0.0,"timestamp":1612186450,"path_taken":["M","?","?","?","M","M","?","?","T","?","M","R","?","E","R","BOSS","M","?","?","?","?","M","R","?","T","?","M","E","R","?","R","BOSS"],"items_purchased_type":["Card","Card","Card","Card","Card","Card","Relic","Card"],"build_version":"2020-12-22","purchased_purges":1,"victory":false,"max_hp_per_floor":[68,73,73,73,73,73,73,73,73,73,73,73,73,73,73,73,73,73,73,69,69,69,69,69,69,69,69,69,69,69,63,63,61,61],"card_choices":[{"not_picked":["DC","GalacticHalo"],"picked":"PowerUp","floor":1},{"not_picked":["UnstableBomb","EscapeVelocity"],"picked":"MysteriousBeam","floor":5},{"not_picked":["6A","PowerUp"],"picked":"StarlightTyphoon","floor":6},{"not_picked":["RefractionSpark","ChargingUp"],"picked":"SuperPerseids","floor":8},{"not_picked":["GravityBeat","GrandCross"],"picked":"MagicChant","floor":11},{"not_picked":["GrandCross","StarBarrage"],"picked":"EnergyFlow","floor":12},{"not_picked":["Orbital","DoubleSpark"],"picked":"StarDustReverie","floor":14},{"not_picked":["PowerUp","BlazeAway"],"picked":"Orbital","floor":15},{"not_picked":["EscapeVelocity","TreasureHunter"],"picked":"FinalSpark","floor":16},{"not_picked":["SporeBomb+1","6A"],"picked":"SuperPerseids+1","floor":18},{"not_picked":["UnstableBomb","WitchOfGreed"],"picked":"Singularity","floor":22},{"not_picked":["6A","EnergyFlow"],"picked":"OortCloud","floor":23},{"not_picked":["GrandCross+1","EnergyFlow"],"picked":"WitchLeyline","floor":24},{"not_picked":["MagicAbsorber","DeepEcoloBomb"],"picked":"ShootingEcho","floor":28},{"not_picked":["PowerUp","NonDirectionalLaser"],"picked":"DC","floor":30},{"not_picked":["Gensokyo:MissMary","Gensokyo:SlitMouthedWoman"],"picked":"Gensokyo:Apocalypse","floor":31}],"player_experience":33755,"relics_obtained":[{"floor":4,"key":"ReplayTheSpireMod:Ring of Collecting"},{"floor":9,"key":"CrazyTorch:ReiMu"},{"floor":10,"key":"Dream Catcher"},{"floor":10,"key":"ReplayTheSpireMod:Ring of Exchange"},{"floor":14,"key":"Replay:Mystery Machine"},{"floor":22,"key":"Gensokyo:ConquerorOfFear"},{"floor":26,"key":"AntiCross"},{"floor":26,"key":"ReplayTheSpireMod:Ring of Addiction"},{"floor":26,"key":"Chameleon Ring"},{"floor":26,"key":"Toy Ornithopter"},{"floor":28,"key":"Gensokyo:MosesMiracle"}],"event_choices":[{"damage_healed":0,"gold_gain":0,"player_choice":"Donut","damage_taken":0,"max_hp_gain":5,"max_hp_loss":0,"event_name":"Big Fish","floor":2,"gold_loss":0},{"damage_healed":0,"gold_gain":75,"player_choice":"Gather Gold","damage_taken":11,"max_hp_gain":0,"max_hp_loss":0,"event_name":"World of Goop","floor":3,"gold_loss":0},{"damage_healed":0,"gold_gain":0,"player_choice":"Ignored","damage_taken":0,"max_hp_gain":0,"max_hp_loss":0,"event_name":"Liars Game","floor":7,"gold_loss":0}],"is_beta":false,"boss_relics":[{"not_picked":["ChewingGum","Replay:Drink Me"],"picked":"Strange Spoon"}],"items_purged_floors":[27],"is_endless":false,"potions_floor_spawned":[11,16,28,29],"killed_by":"Gensokyo:Kaguya","ascension_level":0}}