{"host":"btk6hapgokl8j5e3","time":1612139326,"event":{"mods":["BaseMod","BetterRewards","Dota2Spire","Friendly Minions","GifTheSpireLib","Minty Spire (QoL Compilation)","StSLib","The Animator","The Jungle"],"gold_per_floor":[110,124,149,185,260,304,314,343,343,399,399,399,416,440,440,544,544,562,578,578,36,55,55,66,100,174,200,200,200,282,300,300,415,415,428,428,428,439,439,439,465,465,465,45,45,95,106,118,118,118,118,118,470,520,575,575,386,143,218,298,298,44,139,207,57,57,172,172,172,172],"floor_reached":69,"language":"ENG","playtime":7066,"items_purged":["animator:Defend","animator:Strike","animator:Defend","animator:Strike","animator:Strike","animator:Defend","animator:Azekura","animator:Strike_Katanagatari"],"score":1458,"play_id":"af5fce52-713e-45fc-992e-1f4209765c10","local_time":"20210201012846","is_ascension_mode":false,"campfire_choices":[{"floor":12,"key":"RECALL"},{"data":"animator:TakanashiRikka","floor":15,"key":"SMITH"},{"data":"animator:Nanami","floor":23,"key":"SMITH"},{"data":"animator:TsurugaMeisai","floor":29,"key":"SMITH"},{"data":"animator:IchigoKurosaki","floor":32,"key":"SMITH"},{"data":"animator:IchigoKurosaki","floor":40,"key":"SMITH"},{"data":"animator:MisaKurobane","floor":45,"key":"SMITH"},{"data":"animator:Hakurou","floor":49,"key":"SMITH"},{"data":"animator:CrowleyEusford","floor":52,"key":"SMITH"},{"floor":66,"key":"REST"},{"floor":68,"key":"REST"}],"circlet_count":0,"master_deck":["animator:Azekura+1","animator:Emonzaemon+1","animator:MisaKurobane+1","animator:Hitei+1","animator:ZankiKiguchi+1","animator:IchigoKurosaki+1","animator:Shichika+1","animator:IchigoKurosaki+1","animator:TsurugaMeisai+1","animator:Canti+1","animator:Nanami+1","animator:Togame+1","animator:TakanashiRikka+1","animator:CrowleyEusford+1","animator:Hakurou+1","animator:UneriGinkaku+1","animator:Biyorigo+1","animator:Konayuki+1","animator:HigakiRinne+1","animator:Mitsuba+1","animator:Sonic+1","animator:HigakiRinne+1","animator:ZankiKiguchi+1","animator:Azekura+1","animator:PinaCoLada+1","animator:Shichika+1","animator:HigakiRinne+1","animator:Shizu+1"],"relics":["animator:TheEgnaroPiece","animator:AncientMedallion"],"acts_visited":["Exordium","TheCity","TheBeyond","TheEnding","EYB:TheUnnamedReign"],"potions_floor_usage":[8,16,25,33,33,41,50,50,50,50,50,50,59,63,67,69,69,69],"damage_taken":[{"damage":0,"enemies":"Cultist","floor":1,"turns":3},{"damage":0,"enemies":"Jaw Worm","floor":2,"turns":3},{"damage":0,"enemies":"2 Louse","floor":3,"turns":3},{"damage":0,"enemies":"3 Sentries","floor":6,"turns":3},{"damage":0,"enemies":"Large Slime","floor":7,"turns":2},{"damage":0,"enemies":"Gremlin Nob","floor":8,"turns":3},{"damage":0,"enemies":"Looter","floor":13,"turns":2},{"damage":3,"enemies":"Lots of Slimes","floor":14,"turns":3},{"damage":0,"enemies":"Slime Boss","floor":16,"turns":4},{"damage":5,"enemies":"Chosen","floor":18,"turns":2},{"damage":0,"enemies":"Spheric Guardian","floor":19,"turns":2},{"damage":5,"enemies":"Chosen and Byrds","floor":22,"turns":3},{"damage":7,"enemies":"Snake Plant","floor":24,"turns":3},{"damage":22,"enemies":"Slavers","floor":25,"turns":4},{"damage":0,"enemies":"Gremlin Leader","floor":27,"turns":4},{"damage":0,"enemies":"Snecko","floor":31,"turns":2},{"damage":0,"enemies":"Champ","floor":33,"turns":4},{"damage":0,"enemies":"Orb Walker","floor":35,"turns":3},{"damage":0,"enemies":"3 Shapes","floor":38,"turns":3},{"damage":0,"enemies":"Reptomancer","floor":41,"turns":3},{"damage":0,"enemies":"Mind Bloom Boss Battle","floor":46,"turns":2},{"damage":0,"enemies":"Spire Growth","floor":47,"turns":2},{"damage":0,"enemies":"Maw","floor":48,"turns":3},{"damage":0,"enemies":"Time Eater","floor":50,"turns":4},{"damage":8,"enemies":"animator:UNNAMED_CULTIST_1","floor":54,"turns":4},{"damage":19,"enemies":"animator:TRIPLE_SHAPES_WEAK","floor":55,"turns":5},{"damage":34,"enemies":"animator:LARGE_WISP","floor":59,"turns":5},{"damage":32,"enemies":"animator:UNNAMED_CULTIST_2","floor":60,"turns":7},{"damage":16,"enemies":"animator:ULTIMATE_CUBE","floor":63,"turns":6},{"damage":9,"enemies":"animator:ULTIMATE_CRYSTAL","floor":67,"turns":4},{"damage":111,"enemies":"animator:TheUnnamed","floor":69,"turns":9}],"seed_played":"3648308887596795220","potions_obtained":[{"floor":1,"key":"LiquidBronze"},{"floor":2,"key":"DistilledChaos"},{"floor":13,"key":"Ancient Potion"},{"floor":14,"key":"Swift Potion"},{"floor":18,"key":"ColorlessPotion"},{"floor":25,"key":"SkillPotion"},{"floor":31,"key":"Strength Potion"},{"floor":33,"key":"Swift Potion"},{"floor":35,"key":"Dota2Spire:HealingSalve"},{"floor":38,"key":"Block Potion"},{"floor":54,"key":"animator:FalseLifePotion"},{"floor":55,"key":"animator:FalseLifePotion"},{"floor":59,"key":"animator:FalseLifePotion"},{"floor":60,"key":"animator:FalseLifePotion"},{"floor":63,"key":"animator:FalseLifePotion"},{"floor":67,"key":"animator:FalseLifePotion"}],"is_trial":false,"path_per_floor":["M","M","M","?","?","E","M","E","T","?","?","R","M","M","R","B",null,"M","M","?","$","M","R","M","E","T","E","?","R","T","M","R","B",null,"M","?","?","M","?","R","E","T","T","$","R","?","M","M","R","B",null,"R","??","M","M","T","?","$","M","M","?","$","E","T","?","R","E","R","B"],"character_chosen":"THE_ANIMATOR","items_purchased":["animator:MisaKurobane","animator:Hitei","Potion Belt","animator:ZankiKiguchi","animator:IchigoKurosaki","animator:Azekura","animator:Shichika","animator:IchigoKurosaki","animator:TsurugaMeisai","Omamori","animator:Canti","animator:Nanami","animator:Togame","Membership Card","animator:TakanashiRikka","animator:HigakiRinne","HandDrill","EntropicBrew","Toolbox","Dota2Spire:Butterfly","InkBottle","Eternal Feather","animator:AncientMedallion","animator:AncientMedallion"],"campfire_rested":2,"item_purchase_floors":[0,0,0,0,0,0,0,0,0,0,0,0,0,0,0,21,21,44,44,44,44,44,58,62],"current_hp_per_floor":[50,50,50,50,39,39,39,45,45,45,45,45,45,42,42,48,68,63,63,63,63,58,58,51,34,34,34,34,34,34,34,34,44,68,68,59,59,59,59,59,64,64,64,64,68,70,72,74,74,74,74,74,98,90,87,87,87,87,64,48,48,48,52,52,53,82,90,99,0,0],"gold":172,"neow_bonus":"","is_daily":false,"chose_seed":false,"campfire_upgraded":8,"win_rate":0.0,"timestamp":1612139326,"path_taken":["M","M","?","?","?","E","M","E","T","?","?","R","M","M","R","BOSS","M","M","?","$","?","R","M","E","T","E","?","R","?","M","R","BOSS","M","?","?","M","?","R","E","?","T","?","R","?","M","M","R","BOSS","R","??","M","M","T","?","$","M","M","?","$","E","T","?","R","E","R","BOSS"],"items_purchased_type":["Card","Card","Relic","Card","Card","Card","Card","Card","Card","Relic","Card","Card","Card","Relic","Card","Card","Relic","Potion","Relic","Relic","Relic","Relic","Relic","Relic"],"build_version":"2020-12-22","purchased_purges":8,"victory":false,"max_hp_per_floor":[66,66,66,66,66,66,66,67,67,67,67,67,67,67,67,68,68,68,68,68,68,68,68,68,68,68,68,68,68,68,68,68,68,68,68,68,68,68,68,68,68,68,68,68,68,70,72,74,74,74,74,74,98,98,98,98,98,98,98,98,98,98,98,98,99,99,99,99,99,99],"card_choices":[{"not_picked":["animator:Layla","animator:Guy"],"picked":"animator:CrowleyEusford","floor":1},{"not_picked":["animator:AcuraAkari","animator:MetalKnight","animator:Shion"],"picked":"SKIP","floor":2},{"not_picked":["animator:Azekura","animator:MumenRider"],"picked":"animator:Hakurou","floor":3},{"not_picked":["animator:Emonzaemon","animator:TsurugaMeisai"],"picked":"animator:UneriGinkaku","floor":6},{"not_picked":["animator:Shinoa","animator:YaoHaDucy","animator:KrulTepes"],"picked":"SKIP","floor":7},{"not_picked":["animator:Kuribayashi","animator:TukaLunaMarceau"],"picked":"animator:Biyorigo","floor":8},{"not_picked":["animator:Raven","animator:Shuna","animator:ChaikaBohdan"],"picked":"SKIP","floor":13},{"not_picked":["animator:UneriGinkaku","animator:Emonzaemon"],"picked":"animator:Konayuki","floor":14},{"not_picked":["animator:Biyorigo","animator:ChaikaTrabant"],"picked":"animator:HigakiRinne","floor":16},{"not_picked":["animator:Rena","animator:ZankiKiguchi"],"picked":"animator:Mitsuba","floor":18},{"not_picked":["animator:Shuna","animator:Hakurou+1"],"picked":"animator:Sonic+1","floor":19},{"not_picked":["animator:Vesta","animator:Benimaru+1"],"picked":"animator:ZankiKiguchi","floor":22},{"not_picked":["animator:Togame","animator:Emonzaemon"],"picked":"animator:Azekura","floor":24},{"not_picked":["animator:Viivi","animator:RoryMercury","animator:AcuraAkari"],"picked":"SKIP","floor":25},{"not_picked":["animator:AcuraShin","animator:Rena","animator:TsurugaMeisai"],"picked":"SKIP","floor":27},{"not_picked":["animator:Tyuule","animator:Rena","animator:CrowleyEusford"],"picked":"SKIP","floor":31},{"not_picked":["animator:AcuraShin","animator:ChaikaTrabant"],"picked":"animator:PinaCoLada","floor":33},{"not_picked":["animator:Emonzaemon","animator:Togame"],"picked":"animator:Shichika","floor":35},{"not_picked":["animator:Elsword+1","animator:UneriGinkaku","animator:Rena"],"picked":"SKIP","floor":38},{"not_picked":["animator:LeleiLaLalena","animator:TsurugaMeisai","animator:Mikaela"],"picked":"SKIP","floor":41},{"not_picked":["animator:TsurugaMeisai+1","animator:Viivi+1","animator:Shichika"],"picked":"Singing Bowl","floor":46},{"not_picked":["animator:Millim+1","animator:Hakurou+1","animator:ChaikaBohdan+1"],"picked":"Singing Bowl","floor":47},{"not_picked":["animator:Hitei","animator:Togame","animator:UneriGinkaku"],"picked":"Singing Bowl","floor":48},{"not_picked":["animator:TukaLunaMarceau","animator:MetalKnight+1","animator:Layla"],"picked":"SKIP","floor":54},{"not_picked":["animator:Benimaru","animator:MetalKnight","animator:Tatsumaki"],"picked":"SKIP","floor":55},{"not_picked":["animator:Souei+1","animator:Viivi","animator:Azekura"],"picked":"SKIP","floor":59},{"not_picked":["animator:AcuraTooru","animator:Azekura","animator:Raven+1"],"picked":"SKIP","floor":60},{"not_picked":["animator:ZankiKiguchi+1","animator:KrulTepes","animator:GazelDwargon"],"picked":"SKIP","floor":63},{"not_picked":["animator:HigakiRinne+1","animator:AcuraShin+1"],"picked":"animator:Shizu+1","floor":65},{"not_picked":["animator:Benimaru","animator:Ciel","animator:ItamiYouji"],"picked":"SKIP","floor":67}],"player_experience":381009,"relics_obtained":[{"floor":6,"key":"Toy Ornithopter"},{"floor":8,"key":"Art of War"},{"floor":9,"key":"Dota2Spire:Dagon"},{"floor":25,"key":"PreservedInsect"},{"floor":27,"key":"Dota2Spire:OrchidMalevolence"},{"floor":30,"key":"Dota2Spire:Desolator"},{"floor":41,"key":"animator:BattleDrones"},{"floor":42,"key":"The Courier"},{"floor":43,"key":"Singing Bowl"},{"floor":46,"key":"Dota2Spire:AssaultCuirass"},{"floor":53,"key":"animator:TheEgnaroPiece"},{"floor":53,"key":"animator:AncientMedallion"},{"floor":56,"key":"animator:AncientMedallion"},{"floor":57,"key":"animator:AncientMedallion"},{"floor":63,"key":"animator:AncientMedallion"},{"floor":64,"key":"animator:AncientMedallion"},{"floor":67,"key":"animator:AncientMedallion"}],"event_choices":[{"damage_healed":0,"gold_gain":75,"player_choice":"Gather Gold","damage_taken":11,"max_hp_gain":0,"max_hp_loss":0,"event_name":"World of Goop","floor":5,"gold_loss":0},{"damage_healed":0,"gold_gain":56,"player_choice":"Gained Gold","damage_taken":0,"max_hp_gain":0,"max_hp_loss":0,"event_name":"Golden Wing","floor":10,"gold_loss":0},{"damage_healed":0,"gold_gain":0,"player_choice":"Ignored","damage_taken":0,"max_hp_gain":0,"max_hp_loss":0,"event_name":"Liars Game","floor":11,"gold_loss":0},{"damage_healed":0,"gold_gain":0,"player_choice":"Forge","damage_taken":0,"max_hp_gain":0,"max_hp_loss":0,"event_name":"Accursed Blacksmith","floor":20,"gold_loss":0,"cards_upgraded":["animator:HigakiRinne"]},{"damage_healed":0,"gold_gain":0,"player_choice":"Ignored","damage_taken":0,"max_hp_gain":0,"max_hp_loss":0,"event_name":"Vampires","floor":28,"gold_loss":0},{"damage_healed":0,"gold_gain":0,"player_choice":"Embrace Madness","damage_taken":9,"max_hp_gain":0,"max_hp_loss":0,"event_name":"Winding Halls","floor":36,"gold_loss":0,"cards_obtained":["animator:HigakiRinne"]},{"damage_healed":0,"gold_gain":0,"player_choice":"Ignored","damage_taken":0,"max_hp_gain":0,"max_hp_loss":0,"event_name":"Tomb of Lord Red Mask","floor":37,"gold_loss":0},{"damage_healed":0,"gold_gain":0,"player_choice":"Memory 1","damage_taken":0,"max_hp_gain":0,"max_hp_loss":0,"event_name":"SensoryStone","floor":39,"gold_loss":0},{"damage_healed":0,"gold_gain":0,"player_choice":"Fight","damage_taken":0,"max_hp_gain":0,"max_hp_loss":0,"event_name":"MindBloom","floor":46,"gold_loss":0},{"damage_healed":0,"gold_gain":0,"player_choice":"Memory 1","damage_taken":0,"max_hp_gain":0,"max_hp_loss":0,"event_name":"SensoryStone","floor":61,"gold_loss":0}],"is_beta":false,"boss_relics":[{"not_picked":["SacredBark","Velvet Choker"],"picked":"SlaversCollar"},{"not_picked":["animator:RacePiece","Sozu"],"picked":"Dota2Spire:RefresherOrb"}],"items_purged_floors":[0,0,0,0,0,0,0,21],"is_endless":false,"potions_floor_spawned":[1,2,13,14,18,25,31,33,35,38,54,55,67],"killed_by":"animator:TheUnnamed","ascension_level":0}}