{"host":"no5ppfu40f7oq4vr","time":1612209532,"event":{"mods":["BaseMod","Colored Map","Colored Powertips","Downfall","Duelist Mod","GifTheSpireLib","Minty Spire (QoL Compilation)","Quick Restart","StSLib","The Cursed","The Disciple","The Necromancer","The Servant 0.9.4"],"gold_per_floor":[117,129,145,159,159,193,193,221,221,221,234,244,244,169,169,272,272,292,309,274,292,142,142,172,172,172,182,182,193,193,292,292,397,397,417,430,122,140,140,140,153,165,191,203,203,223,233,233,233],"floor_reached":48,"language":"ENG","playtime":2877,"items_purged":["Parasite"],"score":518,"play_id":"f9fc9840-97ff-4ecb-b5f5-acd076ed8a50","local_time":"20210201145852","is_ascension_mode":false,"campfire_choices":[{"data":"Summon_Death_Knight","floor":7,"key":"SMITH"},{"data":"Death_March_Dance","floor":10,"key":"SMITH"},{"floor":15,"key":"REST"},{"data":"Summon_Death_Knight","floor":23,"key":"SMITH"},{"data":"Blood_Is_Power","floor":25,"key":"SMITH"},{"floor":28,"key":"REST"},{"floor":32,"key":"REST"},{"floor":40,"key":"REST"}],"circlet_count":0,"master_deck":["Negative_Energy_Arrows","Bone_Wall","Vampiric_Strike","Bone_Prison","Blood_Curse","Summon_Death_Knight+1","Blood_Wake","Death_March_Dance+1","Death_March_Dance","Bone_Bullets","Summon_Death_Knight+1","Grasp_Heart","Vampiric_Strike","Stop_Heart","Scare","Negative_Energy_Javelin","Shackles_Of_Pain+1","Shade_Step","Blood_Is_Power+1","Bone_Spikes","Negative_Energy_Sphere+1","Summon_Vampire_Lady","Blood_Shield+1","Toxic_Smoke_Screen+1","Negative_Energy_Shield+1","Life_Tap+1","Spectral_Armor","Bone_Prison+1","Hellfire","Stop_Heart+1"],"relics":["Vampire_Amulet","NeowsBlessing","Mercury Hourglass","Shuriken","Du-Vu Doll","Pandora\u0027s Box","Omamori","StoneCalendar","Blue Candle","Astrolabe","Incense Burner","Regal Pillow","downfall:ExtraCursedKey"],"acts_visited":["Exordium","TheCity","TheBeyond"],"potions_floor_usage":[12,29,33,33,33,38,41,48,48],"damage_taken":[{"damage":0,"enemies":"Jaw Worm","floor":1,"turns":1},{"damage":0,"enemies":"Cultist","floor":2,"turns":1},{"damage":0,"enemies":"2 Louse","floor":3,"turns":1},{"damage":1,"enemies":"2 Fungi Beasts","floor":4,"turns":3},{"damage":20,"enemies":"3 Sentries","floor":6,"turns":8},{"damage":27,"enemies":"Lagavulin","floor":8,"turns":6},{"damage":31,"enemies":"Exordium Wildlife","floor":11,"turns":4},{"damage":10,"enemies":"Large Slime","floor":12,"turns":5},{"damage":6,"enemies":"Slime Boss","floor":16,"turns":6},{"damage":10,"enemies":"3 Byrds","floor":18,"turns":5},{"damage":5,"enemies":"Chosen","floor":19,"turns":5},{"damage":15,"enemies":"Sentry and Sphere","floor":21,"turns":4},{"damage":6,"enemies":"theDuelist:KaibaA2","floor":24,"turns":6},{"damage":34,"enemies":"Centurion and Healer","floor":27,"turns":6},{"damage":16,"enemies":"3 Cultists","floor":29,"turns":4},{"damage":65,"enemies":"Collector","floor":33,"turns":6},{"damage":0,"enemies":"Orb Walker","floor":35,"turns":3},{"damage":33,"enemies":"3 Darklings","floor":36,"turns":5},{"damage":40,"enemies":"Spire Growth","floor":38,"turns":6},{"damage":25,"enemies":"Sphere and 2 Shapes","floor":41,"turns":6},{"damage":17,"enemies":"Transient","floor":42,"turns":5},{"damage":14,"enemies":"Maw","floor":44,"turns":8},{"damage":37,"enemies":"3 Darklings","floor":46,"turns":5},{"damage":15,"enemies":"Jaw Worm Horde","floor":47,"turns":4},{"damage":19,"enemies":"Sphere and 2 Shapes","floor":48,"turns":3}],"seed_played":"1101351304101799608","potions_obtained":[{"floor":1,"key":"ColorlessPotion"},{"floor":5,"key":"Strength Potion"},{"floor":5,"key":"EntropicBrew"},{"floor":12,"key":"SkillPotion"},{"floor":33,"key":"sneckomod:MuddlingPotion"},{"floor":36,"key":"Explosive Potion"},{"floor":38,"key":"SteroidPotion"},{"floor":41,"key":"Ancient Potion"}],"is_trial":false,"path_per_floor":["M","M","M","M","?","E","R","E","T","R","M","M","?","$","R","B",null,"M","M","$","M","$","R","E","R","T","M","R","M","?","?","R","B",null,"M","M","$","M","?","R","M","M","T","M","?","M","M","M"],"character_chosen":"NECROMANCER","items_purchased":["Shade_Step","Omamori","Incense Burner"],"campfire_rested":4,"item_purchase_floors":[20,22,37],"current_hp_per_floor":[75,75,75,75,75,65,65,42,42,42,15,11,29,29,50,52,72,69,66,66,57,57,57,55,55,55,31,52,44,44,44,65,15,72,72,43,43,37,37,58,51,41,41,48,53,20,14,0,0],"gold":233,"neow_bonus":"THREE_ENEMY_KILL","is_daily":false,"chose_seed":false,"campfire_upgraded":4,"win_rate":0.0,"timestamp":1612209532,"path_taken":["M","M","M","M","?","E","R","E","T","R","?","?","?","$","R","BOSS","M","M","$","M","$","R","E","R","T","M","R","M","?","?","R","BOSS","M","M","$","M","?","R","M","M","T","M","?","M","M","M"],"items_purchased_type":["Card","Relic","Relic"],"build_version":"2020-12-22","purchased_purges":1,"victory":false,"max_hp_per_floor":[75,75,75,75,75,75,75,75,75,75,75,75,75,72,72,72,72,72,72,72,72,72,72,72,72,72,72,72,72,72,72,72,72,72,72,72,72,72,72,72,72,72,72,72,77,77,77,77,77],"card_choices":[{"not_picked":["Corrupt","Death_Coil"],"picked":"Vampiric_Strike","floor":1},{"not_picked":["Chill_Blood","Finger_Of_Death"],"picked":"Bone_Prison","floor":2},{"not_picked":["Negative_Energy_Mist","Chill_Blood"],"picked":"Blood_Curse","floor":3},{"not_picked":["Negative_Energy_Sphere","Vampiric_Strike"],"picked":"Summon_Death_Knight","floor":4},{"not_picked":["Vampiric_Strike","Bone_Armor"],"picked":"Blood_Wake","floor":6},{"not_picked":["Pandemic","Blood_Whip"],"picked":"Death_March_Dance","floor":8},{"not_picked":["Chill_Blood","Exploit"],"picked":"Death_March_Dance","floor":11},{"not_picked":["Scare","Deaths_Shadow"],"picked":"Bone_Bullets","floor":12},{"not_picked":["Hellfire","Negative_Energy_Bomb"],"picked":"Summon_Death_Knight","floor":16},{"not_picked":["Negative_Energy_Javelin","Death_March_Dance"],"picked":"Corrupt","floor":18},{"not_picked":["Blood_Is_Power","Chill_Blood"],"picked":"Shackles_Of_Pain+1","floor":19},{"not_picked":["Death_March_Dance+1","Bone_Spikes+1","Negative_Energy_Javelin"],"picked":"SKIP","floor":21},{"not_picked":["Grasp_Heart","Shackles_Of_Pain+1"],"picked":"Blood_Is_Power","floor":24},{"not_picked":["Bone_Armor","Negative_Energy_Sphere"],"picked":"Bone_Spikes","floor":27},{"not_picked":["Chill_Blood","Bone_Spikes"],"picked":"Negative_Energy_Sphere+1","floor":29},{"not_picked":["Grasp_Heart","Reap_The_Weak"],"picked":"Summon_Vampire_Lady","floor":33},{"not_picked":["Bone_Armory","Death_Knell+1","Deaths_Shadow+1"],"picked":"SKIP","floor":35},{"not_picked":["Flesh_Made_Foul","Negative_Energy_Sphere+1"],"picked":"Life_Tap+1","floor":36},{"not_picked":["Negative_Energy_Burst+1","Bone_Spikes+1","Plague_Bolt+1"],"picked":"SKIP","floor":38},{"not_picked":["Vampiric_Strike+1","Bone_Shift"],"picked":"Spectral_Armor","floor":41},{"not_picked":["Shackles_Of_Pain+1","Blood_Whip","Chill_Blood"],"picked":"SKIP","floor":42},{"not_picked":["Shackles_Of_Pain","Life_Drain"],"picked":"Bone_Prison+1","floor":44},{"not_picked":["Death_Coil","Bone_Bullets+1"],"picked":"Stop_Heart+1","floor":46},{"not_picked":["Summon_Death_Knight","Bone_Bullets+1","Violent_Necrosis"],"picked":"SKIP","floor":47}],"player_experience":190262,"relics_obtained":[{"floor":6,"key":"Mercury Hourglass"},{"floor":8,"key":"Shuriken"},{"floor":9,"key":"Du-Vu Doll"},{"floor":24,"key":"StoneCalendar"},{"floor":26,"key":"Blue Candle"},{"floor":43,"key":"Regal Pillow"}],"event_choices":[{"damage_healed":0,"gold_gain":0,"player_choice":"Got Potions","damage_taken":0,"max_hp_gain":0,"max_hp_loss":0,"event_name":"Lab","floor":5,"gold_loss":0},{"damage_healed":18,"gold_gain":0,"player_choice":"Healed and dodged fight","damage_taken":0,"max_hp_gain":0,"max_hp_loss":0,"event_name":"Mushrooms","floor":13,"gold_loss":0,"cards_obtained":["Parasite"]},{"cards_removed":["Corrupt"],"damage_healed":0,"gold_gain":0,"player_choice":"Elegance","damage_taken":0,"max_hp_gain":0,"max_hp_loss":0,"event_name":"Back to Basics","floor":30,"gold_loss":0},{"damage_healed":0,"gold_gain":99,"player_choice":"Stole From Cult","damage_taken":0,"max_hp_gain":0,"max_hp_loss":0,"event_name":"Nest","floor":31,"gold_loss":0},{"damage_healed":0,"gold_gain":0,"player_choice":"Ignored","damage_taken":0,"max_hp_gain":0,"max_hp_loss":0,"event_name":"Mysterious Sphere","floor":39,"gold_loss":0}],"is_beta":false,"boss_relics":[{"not_picked":["Runic Pyramid","Busted Crown"],"picked":"Pandora\u0027s Box"},{"not_picked":["Runic Dome","Black Star"],"picked":"Astrolabe"}],"items_purged_floors":[14],"is_endless":false,"potions_floor_spawned":[1,12,16,21,24,27,33,36,38,41,42],"killed_by":"Sphere and 2 Shapes","ascension_level":0}}