{"host":"9ndbo4kgsfoemf7y","time":1612177472,"event":{"mods":["AchievementEnabler","BaseMod","Colored Map","DeckTracker","Keyboard Shortcuts","Minty Spire (QoL Compilation)","Permanent Neow","Quick Restart","Relic Stats","StSLib","SuperFastMode"],"gold_per_floor":[119,40,60,60,79,106,125,143,196,196,220,231,231,251,251,347,347,359,369,388,388,157,157,157,157],"floor_reached":24,"language":"KOR","playtime":743,"items_purged":["Writhe"],"score":290,"play_id":"5678d05d-fe09-4036-917c-2b5c2761d708","local_time":"20210201200432","is_ascension_mode":true,"campfire_choices":[{"floor":10.0,"key":"REST"},{"floor":15.0,"key":"REST"},{"floor":23,"key":"REST"}],"circlet_count":0,"master_deck":["Strike_B","Strike_B","Defend_B","Defend_B","Defend_B","Defend_B","Zap","Dualcast","Melter","Defragment","Coolheaded","BootSequence","Barrage","Aggregate","Cold Snap","Defragment","Echo Form","Rainbow","Defragment","Amplify","Chaos"],"relics":["Cracked Core","NeowsBlessing","Gremlin Horn","Akabeko","Odd Mushroom","Cursed Key","White Beast Statue","Happy Flower"],"acts_visited":["Exordium","TheCity"],"potions_floor_usage":[16],"damage_taken":[{"damage":0.0,"enemies":"Jaw Worm","floor":1.0,"turns":1.0},{"damage":0.0,"enemies":"Cultist","floor":3.0,"turns":1.0},{"damage":0.0,"enemies":"Small Slimes","floor":5.0,"turns":1.0},{"damage":37.0,"enemies":"Lagavulin","floor":6.0,"turns":9.0},{"damage":8.0,"enemies":"3 Louse","floor":7.0,"turns":3.0},{"damage":7.0,"enemies":"Looter","floor":8.0,"turns":3.0},{"damage":18.0,"enemies":"The Mushroom Lair","floor":11.0,"turns":4.0},{"damage":4.0,"enemies":"2 Fungi Beasts","floor":12.0,"turns":3.0},{"damage":0.0,"enemies":"3 Louse","floor":14.0,"turns":3.0},{"damage":32,"enemies":"The Guardian","floor":16,"turns":10},{"damage":5,"enemies":"Chosen","floor":18,"turns":6},{"damage":19,"enemies":"Shell Parasite","floor":19,"turns":5},{"damage":25,"enemies":"Chosen and Byrds","floor":20,"turns":7},{"damage":48,"enemies":"Masked Bandits","floor":24,"turns":3}],"seed_played":"7768247514547412113","potions_obtained":[{"floor":5.0,"key":"SkillPotion"},{"floor":6.0,"key":"FearPotion"},{"floor":11.0,"key":"LiquidBronze"},{"floor":14.0,"key":"PowerPotion"},{"floor":16,"key":"Block Potion"},{"floor":19,"key":"DistilledChaos"}],"is_trial":false,"path_per_floor":["M","$","M","?","M","E","M","M","T","R","?","M","?","M","R","B",null,"M","M","M","?","$","R","?"],"character_chosen":"DEFECT","items_purchased":["Defragment","Happy Flower"],"campfire_rested":3,"item_purchase_floors":[2,22],"current_hp_per_floor":[68,68,68,68,68,31,23,16,16,38,20,16,16,16,38,6,58,53,34,9,9,9,31,0,0],"gold":157,"neow_bonus":"THREE_ENEMY_KILL","is_daily":false,"chose_seed":false,"campfire_upgraded":0,"win_rate":0.0,"timestamp":1612177472,"path_taken":["M","$","M","?","?","E","?","M","T","R","?","M","?","M","R","BOSS","M","M","M","?","$","R","?"],"items_purchased_type":["Card","Relic"],"build_version":"2020-12-22","purchased_purges":1,"victory":false,"max_hp_per_floor":[75,75,75,75,75,75,75,75,75,75,75,75,75,75,75,75,75,75,75,75,75,75,75,75,75],"relic_stats":{"Gremlin Horn":[8,8],"Happy Flower":[1],"counters":[14,59],"Cursed Key":0,"obtain_stats":[{"NeowsBlessing":0,"Gremlin Horn":6,"Happy Flower":22,"Odd Mushroom":11,"Cracked Core":0,"Cursed Key":17,"Akabeko":9,"White Beast Statue":21},{"NeowsBlessing":0,"Gremlin Horn":4,"Happy Flower":13,"Odd Mushroom":7,"Cracked Core":0,"Cursed Key":10,"Akabeko":6,"White Beast Statue":13},{"NeowsBlessing":0,"Gremlin Horn":12,"Happy Flower":56,"Odd Mushroom":22,"Cracked Core":0,"Cursed Key":38,"Akabeko":18,"White Beast Statue":56}]},"card_choices":[{"not_picked":["Barrage","Gash"],"picked":"Melter","floor":1.0},{"not_picked":["Streamline","Go for the Eyes"],"picked":"Coolheaded","floor":3.0},{"not_picked":["Go for the Eyes","Force Field"],"picked":"Barrage","floor":5.0},{"not_picked":["Coolheaded","Reinforced Body"],"picked":"Aggregate","floor":6.0},{"not_picked":["Tempest","Steam"],"picked":"Cold Snap","floor":7.0},{"not_picked":["Aggregate","Force Field"],"picked":"Defragment","floor":8.0},{"not_picked":["Sweeping Beam","Beam Cell"],"picked":"Echo Form","floor":12.0},{"not_picked":["Sweeping Beam","Chill"],"picked":"Defragment","floor":14.0},{"not_picked":["Machine Learning","Echo Form"],"picked":"Amplify","floor":16},{"not_picked":["Rebound+1","Barrage","Reprogram+1"],"picked":"SKIP","floor":18},{"not_picked":["Hello World","Steam"],"picked":"Chaos","floor":19},{"not_picked":["Auto Shields","Sweeping Beam","Steam Power+1"],"picked":"SKIP","floor":20}],"player_experience":854460,"relics_obtained":[{"floor":6.0,"key":"Gremlin Horn"},{"floor":9.0,"key":"Akabeko"},{"floor":11.0,"key":"Odd Mushroom"}],"event_choices":[{"damage_healed":0.0,"max_hp_gain":0.0,"max_hp_loss":0.0,"gold_gain":0.0,"cards_transformed":["Strike_B"],"event_name":"Transmorgrifier","player_choice":"Transformed","floor":4.0,"gold_loss":0.0,"damage_taken":0.0,"cards_obtained":["BootSequence"]},{"damage_healed":0.0,"max_hp_gain":0.0,"max_hp_loss":0.0,"gold_gain":0.0,"event_name":"Mushrooms","player_choice":"Fought Mushrooms","floor":11.0,"gold_loss":0.0,"damage_taken":0.0},{"damage_healed":0.0,"max_hp_gain":0.0,"max_hp_loss":0.0,"gold_gain":0.0,"cards_transformed":["Strike_B"],"event_name":"Living Wall","player_choice":"Change","floor":13.0,"gold_loss":0.0,"damage_taken":0.0,"cards_obtained":["Rainbow"]},{"damage_healed":0,"gold_gain":0,"player_choice":"Opened","damage_taken":0,"relics_obtained":["White Beast Statue"],"max_hp_gain":0,"max_hp_loss":0,"event_name":"The Mausoleum","floor":21,"gold_loss":0,"cards_obtained":["Writhe"]},{"damage_healed":0,"gold_gain":0,"player_choice":"Fought Bandits","damage_taken":0,"max_hp_gain":0,"max_hp_loss":0,"event_name":"Masked Bandits","floor":24,"gold_loss":0}],"is_beta":false,"boss_relics":[{"not_picked":["Black Star","Runic Dome"],"picked":"Cursed Key"}],"items_purged_floors":[22],"is_endless":false,"potions_floor_spawned":[5,6,11,12,14,16,19],"killed_by":"Masked Bandits","ascension_level":9}}