{"host":"Qube","time":1612151943,"event":{"mods":["AchievementEnabler","BaseMod","Colored Map","Colored Powertips","Highlight Path","Minty Spire (QoL Compilation)","Permanent Neow","Quick Restart","Random Character Button","StSLib"],"gold_per_floor":[15,26,41,53,53,53,72,83,83,117,42,54,54,71,71,150,150,170,170,205,218,29,29,57,57,83,83,8,8,30,60,60,60,60],"floor_reached":33,"language":"ENG","playtime":1346,"items_purged":["Strike_G"],"score":574,"play_id":"b5518a05-5cf6-42a1-80c1-536391e10f84","local_time":"20210131195903","is_ascension_mode":true,"campfire_choices":[{"data":"Noxious Fumes","floor":6.0,"key":"SMITH"},{"data":"Calculated Gamble","floor":13.0,"key":"SMITH"},{"data":"Leg Sweep","floor":15.0,"key":"SMITH"},{"data":"Ghostly","floor":23.0,"key":"SMITH"},{"data":"Ghostly","floor":25.0,"key":"SMITH"},{"data":"Ghostly","floor":29,"key":"SMITH"},{"data":"Catalyst","floor":32,"key":"SMITH"}],"circlet_count":0,"master_deck":["AscendersBane","Strike_G","Strike_G","Strike_G","Defend_G","Defend_G","Defend_G","Defend_G","Survivor","Neutralize","Calculated Gamble+1","Noxious Fumes+1","Bane","Dagger Throw","Dagger Throw","Leg Sweep+1","Endless Agony","Caltrops+1","PiercingWail","Envenom+1","Cloak And Dagger","Ghostly+1","Ghostly+1","Ghostly+1","Choke+1","Slice","Blade Dance","Cloak And Dagger","Catalyst+1"],"relics":["Ring of the Snake","Tingsha","Mercury Hourglass","Frozen Egg 2","WristBlade","Red Mask","Sling","MealTicket","CeramicFish","Shovel"],"acts_visited":["Exordium","TheCity"],"potions_floor_usage":[31,31],"damage_taken":[{"damage":13.0,"enemies":"Jaw Worm","floor":1.0,"turns":6.0},{"damage":1.0,"enemies":"Cultist","floor":2.0,"turns":4.0},{"damage":0.0,"enemies":"Small Slimes","floor":3.0,"turns":3.0},{"damage":0.0,"enemies":"Looter","floor":4.0,"turns":4.0},{"damage":0.0,"enemies":"Blue Slaver","floor":7.0,"turns":5.0},{"damage":0.0,"enemies":"3 Louse","floor":8.0,"turns":2.0},{"damage":15.0,"enemies":"Lagavulin","floor":10.0,"turns":5.0},{"damage":0.0,"enemies":"Exordium Thugs","floor":12.0,"turns":2.0},{"damage":1.0,"enemies":"Blue Slaver","floor":14.0,"turns":3.0},{"damage":10.0,"enemies":"Hexaghost","floor":16.0,"turns":8.0},{"damage":10.0,"enemies":"Spheric Guardian","floor":18.0,"turns":4.0},{"damage":1.0,"enemies":"Masked Bandits","floor":20.0,"turns":3.0},{"damage":0.0,"enemies":"3 Byrds","floor":21.0,"turns":2.0},{"damage":3.0,"enemies":"Book of Stabbing","floor":24.0,"turns":4.0},{"damage":7,"enemies":"3 Cultists","floor":30,"turns":4},{"damage":9,"enemies":"Slavers","floor":31,"turns":5},{"damage":21,"enemies":"Champ","floor":33,"turns":10}],"seed_played":"2088764750122678189","potions_obtained":[{"floor":1.0,"key":"Energy Potion"},{"floor":2.0,"key":"AttackPotion"},{"floor":7.0,"key":"BlessingOfTheForge"},{"floor":12.0,"key":"AttackPotion"},{"floor":20.0,"key":"Energy Potion"},{"floor":24.0,"key":"Dexterity Potion"},{"floor":30,"key":"Energy Potion"}],"is_trial":false,"path_per_floor":["M","M","M","M","?","R","M","M","T","E","?","M","R","M","R","B",null,"M","?","?","M","$","R","E","R","T","?","$","R","M","E","R","B"],"character_chosen":"THE_SILENT","items_purchased":["Sling","Blade Dance"],"campfire_rested":0,"item_purchase_floors":[22,22],"current_hp_per_floor":[46,45,45,45,45,45,45,45,45,30,30,30,30,29,29,19,54,44,33,32,32,32,32,29,29,29,29,33,33,26,17,17,0,0],"gold":60,"neow_bonus":"ONE_RARE_RELIC","is_daily":false,"chose_seed":false,"campfire_upgraded":7,"win_rate":0.0,"timestamp":1612151943,"path_taken":["M","M","M","M","?","R","?","?","T","E","?","M","R","M","R","BOSS","M","?","?","M","$","R","E","R","T","?","?","R","M","E","R","BOSS"],"items_purchased_type":["Relic","Card"],"build_version":"2020-12-18","purchased_purges":1,"victory":false,"max_hp_per_floor":[66,66,66,66,66,66,66,66,66,66,66,66,66,66,66,66,66,66,33,33,33,33,33,33,33,33,33,33,33,33,33,33,33,33],"card_choices":[{"not_picked":["Bane","Deflect"],"picked":"Calculated Gamble","floor":1.0},{"not_picked":["Cloak And Dagger","Concentrate"],"picked":"Noxious Fumes","floor":2.0},{"not_picked":["Expertise","Flying Knee"],"picked":"Bane","floor":3.0},{"not_picked":["Masterful Stab","Quick Slash"],"picked":"Dagger Throw","floor":4.0},{"not_picked":["Slice","Endless Agony"],"picked":"Dagger Throw","floor":7.0},{"not_picked":["All Out Attack","Slice"],"picked":"Leg Sweep","floor":8.0},{"not_picked":["Flying Knee","Deflect"],"picked":"Endless Agony","floor":10.0},{"not_picked":["Outmaneuver","Burst"],"picked":"Caltrops+1","floor":12.0},{"not_picked":["Blade Dance","Masterful Stab"],"picked":"PiercingWail","floor":14.0},{"not_picked":["Doppelganger","Phantasmal Killer"],"picked":"Envenom+1","floor":16.0},{"not_picked":["Quick Slash","PiercingWail"],"picked":"Cloak And Dagger","floor":18.0},{"not_picked":["Acrobatics","Slice"],"picked":"Choke+1","floor":20.0},{"not_picked":["Dagger Throw","Bane"],"picked":"Slice","floor":21.0},{"not_picked":["Flechettes","Outmaneuver+1"],"picked":"Cloak And Dagger","floor":24.0},{"not_picked":["Concentrate","Dagger Throw"],"picked":"Catalyst","floor":30},{"not_picked":["Quick Slash+1","Cloak And Dagger","Outmaneuver"],"picked":"SKIP","floor":31}],"player_experience":1034315,"relics_obtained":[{"floor":9.0,"key":"Mercury Hourglass"},{"floor":10.0,"key":"Frozen Egg 2"},{"floor":20.0,"key":"Red Mask"},{"floor":24.0,"key":"MealTicket"},{"floor":26.0,"key":"CeramicFish"},{"floor":31,"key":"Shovel"}],"event_choices":[{"cards_removed":["Strike_G"],"damage_healed":0.0,"max_hp_gain":0.0,"max_hp_loss":0.0,"gold_gain":0.0,"event_name":"Wheel of Change","player_choice":"Card Removal","floor":5.0,"gold_loss":0.0,"damage_taken":0.0},{"cards_removed":["Defend_G"],"damage_healed":0.0,"max_hp_gain":0.0,"max_hp_loss":0.0,"gold_gain":0.0,"event_name":"The Cleric","player_choice":"Card Removal","floor":11.0,"gold_loss":75.0,"damage_taken":0.0},{"damage_healed":0.0,"max_hp_gain":0.0,"max_hp_loss":33.0,"gold_gain":0.0,"event_name":"Ghosts","player_choice":"Became a Ghost","floor":19.0,"gold_loss":0.0,"damage_taken":0.0,"cards_obtained":["Ghostly","Ghostly","Ghostly"]},{"damage_healed":0.0,"max_hp_gain":0.0,"max_hp_loss":0.0,"gold_gain":0.0,"event_name":"Masked Bandits","player_choice":"Fought Bandits","floor":20.0,"gold_loss":0.0,"damage_taken":0.0},{"damage_healed":0,"gold_gain":0,"player_choice":"Ignored","damage_taken":0,"max_hp_gain":0,"max_hp_loss":0,"event_name":"The Mausoleum","floor":27,"gold_loss":0}],"is_beta":true,"boss_relics":[{"not_picked":["Fusion Hammer","Astrolabe"],"picked":"WristBlade"}],"items_purged_floors":[28],"is_endless":false,"potions_floor_spawned":[1,2,7,12,20,24,30],"killed_by":"Champ","ascension_level":20}}