{"host":"9jkzatiwan7o33sr","time":1612197471,"event":{"mods":["AchievementEnabler","Act Like it!","Aspiration","BaseMod","Colored Map","Colored Powertips","Conspire","Downfall","GifTheSpireLib","Hallownest","Hermit","Hubris","Infinite Spire","Jorbs\u0027s Wanderer Trilogy","Mad Scientist","Mimic Mod","Minty Spire (QoL Compilation)","Permanent Neow","Shade Mod","StSLib","Stuff the Spire","Td1madao Mod","The Bladedancer","The Bug Knight","The Cursed","The Forsaken","The Hierophant","The Jungle","The Mystic","The Necromancer","The Poker Player","The Servant 0.9.4","The Witch","[IsaacMod]????"],"gold_per_floor":[119,119,133,27,46,76,93,93,118,145,61,61,73,100,100,198,198,210,26,26,26,46,71,71,84,116,130,156,172,172,172,172,274,274,289,289,289,301,2,2,34,34,81,91,91,110,158,158,158,158],"floor_reached":51,"language":"ENG","playtime":4625,"items_purged":[],"score":733,"play_id":"238f2713-a4b1-4bd4-b602-1c63cd066258","local_time":"20210201173751","is_ascension_mode":false,"campfire_choices":[{"floor":8,"key":"REST"},{"data":"HollowMod:MantisMark","floor":12,"key":"SMITH"},{"data":"HollowMod:SlysStrikes","floor":15,"key":"SMITH"},{"floor":24,"key":"REST"},{"data":"Mayhem","floor":30,"key":"SMITH"},{"data":"HollowMod:Weaversong","floor":32,"key":"SMITH"},{"data":"HollowMod:HornetsHelp","floor":40,"key":"SMITH"},{"data":"HollowMod:HuntersJournal","floor":42,"key":"SMITH"},{"floor":49,"key":"REST"}],"circlet_count":0,"master_deck":["HollowMod:NailStrikeStart","HollowMod:NailStrikeStart","HollowMod:NailStrikeStart","HollowMod:NailStrikeStart","HollowMod:QuickDashStart","HollowMod:QuickDashStart","HollowMod:QuickDashStart","HollowMod:QuickDashStart","HollowMod:FocusHealStart","HollowMod:PogoStrike","HollowMod:ChannelNail","HollowMod:HeavyBlow","HollowMod:DesolateDive","HollowMod:HuntersJournal+1","HollowMod:ShapeofUnn","HollowMod:HornetsHelp+1","HollowMod:DashSlash","HollowMod:SoulVessel","HollowMod:MantisMark+1","HollowMod:HeavyBlow","HollowMod:InfectedCysts","HollowMod:SlysStrikes+1","HollowMod:Weaversong+1","HollowMod:FallenFury","Mayhem+1","HollowMod:DoubleDash","HollowMod:FastStrike+1","HollowMod:SoulStrike+1","HollowMod:CloakDash","HollowMod:GreatSlash","HollowMod:CrystalDash","HollowMod:CloakDash","HollowMod:ZotesMagnificence","HollowMod:HeavyBlow+1","HollowMod:SoulStrike+1","HollowMod:DoubleDash","HollowMod:MantisMark","HollowMod:HowlingWraiths+1","HollowMod:GoodIntentions+1","HollowMod:CornifersMapStart+1"],"relics":["HollowMod:VesselMask","HushsDoor","Leech","infinitespire:Lucky Rock","Regal Pillow","Happy Flower","Akabeko","Potion Belt","SlaversCollar","theForsaken:Lifeblossom","Gremlin Horn","infinitespire:Satchel","Sozu","infinitespire:EmpoweringShard","HollowMod:PaleOreRelic","SatanicBible","Turnip","infinitespire:BottledMercury"],"acts_visited":["Exordium","TheCity","TheBeyond"],"potions_floor_usage":[16,29,33,50,50],"damage_taken":[{"damage":2,"enemies":"2 Louse","floor":1,"turns":3},{"damage":3,"enemies":"Jaw Worm","floor":3,"turns":3},{"damage":4,"enemies":"infinitespire:Voidling","floor":5,"turns":4},{"damage":18,"enemies":"Gremlin Nob","floor":6,"turns":4},{"damage":21,"enemies":"Lots of Slimes","floor":7,"turns":4},{"damage":15,"enemies":"HollowMod:MossKnight","floor":10,"turns":7},{"damage":2,"enemies":"conspire:2 RoseBushes","floor":13,"turns":2},{"damage":18,"enemies":"Lagavulin","floor":14,"turns":5},{"damage":16,"enemies":"Hexaghost","floor":16,"turns":8},{"damage":20,"enemies":"conspire:FuzzyDice","floor":18,"turns":5},{"damage":24,"enemies":"Shell Parasite","floor":22,"turns":4},{"damage":34,"enemies":"Book of Stabbing","floor":23,"turns":6},{"damage":9,"enemies":"Centurion and Healer","floor":25,"turns":5},{"damage":11,"enemies":"Sentry and Sphere","floor":26,"turns":6},{"damage":20,"enemies":"Sentry and Sphere","floor":27,"turns":4},{"damage":0,"enemies":"Gremlin Leader","floor":28,"turns":5},{"damage":3,"enemies":"Shelled Parasite and Fungi","floor":29,"turns":4},{"damage":47,"enemies":"Collector","floor":33,"turns":5},{"damage":16,"enemies":"3 Darklings","floor":35,"turns":4},{"damage":2,"enemies":"Orb Walker","floor":38,"turns":2},{"damage":12,"enemies":"Giant Head","floor":41,"turns":6},{"damage":2,"enemies":"4 Shapes","floor":44,"turns":3},{"damage":11,"enemies":"3 Darklings","floor":46,"turns":2},{"damage":31,"enemies":"2 Orb Walkers","floor":47,"turns":4},{"damage":50,"enemies":"Donu and Deca","floor":50,"turns":5}],"seed_played":"1616815501740163568","potions_obtained":[{"floor":5,"key":"Strength Potion"},{"floor":13,"key":"Weak Potion"},{"floor":14,"key":"GamblersBrew"},{"floor":16,"key":"Energy Potion"},{"floor":23,"key":"FearPotion"},{"floor":28,"key":"LiquidBronze"},{"floor":29,"key":"Fire Potion"}],"is_trial":false,"path_per_floor":["M","?","M","$","M","E","M","R","T","E","$","R","M","E","R","B",null,"M","$","?","?","M","E","R","M","MIM","M","E","M","R","?","R","B",null,"M","?","?","M","$","R","E","R","T","M","$","M","?","T","R","B",null],"character_chosen":"THE_BUGKNIGHT","items_purchased":["HollowMod:DesolateDive","HollowMod:HuntersJournal","HollowMod:MantisMark","HollowMod:HeavyBlow","Mayhem","infinitespire:EmpoweringShard","HollowMod:DoubleDash"],"campfire_rested":3,"item_purchase_floors":[4,4,11,11,19,39,39],"current_hp_per_floor":[74,74,73,73,72,57,39,75,75,64,64,64,63,49,49,39,75,57,57,75,75,53,24,61,62,68,58,68,72,72,72,72,31,75,67,67,67,69,69,69,74,74,74,75,75,64,48,48,75,31],"gold":158,"neow_bonus":"RANDOM_COMMON_RELIC","is_daily":false,"chose_seed":false,"campfire_upgraded":6,"win_rate":0.0,"timestamp":1612197471,"path_taken":["M","?","M","$","M","E","?","R","T","E","?","R","M","E","R","BOSS","M","$","?","?","?","E","R","M","MIM","M","E","M","R","?","R","BOSS","M","?","?","M","$","R","E","R","T","M","$","M","?","?","R","BOSS"],"items_purchased_type":["Card","Card","Card","Card","Card","Relic","Card"],"build_version":"2020-12-22","purchased_purges":0,"victory":true,"max_hp_per_floor":[75,75,75,75,75,75,75,75,75,75,75,75,75,75,75,75,75,75,75,75,75,75,75,75,75,75,75,75,75,75,75,75,75,75,75,75,75,75,75,75,75,75,75,75,75,75,75,75,75,75],"card_choices":[{"not_picked":["HollowMod:VengefulSpirit","HollowMod:GoodIntentions"],"picked":"HollowMod:ChannelNail","floor":1},{"not_picked":["HollowMod:ShapeofUnn","HollowMod:CornifersMapStart"],"picked":"HollowMod:HeavyBlow","floor":3},{"not_picked":["Bomb","HollowMod:NewGlowingWomb"],"picked":"HollowMod:ShapeofUnn","floor":5},{"not_picked":["HollowMod:HeavyBlow","HollowMod:DashSlash"],"picked":"HollowMod:HornetsHelp","floor":6},{"not_picked":["HollowMod:InfectionAssault","HollowMod:DreamGate"],"picked":"HollowMod:DashSlash","floor":7},{"not_picked":["HollowMod:WraithStrike","HollowMod:DesolateDive"],"picked":"HollowMod:SoulVessel","floor":10},{"not_picked":["HollowMod:SiblingsSouls","HollowMod:InfectedAttack"],"picked":"HollowMod:InfectedCysts","floor":13},{"not_picked":["HollowMod:ChannelNail","HollowMod:GreatSlash"],"picked":"HollowMod:SlysStrikes","floor":14},{"not_picked":["HollowMod:AwokenDreamNail","HollowMod:NewInfectedGuardian"],"picked":"HollowMod:Weaversong","floor":16},{"not_picked":["HollowMod:HeavyBlow","HollowMod:NewGlowingWomb"],"picked":"HollowMod:FallenFury","floor":18},{"not_picked":["HollowMod:DesolateDive","HollowMod:CoiledNail"],"picked":"HollowMod:DoubleDash","floor":22},{"not_picked":["HollowMod:HeavyBlow","HollowMod:MothsMistake"],"picked":"HollowMod:FastStrike+1","floor":23},{"not_picked":["HollowMod:LifebloodCocoon","HollowMod:DescendingDark"],"picked":"HollowMod:SoulStrike+1","floor":25},{"not_picked":["HollowMod:SoulVessel","HollowMod:ShadowDash+1"],"picked":"HollowMod:CloakDash","floor":26},{"not_picked":["HollowMod:ChannelNail","HollowMod:BlackTendrils"],"picked":"HollowMod:GreatSlash","floor":27},{"not_picked":["HollowMod:FallenFury","HollowMod:Hiveblood"],"picked":"HollowMod:CrystalDash","floor":28},{"not_picked":["HollowMod:MawleksShell","HollowMod:RecoilStrike"],"picked":"HollowMod:CloakDash","floor":29},{"not_picked":["HollowMod:NewInfectedGuardian","HollowMod:AwokenDreamNail"],"picked":"HollowMod:ZotesMagnificence","floor":33},{"not_picked":["HollowMod:InfectedAttack+1","HollowMod:ChannelNail"],"picked":"HollowMod:HeavyBlow+1","floor":35},{"not_picked":["HollowMod:ChannelNail+1","HollowMod:LifebloodCocoon+1"],"picked":"HollowMod:SoulStrike+1","floor":38},{"not_picked":["HollowMod:InfectedAttack+1","HollowMod:SharpenedShadows"],"picked":"HollowMod:MantisMark","floor":41},{"not_picked":["HollowMod:Grubsong+1","HollowMod:ChannelNail"],"picked":"HollowMod:HowlingWraiths+1","floor":44},{"not_picked":["HollowMod:SoulEater+1","HollowMod:CornifersMapStart"],"picked":"HollowMod:GoodIntentions+1","floor":46},{"not_picked":["HollowMod:DesolateDive","HollowMod:TaintedHusks+1"],"picked":"HollowMod:CornifersMapStart+1","floor":47}],"player_experience":626767,"relics_obtained":[{"floor":6,"key":"Regal Pillow"},{"floor":9,"key":"Happy Flower"},{"floor":10,"key":"Akabeko"},{"floor":14,"key":"Potion Belt"},{"floor":23,"key":"theForsaken:Lifeblossom"},{"floor":26,"key":"Gremlin Horn"},{"floor":28,"key":"infinitespire:Satchel"},{"floor":41,"key":"HollowMod:PaleOreRelic"},{"floor":43,"key":"SatanicBible"},{"floor":47,"key":"Turnip"},{"floor":48,"key":"infinitespire:BottledMercury"}],"event_choices":[{"damage_healed":25,"gold_gain":0,"player_choice":"Heal","damage_taken":0,"max_hp_gain":0,"max_hp_loss":0,"event_name":"The Library","floor":20,"gold_loss":0},{"damage_healed":0,"gold_gain":0,"player_choice":"Ignored","damage_taken":0,"max_hp_gain":0,"max_hp_loss":0,"event_name":"SecretPortal","floor":36,"gold_loss":0},{"damage_healed":0,"gold_gain":0,"player_choice":"Fight","damage_taken":0,"max_hp_gain":0,"max_hp_loss":0,"event_name":"Mysterious Sphere","floor":47,"gold_loss":0}],"is_beta":false,"boss_relics":[{"not_picked":["Cursed Key","conspire:RoyalGoblet"],"picked":"SlaversCollar"},{"not_picked":[]},{"not_picked":["aspiration:RitualDagger","hubris:GrandSneckoEye"],"picked":"Sozu"},{"not_picked":[]}],"items_purged_floors":[],"is_endless":false,"potions_floor_spawned":[5,13,14,16,23,28,29,35,41,44,46],"ascension_level":0}}