{"host":"mw3dmj42qtkbha4b","time":1612182204,"event":{"mods":["BaseMod","Colored Map","Colored Powertips","DeckTracker","Minty Spire (QoL Compilation)","StSLib","SuperFastMode"],"gold_per_floor":[20,20,20,33,52,52,83,95,118,135,166,166,18,36,36,113,113,141,141,152,152,152],"floor_reached":21,"language":"KOR","playtime":771,"items_purged":[],"score":382,"play_id":"a4311c7f-d471-4ea4-a364-29013c4d9732","local_time":"20210201212324","is_ascension_mode":true,"campfire_choices":[{"floor":6.0,"key":"REST"},{"floor":15.0,"key":"REST"}],"circlet_count":0,"master_deck":["AscendersBane","Strike_P+1","Strike_P","Strike_P+1","Strike_P","Defend_P","Defend_P","Defend_P","Defend_P","Eruption","Vigilance","Apotheosis+1","Judgement","DevaForm","CarveReality+1"],"relics":["PureWater","Whetstone","CeramicFish","Pen Nib","VioletLotus"],"acts_visited":["TheCity"],"potions_floor_usage":[],"damage_taken":[{"damage":24.0,"enemies":"Jaw Worm","floor":1.0,"turns":2.0},{"damage":0.0,"enemies":"2 Louse","floor":4.0,"turns":2.0},{"damage":2.0,"enemies":"Cultist","floor":5.0,"turns":3.0},{"damage":12.0,"enemies":"Lagavulin","floor":7.0,"turns":5.0},{"damage":12.0,"enemies":"Lots of Slimes","floor":8.0,"turns":2.0},{"damage":0.0,"enemies":"Exordium Thugs","floor":10.0,"turns":3.0},{"damage":28.0,"enemies":"3 Sentries","floor":11.0,"turns":6.0},{"damage":0.0,"enemies":"3 Louse","floor":14.0,"turns":3.0},{"damage":15.0,"enemies":"Hexaghost","floor":16.0,"turns":9.0},{"damage":26.0,"enemies":"2 Thieves","floor":18.0,"turns":3.0},{"damage":18.0,"enemies":"Shell Parasite","floor":20.0,"turns":3.0},{"damage":31,"enemies":"Snecko","floor":21,"turns":2}],"seed_played":"3599700413473422363","potions_obtained":[{"floor":8.0,"key":"BlessingOfTheForge"},{"floor":10.0,"key":"SkillPotion"},{"floor":11.0,"key":"SneckoOil"},{"floor":18.0,"key":"PowerPotion"},{"floor":19.0,"key":"Block Potion"},{"floor":19.0,"key":"Strength Potion"}],"is_trial":false,"path_per_floor":["M","?","?","M","M","R","E","M","T","M","E","T","$","M","R","B",null,"M","?","M","M"],"character_chosen":"WATCHER","items_purchased":["DevaForm"],"campfire_rested":2,"item_purchase_floors":[13],"current_hp_per_floor":[37,37,37,37,35,55,43,31,31,31,3,3,3,3,23,8,53,27,27,9,0,0],"gold":152,"neow_bonus":"RANDOM_COLORLESS_2","is_daily":false,"chose_seed":false,"campfire_upgraded":0,"win_rate":0.0,"timestamp":1612182204,"path_taken":["M","?","?","?","?","R","E","M","T","M","E","?","?","M","R","BOSS","M","?","?","M"],"items_purchased_type":["Card"],"build_version":"2020-12-22","purchased_purges":0,"victory":false,"max_hp_per_floor":[68,68,68,68,68,68,68,68,68,68,68,68,68,68,68,68,68,68,68,68,68,68],"card_choices":[{"not_picked":["Mayhem","Secret Weapon"],"picked":"Apotheosis","floor":0.0},{"not_picked":["FollowUp","Meditate","SashWhip"],"picked":"SKIP","floor":1.0},{"not_picked":["ThirdEye","Halt"],"picked":"Judgement","floor":4.0},{"not_picked":["BowlingBash","ForeignInfluence","EmptyBody"],"picked":"SKIP","floor":5.0},{"not_picked":["ThirdEye","EmptyBody","EmptyFist"],"picked":"SKIP","floor":7.0},{"not_picked":["JustLucky","Brilliance","Consecrate"],"picked":"SKIP","floor":8.0},{"not_picked":["Conclude","Tantrum","Meditate"],"picked":"SKIP","floor":10.0},{"not_picked":["SashWhip","ClearTheMind","Conclude"],"picked":"SKIP","floor":11.0},{"not_picked":["ThirdEye","Fasting2","Protect"],"picked":"SKIP","floor":14.0},{"not_picked":["FearNoEvil+1","CutThroughFate"],"picked":"CarveReality+1","floor":18.0},{"not_picked":["Consecrate","InnerPeace","FlurryOfBlows"],"picked":"SKIP","floor":20.0}],"player_experience":1773148,"relics_obtained":[{"floor":7.0,"key":"Whetstone"},{"floor":9.0,"key":"CeramicFish"},{"floor":11.0,"key":"Pen Nib"}],"event_choices":[{"damage_healed":0.0,"max_hp_gain":0.0,"max_hp_loss":0.0,"gold_gain":0.0,"event_name":"Golden Idol","player_choice":"Ignored","floor":2.0,"gold_loss":0.0,"damage_taken":0.0},{"damage_healed":0.0,"max_hp_gain":0.0,"max_hp_loss":0.0,"gold_gain":0.0,"event_name":"Accursed Blacksmith","player_choice":"Forge","floor":3.0,"gold_loss":0.0,"damage_taken":0.0,"cards_upgraded":["Apotheosis"]},{"damage_healed":0.0,"max_hp_gain":0.0,"max_hp_loss":0.0,"gold_gain":0.0,"event_name":"Lab","player_choice":"Got Potions","floor":19.0,"gold_loss":0.0,"damage_taken":0.0}],"is_beta":false,"boss_relics":[{"not_picked":["Calling Bell","Ectoplasm"],"picked":"VioletLotus"}],"items_purged_floors":[],"is_endless":false,"potions_floor_spawned":[8,10,11,18],"killed_by":"Snecko","ascension_level":20}}