{"host":"gk5m6v7zec9neb0j","time":1612158458,"event":{"mods":["AchievementEnabler","AlwaysNeverKeys","BaseMod","BetterRewards","Block Reminder","Minty Spire (QoL Compilation)","Rare Cards Sparkle","Relic Stats","StSLib"],"gold_per_floor":[115,126,126,126,139,139,159,159,212,61,86,66,79,98,98,227,227,245,270,122,122,142,142,175,175,230,249,249,249,263,278,278,404,404,419,443,161,180,180,180,194,194,194,219,219,219,32,45,45,45,45],"floor_reached":50,"language":"ENG","playtime":1687,"items_purged":["Strike_G","Strike_G","Deadly Poison","Poisoned Stab"],"score":608,"play_id":"dce61b76-fdc1-4567-9dad-4a7e89e92f59","local_time":"20210201004738","is_ascension_mode":false,"campfire_choices":[{"floor":6.0,"key":"REST"},{"data":"Noxious Fumes","floor":8.0,"key":"SMITH"},{"floor":15.0,"key":"REST"},{"floor":23.0,"key":"REST"},{"data":"Neutralize","floor":25.0,"key":"SMITH"},{"floor":32,"key":"REST"},{"floor":40,"key":"REST"},{"floor":46,"key":"REST"},{"data":"Footwork","floor":49,"key":"SMITH"}],"circlet_count":0,"master_deck":["Strike_G","Strike_G","Defend_G","Defend_G","Defend_G","Defend_G","Defend_G","Survivor","Neutralize+1","Noxious Fumes+1","Footwork+1","Dagger Throw","Cloak And Dagger","Accuracy+1","Bane","Noxious Fumes","Backflip","Deflect","Blade Dance","Tactician","Calculated Gamble","Backstab+1","Calculated Gamble+1","Accuracy","Escape Plan+1","Blade Dance+1","Blade Dance","Accuracy","Blur+1"],"relics":["Ring of the Snake","Tough Bandages","Golden Idol","Omamori","Orrery","Sozu","PreservedInsect","Nunchaku","Lantern","Pear","HoveringKite","Oddly Smooth Stone","Paper Crane"],"acts_visited":["Exordium","TheCity","TheBeyond"],"potions_floor_usage":[],"damage_taken":[{"damage":0.0,"enemies":"Jaw Worm","floor":1.0,"turns":6.0},{"damage":0.0,"enemies":"2 Louse","floor":2.0,"turns":3.0},{"damage":0.0,"enemies":"Cultist","floor":5.0,"turns":3.0},{"damage":0.0,"enemies":"Looter","floor":7.0,"turns":4.0},{"damage":9.0,"enemies":"Lots of Slimes","floor":11.0,"turns":4.0},{"damage":22.0,"enemies":"Gremlin Gang","floor":13.0,"turns":4.0},{"damage":0.0,"enemies":"3 Louse","floor":14.0,"turns":5.0},{"damage":12.0,"enemies":"Hexaghost","floor":16.0,"turns":9.0},{"damage":4.0,"enemies":"Shell Parasite","floor":18.0,"turns":6.0},{"damage":10.0,"enemies":"Spheric Guardian","floor":19.0,"turns":4.0},{"damage":19.0,"enemies":"Snecko","floor":22.0,"turns":5.0},{"damage":16.0,"enemies":"Gremlin Leader","floor":24.0,"turns":7.0},{"damage":0,"enemies":"3 Cultists","floor":27,"turns":6},{"damage":26,"enemies":"Sentry and Sphere","floor":30,"turns":5},{"damage":4,"enemies":"Snecko","floor":31,"turns":4},{"damage":18,"enemies":"Collector","floor":33,"turns":8},{"damage":11,"enemies":"3 Shapes","floor":35,"turns":5},{"damage":9,"enemies":"Orb Walker","floor":36,"turns":3},{"damage":27,"enemies":"Jaw Worm Horde","floor":38,"turns":3},{"damage":32,"enemies":"Writhing Mass","floor":41,"turns":10},{"damage":7,"enemies":"4 Shapes","floor":44,"turns":6},{"damage":1,"enemies":"Spire Growth","floor":48,"turns":5},{"damage":67,"enemies":"Donu and Deca","floor":50,"turns":6}],"seed_played":"8806141635674971185","potions_obtained":[{"floor":2.0,"key":"EssenceOfSteel"},{"floor":11.0,"key":"Energy Potion"},{"floor":12.0,"key":"CultistPotion"}],"is_trial":false,"path_per_floor":["M","M","?","?","M","R","M","R","T","$","M","?","M","M","R","B",null,"M","M","$","?","M","R","E","R","T","M","T","?","M","M","R","B",null,"M","M","$","M","?","R","M","?","T","M","?","R","$","M","R","B"],"character_chosen":"THE_SILENT","items_purchased":["Noxious Fumes","Poisoned Stab","Footwork","Orrery","PreservedInsect","Oddly Smooth Stone","Accuracy"],"campfire_rested":6,"item_purchase_floors":[0,0,0,10,20,37,47],"current_hp_per_floor":[43,43,26,26,26,47,47,47,47,47,38,38,16,16,37,25,70,66,56,56,56,37,58,42,42,42,42,52,52,26,22,46,28,80,69,60,60,33,33,57,25,45,45,38,38,62,62,61,61,0,0],"gold":45,"neow_bonus":"","is_daily":false,"chose_seed":false,"campfire_upgraded":3,"win_rate":0.0,"timestamp":1612158458,"path_taken":["M","M","?","?","?","R","M","R","T","$","M","?","?","?","R","BOSS","M","M","$","?","?","R","E","R","T","M","?","?","M","M","R","BOSS","M","?","$","M","?","R","M","?","T","M","?","R","$","M","R","BOSS"],"items_purchased_type":["Card","Card","Card","Relic","Relic","Relic","Card"],"build_version":"2020-12-22","purchased_purges":4,"victory":false,"max_hp_per_floor":[70,70,70,70,70,70,70,70,70,70,70,70,70,70,70,70,70,70,70,70,70,70,70,70,70,70,70,80,80,80,80,80,80,80,80,80,80,80,80,80,80,80,80,80,80,80,80,80,80,80,80],"relic_stats":{"Sozu":6,"Tough Bandages":[228],"Nunchaku":[16],"counters":[325,1851],"Golden Idol":123,"HoveringKite":[16],"PreservedInsect":46,"obtain_stats":[{"Ice Cream":7,"Calipers":13,"CeramicFish":0,"HoveringKite":34,"Vajra":43,"Ginger":0,"Whetstone":11,"Bottled Tornado":43,"Blood Vial":17,"Sozu":34,"Centennial Puzzle":6,"Sundial":24,"DollysMirror":4,"Strawberry":26,"Prayer Wheel":38,"Kunai":0,"Toxic Egg 2":28,"Girya":0,"Pear":28,"Happy Flower":13,"Astrolabe":34,"Blue Candle":54,"Oddly Smooth Stone":0,"Eternal Feather":54,"Tingsha":0,"Letter Opener":53,"War Paint":43,"Paper Crane":43,"Question Card":48,"SlaversCollar":17,"Bottled Flame":25,"Shuriken":0,"Bronze Scales":10,"MutagenicStrength":19,"Bird Faced Urn":38,"Molten Egg 2":9,"Black Star":17,"StrikeDummy":27,"Unceasing Top":46,"Meat on the Bone":17,"Pocketwatch":17,"Darkstone Periapt":23,"Regal Pillow":9,"Lantern":45,"Torii":0,"Singing Bowl":43,"Enchiridion":22,"StoneCalendar":42,"Snake Skull":54,"Juzu Bracelet":43,"Ancient Tea Set":4,"Empty Cage":17,"PrismaticShard":53,"Cursed Key":17,"ClockworkSouvenir":20,"Tough Bandages":25,"Nunchaku":31,"Matryoshka":37,"WristBlade":34,"Mummified Hand":30,"Ninja Scroll":0,"Pantograph":12,"Gambling Chip":0,"Tiny Chest":26,"WingedGreaves":17,"Red Mask":47,"Chemical X":37,"InkBottle":54,"Ring of the Snake":0,"Potion Belt":9,"The Specimen":0,"Golden Idol":3,"Thread and Needle":45,"The Courier":26,"PreservedInsect":38,"Omamori":39,"Orichalcum":26,"Medical Kit":37,"MawBank":45,"White Beast Statue":9,"Peace Pipe":9,"Calling Bell":17,"Ornamental Fan":0,"Bloody Idol":31,"Orrery":0,"Turnip":38,"Art of War":17,"Bag of Marbles":43,"Bottled Lightning":43,"Membership Card":36,"Toy Ornithopter":27,"FossilizedHelix":0},{"Ice Cream":11,"Calipers":154,"CeramicFish":172,"HoveringKite":21,"Vajra":91,"Ginger":97,"Whetstone":100,"Bottled Tornado":52,"Blood Vial":129,"Sozu":136,"Centennial Puzzle":278,"Sundial":44,"DollysMirror":123,"Strawberry":107,"Prayer Wheel":138,"Kunai":31,"Toxic Egg 2":108,"Girya":250,"Pear":315,"Happy Flower":12,"Astrolabe":86,"Blue Candle":249,"Oddly Smooth Stone":122,"Eternal Feather":146,"Tingsha":274,"Letter Opener":272,"War Paint":191,"Paper Crane":322,"Question Card":94,"SlaversCollar":231,"Bottled Flame":16,"Shuriken":97,"Bronze Scales":36,"MutagenicStrength":156,"Bird Faced Urn":189,"Molten Egg 2":151,"Black Star":13,"StrikeDummy":17,"Unceasing Top":193,"Meat on the Bone":80,"Pocketwatch":129,"Darkstone Periapt":182,"Regal Pillow":36,"Lantern":269,"Torii":31,"Singing Bowl":116,"Enchiridion":68,"StoneCalendar":217,"Snake Skull":273,"Juzu Bracelet":141,"Ancient Tea Set":2,"Empty Cage":103,"PrismaticShard":272,"Cursed Key":281,"ClockworkSouvenir":41,"Tough Bandages":16,"Nunchaku":85,"Matryoshka":137,"WristBlade":112,"Mummified Hand":110,"Ninja Scroll":172,"Pantograph":11,"Gambling Chip":197,"Tiny Chest":16,"WingedGreaves":80,"Red Mask":54,"Chemical X":22,"InkBottle":57,"Ring of the Snake":0,"Potion Belt":3,"The Specimen":274,"Golden Idol":2,"Thread and Needle":245,"The Courier":183,"PreservedInsect":240,"Omamori":189,"Orichalcum":235,"Medical Kit":188,"MawBank":245,"White Beast Statue":11,"Peace Pipe":62,"Calling Bell":80,"Ornamental Fan":72,"Bloody Idol":161,"Orrery":58,"Turnip":116,"Art of War":80,"Bag of Marbles":267,"Bottled Lightning":24,"Membership Card":163,"Toy Ornithopter":17,"FossilizedHelix":250},{"Ice Cream":57,"Calipers":823,"CeramicFish":996,"HoveringKite":124,"Vajra":558,"Ginger":599,"Whetstone":611,"Bottled Tornado":309,"Blood Vial":722,"Sozu":746,"Centennial Puzzle":1590,"Sundial":249,"DollysMirror":699,"Strawberry":637,"Prayer Wheel":755,"Kunai":183,"Toxic Egg 2":643,"Girya":1462,"Pear":1796,"Happy Flower":68,"Astrolabe":533,"Blue Candle":1454,"Oddly Smooth Stone":696,"Eternal Feather":781,"Tingsha":1567,"Letter Opener":1557,"War Paint":1131,"Paper Crane":1834,"Question Card":574,"SlaversCollar":1359,"Bottled Flame":94,"Shuriken":599,"Bronze Scales":206,"MutagenicStrength":843,"Bird Faced Urn":1121,"Molten Egg 2":801,"Black Star":79,"StrikeDummy":100,"Unceasing Top":1141,"Meat on the Bone":500,"Pocketwatch":722,"Darkstone Periapt":1075,"Regal Pillow":206,"Lantern":1539,"Torii":183,"Singing Bowl":676,"Enchiridion":435,"StoneCalendar":1281,"Snake Skull":1562,"Juzu Bracelet":766,"Ancient Tea Set":5,"Empty Cage":621,"PrismaticShard":1557,"Cursed Key":1617,"ClockworkSouvenir":234,"Tough Bandages":94,"Nunchaku":521,"Matryoshka":750,"WristBlade":661,"Mummified Hand":652,"Ninja Scroll":996,"Pantograph":57,"Gambling Chip":1176,"Tiny Chest":94,"WingedGreaves":500,"Red Mask":329,"Chemical X":129,"InkBottle":364,"Ring of the Snake":0,"Potion Belt":9,"The Specimen":1567,"Golden Idol":5,"Thread and Needle":1436,"The Courier":1085,"PreservedInsect":1411,"Omamori":1121,"Orichalcum":1384,"Medical Kit":1117,"MawBank":1436,"White Beast Statue":57,"Peace Pipe":387,"Calling Bell":500,"Ornamental Fan":459,"Bloody Idol":873,"Orrery":367,"Turnip":676,"Art of War":500,"Bag of Marbles":1530,"Bottled Lightning":139,"Membership Card":899,"Toy Ornithopter":100,"FossilizedHelix":1462}],"Ring of the Snake":[645]},"card_choices":[{"not_picked":["Caltrops","Quick Slash"],"picked":"Dagger Throw","floor":1.0},{"not_picked":["All Out Attack","Skewer"],"picked":"Cloak And Dagger","floor":2.0},{"not_picked":["Dagger Throw","Outmaneuver","Distraction"],"picked":"SKIP","floor":5.0},{"not_picked":["Flying Knee","Prepared"],"picked":"Bane","floor":7.0},{"not_picked":["Bouncing Flask","All Out Attack"],"picked":"Noxious Fumes","floor":10.0},{"not_picked":["Dagger Throw","Expertise"],"picked":"Deadly Poison","floor":10.0},{"not_picked":["Dodge and Roll","Heel Hook"],"picked":"Backflip","floor":10.0},{"not_picked":["After Image","PiercingWail"],"picked":"Poisoned Stab","floor":11.0},{"not_picked":["Predator","Slice","Choke"],"picked":"SKIP","floor":13.0},{"not_picked":["Predator","Outmaneuver"],"picked":"Deflect","floor":14.0},{"not_picked":["Unload","Envenom"],"picked":"Corpse Explosion","floor":16.0},{"not_picked":["Backflip","Blur"],"picked":"Blade Dance","floor":18.0},{"not_picked":["Distraction","Leg Sweep","Outmaneuver+1"],"picked":"SKIP","floor":19.0},{"not_picked":["Dagger Throw","Crippling Poison"],"picked":"Calculated Gamble","floor":22.0},{"not_picked":["Deadly Poison+1","Endless Agony"],"picked":"Backstab+1","floor":24.0},{"not_picked":["Backflip","Eviscerate+1","Quick Slash"],"picked":"SKIP","floor":27},{"not_picked":["Dodge and Roll","Prepared"],"picked":"Calculated Gamble+1","floor":30},{"not_picked":["Poisoned Stab","Slice"],"picked":"Accuracy","floor":31},{"not_picked":["Backflip","Finisher+1"],"picked":"Escape Plan+1","floor":35},{"not_picked":["Expertise","Deadly Poison"],"picked":"Blade Dance+1","floor":36},{"not_picked":["PiercingWail+1","Calculated Gamble+1"],"picked":"Blade Dance","floor":38},{"not_picked":["Bouncing Flask+1","Sucker Punch+1","Dagger Throw+1"],"picked":"SKIP","floor":41},{"not_picked":["Reflex","Masterful Stab","Sucker Punch"],"picked":"SKIP","floor":44},{"not_picked":["Prepared","Deflect"],"picked":"Blur+1","floor":48}],"player_experience":771054,"relics_obtained":[{"floor":9.0,"key":"Omamori"},{"floor":24.0,"key":"Nunchaku"},{"floor":26.0,"key":"Lantern"},{"floor":28,"key":"Pear"},{"floor":43,"key":"Paper Crane"}],"event_choices":[{"damage_healed":0.0,"max_hp_gain":0.0,"max_hp_loss":0.0,"gold_gain":0.0,"event_name":"Golden Idol","player_choice":"Take Damage","floor":3.0,"gold_loss":0.0,"damage_taken":17.0,"relics_obtained":["Golden Idol"]},{"damage_healed":0.0,"max_hp_gain":0.0,"max_hp_loss":0.0,"gold_gain":0.0,"cards_transformed":["Strike_G"],"event_name":"Transmorgrifier","player_choice":"Transformed","floor":4.0,"gold_loss":0.0,"damage_taken":0.0,"cards_obtained":["Accuracy"]},{"damage_healed":0.0,"max_hp_gain":0.0,"max_hp_loss":0.0,"gold_gain":0.0,"event_name":"The Woman in Blue","player_choice":"Bought 1 Potion","floor":12.0,"gold_loss":0.0,"damage_taken":0.0},{"damage_healed":0.0,"max_hp_gain":0.0,"max_hp_loss":0.0,"gold_gain":0.0,"cards_transformed":["Corpse Explosion"],"event_name":"Transmorgrifier","player_choice":"Transformed","floor":21.0,"gold_loss":0.0,"damage_taken":0.0,"cards_obtained":["Tactician"]},{"damage_healed":0,"gold_gain":0,"player_choice":"Forge","damage_taken":0,"max_hp_gain":0,"max_hp_loss":0,"event_name":"Accursed Blacksmith","floor":29,"gold_loss":0,"cards_upgraded":["Accuracy"]},{"damage_healed":0,"gold_gain":0,"player_choice":"Ignored","damage_taken":0,"max_hp_gain":0,"max_hp_loss":0,"event_name":"Tomb of Lord Red Mask","floor":39,"gold_loss":0},{"damage_healed":20,"gold_gain":0,"player_choice":"Writhe","damage_taken":0,"max_hp_gain":0,"max_hp_loss":0,"event_name":"Winding Halls","floor":42,"gold_loss":0,"cards_obtained":["Writhe"]},{"cards_removed":["Poisoned Stab"],"damage_healed":0,"gold_gain":0,"player_choice":"Removed Attack","damage_taken":0,"max_hp_gain":0,"max_hp_loss":0,"event_name":"Falling","floor":45,"gold_loss":0}],"is_beta":false,"boss_relics":[{"not_picked":["Runic Dome","Busted Crown"],"picked":"Sozu"},{"not_picked":["Fusion Hammer","SacredBark"],"picked":"HoveringKite"}],"items_purged_floors":[0,0,37,47],"is_endless":false,"potions_floor_spawned":[2,11,14,22,30,31,33,38,44,48],"killed_by":"Donu and Deca","ascension_level":0}}