{"host":"fdq5pmhluajjrf8d","time":1612213041,"event":{"mods":["BaseMod","Minty Spire (QoL Compilation)"],"gold_per_floor":[116,134,149,199,124,124,141,173,173,173,190,215,37,48,48,48,48],"floor_reached":16,"language":"ENG","playtime":534,"items_purged":[],"score":224,"play_id":"83109d77-55e6-4879-b464-c1d8ed9553f6","local_time":"20210201155721","is_ascension_mode":true,"campfire_choices":[{"data":"Uppercut","floor":6.0,"key":"SMITH"},{"floor":10.0,"key":"REST"},{"floor":15.0,"key":"REST"}],"circlet_count":0,"master_deck":["AscendersBane","Strike_R","Strike_R","Strike_R","Strike_R","Strike_R","Defend_R","Defend_R","Defend_R","Bash","Offering","Sentinel","Uppercut+1","Spot Weakness","Battle Trance","Limit Break+1"],"relics":["Burning Blood","Orichalcum","InkBottle","Toxic Egg 2"],"acts_visited":["Exordium"],"potions_floor_usage":[16],"damage_taken":[{"damage":6.0,"enemies":"Cultist","floor":1.0,"turns":2.0},{"damage":8.0,"enemies":"Small Slimes","floor":2.0,"turns":3.0},{"damage":10.0,"enemies":"Jaw Worm","floor":3.0,"turns":2.0},{"damage":11.0,"enemies":"Red Slaver","floor":7.0,"turns":2.0},{"damage":31.0,"enemies":"Lagavulin","floor":8.0,"turns":7.0},{"damage":10.0,"enemies":"Blue Slaver","floor":11.0,"turns":4.0},{"damage":9.0,"enemies":"Gremlin Nob","floor":12.0,"turns":3.0},{"damage":18.0,"enemies":"Exordium Thugs","floor":14.0,"turns":4.0},{"damage":60,"enemies":"The Guardian","floor":16,"turns":9}],"seed_played":"503368233400069921","potions_obtained":[{"floor":1.0,"key":"BlessingOfTheForge"},{"floor":3.0,"key":"GamblersBrew"},{"floor":7.0,"key":"Energy Potion"},{"floor":14.0,"key":"GamblersBrew"}],"is_trial":false,"path_per_floor":["M","M","M","?","?","R","M","E","T","R","M","E","$","M","R","B"],"character_chosen":"IRONCLAD","items_purchased":["Limit Break+1"],"campfire_rested":2,"item_purchase_floors":[13],"current_hp_per_floor":[68,66,62,62,62,62,57,32,32,54,50,47,47,35,57,0,0],"gold":48,"neow_bonus":"ONE_RANDOM_RARE_CARD","is_daily":false,"chose_seed":false,"campfire_upgraded":1,"win_rate":0.0,"timestamp":1612213041,"path_taken":["M","M","?","?","?","R","M","E","T","R","M","E","$","M","R","BOSS"],"items_purchased_type":["Card"],"build_version":"2020-12-22","purchased_purges":0,"victory":false,"max_hp_per_floor":[75,75,75,75,75,75,75,75,75,75,75,75,75,75,75,75,75],"card_choices":[{"not_picked":["Anger","Cleave"],"picked":"Sentinel","floor":1.0},{"not_picked":["Heavy Blade","Clash"],"picked":"Uppercut","floor":2.0},{"not_picked":["Body Slam","Thunderclap","Dark Embrace"],"picked":"SKIP","floor":3.0},{"not_picked":["True Grit","Metallicize"],"picked":"Spot Weakness","floor":7.0},{"not_picked":["Shrug It Off","Flame Barrier"],"picked":"Battle Trance","floor":8.0},{"not_picked":["Ghostly Armor","Perfected Strike","Anger"],"picked":"SKIP","floor":11.0},{"not_picked":["Pummel","Intimidate+1","Rampage"],"picked":"SKIP","floor":12.0},{"not_picked":["Wild Strike","Clothesline","Heavy Blade"],"picked":"SKIP","floor":14.0}],"player_experience":1963008,"relics_obtained":[{"floor":8.0,"key":"Orichalcum"},{"floor":9.0,"key":"InkBottle"},{"floor":12.0,"key":"Toxic Egg 2"}],"event_choices":[{"damage_healed":0.0,"max_hp_gain":0.0,"max_hp_loss":0.0,"gold_gain":50.0,"event_name":"Golden Wing","player_choice":"Gained Gold","floor":4.0,"gold_loss":0.0,"damage_taken":0.0},{"cards_removed":["Defend_R"],"damage_healed":0.0,"max_hp_gain":0.0,"max_hp_loss":0.0,"gold_gain":0.0,"event_name":"The Cleric","player_choice":"Card Removal","floor":5.0,"gold_loss":75.0,"damage_taken":0.0}],"is_beta":false,"boss_relics":[],"items_purged_floors":[],"is_endless":false,"potions_floor_spawned":[1,3,7,14],"killed_by":"The Guardian","ascension_level":20}}