{"host":"knspyp6dy614fx6e","time":1612157274,"event":{"mods":["ATMod(°¢èªMod)","Aspiration","BaseMod","Better Altar","Better Skull","Better Third Choice","Card Filter","DeckTracker","Dota2Spire","Energized Spire","Jedi Mod","Minty Spire (QoL Compilation)","Quick Restart","Relic Filter Mod","Relic Stats","Reliquary","Shop Mod","Spicy Shops","StSLib","TestMod","Waifu the Spire","¡¾ÒÅÎï¿¨ÅÆ¡¿REMEMod"],"gold_per_floor":[112,4,4,4,4,4,4,4,4,4,4,4,4,4,4,4,4,4,0,0,0,0,0,0,0,0,0,0,0,0,0,0,0,0],"floor_reached":33,"language":"ZHS","playtime":1165,"items_purged":[],"score":498,"play_id":"d18e3429-9c78-4983-87af-cde50b918991","local_time":"20210201132754","is_ascension_mode":true,"campfire_choices":[{"data":"Neutralize","floor":8.0,"key":"SMITH"},{"data":"jedi:pocketpoison","floor":12.0,"key":"SMITH"},{"data":"AT_FocusSwordFire","floor":15.0,"key":"SMITH"},{"data":"Tactician","floor":23.0,"key":"SMITH"},{"data":"Acrobatics","floor":27.0,"key":"SMITH"},{"data":"Blade Dance","floor":32.0,"key":"SMITH"}],"circlet_count":0,"master_deck":["AscendersBane","Strike_G","Strike_G","Strike_G","Strike_G","Defend_G","Defend_G","Defend_G","Defend_G","Defend_G","Survivor","Neutralize+1","Choke","jedi:pocketpoison","REME_GreenPollution","jedi:pocketpoison+1","Flying Knee","Deflect","AT_FocusSwordFire+1","Tactician+1","AT_Desolate","After Image","Blade Dance+1","Quick Slash+1","Acrobatics+1","Footwork","Escape Plan+1"],"relics":["Ring of the Snake","AT_ATBox","testmod-TestBox","REME_ComplimentaryCards","NeowsBlessing","jedi:ominousloannote","Membership Card","MerchantsRug","Centennial Puzzle","reliquary:PrincelyHelmet","Dota2Spire:Vanguard","reliquary:PurpleTingedLeaf","reliquary:Stiletto","Ninja Scroll","Molten Egg 2","testmod-NegativeEmotionEnhancer","testmod-AssaultLearning","jedi:purplefairy","Juzu Bracelet"],"acts_visited":["Exordium","TheCity"],"potions_floor_usage":[33],"damage_taken":[{"damage":0.0,"enemies":"2 Louse","floor":1.0,"turns":1.0},{"damage":0.0,"enemies":"Cultist","floor":4.0,"turns":1.0},{"damage":0.0,"enemies":"3 Sentries","floor":6.0,"turns":1.0},{"damage":0.0,"enemies":"Jaw Worm","floor":7.0,"turns":4.0},{"damage":1.0,"enemies":"Exordium Thugs","floor":10.0,"turns":5.0},{"damage":6.0,"enemies":"Gremlin Nob","floor":11.0,"turns":3.0},{"damage":0.0,"enemies":"3 Louse","floor":13.0,"turns":2.0},{"damage":20.0,"enemies":"Lagavulin","floor":14.0,"turns":7.0},{"damage":16.0,"enemies":"Slime Boss","floor":16.0,"turns":7.0},{"damage":0.0,"enemies":"Spheric Guardian","floor":18.0,"turns":3.0},{"damage":0.0,"enemies":"2 Thieves","floor":19.0,"turns":3.0},{"damage":4.0,"enemies":"Snecko","floor":20.0,"turns":3.0},{"damage":8.0,"enemies":"Snake Plant","floor":22.0,"turns":3.0},{"damage":19.0,"enemies":"Slavers","floor":25.0,"turns":7.0},{"damage":10.0,"enemies":"3 Cultists","floor":28.0,"turns":4.0},{"damage":10.0,"enemies":"Snecko","floor":29.0,"turns":5.0},{"damage":17.0,"enemies":"Book of Stabbing","floor":31.0,"turns":6.0},{"damage":24,"enemies":"Collector","floor":33,"turns":8}],"seed_played":"6071862484459478215","potions_obtained":[{"floor":1.0,"key":"AttackPotion"},{"floor":6.0,"key":"LiquidBronze"},{"floor":13.0,"key":"REME_GoldPotion"},{"floor":28.0,"key":"Dexterity Potion"},{"floor":31.0,"key":"FearPotion"}],"is_trial":false,"path_per_floor":["M","$","?","M","$","E","M","R","T","M","E","R","M","E","R","B",null,"M","M","M","?","M","R","?","E","T","R","M","M","T","E","R","B"],"character_chosen":"THE_SILENT","items_purchased":["jedi:ominousloannote","Membership Card","MerchantsRug","jedi:pocketpoison","Centennial Puzzle","reliquary:PrincelyHelmet","Dota2Spire:Vanguard"],"campfire_rested":0,"item_purchase_floors":[2,2,2,2,2,2,2],"current_hp_per_floor":[63,63,63,63,63,63,64,64,64,65,60,60,60,41,41,27,59,62,65,63,63,58,58,58,45,45,45,40,33,33,19,29,11,11],"gold":0,"neow_bonus":"THREE_ENEMY_KILL","is_daily":false,"chose_seed":false,"campfire_upgraded":6,"win_rate":0.0,"timestamp":1612157274,"path_taken":["M","$","?","?","$","E","M","R","T","M","E","R","M","E","R","BOSS","BOSS","M","M","M","?","M","R","?","E","T","R","M","M","?","E","R","BOSS"],"items_purchased_type":["Relic","Relic","Relic","Card","Relic","Relic","Relic"],"build_version":"2020-12-22","purchased_purges":0,"victory":false,"max_hp_per_floor":[70,70,70,70,70,70,70,70,70,70,70,70,70,70,70,70,70,71,72,73,73,74,74,74,75,75,75,76,77,77,78,78,78,78],"relic_stats":{"Centennial Puzzle":[33],"counters":[18,73],"Juzu Bracelet":0,"obtain_stats":[{"MerchantsRug":2,"AT_ATBox":0,"testmod-TestBox":0,"NeowsBlessing":0,"reliquary:PrincelyHelmet":2,"jedi:purplefairy":30,"Dota2Spire:Vanguard":2,"testmod-NegativeEmotionEnhancer":17,"Juzu Bracelet":31,"Centennial Puzzle":2,"jedi:ominousloannote":2,"Ninja Scroll":11,"testmod-AssaultLearning":25,"Molten Egg 2":14,"reliquary:Stiletto":9,"Membership Card":2,"reliquary:PurpleTingedLeaf":6,"Ring of the Snake":0,"REME_ComplimentaryCards":0},{"MerchantsRug":1,"AT_ATBox":0,"testmod-TestBox":0,"NeowsBlessing":0,"reliquary:PrincelyHelmet":1,"jedi:purplefairy":16,"Dota2Spire:Vanguard":1,"testmod-NegativeEmotionEnhancer":9,"Juzu Bracelet":17,"Centennial Puzzle":1,"jedi:ominousloannote":1,"Ninja Scroll":6,"testmod-AssaultLearning":14,"Molten Egg 2":8,"reliquary:Stiletto":4,"Membership Card":1,"reliquary:PurpleTingedLeaf":3,"Ring of the Snake":0,"REME_ComplimentaryCards":0},{"MerchantsRug":1,"AT_ATBox":0,"testmod-TestBox":0,"NeowsBlessing":0,"reliquary:PrincelyHelmet":1,"jedi:purplefairy":59,"Dota2Spire:Vanguard":1,"testmod-NegativeEmotionEnhancer":31,"Juzu Bracelet":65,"Centennial Puzzle":1,"jedi:ominousloannote":1,"Ninja Scroll":15,"testmod-AssaultLearning":50,"Molten Egg 2":24,"reliquary:Stiletto":7,"Membership Card":1,"reliquary:PurpleTingedLeaf":3,"Ring of the Snake":0,"REME_ComplimentaryCards":0}],"Ring of the Snake":[36]},"card_choices":[{"not_picked":["Endless Agony","Dodge and Roll"],"picked":"Choke","floor":1.0},{"not_picked":["Deadly Poison","Sucker Punch"],"picked":"jedi:pocketpoison","floor":4.0},{"not_picked":["Leg Sweep","Dash"],"picked":"Flying Knee","floor":6.0},{"not_picked":["Prepared","Dagger Spray"],"picked":"Deflect","floor":7.0},{"not_picked":["Dodge and Roll","Bouncing Flask"],"picked":"AT_FocusSwordFire","floor":10.0},{"not_picked":["PiercingWail","Catalyst"],"picked":"Tactician","floor":11.0},{"not_picked":["Footwork","Riddle With Holes"],"picked":"AT_Desolate","floor":13.0},{"not_picked":["Dagger Spray+1","Slice+1","Sucker Punch+1"],"picked":"SKIP","floor":14.0},{"not_picked":["Storm of Steel","jedi:rejectivetoxin"],"picked":"After Image","floor":16.0},{"not_picked":["Prepared","REME_GreenPollution"],"picked":"Blade Dance","floor":18.0},{"not_picked":["Outmaneuver","Flying Knee+1"],"picked":"Quick Slash+1","floor":19.0},{"not_picked":["Cloak And Dagger","Flying Knee+1"],"picked":"Acrobatics","floor":20.0},{"not_picked":["Grand Finale+1","Dodge and Roll","REME_ShadowStrike+1"],"picked":"SKIP","floor":22.0},{"not_picked":["Prepared","Heel Hook+1","AT_Desolate"],"picked":"SKIP","floor":25.0},{"not_picked":["jedi:unstablefumes+1","Endless Agony+1","Outmaneuver"],"picked":"SKIP","floor":28.0},{"not_picked":["Caltrops","Underhanded Strike+1"],"picked":"Escape Plan+1","floor":29.0},{"not_picked":["Predator+1","AT_WomanClash+1","Dagger Spray+1"],"picked":"SKIP","floor":31.0}],"player_experience":278978,"relics_obtained":[{"floor":6.0,"key":"reliquary:PurpleTingedLeaf"},{"floor":9.0,"key":"reliquary:Stiletto"},{"floor":11.0,"key":"Ninja Scroll"},{"floor":14.0,"key":"Molten Egg 2"},{"floor":25.0,"key":"testmod-AssaultLearning"},{"floor":30.0,"key":"jedi:purplefairy"},{"floor":31.0,"key":"Juzu Bracelet"}],"event_choices":[{"damage_healed":0.0,"max_hp_gain":0.0,"max_hp_loss":0.0,"gold_gain":0.0,"cards_transformed":["Strike_G"],"event_name":"Transmorgrifier","player_choice":"Transformed","floor":3.0,"gold_loss":0.0,"damage_taken":0.0,"cards_obtained":["REME_GreenPollution"]},{"damage_healed":0.0,"max_hp_gain":0.0,"max_hp_loss":0.0,"gold_gain":0.0,"event_name":"The Library","player_choice":"Read","floor":21.0,"gold_loss":0.0,"damage_taken":0.0,"cards_obtained":["Footwork"]},{"damage_healed":0.0,"max_hp_gain":0.0,"max_hp_loss":0.0,"gold_gain":0.0,"event_name":"Vampires","player_choice":"Ignored","floor":24.0,"gold_loss":0.0,"damage_taken":0.0}],"is_beta":false,"boss_relics":[{"not_picked":["testmod-BloodSacrificeSpiritualization","Empty Cage"],"picked":"testmod-NegativeEmotionEnhancer"}],"items_purged_floors":[],"is_endless":false,"potions_floor_spawned":[1,6,13,28,31],"killed_by":"Collector","ascension_level":10}}