{"host":"x5w9zppki4gdwvc7","time":1612216762,"event":{"mods":["AchievementEnabler","BaseMod","Colored Powertips","DeckTracker","Minty Spire (QoL Compilation)","Relic Sorter","SuperFastMode"],"gold_per_floor":[115,65,65,78,78,78,112,112,112,112,59,59,29,49,49,148,148,164,182,193,193,205,205,205,205,229,244,244,244],"floor_reached":28,"language":"ENG","playtime":1348,"items_purged":[],"score":273,"play_id":"25dca101-4d71-4ba5-843b-be8f903ec128","local_time":"20210201225922","is_ascension_mode":true,"campfire_choices":[{"data":"Streamline","floor":6,"key":"SMITH"},{"floor":8,"key":"REST"},{"data":"Zap","floor":10,"key":"SMITH"},{"data":"Cold Snap","floor":12,"key":"SMITH"},{"data":"Darkness","floor":15,"key":"SMITH"},{"floor":23,"key":"REST"}],"circlet_count":0,"master_deck":["Defend_B","Defend_B+1","Defend_B","Defend_B","Zap+1","Dualcast+1","Streamline+1","Cold Snap+1","Sweeping Beam","Darkness+1","Leap","Defragment","Bite","Bite","Bite","Bite","Bite","Defragment+1","Writhe","Normality","Recycle+1"],"relics":["Black Star","Shuriken","Centennial Puzzle","Blue Candle","War Paint","Cursed Key","Dream Catcher","MutagenicStrength","Bag of Preparation"],"acts_visited":["Exordium","TheCity"],"potions_floor_usage":[16,22],"damage_taken":[{"damage":8,"enemies":"2 Louse","floor":1,"turns":3},{"damage":5,"enemies":"Jaw Worm","floor":4,"turns":5},{"damage":40,"enemies":"Gremlin Nob","floor":7,"turns":4},{"damage":0,"enemies":"Small Slimes","floor":14,"turns":3},{"damage":17,"enemies":"Hexaghost","floor":16,"turns":8},{"damage":18,"enemies":"2 Thieves","floor":18,"turns":3},{"damage":17,"enemies":"Shell Parasite","floor":19,"turns":6},{"damage":10,"enemies":"Chosen and Byrds","floor":20,"turns":4},{"damage":37,"enemies":"Shelled Parasite and Fungi","floor":22,"turns":6},{"damage":25,"enemies":"Centurion and Healer","floor":27,"turns":6},{"damage":23,"enemies":"Snecko","floor":28,"turns":3}],"seed_played":"5822406868800220992","potions_obtained":[{"floor":1,"key":"Fire Potion"},{"floor":13,"key":"Energy Potion"},{"floor":13,"key":"PowerPotion"},{"floor":18,"key":"ColorlessPotion"},{"floor":20,"key":"Dexterity Potion"}],"is_trial":false,"path_per_floor":["M","?","$","M","T","R","E","R","T","R","$","R","?","M","R","B",null,"M","M","M","?","M","R","?","?","T","M","M"],"character_chosen":"DEFECT","items_purchased":["Sweeping Beam"],"campfire_rested":2,"item_purchase_floors":[11],"current_hp_per_floor":[67,67,67,62,62,62,22,44,44,44,44,44,44,44,44,27,75,57,40,30,30,3,18,18,18,18,5,0,0],"gold":244,"neow_bonus":"BOSS_RELIC","is_daily":false,"chose_seed":false,"campfire_upgraded":4,"win_rate":0.0,"timestamp":1612216762,"path_taken":["M","?","$","M","?","R","E","R","T","R","$","R","?","M","R","BOSS","M","?","M","?","M","R","?","?","T","M","M"],"items_purchased_type":["Card"],"build_version":"2020-12-22","purchased_purges":0,"victory":false,"max_hp_per_floor":[75,75,75,75,75,75,75,75,75,75,75,75,75,75,75,75,75,75,75,75,52,52,52,52,52,52,52,52,52],"card_choices":[{"not_picked":["White Noise","Ball Lightning","Turbo"],"picked":"SKIP","floor":1},{"not_picked":["Reprogram","Steam Power"],"picked":"Streamline","floor":4},{"not_picked":["Doom and Gloom","Stack"],"picked":"Cold Snap","floor":7},{"not_picked":["Auto Shields","Barrage"],"picked":"Darkness","floor":14},{"not_picked":["Loop","Hologram"],"picked":"Leap","floor":18},{"not_picked":["Hologram","Rebound+1"],"picked":"Defragment","floor":19},{"not_picked":["Streamline","Barrage","Ball Lightning"],"picked":"SKIP","floor":20},{"not_picked":["Conserve Battery+1","Stack+1"],"picked":"Defragment+1","floor":22},{"not_picked":["Aggregate","Buffer"],"picked":"Recycle+1","floor":27}],"player_experience":398726,"relics_obtained":[{"floor":5,"key":"Shuriken"},{"floor":7,"key":"Centennial Puzzle"},{"floor":7,"key":"Blue Candle"},{"floor":9,"key":"War Paint"},{"floor":26,"key":"Bag of Preparation"}],"event_choices":[{"cards_removed":["Strike_B"],"damage_healed":0,"gold_gain":0,"player_choice":"Card Removal","damage_taken":0,"max_hp_gain":0,"max_hp_loss":0,"event_name":"The Cleric","floor":2,"gold_loss":50},{"damage_healed":0,"gold_gain":0,"player_choice":"Bought 2 Potions","damage_taken":0,"max_hp_gain":0,"max_hp_loss":0,"event_name":"The Woman in Blue","floor":13,"gold_loss":0},{"damage_healed":0,"gold_gain":0,"player_choice":"Became a vampire","damage_taken":0,"max_hp_gain":0,"max_hp_loss":23,"event_name":"Vampires","floor":21,"gold_loss":0,"cards_obtained":["Bite","Bite","Bite","Bite","Bite"]},{"damage_healed":0,"gold_gain":0,"player_choice":"Opened","damage_taken":0,"relics_obtained":["Dream Catcher"],"max_hp_gain":0,"max_hp_loss":0,"event_name":"The Mausoleum","floor":24,"gold_loss":0,"cards_obtained":["Writhe"]},{"damage_healed":0,"gold_gain":0,"player_choice":"Inject Mutagens","damage_taken":0,"relics_obtained":["MutagenicStrength"],"max_hp_gain":0,"max_hp_loss":0,"event_name":"Drug Dealer","floor":25,"gold_loss":0}],"is_beta":false,"boss_relics":[{"not_picked":["Sozu","Philosopher\u0027s Stone"],"picked":"Cursed Key"}],"items_purged_floors":[],"is_endless":false,"potions_floor_spawned":[1,18,19,20],"killed_by":"Snecko","ascension_level":3}}