{"host":"exyz3r55z4kt6m9o","time":1612180078,"event":{"mods":["100% Spire Juice","2.2 Compatiblity","AchievementEnabler","Aspiration","BaseMod","Better Altar","Better Match","Better Note","Better Sensory Stone","Better Skull","Better Third Choice","BetterRewards","Colored Powertips","Energized Spire","Friendly Minions","GifTheSpireLib","Infinite Spire","Ironclad Rager","Jorbs\u0027s Wanderer Trilogy","Luminous","Marisa????????","Minty Spire (QoL Compilation)","Permanent Neow","Rare Cards Sparkle","Reimu??????","Relic Filter","Reliquary","Replay The Spire","Spicy Shops","StSLib","The Bladedancer","The Blue Laboratory","The Gatherer","The Hayseed","The Mystic","The Runesmith","TheSurvivalist","Treasure Hunter","Wandering Minibosses","yUi"],"gold_per_floor":[220,230,248,248,263,263,297,314,314,314,314,326,91,102,102,202,202,217,92,110,110,129,129,129,129],"floor_reached":24,"language":"ENG","playtime":662,"items_purged":["Strike_R","Strike_R","Strike_R"],"score":320,"play_id":"f0a59d82-8729-48e2-bf0a-06c4111c60e4","local_time":"20210201064758","is_ascension_mode":true,"campfire_choices":[{"floor":6,"key":"REST"},{"data":"TH:ElvenBoots","floor":11,"key":"SMITH"},{"data":"Rampage","floor":15,"key":"SMITH"},{"floor":23,"key":"REST"}],"circlet_count":0,"master_deck":["AscendersBane","Strike_R","Strike_R","Defend_R","Defend_R","Defend_R+1","Defend_R","Bash","Thunderclap+1","Cleave","Rampage+1","Cleave","TH:ElvenBoots+1","Shame","TH:CursedSword","Cleave","Mayhem"],"relics":["Burning Blood","Mastiff:ReiMu","Du-Vu Doll","Replay:Baseball","aspiration:PoetsPen_weak"],"acts_visited":["Exordium","TheCity"],"potions_floor_usage":[7,7,16],"damage_taken":[{"damage":14,"enemies":"Cultist","floor":1,"turns":5},{"damage":7,"enemies":"Jaw Worm","floor":2,"turns":3},{"damage":15,"enemies":"Small Slimes","floor":3,"turns":4},{"damage":11,"enemies":"Blue Slaver","floor":5,"turns":4},{"damage":30,"enemies":"Gremlin Nob","floor":7,"turns":5},{"damage":9,"enemies":"Exordium Wildlife","floor":8,"turns":4},{"damage":22,"enemies":"Red Slaver","floor":12,"turns":5},{"damage":0,"enemies":"Lots of Slimes","floor":14,"turns":1},{"damage":46,"enemies":"Slime Boss","floor":16,"turns":8},{"damage":19,"enemies":"Shell Parasite","floor":18,"turns":3},{"damage":27,"enemies":"3 Byrds","floor":20,"turns":4},{"damage":31,"enemies":"Snecko","floor":22,"turns":5},{"damage":32,"enemies":"Replay:Snechameleon","floor":24,"turns":5}],"seed_played":"-475970232129802855","potions_obtained":[{"floor":2,"key":"FearPotion"},{"floor":7,"key":"BloodPotion"},{"floor":8,"key":"Weak Potion"},{"floor":20,"key":"blueLaboratory:AbyssPotion"}],"is_trial":false,"path_per_floor":["M","M","M","?","M","R","E","M","T","?","R","M","$","M","R","B",null,"M","$","M","?","M","R","E"],"character_chosen":"IRONCLAD","items_purchased":["Replay:Baseball"],"campfire_rested":2,"item_purchase_floors":[13],"current_hp_per_floor":[64,63,54,38,33,57,49,46,46,72,72,56,56,62,62,22,66,53,53,32,32,7,31,0,0],"gold":129,"neow_bonus":"HUNDRED_GOLD","is_daily":false,"chose_seed":false,"campfire_upgraded":2,"win_rate":0.0,"timestamp":1612180078,"path_taken":["M","M","?","?","M","R","E","M","T","?","R","M","?","M","R","BOSS","M","$","M","?","M","R","E"],"items_purchased_type":["Relic"],"build_version":"2020-12-22","purchased_purges":3,"victory":false,"max_hp_per_floor":[80,80,80,80,80,80,80,80,80,80,80,80,80,80,80,80,80,80,80,80,80,80,80,80,80],"card_choices":[{"not_picked":["Headbutt","Body Slam"],"picked":"Thunderclap","floor":1},{"not_picked":["Run Through","Hemokinesis"],"picked":"Cleave","floor":2},{"not_picked":["Heavy Blade","Havoc","Blood for Blood"],"picked":"SKIP","floor":3},{"not_picked":["Flex","ReplayTheSpireMod:Strike From Hell"],"picked":"Rampage","floor":5},{"not_picked":["TH:Mimic","TH:PixieDust"],"picked":"SKIP","floor":7},{"not_picked":["Sentinel","Havoc","Clothesline"],"picked":"SKIP","floor":7},{"not_picked":["Spot Weakness","ReplayTheSpireMod:Strike From Hell"],"picked":"Cleave","floor":8},{"not_picked":["TH:TreasureMap"],"picked":"TH:ElvenBoots","floor":9},{"not_picked":["Blood for Blood","Seeing Red","Immolate"],"picked":"SKIP","floor":12},{"not_picked":["Rage","Dual Wield","Flex"],"picked":"SKIP","floor":14},{"not_picked":["TH:TreasureMap"],"picked":"TH:CursedSword","floor":16},{"not_picked":["Warcry","Thunderclap"],"picked":"Cleave","floor":18},{"not_picked":["Pommel Strike","Wild Strike","Heavy Blade"],"picked":"SKIP","floor":20},{"not_picked":["Clothesline","Headbutt","Wild Strike"],"picked":"SKIP","floor":22}],"player_experience":704083,"relics_obtained":[{"floor":7,"key":"Mastiff:ReiMu"},{"floor":9,"key":"Du-Vu Doll"}],"event_choices":[{"damage_healed":54,"gold_gain":0,"player_choice":"Upgrade","damage_taken":16,"max_hp_gain":0,"max_hp_loss":80,"event_name":"betterThird:BetterShining","floor":4,"gold_loss":0,"cards_upgraded":["Thunderclap","Defend_R"]},{"damage_healed":26,"gold_gain":0,"player_choice":"Banana","damage_taken":0,"max_hp_gain":0,"max_hp_loss":0,"event_name":"Big Fish","floor":10,"gold_loss":0},{"cards_removed":["Rampage"],"damage_healed":0,"gold_gain":0,"player_choice":"Take \u0026 Give","damage_taken":0,"max_hp_gain":0,"max_hp_loss":0,"event_name":"betterNote:BetterNote","floor":21,"gold_loss":0,"cards_obtained":["Mayhem"]}],"is_beta":false,"boss_relics":[{"not_picked":["energizedSpire:DecayingSkull","reliquary:Craggleroot"],"picked":"aspiration:PoetsPen_weak"}],"items_purged_floors":[13,13,19],"is_endless":false,"potions_floor_spawned":[2,7,8,20],"killed_by":"Replay:Snechameleon","ascension_level":12}}