{"host":"fuszjwm6fqgjjp4d","time":1612157374,"event":{"mods":["BaseMod","Bestiary","Colored Map","DeckTracker","Minty Spire (QoL Compilation)","Permanent Neow","Relic Sorter","Relic Stats","StSLib"],"gold_per_floor":[159,223,262,262,28,69,69,69,142,201,242,313,353,353,353,444,444,452,476,476,476,476,476,476],"floor_reached":23,"language":"ENG","playtime":605,"items_purged":["Strike_G"],"score":414,"play_id":"91fa24b3-14f0-484b-b932-df960592be7d","local_time":"20210131232934","is_ascension_mode":true,"campfire_choices":[{"data":"HandOfGreed","floor":8,"key":"SMITH"},{"data":"1","floor":15,"key":"LIFT"}],"circlet_count":0,"master_deck":["AscendersBane","Strike_G","Defend_G","Defend_G","Defend_G","Defend_G","Defend_G","Survivor","Neutralize","HandOfGreed+1","Noxious Fumes","Quick Slash","Caltrops","Backflip","Dash","Flying Knee","Terror","Corpse Explosion","Cloak And Dagger","Prepared","Infinite Blades"],"relics":["Ring of the Snake","Golden Idol","FossilizedHelix","Matryoshka","Happy Flower","Girya","Black Star","Vajra","Centennial Puzzle"],"acts_visited":["Exordium","TheCity"],"potions_floor_usage":[3,6,10,18,23],"damage_taken":[{"damage":11,"enemies":"Small Slimes","floor":1,"turns":5},{"damage":0,"enemies":"Jaw Worm","floor":3,"turns":2},{"damage":14,"enemies":"Lagavulin","floor":6,"turns":8},{"damage":6,"enemies":"3 Sentries","floor":10,"turns":8},{"damage":0,"enemies":"Cultist","floor":11,"turns":3},{"damage":1,"enemies":"Exordium Wildlife","floor":12,"turns":5},{"damage":5,"enemies":"Lagavulin","floor":13,"turns":6},{"damage":12,"enemies":"Hexaghost","floor":16,"turns":10},{"damage":0,"enemies":"2 Thieves","floor":18,"turns":4},{"damage":37,"enemies":"Chosen","floor":19,"turns":6},{"damage":10,"enemies":"Slavers","floor":23,"turns":1}],"seed_played":"-2675165171312606231","potions_obtained":[{"floor":1,"key":"BlessingOfTheForge"},{"floor":6,"key":"PowerPotion"},{"floor":11,"key":"Weak Potion"},{"floor":12,"key":"Weak Potion"},{"floor":19,"key":"FearPotion"}],"is_trial":false,"path_per_floor":["M","?","M","?","$","E","?","R","T","E","M","M","E","?","R","B",null,"M","M","?","?","T","E"],"character_chosen":"THE_SILENT","items_purchased":["Caltrops","Backflip","Block Potion"],"campfire_rested":0,"item_purchase_floors":[5,5,5],"current_hp_per_floor":[48,48,48,48,48,34,34,34,34,28,28,27,22,22,22,10,43,43,6,6,6,6,0,0],"gold":476,"neow_bonus":"RANDOM_COLORLESS_2","is_daily":false,"chose_seed":false,"campfire_upgraded":1,"win_rate":0.0,"timestamp":1612157374,"path_taken":["M","?","M","?","$","E","?","R","T","E","M","M","E","?","R","BOSS","M","M","?","?","?","E"],"items_purchased_type":["Card","Card","Potion"],"build_version":"2020-12-22","purchased_purges":1,"victory":false,"max_hp_per_floor":[60,60,60,54,54,54,54,54,54,54,54,54,54,54,54,54,54,54,54,54,54,54,54,54],"relic_stats":{"Centennial Puzzle":[0],"Happy Flower":[11],"counters":[11,58],"Golden Idol":58,"Black Star":0,"obtain_stats":[{"Girya":13,"Centennial Puzzle":22,"Matryoshka":9,"Happy Flower":10,"Golden Idol":4,"Vajra":22,"Black Star":17,"FossilizedHelix":6,"Ring of the Snake":0},{"Girya":7,"Centennial Puzzle":10,"Matryoshka":3,"Happy Flower":4,"Golden Idol":2,"Vajra":10,"Black Star":8,"FossilizedHelix":3,"Ring of the Snake":0},{"Girya":37,"Centennial Puzzle":57,"Matryoshka":15,"Happy Flower":23,"Golden Idol":7,"Vajra":57,"Black Star":47,"FossilizedHelix":15,"Ring of the Snake":0}],"Ring of the Snake":[22]},"card_choices":[{"not_picked":["Thinking Ahead","Apotheosis"],"picked":"HandOfGreed","floor":0},{"not_picked":["Dodge and Roll","Underhanded Strike"],"picked":"Noxious Fumes","floor":1},{"not_picked":["Bouncing Flask","Prepared"],"picked":"Quick Slash","floor":3},{"not_picked":["Crippling Poison","All Out Attack"],"picked":"Dash","floor":6},{"not_picked":["Flying Knee","Slice","Setup"],"picked":"SKIP","floor":10},{"not_picked":["Dodge and Roll","Dagger Throw","Flying Knee"],"picked":"SKIP","floor":11},{"not_picked":["Dodge and Roll","Dagger Throw"],"picked":"Flying Knee","floor":11},{"not_picked":["Deflect","Slice","Bane"],"picked":"SKIP","floor":12},{"not_picked":["Dagger Spray","Endless Agony"],"picked":"Terror","floor":13},{"not_picked":["Unload","Tools of the Trade"],"picked":"Corpse Explosion","floor":16},{"not_picked":["Dodge and Roll","Bouncing Flask","Deadly Poison"],"picked":"SKIP","floor":18},{"not_picked":["Dagger Spray","Phantasmal Killer"],"picked":"Cloak And Dagger","floor":19}],"player_experience":1412433,"relics_obtained":[{"floor":6,"key":"FossilizedHelix"},{"floor":9,"key":"Matryoshka"},{"floor":10,"key":"Happy Flower"},{"floor":13,"key":"Girya"},{"floor":22,"key":"Vajra"},{"floor":22,"key":"Centennial Puzzle"}],"event_choices":[{"damage_healed":0,"gold_gain":64,"player_choice":"Gained Gold","damage_taken":0,"max_hp_gain":0,"max_hp_loss":0,"event_name":"Golden Wing","floor":2,"gold_loss":0},{"damage_healed":0,"gold_gain":0,"player_choice":"Lose Max HP","damage_taken":0,"relics_obtained":["Golden Idol"],"max_hp_gain":0,"max_hp_loss":6,"event_name":"Golden Idol","floor":4,"gold_loss":0},{"damage_healed":0,"gold_gain":0,"player_choice":"Ignored","damage_taken":0,"max_hp_gain":0,"max_hp_loss":0,"event_name":"Liars Game","floor":7,"gold_loss":0},{"cards_removed":["Strike_G"],"damage_healed":0,"gold_gain":0,"player_choice":"Offered Basic","damage_taken":0,"max_hp_gain":0,"max_hp_loss":0,"event_name":"Bonfire Elementals","floor":14,"gold_loss":0},{"damage_healed":0,"gold_gain":0,"cards_transformed":["Strike_G","Strike_G"],"player_choice":"Became Test Subject","damage_taken":0,"max_hp_gain":0,"max_hp_loss":0,"event_name":"Drug Dealer","floor":20,"gold_loss":0,"cards_obtained":["Prepared","Infinite Blades"]},{"damage_healed":0,"gold_gain":0,"player_choice":"Ignored","damage_taken":0,"max_hp_gain":0,"max_hp_loss":0,"event_name":"Cursed Tome","floor":21,"gold_loss":0}],"is_beta":false,"boss_relics":[{"not_picked":["Empty Cage","Snecko Eye"],"picked":"Black Star"}],"items_purged_floors":[5],"is_endless":false,"potions_floor_spawned":[1,6,11,12,13,19],"killed_by":"Slavers","ascension_level":20}}