{"host":"hcg2wesxzfo46upw","time":1612221084,"event":{"mods":["2.2 Compatiblity","AchievementEnabler","Act Like it!","Aspiration","BaseMod","Beaked The Cultist","Better Altar","Better Match","Better Note","Better Sensory Stone","Better Skull","Better Third Choice","ChefMod","Clockwork Mod","Conspire","Downfall","Elementarium","Gensokyo","GifTheSpireLib","Glutton Mod","Hubris","Infinite Spire","Jedi Mod","Mad Scientist","Minty Spire (QoL Compilation)","Pale of the Ancients","Reliquary","Replay The Spire","Shade Mod","Spicy Shops","Spikes Relics","StSLib","Stuff the Spire","The Blackbeard","The Bug Knight","The Construct","The Cursed","The Death Knight","The Disciple","The Edgeheg","The Jungle","The Necromancer","The Runesmith","Wandering Minibosses"],"gold_per_floor":[111,9,19,19,39,39,39,39,39,49,75,167,197,229,229,329,329,344,355,355,0,0,28,28,60,111,124,140,140,140,152,152,254,254,266,279,279,297,367,367,396,396,465,482,496,513,525,537,537,537,555,780,105,105,105,105,105,132,132,132],"floor_reached":61,"language":"ENG","playtime":5439,"items_purged":["Shade:Strike_Shade","Shade:Defend_Shade"],"score":1340,"play_id":"aac93dbd-476f-48a7-80f2-6344d754ac7b","local_time":"20210202001124","is_ascension_mode":false,"campfire_choices":[{"data":"Shade:FreshBones","floor":6,"key":"SMITH"},{"data":"Shade:Carnophage","floor":8,"key":"SMITH"},{"floor":15,"key":"DIG"},{"data":"Shade:UnbarTheGrave","floor":24,"key":"SMITH"},{"data":"Shade:LichForm","floor":29,"key":"SMITH"},{"data":"Shade:GreaterAnimation","floor":32,"key":"SMITH"},{"data":"Shade:DarkOfNight","floor":40,"key":"SMITH"},{"data":"infinitespire:FutureSight","floor":42,"key":"SMITH"},{"floor":49,"key":"REST"},{"data":"Shade:Coordination","floor":55,"key":"SMITH"},{"data":"Shade:Consume","floor":57,"key":"SMITH"}],"circlet_count":0,"master_deck":["Shade:Strike_Shade","Shade:Strike_Shade","Shade:Strike_Shade","Shade:Defend_Shade+1","Shade:Defend_Shade","Shade:Defend_Shade","Shade:AnimateDead+1","Shade:CarefulCut","Shade:FleshToFlesh","Shade:AncientSpear+1","Shade:FreshBones+1","Shade:Carnophage+1","Shade:GraveStillness","Shade:PoundOfFlesh","Shade:SanguineRitual","Shade:WallOfFlesh","Shade:FuneraryJewels","Shade:GreaterAnimation+1","Shade:LichForm+1","Shade:GraveStillness","Shade:FeralStrike","Shade:LastGasp","Shade:ExtraLimbs","Shade:UnbarTheGrave+1","Shade:FuneraryArmor+1","Shade:FuneraryJewels","Shade:FreshBones+1","Shade:Bonestorm+1","Shade:DarkOfNight+1","Shade:Bonestorm+1","Shade:FingerOfDeath","Amnesia","Shade:AnimateDead","Shade:Consume+1","ReplayTheSpireMod:Private Reserves","infinitespire:FutureSight+1","Shade:FreshBones+1","Shade:SoulToxin+1","Shade:SensePrey+1","Shade:SensePrey+1","Shade:Coordination+1","Shade:AncientSpear+1","Shade:Frenzy+1","Shade:AblativeArmor+1","Shade:Bonestorm+1","Shade:SpectralStrikes"],"relics":["Shade:YorickPolishedSkull","NeowsBlessing","SnailShell","StoneCalendar","ReplayTheSpireMod:Lightbulb","Blood Vial","reliquary:TatteredRug","aspiration:HummingbirdHeart","Garlic","Runesmith:AutoHammer","Pen Nib","War Paint","aspiration:MobileForge","StuffTheSpire:OldFever","ReplayTheSpireMod:SealedPack","Bottled Lightning","infinitespire:CheckeredPen","paleoftheancients:Timepiece","Ice Cream","Spirit Poop","paleoftheancients:SoulOfTheShowman","wanderingMiniBosses:LockLocket","Letter Opener","aspiration:FetidBarrel","HornCleat","hubris:SlimyHat"],"acts_visited":["Exordium","TheCity","TheBeyond","TheBeyond"],"potions_floor_usage":[25,33,39,41,47,50,50,50],"damage_taken":[{"damage":0,"enemies":"Cultist","floor":1,"turns":1},{"damage":0,"enemies":"2 Louse","floor":3,"turns":1},{"damage":0,"enemies":"conspire:RoseBush","floor":5,"turns":1},{"damage":0,"enemies":"2 Fungi Beasts","floor":10,"turns":2},{"damage":0,"enemies":"Lagavulin","floor":11,"turns":7},{"damage":8,"enemies":"Gremlin Gang","floor":12,"turns":7},{"damage":2,"enemies":"3 Sentries","floor":13,"turns":7},{"damage":2,"enemies":"conspire:MimicChest","floor":14,"turns":7},{"damage":2,"enemies":"Fading Forest","floor":16,"turns":11},{"damage":2,"enemies":"Shell Parasite","floor":18,"turns":5},{"damage":0,"enemies":"conspire:FuzzyDice","floor":19,"turns":3},{"damage":11,"enemies":"HollowMod:Nosk","floor":23,"turns":6},{"damage":13,"enemies":"Shelled Parasite and Fungi","floor":25,"turns":5},{"damage":0,"enemies":"3 Cultists","floor":27,"turns":5},{"damage":0,"enemies":"conspire:HollyBat","floor":28,"turns":6},{"damage":0,"enemies":"Cultist and Chosen","floor":31,"turns":4},{"damage":2,"enemies":"Champ","floor":33,"turns":6},{"damage":2,"enemies":"3 Shapes","floor":35,"turns":2},{"damage":2,"enemies":"3 Darklings","floor":36,"turns":2},{"damage":6,"enemies":"Jaw Worm Horde","floor":38,"turns":2},{"damage":21,"enemies":"Transient","floor":39,"turns":5},{"damage":0,"enemies":"beaked:SuperParasite","floor":41,"turns":5},{"damage":0,"enemies":"4 Shapes","floor":44,"turns":3},{"damage":0,"enemies":"Sphere and 2 Shapes","floor":45,"turns":2},{"damage":0,"enemies":"3 Darklings","floor":46,"turns":2},{"damage":34,"enemies":"HollowMod:SlobberingHusk","floor":47,"turns":6},{"damage":11,"enemies":"Spire Growth","floor":48,"turns":4},{"damage":0,"enemies":"Replay:Hell Engine","floor":50,"turns":8},{"damage":43,"enemies":"Replay:Hell Engine","floor":51,"turns":5},{"damage":4,"enemies":"Replay:Hell Engine","floor":52,"turns":3},{"damage":540,"enemies":"Replay:Hell Engine","floor":56,"turns":5},{"damage":18,"enemies":"paleoftheancients:N","floor":60,"turns":5}],"seed_played":"326501241377720709","potions_obtained":[{"floor":3,"key":"Cursed Concoction"},{"floor":12,"key":"Languid Potion"},{"floor":13,"key":"SpeedPotion"},{"floor":16,"key":"Explosive Potion"},{"floor":25,"key":"GamblersBrew"},{"floor":27,"key":"Ancient Potion"},{"floor":28,"key":"EssenceOfSteel"},{"floor":33,"key":"Elixir"},{"floor":39,"key":"Weak Potion"},{"floor":41,"key":"conspire:TimeTravelPotion"},{"floor":47,"key":"SpeedPotion"},{"floor":51,"key":"Block Potion"}],"is_trial":false,"path_per_floor":["M","$","M","?","M","R","?","R","T","M","E","M","E","?","R","B",null,"M","M","?","$","?","E","R","M","T","M","M","R","?","M","R","B",null,"M","M","AVR","M","M","R","E","R","T","M","M","M","M","M","R","B","M","M","$","T","R","M","R","T","?","B",null],"character_chosen":"SHADE","items_purchased":["Shade:AncientSpear+1","Shade:FreshBones","Shade:LastGasp","Garlic","Shade:ExtraLimbs","Letter Opener","aspiration:FetidBarrel","PowerPotion"],"campfire_rested":1,"item_purchase_floors":[2,2,21,21,21,53,53,53],"current_hp_per_floor":[65,65,65,65,65,65,65,65,65,65,65,57,55,55,55,55,65,63,65,65,65,59,50,50,39,39,41,43,43,28,30,30,30,65,63,63,63,59,40,40,42,42,42,44,46,48,40,31,50,65,44,54,54,54,54,65,65,65,65,56],"gold":132,"neow_bonus":"THREE_ENEMY_KILL","is_daily":false,"chose_seed":false,"campfire_upgraded":9,"win_rate":0.0,"timestamp":1612221084,"path_taken":["M","$","?","?","?","R","?","R","T","M","E","?","E","?","R","BOSS","M","M","?","$","?","E","R","M","T","M","?","R","?","M","R","BOSS","M","M","AVR","?","M","R","E","R","T","M","M","M","?","M","R","BOSS","M","M","?","T","R","M","R","T","?","BOSS"],"items_purchased_type":["Card","Card","Card","Relic","Card","Relic","Relic","Potion"],"build_version":"2020-12-22","purchased_purges":2,"victory":true,"max_hp_per_floor":[65,65,65,65,65,65,65,65,65,65,65,65,65,65,65,65,65,65,65,65,65,65,65,65,65,65,65,65,65,65,65,65,65,65,65,65,65,65,65,65,65,65,65,65,65,65,65,65,65,65,65,65,65,65,65,65,65,65,65,65],"card_choices":[{"not_picked":["Shade:CallOfTheGrave","Shade:FreshBones"],"picked":"Shade:FleshToFlesh","floor":1},{"not_picked":["Shade:AncientSpear","Shade:GraveStillness"],"picked":"Shade:Carnophage","floor":3},{"not_picked":["Shade:GreyBargain","Shade:DangerousRitual"],"picked":"Shade:GraveStillness","floor":5},{"not_picked":["Shade:StitchTogether","Shade:Haruspicy"],"picked":"Shade:PoundOfFlesh","floor":10},{"not_picked":["Shade:GreyBargain","Shade:FuneraryArmor"],"picked":"Shade:SanguineRitual","floor":11},{"not_picked":["Shade:GraveStillness","Shade:PoundOfFlesh"],"picked":"Shade:WallOfFlesh","floor":12},{"not_picked":["Shade:RavenousHorde","Shade:BoneShards"],"picked":"Shade:FuneraryJewels","floor":13},{"not_picked":["Shade:Patience","Shade:DangerousRitual"],"picked":"Shade:GreaterAnimation","floor":14},{"not_picked":["Shade:OneIsEnough","Shade:Tombstone"],"picked":"Shade:LichForm","floor":16},{"not_picked":["Shade:ExtraLimbs+1","Shade:ClawBack+1"],"picked":"Shade:GraveStillness","floor":18},{"not_picked":["Shade:CoffinDance+1","Shade:Patience"],"picked":"Shade:FeralStrike","floor":19},{"not_picked":["Shade:WallOfFlesh","Shade:CommandSoldier"],"picked":"Shade:UnbarTheGrave","floor":23},{"not_picked":["Shade:ExtraLimbs+1","Shade:BoneShards"],"picked":"Shade:FuneraryArmor+1","floor":25},{"not_picked":["Shade:AblativeArmor+1","Shade:SkeletonArmy"],"picked":"Shade:FuneraryJewels","floor":27},{"not_picked":["Shade:Brains+1","Shade:LastGasp"],"picked":"Shade:FreshBones+1","floor":28},{"not_picked":["Shade:FingerOfDeath+1","Shade:GreyBargain"],"picked":"Shade:Bonestorm+1","floor":31},{"not_picked":["Shade:Tombstone","Shade:OminousRitual"],"picked":"Shade:DarkOfNight","floor":33},{"not_picked":["Shade:Premonition+1","Shade:GraveStillness"],"picked":"Shade:Bonestorm+1","floor":35},{"not_picked":["Shade:FuneraryArmor","Shade:FleshToFlesh+1"],"picked":"Shade:FingerOfDeath","floor":36},{"not_picked":["theEdgeheg:GatherChaos","Clockwork:Tinker"],"picked":"Shade:AnimateDead","floor":37},{"not_picked":["Shade:DarkOfNight","Shade:LoseControl"],"picked":"Shade:Consume","floor":37},{"not_picked":["StuffTheSpire:FreeRealEstate","theEdgeheg:TurboChaos"],"picked":"ReplayTheSpireMod:Private Reserves","floor":37},{"not_picked":["infinitespire:SealOfDarkness+","infinitespire:Fortify"],"picked":"infinitespire:FutureSight","floor":37},{"not_picked":["Shade:FleshToFlesh+1","Shade:RitualOffering+1"],"picked":"Shade:FreshBones+1","floor":38},{"not_picked":["Shade:SkeletonHug","Shade:Bonestorm"],"picked":"Shade:SoulToxin+1","floor":39},{"not_picked":["Shade:FeralStrike+1","Shade:BoneShards+1"],"picked":"Shade:SensePrey+1","floor":41},{"not_picked":["Shade:ClawBack+1","Shade:FuneraryArmor"],"picked":"Shade:SensePrey+1","floor":44},{"not_picked":["Shade:GraveStillness","Shade:Carnophage"],"picked":"Shade:Coordination","floor":45},{"not_picked":["Shade:GreyBargain+1","Shade:FuneraryArmor+1"],"picked":"Shade:AncientSpear+1","floor":46},{"not_picked":["Shade:ExtraLimbs","Shade:SensePrey+1"],"picked":"Shade:Frenzy+1","floor":47},{"not_picked":["Shade:FingerOfDeath","Shade:Consume"],"picked":"Shade:AblativeArmor+1","floor":48},{"not_picked":["Shade:GraveStillness","Shade:SkeletonHug"],"picked":"Shade:Bonestorm+1","floor":51},{"not_picked":["Shade:Asphyxiate","Shade:FuneraryJewels"],"picked":"Shade:SpectralStrikes","floor":52}],"player_experience":244098,"relics_obtained":[{"floor":9,"key":"StoneCalendar"},{"floor":11,"key":"ReplayTheSpireMod:Lightbulb"},{"floor":13,"key":"Blood Vial"},{"floor":14,"key":"reliquary:TatteredRug"},{"floor":15,"key":"aspiration:HummingbirdHeart"},{"floor":23,"key":"Runesmith:AutoHammer"},{"floor":26,"key":"Pen Nib"},{"floor":41,"key":"Bottled Lightning"},{"floor":43,"key":"infinitespire:CheckeredPen"},{"floor":51,"key":"paleoftheancients:SoulOfTheShowman"},{"floor":52,"key":"wanderingMiniBosses:LockLocket"},{"floor":54,"key":"HornCleat"},{"floor":58,"key":"hubris:SlimyHat"}],"event_choices":[{"damage_healed":0,"gold_gain":0,"player_choice":"Gave Potion","damage_taken":0,"relics_obtained":["SnailShell"],"max_hp_gain":0,"max_hp_loss":0,"event_name":"WeMeetAgain","floor":4,"gold_loss":0},{"damage_healed":0,"gold_gain":0,"player_choice":"Full Heal","damage_taken":0,"max_hp_gain":0,"max_hp_loss":0,"event_name":"Wheel of Change","floor":7,"gold_loss":0},{"cards_removed":["Shade:Defend_Shade"],"damage_healed":0,"gold_gain":0,"player_choice":"Give","damage_taken":0,"max_hp_gain":0,"max_hp_loss":0,"event_name":"betterNote:BetterNote","floor":20,"gold_loss":0,"cards_obtained":["Bash"]},{"damage_healed":0,"gold_gain":0,"player_choice":"Damaged","damage_taken":6,"max_hp_gain":0,"max_hp_loss":0,"event_name":"Wheel of Change","floor":22,"gold_loss":0}],"is_beta":false,"boss_relics":[{"not_picked":["Runic Dome","hubris:RunicObelisk"],"picked":"Shade:YorickPolishedSkull"},{"not_picked":["jedi:battlestandard","Velvet Choker"],"picked":"aspiration:MobileForge"}],"items_purged_floors":[37,53],"is_endless":false,"potions_floor_spawned":[3,12,13,16,25,27,28,33,39,41,47,51],"ascension_level":0}}