{"host":"cfv8orgc8997ql4r","time":1612209406,"event":{"mods":["AchievementEnabler","BaseMod","DeckTracker","Keyboard Shortcuts","Minty Spire (QoL Compilation)"],"gold_per_floor":[118,130,55,55,55,90,109,141,141,141,167,67,87,33,33,33,33],"floor_reached":16,"language":"KOR","playtime":349,"items_purged":["Defend_R","Defend_R"],"score":130,"play_id":"2752a647-4dc1-4ec1-b44e-dc601528a761","local_time":"20210202045646","is_ascension_mode":true,"campfire_choices":[{"floor":15,"key":"REST"}],"circlet_count":0,"master_deck":["Strike_R","Strike_R","Strike_R","Strike_R","Strike_R","Defend_R","Bash","Flex","Pummel","Perfected Strike","Wild Strike","Armaments","Flex"],"relics":["Burning Blood","White Beast Statue","Singing Bowl","Question Card","Ornamental Fan","Odd Mushroom"],"acts_visited":["Exordium"],"potions_floor_usage":[8,16],"damage_taken":[{"damage":1,"enemies":"2 Louse","floor":1,"turns":3},{"damage":12,"enemies":"Jaw Worm","floor":2,"turns":3},{"damage":45,"enemies":"3 Sentries","floor":6,"turns":7},{"damage":0,"enemies":"Small Slimes","floor":7,"turns":2},{"damage":27,"enemies":"Lagavulin","floor":8,"turns":4},{"damage":15,"enemies":"The Mushroom Lair","floor":11,"turns":3},{"damage":12,"enemies":"2 Fungi Beasts","floor":13,"turns":3},{"damage":33,"enemies":"Slime Boss","floor":16,"turns":5}],"seed_played":"8452262531409380259","potions_obtained":[{"floor":1,"key":"BlessingOfTheForge"},{"floor":6,"key":"Energy Potion"},{"floor":7,"key":"Swift Potion"},{"floor":8,"key":"FairyPotion"},{"floor":11,"key":"DuplicationPotion"}],"is_trial":false,"path_per_floor":["M","M","$","?","?","E","M","E","T","?","?","$","M","$","R","B"],"character_chosen":"IRONCLAD","items_purchased":["Flex"],"campfire_rested":1,"item_purchase_floors":[14],"current_hp_per_floor":[80,74,74,67,64,25,31,12,12,39,32,32,28,28,53,20,20],"gold":33,"neow_bonus":"THREE_CARDS","is_daily":false,"chose_seed":false,"campfire_upgraded":0,"win_rate":0.0,"timestamp":1612209406,"path_taken":["M","M","$","?","?","E","M","E","T","?","?","$","M","$","R","BOSS"],"items_purchased_type":["Card"],"build_version":"2020-12-22","purchased_purges":2,"victory":false,"max_hp_per_floor":[80,80,80,80,80,80,80,82,82,82,84,84,86,86,86,86,86],"card_choices":[{"not_picked":["Searing Blow","Warcry"],"picked":"Flex","floor":0},{"not_picked":["Evolve","Power Through"],"picked":"Pummel","floor":1},{"not_picked":["Flex","Warcry"],"picked":"Perfected Strike","floor":2},{"not_picked":["Heavy Blade","Thunderclap"],"picked":"Wild Strike","floor":6},{"not_picked":["Twin Strike","Spot Weakness"],"picked":"Armaments","floor":7},{"not_picked":["Clothesline","Twin Strike","Power Through"],"picked":"Singing Bowl","floor":8},{"not_picked":["Body Slam","Pommel Strike","Entrench","Iron Wave"],"picked":"Singing Bowl","floor":11},{"not_picked":["Rampage","Clash","Blood for Blood","Iron Wave"],"picked":"Singing Bowl","floor":13}],"player_experience":190633,"relics_obtained":[{"floor":6,"key":"Singing Bowl"},{"floor":8,"key":"Question Card"},{"floor":9,"key":"Ornamental Fan"},{"floor":11,"key":"Odd Mushroom"}],"event_choices":[{"cards_removed":["Defend_R"],"damage_healed":0,"gold_gain":0,"player_choice":"Card Removal","damage_taken":7,"max_hp_gain":0,"max_hp_loss":0,"event_name":"Golden Wing","floor":4,"gold_loss":0},{"damage_healed":0,"gold_gain":0,"player_choice":"Success","damage_taken":3,"relics_obtained":["White Beast Statue"],"max_hp_gain":0,"max_hp_loss":0,"event_name":"Scrap Ooze","floor":5,"gold_loss":0},{"damage_healed":27,"gold_gain":0,"player_choice":"Banana","damage_taken":0,"max_hp_gain":0,"max_hp_loss":0,"event_name":"Big Fish","floor":10,"gold_loss":0},{"damage_healed":0,"gold_gain":0,"player_choice":"Fought Mushrooms","damage_taken":0,"max_hp_gain":0,"max_hp_loss":0,"event_name":"Mushrooms","floor":11,"gold_loss":0}],"is_beta":false,"boss_relics":[],"items_purged_floors":[3,12],"is_endless":false,"potions_floor_spawned":[1,6,7,8,11,13],"killed_by":"Slime Boss","ascension_level":4}}