{"host":"skr63qsdfgeey3it","time":1612220587,"event":{"mods":["BaseMod","Colored Map","Hubris","Minty Spire (QoL Compilation)","Replay The Spire","Spicy Shops","StSLib"],"gold_per_floor":[117,117,14,32,52,81,109,109,133,167,14,37,49,78,90,197,209,231,64,64,80,94,129,129,158,183,194,213,213,231,231,231,336,336,350,366,366,366],"floor_reached":37,"language":"ENG","playtime":1484,"items_purged":["Amnesia"],"score":649,"play_id":"4a06eea3-1663-4616-8e65-6b7de7e4a5a9","local_time":"20210201170307","is_ascension_mode":true,"campfire_choices":[{"data":"Zap","floor":8,"key":"SMITH"},{"data":"Loop","floor":13,"key":"SMITH"},{"data":"hubris:PowerSurge","floor":15,"key":"SMITH"},{"data":"hubris:Prefetch","floor":24,"key":"SMITH"},{"floor":29,"key":"REST"},{"floor":32,"key":"REST"}],"circlet_count":0,"master_deck":["AscendersBane","Strike_B","Strike_B","Strike_B","Strike_B","Defend_B","Defend_B","Defend_B","Defend_B","Zap+1","Dualcast","Lockon","Storm","Storm","Doom and Gloom","Conserve Battery","Panic Button","Redo","Glacier","Heatsinks","Loop+1","Storm","Specialist","hubris:PowerSurge+1","Fission","Ball Lightning","Apotheosis+1","Defragment","Static Discharge+1","hubris:Prefetch+1","BasicCrystalCard","Thunder Strike","hubris:PowerSurge"],"relics":["Cracked Core","NeowsBlessing","ReplayTheSpireMod:CursedCoin","MealTicket","Girya","Art of War","hubris:AstralHammer","MawBank","Painkiller Herb","hubris:SoftwareUpdate","Sundial","Geode","hubris:CrackedHourglass"],"acts_visited":["Exordium","TheCity","TheBeyond"],"potions_floor_usage":[6,16,25,25,33,35],"damage_taken":[{"damage":0,"enemies":"Small Slimes","floor":1,"turns":1},{"damage":0,"enemies":"Cultist","floor":4,"turns":1},{"damage":0,"enemies":"Jaw Worm","floor":5,"turns":1},{"damage":16,"enemies":"3 Sentries","floor":6,"turns":6},{"damage":24,"enemies":"Lagavulin","floor":10,"turns":5},{"damage":6,"enemies":"Lots of Slimes","floor":14,"turns":2},{"damage":3,"enemies":"Fading Forest","floor":16,"turns":11},{"damage":5,"enemies":"Shell Parasite","floor":18,"turns":4},{"damage":0,"enemies":"Spheric Guardian","floor":21,"turns":3},{"damage":7,"enemies":"Snake Plant","floor":22,"turns":3},{"damage":23,"enemies":"Gremlin Leader","floor":23,"turns":4},{"damage":35,"enemies":"Slavers","floor":25,"turns":3},{"damage":5,"enemies":"Chosen and Byrds","floor":27,"turns":3},{"damage":4,"enemies":"Snecko","floor":28,"turns":4},{"damage":20,"enemies":"Shelled Parasite and Fungi","floor":30,"turns":3},{"damage":26,"enemies":"Collector","floor":33,"turns":6},{"damage":15,"enemies":"Orb Walker","floor":35,"turns":3},{"damage":32,"enemies":"3 Shapes","floor":36,"turns":4},{"damage":26,"enemies":"3 Darklings","floor":37,"turns":2}],"seed_played":"-2643661168783558254","potions_obtained":[{"floor":4,"key":"Block Potion"},{"floor":14,"key":"LiquidBronze"},{"floor":21,"key":"BlessingOfTheForge"},{"floor":23,"key":"Milkshake"},{"floor":30,"key":"Swift Potion"},{"floor":33,"key":"Regen Potion"},{"floor":36,"key":"Fire Potion"}],"is_trial":false,"path_per_floor":["M","?","$","M","M","E","?","R","T","E","$","T","R","M","R","B",null,"?","T","?","?","?","E","T","E","T","?","?","T","?","?","T","B",null,"?","?","?"],"character_chosen":"DEFECT","items_purchased":["ReplayTheSpireMod:CursedCoin","Storm","Doom and Gloom","Conserve Battery","Storm","Specialist","Apotheosis"],"campfire_rested":2,"item_purchase_floors":[3,3,3,3,11,11,19],"current_hp_per_floor":[68,68,68,68,68,52,52,52,52,28,43,43,43,37,37,42,67,62,75,75,75,68,45,45,10,10,5,1,23,3,28,50,24,62,56,24,0,0],"gold":366,"neow_bonus":"THREE_ENEMY_KILL","is_daily":false,"chose_seed":false,"campfire_upgraded":4,"win_rate":0.0,"timestamp":1612220587,"path_taken":["M","?","?","M","?","E","?","R","T","E","$","?","R","M","R","BOSS","?","T","?","?","?","E","T","E","T","?","?","T","?","?","T","BOSS","?","?","?"],"items_purchased_type":["Relic","Card","Card","Card","Card","Card","Card"],"build_version":"2020-12-22","purchased_purges":1,"victory":false,"max_hp_per_floor":[75,75,75,75,75,75,75,75,75,75,75,75,75,75,75,75,75,75,75,75,75,75,75,75,75,75,75,75,75,75,75,75,75,75,75,75,75,75],"card_choices":[{"not_picked":["Redo","Steam"],"picked":"Lockon","floor":1},{"not_picked":["Blizzard","Rebound"],"picked":"Panic Button","floor":4},{"not_picked":["Lockon","Barrage"],"picked":"Redo","floor":5},{"not_picked":["Fusion","Panic Button"],"picked":"Glacier","floor":6},{"not_picked":["Multi-Cast","BasicCrystalCard"],"picked":"Heatsinks","floor":7},{"not_picked":["ReplayTheSpireMod:GoodbyeWorld","Core Surge"],"picked":"Loop","floor":10},{"not_picked":["Lockon","Doom and Gloom"],"picked":"hubris:PowerSurge","floor":14},{"not_picked":["Multi-Cast","Meteor Strike"],"picked":"Fission","floor":16},{"not_picked":["Stack","Cold Snap"],"picked":"Ball Lightning","floor":18},{"not_picked":["BasicCrystalCard+1","FTL+1"],"picked":"Defragment","floor":21},{"not_picked":["Streamline","BasicCrystalCard"],"picked":"Static Discharge+1","floor":22},{"not_picked":["Panic Button","Compile Driver+1"],"picked":"hubris:Prefetch","floor":23},{"not_picked":["Genetic Algorithm","Panic Button","hubris:Prefetch"],"picked":"SKIP","floor":25},{"not_picked":["Beam Cell","Ball Lightning","Barrage"],"picked":"SKIP","floor":27},{"not_picked":["ReplayTheSpireMod:System Scan","Go for the Eyes+1"],"picked":"BasicCrystalCard","floor":28},{"not_picked":["ReplayTheSpireMod:System Scan","Beam Cell","Hologram"],"picked":"SKIP","floor":30},{"not_picked":["ReplayRNGCard","Electrodynamics"],"picked":"Thunder Strike","floor":33},{"not_picked":["Beam Cell+1","Reprogram","BasicCrystalCard"],"picked":"SKIP","floor":35},{"not_picked":["Recycle+1","Leap"],"picked":"hubris:PowerSurge","floor":36}],"player_experience":846206,"relics_obtained":[{"floor":6,"key":"MealTicket"},{"floor":7,"key":"Girya"},{"floor":9,"key":"Art of War"},{"floor":10,"key":"hubris:AstralHammer"},{"floor":12,"key":"MawBank"},{"floor":23,"key":"hubris:SoftwareUpdate"},{"floor":25,"key":"Sundial"},{"floor":26,"key":"Geode"}],"event_choices":[{"damage_healed":0,"gold_gain":0,"player_choice":"Bought 0 Potions","damage_taken":0,"max_hp_gain":0,"max_hp_loss":0,"event_name":"The Woman in Blue","floor":2,"gold_loss":0},{"damage_healed":25,"gold_gain":0,"player_choice":"Heal","damage_taken":0,"max_hp_gain":0,"max_hp_loss":0,"event_name":"The Library","floor":31,"gold_loss":0}],"is_beta":false,"boss_relics":[{"not_picked":["hubris:GrandSneckoEye","Kintsugi"],"picked":"Painkiller Herb"},{"not_picked":["hubris:BlackHole","hubris:HollowSoul"],"picked":"hubris:CrackedHourglass"}],"items_purged_floors":[3],"is_endless":false,"potions_floor_spawned":[4,14,16,21,23,30,33,36],"killed_by":"3 Darklings","ascension_level":11}}