{"host":"soyfmymeou4emntr","time":1612213463,"event":{"mods":["BaseMod","BetterRewards","Minty Spire (QoL Compilation)","Relic Sorter","Relic Stats","StSLib"],"gold_per_floor":[111,126,141,158,178,178,188,222,222,222,107,138,65,83,83,160,160,174,194,109,109,109,109,137,137,137,60,74,104,118,150,162,249,261,285,311,323,346,373,411,423,72,72,72,105,115,115,135,135,135,135,135],"floor_reached":51,"language":"ENG","playtime":4489,"items_purged":["Strike_G"],"score":1558,"play_id":"e9da7032-abe9-4412-acac-1a3b49341849","local_time":"20210201140423","is_ascension_mode":true,"campfire_choices":[{"data":"Dagger Spray","floor":6.0,"key":"SMITH"},{"data":"Cloak And Dagger","floor":10.0,"key":"SMITH"},{"floor":15.0,"key":"REST"},{"data":"Wraith Form v2","floor":23.0,"key":"SMITH"},{"data":"Wraith Form v2","floor":25.0,"key":"SMITH"},{"data":"Cloak And Dagger","floor":32,"key":"SMITH"},{"floor":44,"key":"RECALL"},{"data":"Cloak And Dagger","floor":47,"key":"SMITH"},{"data":"Burst","floor":49,"key":"SMITH"}],"circlet_count":0,"master_deck":["AscendersBane","Defend_G","Defend_G","Defend_G","Defend_G","Defend_G","Survivor","Neutralize","Quick Slash","Dagger Spray+1","Cloak And Dagger+1","Bouncing Flask","Deadly Poison","Cloak And Dagger+1","Cloak And Dagger+1","Backstab","Wraith Form v2+1","Dash","Wraith Form v2+1","Finisher","Blade Dance","Bite","Bite","Bite","Bite","Bite","Blade Dance","Infinite Blades+1","Dash+1","Caltrops+1","Blade Dance","Bullet Time","Dodge and Roll+1","Neutralize+1","Burst+1","Noxious Fumes+1","Parasite","Noxious Fumes+1","Acrobatics"],"relics":["Ring of the Snake","NeowsBlessing","Shuriken","Pear","Eternal Feather","SlaversCollar","Frozen Egg 2","Enchiridion","Molten Egg 2","Mango","Orichalcum","MawBank","Cursed Key","Potion Belt","White Beast Statue","Pantograph"],"acts_visited":["Exordium","TheCity","TheBeyond"],"potions_floor_usage":[38,39,40,46,50,51,51,51],"damage_taken":[{"damage":0.0,"enemies":"Jaw Worm","floor":1.0,"turns":1.0},{"damage":0.0,"enemies":"Small Slimes","floor":2.0,"turns":1.0},{"damage":0.0,"enemies":"2 Louse","floor":3.0,"turns":1.0},{"damage":2.0,"enemies":"Large Slime","floor":4.0,"turns":5.0},{"damage":5.0,"enemies":"Red Slaver","floor":5.0,"turns":3.0},{"damage":0.0,"enemies":"Looter","floor":7.0,"turns":3.0},{"damage":21.0,"enemies":"Lagavulin","floor":8.0,"turns":6.0},{"damage":36.0,"enemies":"Gremlin Nob","floor":12.0,"turns":4.0},{"damage":1.0,"enemies":"Large Slime","floor":14.0,"turns":4.0},{"damage":20.0,"enemies":"Hexaghost","floor":16.0,"turns":11.0},{"damage":21.0,"enemies":"3 Byrds","floor":18.0,"turns":7.0},{"damage":3.0,"enemies":"Spheric Guardian","floor":19.0,"turns":5.0},{"damage":16.0,"enemies":"Slavers","floor":24.0,"turns":7.0},{"damage":2.0,"enemies":"Snecko","floor":28.0,"turns":3.0},{"damage":6.0,"enemies":"Gremlin Leader","floor":29.0,"turns":5.0},{"damage":16,"enemies":"Sentry and Sphere","floor":30,"turns":5},{"damage":0,"enemies":"Book of Stabbing","floor":31,"turns":4},{"damage":26,"enemies":"Champ","floor":33,"turns":10},{"damage":0,"enemies":"Orb Walker","floor":35,"turns":2},{"damage":4,"enemies":"3 Darklings","floor":36,"turns":5},{"damage":13,"enemies":"Spire Growth","floor":38,"turns":6},{"damage":27,"enemies":"Writhing Mass","floor":39,"turns":7},{"damage":1,"enemies":"Nemesis","floor":40,"turns":5},{"damage":11,"enemies":"Giant Head","floor":45,"turns":7},{"damage":31,"enemies":"Maw","floor":46,"turns":6},{"damage":32,"enemies":"Spire Growth","floor":48,"turns":8},{"damage":59,"enemies":"Awakened One","floor":50,"turns":11},{"damage":61,"enemies":"Time Eater","floor":51,"turns":5}],"seed_played":"2959821702300392290","potions_obtained":[{"floor":2.0,"key":"BlessingOfTheForge"},{"floor":7.0,"key":"Strength Potion"},{"floor":8.0,"key":"DuplicationPotion"},{"floor":16.0,"key":"Dexterity Potion"},{"floor":28.0,"key":"GamblersBrew"},{"floor":31,"key":"Regen Potion"},{"floor":38,"key":"Regen Potion"},{"floor":39,"key":"Weak Potion"},{"floor":40,"key":"LiquidBronze"},{"floor":45,"key":"Block Potion"},{"floor":46,"key":"SpeedPotion"},{"floor":48,"key":"Swift Potion"}],"is_trial":false,"path_per_floor":["M","M","M","M","M","R","M","E","T","R","$","E","?","M","R","B",null,"M","M","?","?","?","R","E","R","T","$","M","E","M","E","R","B",null,"M","M","?","M","M","E","?","$","T","R","E","M","R","M","R","B","B"],"character_chosen":"THE_SILENT","items_purchased":["Backstab","Infinite Blades+1","White Beast Statue","Noxious Fumes+1"],"campfire_rested":1,"item_purchase_floors":[11,27,42,42],"current_hp_per_floor":[59,59,59,57,52,52,52,31,41,41,41,5,5,4,38,18,62,41,38,38,38,17,32,28,43,57,57,59,59,51,57,67,49,63,65,65,65,67,58,61,61,61,61,67,58,37,58,36,57,18,0,0],"gold":135,"neow_bonus":"THREE_ENEMY_KILL","is_daily":false,"chose_seed":false,"campfire_upgraded":7,"win_rate":0.0,"timestamp":1612213463,"path_taken":["M","M","M","M","M","R","M","E","T","R","$","E","?","M","R","BOSS","M","M","?","?","?","R","E","R","T","$","M","E","M","E","R","BOSS","M","M","?","?","M","E","?","$","T","R","E","M","R","M","R","BOSS","BOSS"],"items_purchased_type":["Card","Card","Relic","Card"],"build_version":"2020-12-22","purchased_purges":1,"victory":false,"max_hp_per_floor":[66,66,66,66,66,66,66,66,76,76,76,76,76,76,76,76,76,76,76,76,53,53,53,53,53,67,67,67,67,67,67,67,67,67,67,67,67,67,67,67,67,67,67,67,67,67,67,67,67,67,67,67],"relic_stats":{"counters":[28,147],"Shuriken":[118],"Pantograph":35,"Eternal Feather":100,"Orichalcum":[126],"MawBank":132,"Cursed Key":1,"obtain_stats":[{"Potion Belt":40,"Pear":9,"NeowsBlessing":0,"Enchiridion":22,"Eternal Feather":12,"Mango":26,"Frozen Egg 2":20,"Orichalcum":29,"MawBank":31,"Cursed Key":34,"White Beast Statue":42,"SlaversCollar":17,"Shuriken":8,"Pantograph":45,"Molten Egg 2":24,"Ring of the Snake":0},{"Potion Belt":23,"Pear":7,"NeowsBlessing":0,"Enchiridion":12,"Eternal Feather":8,"Mango":13,"Frozen Egg 2":12,"Orichalcum":15,"MawBank":17,"Cursed Key":18,"White Beast Statue":23,"SlaversCollar":10,"Shuriken":7,"Pantograph":24,"Molten Egg 2":13,"Ring of the Snake":0},{"Potion Belt":110,"Pear":20,"NeowsBlessing":0,"Enchiridion":51,"Eternal Feather":24,"Mango":58,"Frozen Egg 2":51,"Orichalcum":66,"MawBank":75,"Cursed Key":85,"White Beast Statue":110,"SlaversCollar":39,"Shuriken":20,"Pantograph":117,"Molten Egg 2":58,"Ring of the Snake":0}],"Ring of the Snake":[56]},"card_choices":[{"not_picked":["Bane","Deadly Poison"],"picked":"Quick Slash","floor":1.0},{"not_picked":["Setup","Poisoned Stab"],"picked":"Dagger Spray","floor":2.0},{"not_picked":["Underhanded Strike","Slice"],"picked":"Cloak And Dagger","floor":3.0},{"not_picked":["Grand Finale","Deadly Poison"],"picked":"Bouncing Flask","floor":4.0},{"not_picked":["Prepared","Dodge and Roll"],"picked":"Deadly Poison","floor":5.0},{"not_picked":["Dash","Deflect"],"picked":"Cloak And Dagger","floor":7.0},{"not_picked":["Deflect","Dagger Throw"],"picked":"Cloak And Dagger","floor":8.0},{"not_picked":["Riddle With Holes","Catalyst"],"picked":"Wraith Form v2","floor":12.0},{"not_picked":["Bane","Catalyst"],"picked":"Dash","floor":14.0},{"not_picked":["Grand Finale","Malaise"],"picked":"Wraith Form v2","floor":16.0},{"not_picked":["Cloak And Dagger","Underhanded Strike"],"picked":"Finisher","floor":18.0},{"not_picked":["Sucker Punch","Poisoned Stab"],"picked":"Blade Dance","floor":19.0},{"not_picked":["Acrobatics","Deflect"],"picked":"Blade Dance","floor":24.0},{"not_picked":["Outmaneuver","Sucker Punch+1","Quick Slash+1"],"picked":"SKIP","floor":28.0},{"not_picked":["All Out Attack+1","Skewer+1"],"picked":"Dash+1","floor":29.0},{"not_picked":["Outmaneuver","Acrobatics"],"picked":"Caltrops+1","floor":30},{"not_picked":["Underhanded Strike+1","Grand Finale+1"],"picked":"Blade Dance","floor":31},{"not_picked":["Burst","Corpse Explosion"],"picked":"Bullet Time","floor":33},{"not_picked":["Tactician","Outmaneuver","Prepared"],"picked":"SKIP","floor":35},{"not_picked":["Outmaneuver+1","Deflect"],"picked":"Dodge and Roll+1","floor":36},{"not_picked":["Dagger Throw+1","Deadly Poison","Flying Knee+1"],"picked":"SKIP","floor":38},{"not_picked":["Sucker Punch+1","Poisoned Stab+1"],"picked":"Burst","floor":39},{"not_picked":["Slice+1","Deflect+1","Dagger Spray+1"],"picked":"SKIP","floor":40},{"not_picked":["Setup","Flying Knee+1","Grand Finale+1"],"picked":"SKIP","floor":45},{"not_picked":["Acrobatics","Tactician+1"],"picked":"Noxious Fumes+1","floor":46},{"not_picked":["Prepared","Leg Sweep+1"],"picked":"Acrobatics","floor":48}],"player_experience":2973126,"relics_obtained":[{"floor":8.0,"key":"Shuriken"},{"floor":9.0,"key":"Pear"},{"floor":12.0,"key":"Eternal Feather"},{"floor":22.0,"key":"Enchiridion"},{"floor":24.0,"key":"Molten Egg 2"},{"floor":26.0,"key":"Mango"},{"floor":29.0,"key":"Orichalcum"},{"floor":31,"key":"MawBank"},{"floor":40,"key":"Potion Belt"},{"floor":45,"key":"Pantograph"}],"event_choices":[{"damage_healed":0.0,"max_hp_gain":0.0,"max_hp_loss":0.0,"gold_gain":0.0,"event_name":"World of Goop","player_choice":"Left Gold","floor":13.0,"gold_loss":73.0,"damage_taken":0.0},{"damage_healed":0.0,"max_hp_gain":0.0,"max_hp_loss":0.0,"gold_gain":0.0,"event_name":"Addict","player_choice":"Obtained Relic","floor":20.0,"gold_loss":85.0,"damage_taken":0.0,"relics_obtained":["Frozen Egg 2"]},{"damage_healed":0.0,"max_hp_gain":0.0,"max_hp_loss":23.0,"gold_gain":0.0,"event_name":"Vampires","player_choice":"Became a vampire","floor":21.0,"gold_loss":0.0,"damage_taken":0.0,"cards_obtained":["Bite","Bite","Bite","Bite","Bite"]},{"damage_healed":0.0,"max_hp_gain":0.0,"max_hp_loss":0.0,"gold_gain":0.0,"event_name":"Cursed Tome","player_choice":"Obtained Book","floor":22.0,"gold_loss":0.0,"damage_taken":21.0},{"damage_healed":0,"gold_gain":0,"player_choice":"1 cards matched","damage_taken":0,"max_hp_gain":0,"max_hp_loss":0,"event_name":"Match and Keep!","floor":37,"gold_loss":0,"cards_obtained":["Neutralize"]},{"damage_healed":0,"gold_gain":0,"player_choice":"Ignored","damage_taken":0,"max_hp_gain":0,"max_hp_loss":0,"event_name":"Tomb of Lord Red Mask","floor":41,"gold_loss":0}],"is_beta":false,"boss_relics":[{"not_picked":["Calling Bell","Velvet Choker"],"picked":"SlaversCollar"},{"not_picked":["Runic Pyramid","Astrolabe"],"picked":"Cursed Key"}],"items_purged_floors":[11],"is_endless":false,"potions_floor_spawned":[2,7,8,16,28,31,33,36,38,39,40,45,46,48],"killed_by":"Time Eater","ascension_level":20}}