{"host":"06e3yyzgn8o619wl","time":1612192307,"event":{"mods":["BaseMod","Block Reminder","Colored Map","Colored Powertips","DeckTracker","Minty Spire (QoL Compilation)","Permanent Neow","Relic Stats","StSLib"],"gold_per_floor":[119,135,60,79,179,214,224,254,554,554,554,583,624,651,651,753,753,798,808,808,309,309,341,355,355,355,390,432,442,442,452,452,551,551,566,580,580,0,0,25,25,35,59,59,70,90,90,90,90],"floor_reached":48,"language":"JPN","playtime":4550,"items_purged":["Defend_P","Strike_P"],"score":811,"play_id":"2bde15d5-817a-4bac-b01b-f89deb1ece81","local_time":"20210202001147","is_ascension_mode":true,"campfire_choices":[{"floor":10.0,"key":"REST"},{"floor":15.0,"key":"REST"},{"floor":25.0,"key":"REST"},{"floor":32.0,"key":"REST"},{"floor":44.0,"key":"REST"}],"circlet_count":0,"master_deck":["Defend_P","Eruption+1","Vigilance","PathToVictory","Evaluate","BattleHymn","CrushJoints","InnerPeace","Wish","ThirdEye","FlurryOfBlows+1","TalkToTheHand","Prostrate+1","Establishment+1","Vault+1","SashWhip","CutThroughFate+1","Scrawl","Wallop+1","Protect+1","Tantrum","Omniscience","Wish","Alpha","Madness","Madness"],"relics":["Fusion Hammer","Ancient Tea Set","Ice Cream","Old Coin","Torii","Whetstone","Astrolabe","Membership Card","Pen Nib","Peace Pipe","Lantern","White Beast Statue","Frozen Egg 2","Sozu","Red Mask","Bottled Lightning","Blood Vial","Happy Flower"],"acts_visited":["Exordium","TheCity","TheBeyond"],"potions_floor_usage":[48],"damage_taken":[{"damage":0.0,"enemies":"Jaw Worm","floor":1.0,"turns":3.0},{"damage":0.0,"enemies":"Cultist","floor":2.0,"turns":3.0},{"damage":0.0,"enemies":"2 Louse","floor":4.0,"turns":1.0},{"damage":8.0,"enemies":"Lagavulin","floor":6.0,"turns":6.0},{"damage":0.0,"enemies":"Looter","floor":7.0,"turns":3.0},{"damage":10.0,"enemies":"Gremlin Nob","floor":8.0,"turns":3.0},{"damage":5.0,"enemies":"3 Sentries","floor":12.0,"turns":5.0},{"damage":2.0,"enemies":"Blue Slaver","floor":13.0,"turns":4.0},{"damage":0.0,"enemies":"Lagavulin","floor":14.0,"turns":4.0},{"damage":5.0,"enemies":"Hexaghost","floor":16.0,"turns":9.0},{"damage":7.0,"enemies":"2 Thieves","floor":18.0,"turns":4.0},{"damage":5.0,"enemies":"3 Byrds","floor":19.0,"turns":5.0},{"damage":40.0,"enemies":"Slavers","floor":23.0,"turns":4.0},{"damage":1.0,"enemies":"Cultist and Chosen","floor":24.0,"turns":5.0},{"damage":2.0,"enemies":"Book of Stabbing","floor":27.0,"turns":5.0},{"damage":0.0,"enemies":"Centurion and Healer","floor":28.0,"turns":5.0},{"damage":18.0,"enemies":"Snake Plant","floor":29.0,"turns":5.0},{"damage":0.0,"enemies":"Snecko","floor":31.0,"turns":4.0},{"damage":1.0,"enemies":"Collector","floor":33.0,"turns":7.0},{"damage":0.0,"enemies":"3 Darklings","floor":35.0,"turns":4.0},{"damage":1.0,"enemies":"Orb Walker","floor":36.0,"turns":4.0},{"damage":45.0,"enemies":"Reptomancer","floor":40.0,"turns":6.0},{"damage":0.0,"enemies":"Maw","floor":42.0,"turns":5.0},{"damage":30,"enemies":"Transient","floor":45,"turns":5},{"damage":7,"enemies":"Writhing Mass","floor":46,"turns":7},{"damage":12,"enemies":"Sphere and 2 Shapes","floor":48,"turns":2}],"seed_played":"-918253902532503426","potions_obtained":[{"floor":4.0,"key":"ColorlessPotion"},{"floor":7.0,"key":"FearPotion"},{"floor":8.0,"key":"Weak Potion"},{"floor":13.0,"key":"DuplicationPotion"},{"floor":18.0,"key":"Swift Potion"},{"floor":23.0,"key":"SteroidPotion"},{"floor":27.0,"key":"Weak Potion"},{"floor":28.0,"key":"LiquidMemories"},{"floor":29.0,"key":"EssenceOfSteel"},{"floor":31.0,"key":"SkillPotion"},{"floor":33.0,"key":"DuplicationPotion"}],"is_trial":false,"path_per_floor":["M","M","$","M","?","E","M","E","T","R","?","E","M","E","R","B",null,"M","M","?","$","?","E","M","R","T","E","M","M","?","M","R","B",null,"M","M","?","?","?","E","T","M","T","R","M","M","?","M"],"character_chosen":"WATCHER","items_purchased":["Membership Card","Pen Nib","Peace Pipe","Scrawl"],"campfire_rested":5,"item_purchase_floors":[21,21,21,21],"current_hp_per_floor":[65,65,65,65,65,57,57,47,47,68,73,68,66,66,77,72,76,69,64,50,50,50,10,9,33,33,31,31,13,13,13,37,36,71,71,70,60,60,60,15,15,17,17,41,13,8,8,0,0],"gold":90,"neow_bonus":"BOSS_RELIC","is_daily":false,"chose_seed":false,"campfire_upgraded":0,"win_rate":0.0,"timestamp":1612192307,"path_taken":["M","M","$","M","?","E","?","E","T","R","?","E","M","E","R","BOSS","M","M","?","$","?","E","?","R","T","E","M","M","?","M","R","BOSS","M","M","?","?","?","E","?","M","T","R","?","M","?","?"],"items_purchased_type":["Relic","Relic","Relic","Card"],"build_version":"2020-12-22","purchased_purges":2,"victory":false,"max_hp_per_floor":[72,72,72,72,72,72,72,72,72,72,77,77,77,77,77,77,77,77,77,82,82,82,82,82,82,82,82,82,82,82,82,82,82,82,82,82,82,82,82,82,82,82,82,82,82,82,82,82,82],"relic_stats":{"Peace Pipe":0,"Sozu":6,"Blood Vial":8,"Torii":46,"Happy Flower":[4],"counters":[26,118],"Astrolabe":["Prostrate","Establishment","Vault"],"Pen Nib":[13],"Whetstone":["Eruption","FlurryOfBlows"],"obtain_stats":[{"Ice Cream":8,"Lantern":23,"Torii":12,"Happy Flower":43,"Astrolabe":17,"Pen Nib":21,"Whetstone":14,"Frozen Egg 2":27,"Ancient Tea Set":6,"White Beast Statue":26,"Old Coin":9,"Peace Pipe":21,"Sozu":34,"Blood Vial":41,"Fusion Hammer":0,"Red Mask":38,"Membership Card":21,"Bottled Lightning":40,"PureWater":0},{"Ice Cream":6,"Lantern":13,"Torii":7,"Happy Flower":23,"Astrolabe":10,"Pen Nib":12,"Whetstone":9,"Frozen Egg 2":15,"Ancient Tea Set":4,"White Beast Statue":14,"Old Coin":6,"Peace Pipe":12,"Sozu":19,"Blood Vial":22,"Fusion Hammer":0,"Red Mask":21,"Membership Card":12,"Bottled Lightning":22,"PureWater":0},{"Ice Cream":19,"Lantern":54,"Torii":24,"Happy Flower":104,"Astrolabe":41,"Pen Nib":50,"Whetstone":32,"Frozen Egg 2":64,"Ancient Tea Set":13,"White Beast Statue":59,"Old Coin":19,"Peace Pipe":50,"Sozu":85,"Blood Vial":99,"Fusion Hammer":0,"Red Mask":93,"Membership Card":50,"Bottled Lightning":99,"PureWater":0}]},"card_choices":[{"not_picked":["Protect","CarveReality"],"picked":"PathToVictory","floor":1.0},{"not_picked":["Pray","Halt"],"picked":"Evaluate","floor":2.0},{"not_picked":["EmptyBody","Conclude"],"picked":"BattleHymn","floor":4.0},{"not_picked":["Vault","FollowUp"],"picked":"CrushJoints","floor":6.0},{"not_picked":["ReachHeaven","Study"],"picked":"InnerPeace","floor":7.0},{"not_picked":["Fasting2","JustLucky"],"picked":"Wish","floor":8.0},{"not_picked":["EmptyBody","JustLucky"],"picked":"ThirdEye","floor":12.0},{"not_picked":["FlyingSleeves","CrushJoints"],"picked":"FlurryOfBlows","floor":13.0},{"not_picked":["CutThroughFate","WaveOfTheHand"],"picked":"TalkToTheHand","floor":14.0},{"not_picked":["Wish","DeusExMachina"],"picked":"Judgement","floor":16.0},{"not_picked":["Swivel","Pray"],"picked":"SashWhip","floor":18.0},{"not_picked":["WreathOfFlame","ThirdEye+1"],"picked":"CutThroughFate+1","floor":19.0},{"not_picked":["Crescendo+1","EmptyBody+1","LessonLearned"],"picked":"SKIP","floor":23.0},{"not_picked":["Protect","Worship"],"picked":"Wallop+1","floor":24.0},{"not_picked":["EmptyFist","WindmillStrike","Indignation"],"picked":"SKIP","floor":27.0},{"not_picked":["DeceiveReality","JustLucky"],"picked":"Protect+1","floor":28.0},{"not_picked":["PathToVictory","CrushJoints"],"picked":"Tantrum","floor":29.0},{"not_picked":["Evaluate+1","Pray","FollowUp"],"picked":"SKIP","floor":31.0},{"not_picked":["Judgement","Scrawl"],"picked":"Alpha","floor":33.0},{"not_picked":["FlurryOfBlows+1","SashWhip+1","PathToVictory"],"picked":"SKIP","floor":35.0},{"not_picked":["EmptyFist","CrushJoints+1","Collect"],"picked":"SKIP","floor":36.0},{"not_picked":["Evaluate","Vengeance+1","Weave+1"],"picked":"SKIP","floor":40.0},{"not_picked":["EmptyFist+1","FollowUp","SashWhip"],"picked":"SKIP","floor":42.0},{"not_picked":["Brilliance","SashWhip+1","ClearTheMind+1"],"picked":"SKIP","floor":45},{"not_picked":["FlurryOfBlows+1","WindmillStrike+1","WaveOfTheHand"],"picked":"SKIP","floor":46}],"player_experience":137932,"relics_obtained":[{"floor":6.0,"key":"Ancient Tea Set"},{"floor":8.0,"key":"Ice Cream"},{"floor":9.0,"key":"Old Coin"},{"floor":12.0,"key":"Torii"},{"floor":14.0,"key":"Whetstone"},{"floor":23.0,"key":"Lantern"},{"floor":26.0,"key":"White Beast Statue"},{"floor":27.0,"key":"Frozen Egg 2"},{"floor":40.0,"key":"Bottled Lightning"},{"floor":41.0,"key":"Blood Vial"},{"floor":43.0,"key":"Happy Flower"}],"event_choices":[{"damage_healed":0.0,"max_hp_gain":0.0,"max_hp_loss":0.0,"gold_gain":100.0,"event_name":"Golden Shrine","player_choice":"Pray","floor":5.0,"gold_loss":0.0,"damage_taken":0.0},{"damage_healed":0.0,"max_hp_gain":5.0,"max_hp_loss":0.0,"gold_gain":0.0,"event_name":"Big Fish","player_choice":"Donut","floor":11.0,"gold_loss":0.0,"damage_taken":0.0},{"damage_healed":0.0,"max_hp_gain":5.0,"max_hp_loss":0.0,"gold_gain":0.0,"event_name":"Forgotten Altar","player_choice":"Shed Blood","floor":20.0,"gold_loss":0.0,"damage_taken":19.0},{"cards_removed":["Strike_P"],"damage_healed":0.0,"max_hp_gain":0.0,"max_hp_loss":0.0,"gold_gain":0.0,"event_name":"Back to Basics","player_choice":"Elegance","floor":22.0,"gold_loss":0.0,"damage_taken":0.0},{"damage_healed":0.0,"max_hp_gain":0.0,"max_hp_loss":0.0,"gold_gain":0.0,"cards_transformed":["Judgement","Strike_P"],"event_name":"Drug Dealer","player_choice":"Became Test Subject","floor":30.0,"gold_loss":0.0,"damage_taken":0.0,"cards_obtained":["Omniscience","Wish"]},{"damage_healed":0.0,"max_hp_gain":0.0,"max_hp_loss":0.0,"gold_gain":0.0,"event_name":"Winding Halls","player_choice":"Embrace Madness","floor":37.0,"gold_loss":0.0,"damage_taken":10.0,"cards_obtained":["Madness","Madness"]},{"damage_healed":0.0,"max_hp_gain":0.0,"max_hp_loss":0.0,"gold_gain":0.0,"event_name":"Tomb of Lord Red Mask","player_choice":"Paid","floor":38.0,"gold_loss":580.0,"damage_taken":0.0,"relics_obtained":["Red Mask"]},{"damage_healed":0.0,"max_hp_gain":0.0,"max_hp_loss":0.0,"gold_gain":0.0,"event_name":"Mysterious Sphere","player_choice":"Ignored","floor":39.0,"gold_loss":0.0,"damage_taken":0.0},{"damage_healed":0,"gold_gain":0,"player_choice":"Ignored","damage_taken":0,"max_hp_gain":0,"max_hp_loss":0,"event_name":"SecretPortal","floor":47,"gold_loss":0}],"is_beta":false,"boss_relics":[{"not_picked":["Calling Bell","SlaversCollar"],"picked":"Astrolabe"},{"not_picked":["Black Star","Coffee Dripper"],"picked":"Sozu"}],"items_purged_floors":[3,21],"is_endless":false,"potions_floor_spawned":[4,7,8,12,13,18,23,27,28,29,31,33,35,36,40,42,45,46],"killed_by":"Sphere and 2 Shapes","ascension_level":7}}