{"host":"2se5dq1do2gp0x9k","time":1612144172,"event":{"mods":["AchievementEnabler","BaseMod","Block Reminder","Colored Map","Colored Powertips","Minty Spire (QoL Compilation)","Relic Stats","StSLib","SuperFastMode"],"gold_per_floor":[117,117,34,84,100,100,135,135,135,152,165,165,177,8,8,8,8],"floor_reached":16,"language":"ENG","playtime":416,"items_purged":[],"score":200,"play_id":"e6440ed4-f952-4904-89bf-74a62a6f670b","local_time":"20210131174932","is_ascension_mode":true,"campfire_choices":[{"data":"Malaise","floor":6.0,"key":"SMITH"},{"data":"Terror","floor":8.0,"key":"SMITH"},{"data":"Deadly Poison","floor":12.0,"key":"SMITH"},{"data":"Well Laid Plans","floor":15.0,"key":"SMITH"}],"circlet_count":0,"master_deck":["AscendersBane","Strike_G","Strike_G","Strike_G","Strike_G","Strike_G","Defend_G","Defend_G","Defend_G","Defend_G","Defend_G","Survivor","Neutralize","Malaise+1","Poisoned Stab","Dash","Terror+1","Deadly Poison+1","PiercingWail","Well Laid Plans+1"],"relics":["Ring of the Snake","Du-Vu Doll","The Courier","Membership Card"],"acts_visited":["Exordium"],"potions_floor_usage":[16],"damage_taken":[{"damage":12.0,"enemies":"Jaw Worm","floor":1.0,"turns":6.0},{"damage":0.0,"enemies":"2 Louse","floor":5.0,"turns":4.0},{"damage":21.0,"enemies":"3 Sentries","floor":7.0,"turns":11.0},{"damage":1.0,"enemies":"Cultist","floor":10.0,"turns":3.0},{"damage":7.0,"enemies":"2 Fungi Beasts","floor":11.0,"turns":4.0},{"damage":13.0,"enemies":"Lots of Slimes","floor":13.0,"turns":5.0},{"damage":11,"enemies":"The Guardian","floor":16,"turns":5}],"seed_played":"844320676706159873","potions_obtained":[{"floor":1.0,"key":"AttackPotion"},{"floor":11.0,"key":"Swift Potion"}],"is_trial":false,"path_per_floor":["M","?","$","?","M","R","E","R","T","M","M","R","M","$","R","B"],"character_chosen":"THE_SILENT","items_purchased":["Dash","Membership Card","Well Laid Plans"],"campfire_rested":0,"item_purchase_floors":[3,14,14],"current_hp_per_floor":[47,60,60,60,60,60,39,39,39,38,31,31,18,18,18,7,7],"gold":8,"neow_bonus":"THREE_RARE_CARDS","is_daily":false,"chose_seed":false,"campfire_upgraded":4,"win_rate":0.0,"timestamp":1612144172,"path_taken":["M","?","$","?","M","R","E","R","T","M","M","R","M","$","R","BOSS"],"items_purchased_type":["Card","Relic","Card"],"build_version":"2020-12-22","purchased_purges":0,"victory":false,"max_hp_per_floor":[60,60,60,60,60,60,60,60,60,60,60,60,60,60,60,60,60],"relic_stats":{"counters":[7,38],"obtain_stats":[{"Du-Vu Doll":7,"The Courier":9,"Membership Card":14,"Ring of the Snake":0},{"Du-Vu Doll":3,"The Courier":3,"Membership Card":6,"Ring of the Snake":0},{"Du-Vu Doll":21,"The Courier":21,"Membership Card":33,"Ring of the Snake":0}],"Ring of the Snake":[14]},"card_choices":[{"not_picked":["A Thousand Cuts","Bullet Time"],"picked":"Malaise","floor":0.0},{"not_picked":["Caltrops","Underhanded Strike"],"picked":"Poisoned Stab","floor":1.0},{"not_picked":["Quick Slash","Flechettes","Backflip"],"picked":"SKIP","floor":5.0},{"not_picked":["Dodge and Roll","Quick Slash"],"picked":"Terror","floor":7.0},{"not_picked":["Accuracy","Dagger Spray"],"picked":"Deadly Poison","floor":10.0},{"not_picked":["Dagger Throw","Outmaneuver","Skewer"],"picked":"SKIP","floor":11.0},{"not_picked":["Quick Slash","Concentrate"],"picked":"PiercingWail","floor":13.0}],"player_experience":4034045,"relics_obtained":[{"floor":7.0,"key":"Du-Vu Doll"},{"floor":9.0,"key":"The Courier"}],"event_choices":[{"damage_healed":20.0,"max_hp_gain":0.0,"max_hp_loss":0.0,"gold_gain":0.0,"event_name":"Big Fish","player_choice":"Banana","floor":2.0,"gold_loss":0.0,"damage_taken":0.0},{"damage_healed":0.0,"max_hp_gain":0.0,"max_hp_loss":0.0,"gold_gain":50.0,"event_name":"Golden Shrine","player_choice":"Pray","floor":4.0,"gold_loss":0.0,"damage_taken":0.0}],"is_beta":false,"boss_relics":[],"items_purged_floors":[],"is_endless":false,"potions_floor_spawned":[1,11],"killed_by":"The Guardian","ascension_level":20}}