{"host":"a3wpq7kyokchzawk","time":1612201197,"event":{"mods":["BaseMod","Colored Map","Highlight Path","Minty Spire (QoL Compilation)","Permanent Neow","Potion Indicator Mod","Relic Stats","Weighted Paths"],"gold_per_floor":[117,128,138,150,75,75,105,105,105,115,140,153,170,200,200,200,200],"floor_reached":16,"language":"ENG","playtime":1379,"items_purged":[],"score":248,"play_id":"d0f37d15-2755-4469-b388-085797612108","local_time":"20210201153957","is_ascension_mode":true,"campfire_choices":[{"data":"Bash","floor":6.0,"key":"SMITH"},{"data":"Pummel","floor":8.0,"key":"SMITH"},{"floor":15.0,"key":"REST"}],"circlet_count":0,"master_deck":["AscendersBane","Strike_R","Strike_R","Strike_R","Strike_R","Strike_R","Defend_R","Defend_R","Defend_R","Bash+1","Impervious","Pummel+1","Flame Barrier","Inflame","Feel No Pain","Shrug It Off","Whirlwind","Offering","Twin Strike","Spot Weakness","True Grit+1"],"relics":["Burning Blood","The Courier","Mercury Hourglass","Singing Bowl","Toxic Egg 2"],"acts_visited":["Exordium"],"potions_floor_usage":[],"damage_taken":[{"damage":12.0,"enemies":"Cultist","floor":1.0,"turns":4.0},{"damage":6.0,"enemies":"2 Louse","floor":2.0,"turns":3.0},{"damage":5.0,"enemies":"Small Slimes","floor":3.0,"turns":4.0},{"damage":7.0,"enemies":"Exordium Wildlife","floor":4.0,"turns":5.0},{"damage":11.0,"enemies":"3 Sentries","floor":7.0,"turns":12.0},{"damage":15.0,"enemies":"Gremlin Gang","floor":10.0,"turns":5.0},{"damage":31.0,"enemies":"Gremlin Nob","floor":11.0,"turns":4.0},{"damage":7.0,"enemies":"2 Fungi Beasts","floor":12.0,"turns":4.0},{"damage":6.0,"enemies":"Large Slime","floor":13.0,"turns":3.0},{"damage":11.0,"enemies":"Lagavulin","floor":14.0,"turns":6.0},{"damage":42,"enemies":"Slime Boss","floor":16,"turns":7}],"seed_played":"-3860161634146233292","potions_obtained":[{"floor":1.0,"key":"GamblersBrew"},{"floor":3.0,"key":"DistilledChaos"},{"floor":7.0,"key":"Swift Potion"},{"floor":12.0,"key":"Swift Potion"},{"floor":14.0,"key":"Dexterity Potion"}],"is_trial":false,"path_per_floor":["M","M","M","M","?","R","E","R","T","M","E","M","M","E","R","B"],"character_chosen":"IRONCLAD","items_purchased":[],"campfire_rested":1,"item_purchase_floors":[],"current_hp_per_floor":[62,62,63,62,62,62,57,57,57,48,23,22,22,17,39,0,0],"gold":200,"neow_bonus":"ONE_RANDOM_RARE_CARD","is_daily":false,"chose_seed":false,"campfire_upgraded":2,"win_rate":0.0,"timestamp":1612201197,"path_taken":["M","M","M","?","?","R","E","R","T","M","E","M","M","E","R","BOSS"],"items_purchased_type":[],"build_version":"2020-12-22","purchased_purges":0,"victory":false,"max_hp_per_floor":[75,75,75,75,75,75,75,75,75,75,75,75,75,75,75,75,75],"relic_stats":{"Singing Bowl":0,"counters":[11,56],"obtain_stats":[{"Singing Bowl":11,"The Courier":7,"Toxic Egg 2":14,"Burning Blood":0,"Mercury Hourglass":9},{"Singing Bowl":7,"The Courier":5,"Toxic Egg 2":10,"Burning Blood":0,"Mercury Hourglass":5},{"Singing Bowl":37,"The Courier":28,"Toxic Egg 2":49,"Burning Blood":0,"Mercury Hourglass":28}],"Burning Blood":60,"Mercury Hourglass":[130]},"card_choices":[{"not_picked":["Sever Soul","Seeing Red"],"picked":"Pummel","floor":1.0},{"not_picked":["Wild Strike","Dual Wield"],"picked":"Flame Barrier","floor":2.0},{"not_picked":["Sever Soul","Clothesline"],"picked":"Inflame","floor":3.0},{"not_picked":["True Grit","Flex"],"picked":"Feel No Pain","floor":4.0},{"not_picked":["Wild Strike","Havoc"],"picked":"Shrug It Off","floor":7.0},{"not_picked":["Rage","True Grit"],"picked":"Whirlwind","floor":10.0},{"not_picked":["Wild Strike","Body Slam"],"picked":"Offering","floor":11.0},{"not_picked":["Sever Soul","Iron Wave"],"picked":"Twin Strike","floor":12.0},{"not_picked":["Flex","Body Slam"],"picked":"Spot Weakness","floor":13.0},{"not_picked":["Perfected Strike","Bloodletting+1"],"picked":"True Grit+1","floor":14.0}],"player_experience":2528233,"relics_obtained":[{"floor":7.0,"key":"The Courier"},{"floor":9.0,"key":"Mercury Hourglass"},{"floor":11.0,"key":"Singing Bowl"},{"floor":14.0,"key":"Toxic Egg 2"}],"event_choices":[{"cards_removed":["Defend_R"],"damage_healed":0.0,"max_hp_gain":0.0,"max_hp_loss":0.0,"gold_gain":0.0,"event_name":"The Cleric","player_choice":"Card Removal","floor":5.0,"gold_loss":75.0,"damage_taken":0.0}],"is_beta":false,"boss_relics":[],"items_purged_floors":[],"is_endless":false,"potions_floor_spawned":[1,3,7,12,14],"killed_by":"Slime Boss","ascension_level":20}}