{"host":"mmz2kvn5kzkhi5zs","time":1612171967,"event":{"mods":["Act Like it!","BaseMod","Downfall","Hallownest","Marisa????????","Minty Spire (QoL Compilation)","Replay The Spire","StSLib","The Bug Knight","The Cursed","The Jungle"],"gold_per_floor":[99,110,121,134,152,165,165,165,175,194,211,44,44,55,65,165,165,65,78,26,26,26,126,126,142,142,157,157,157,157,157,174,270,270,270,289,299,16,31,47,99,99,149,49,61,13,113,129,140,140,140,140],"floor_reached":50,"language":"ENG","playtime":6239,"items_purged":["downfall:Bewildered"],"score":594,"play_id":"633a1e8d-8cf8-4434-bd57-9a83286ae8b4","local_time":"20210201033247","is_ascension_mode":false,"campfire_choices":[{"floor":1.0,"key":"RECALL"},{"floor":8.0,"key":"REST"},{"floor":13.0,"key":"REST"},{"data":"Slimebound:PrepareCrush","floor":18.0,"key":"SMITH"},{"floor":28.0,"key":"REST"},{"data":"Languid","floor":35.0,"key":"PURGE"},{"floor":42.0,"key":"REST"}],"circlet_count":0,"master_deck":["Slimebound:Strike_Slimebound+1","Slimebound:Strike_Slimebound+1","Slimebound:Strike_Slimebound+1","Slimebound:Tackle","Slimebound:Defend_Slimebound+1","Slimebound:Defend_Slimebound+1","Slimebound:Defend_Slimebound+1","Slimebound:Defend_Slimebound+1","Slimebound:Split","Slimebound:CorrosiveSpit","Slimebound:SpikyOuterGoop","Slimebound:SplitBruiser","Slimebound:PrepareCrush+1","Slimebound:LevelUp","Slimebound:SplitLeeching","Slimebound:Schlurp","Slimebound:MegaLick","Slimebound:Repurpose","Slimebound:LeechingTouch","expansioncontent:HyperBeam","Slimebound:SpikyOuterGoop+1","Slimebound:Schlurp","Slimebound:RainOfGoop","Slimebound:FirmFortitude","Slimebound:GrowthPunch+1","Slimebound:LivingWall+1","Slimebound:SlimeBrawl","Slimebound:LivingWall","Slimebound:ViciousTackle+1","Writhe","Slimebound:Equalize","Slimebound:ItLooksTasty","Slimebound:Overexert","Slimebound:GrowthPunch+1","Slimebound:SamplingLick","Slimebound:AcidTongue+1","Chrysalis","Discovery","Slimebound:Chomp+1","Slimebound:ItLooksTasty","Slimebound:Prepare","Slimebound:Gluttony","Slimebound:SplitLeeching","Slimebound:RainOfGoop+1","Slimebound:GoopSpray","Decay","Slimebound:SelfFormingGoo","Slimebound:Prepare","Replay:Sssssssssshield","Slimebound:PressTheAttack","Slimebound:SelfFormingGoo","ReplayTheSpireMod:Splinters","expansioncontent:StudyTheSpire","expansioncontent:InvincibleStrength","Slimebound:ComboTackle","Slimebound:Repurpose+1"],"relics":["Slimebound:AbsorbEndCombat","Cursed Key","downfall:HeartBlessingRed","Mummified Hand","WingedGreaves","sneckomod:BabySnecko","Painkiller Herb","BargainBundle","Replay:Mystery Machine","Replay:Multitool","ReplayTheSpireMod:CursedCoin","Lizard Tail"],"acts_visited":["Exordium","TheCity","TheBeyond"],"potions_floor_usage":[50,50],"damage_taken":[{"damage":5.0,"enemies":"Cultist","floor":2.0,"turns":4.0},{"damage":14.0,"enemies":"Jaw Worm","floor":3.0,"turns":5.0},{"damage":0.0,"enemies":"Small Slimes","floor":4.0,"turns":4.0},{"damage":18.0,"enemies":"Exordium Wildlife","floor":5.0,"turns":3.0},{"damage":14.0,"enemies":"3 Louse","floor":6.0,"turns":3.0},{"damage":11.0,"enemies":"2 Fungi Beasts","floor":9.0,"turns":4.0},{"damage":0.0,"enemies":"Exordium Thugs","floor":10.0,"turns":4.0},{"damage":24.0,"enemies":"Gremlin Gang","floor":11.0,"turns":4.0},{"damage":5.0,"enemies":"downfall:FleeingMerchant","floor":12.0,"turns":4.0},{"damage":0.0,"enemies":"3 Louse","floor":14.0,"turns":3.0},{"damage":0.0,"enemies":"2 Fungi Beasts","floor":15.0,"turns":2.0},{"damage":36.0,"enemies":"SI_SHIV_ARCHETYPE","floor":16.0,"turns":9.0},{"damage":19.0,"enemies":"Spheric Guardian","floor":19.0,"turns":4.0},{"damage":0.0,"enemies":"downfall:FleeingMerchant","floor":20.0,"turns":4.0},{"damage":7.0,"enemies":"3 Cultists","floor":25.0,"turns":6.0},{"damage":0.0,"enemies":"Centurion and Healer","floor":26.0,"turns":2.0},{"damage":8.0,"enemies":"Shelled Parasite and Fungi","floor":27.0,"turns":5.0},{"damage":21.0,"enemies":"Snake Plant","floor":32.0,"turns":3.0},{"damage":0.0,"enemies":"WA_ARCHETYPE_CALM","floor":33.0,"turns":8.0},{"damage":1.0,"enemies":"3 Shapes","floor":36.0,"turns":3.0},{"damage":0.0,"enemies":"3 Darklings","floor":37.0,"turns":4.0},{"damage":7.0,"enemies":"downfall:FleeingMerchant","floor":38.0,"turns":4.0},{"damage":13.0,"enemies":"Jaw Worm Horde","floor":39.0,"turns":3.0},{"damage":32.0,"enemies":"Sphere and 2 Shapes","floor":40.0,"turns":5.0},{"damage":0.0,"enemies":"Sphere and 2 Shapes","floor":43.0,"turns":5.0},{"damage":0.0,"enemies":"downfall:FleeingMerchant","floor":44.0,"turns":4.0},{"damage":10.0,"enemies":"Spire Growth","floor":45.0,"turns":4.0},{"damage":0,"enemies":"downfall:FleeingMerchant","floor":46,"turns":1},{"damage":0,"enemies":"Maw","floor":48,"turns":6},{"damage":1,"enemies":"3 Darklings","floor":49,"turns":3},{"damage":201,"enemies":"IC_BLOCK_ARCHETYPE","floor":50,"turns":8}],"seed_played":"-2773032337849981104","potions_obtained":[{"floor":2.0,"key":"hexamod:SoulburnPotion"},{"floor":3.0,"key":"Energy Potion"},{"floor":9.0,"key":"SkillPotion"},{"floor":10.0,"key":"FairyPotion"},{"floor":15.0,"key":"hexamod:SoulburnPotion"},{"floor":16.0,"key":"Reflective Coating"},{"floor":19.0,"key":"SmokeBomb"},{"floor":33.0,"key":"DuplicationPotion"},{"floor":40.0,"key":"LifebloodPotion"},{"floor":43.0,"key":"Reflective Coating"}],"is_trial":false,"path_per_floor":["R","M","M","M","M","M","T","R","M","M","M","$","R","M","M","B",null,"R","M","$","?","?","?","T","M","M","M","R","?","?","?","M","B",null,"T","?","?","T","?","?","T","T","?","T","?","T","?","?","?","B"],"character_chosen":"SLIMEBOUND","items_purchased":["expansioncontent:HyperBeam","Slimebound:SpikyOuterGoop+1","Slimebound:SlimeBrawl","BargainBundle","Chrysalis","Discovery","Slimebound:Chomp+1","Slimebound:ItLooksTasty","Slimebound:Prepare","Slimebound:Gluttony","Milkshake","Strength Potion","Slimebound:SplitLeeching","Replay:Sssssssssshield","ReplayTheSpireMod:CursedCoin","expansioncontent:StudyTheSpire","Lizard Tail","expansioncontent:InvincibleStrength"],"campfire_rested":4,"item_purchase_floors":[12,12,20,38,38,38,38,38,38,38,38,38,38,44,46,46,46,46],"current_hp_per_floor":[71,67,59,63,47,33,33,54,47,49,29,28,49,55,59,31,71,71,54,58,58,58,58,58,59,59,59,71,71,71,71,52,68,71,71,71,71,68,59,33,33,54,62,68,67,67,67,71,71,0,0,0],"gold":140,"neow_bonus":"TEN_PERCENT_HP_BONUS","is_daily":false,"chose_seed":false,"campfire_upgraded":1,"win_rate":0.0,"timestamp":1612171967,"path_taken":["R","M","M","?","M","M","T","R","?","M","M","$","R","M","M","BOSS","R","M","$","?","?","?","T","?","M","M","R","?","?","?","M","BOSS","T","?","?","T","?","?","T","T","?","T","?","T","?","?","?","BOSS"],"items_purchased_type":["Card","Card","Card","Relic","Card","Card","Card","Card","Card","Card","Potion","Potion","Card","Card","Relic","Card","Relic","Card"],"build_version":"2020-12-22","purchased_purges":1,"victory":false,"max_hp_per_floor":[71,71,71,71,71,71,71,71,71,71,71,71,71,71,71,71,71,71,71,71,71,71,71,71,71,71,71,71,71,71,71,71,71,71,71,71,71,71,71,71,71,71,71,71,71,71,71,71,71,71,71,71],"card_choices":[{"not_picked":["Slimebound:Gluttony","Slimebound:SamplingLick"],"picked":"Slimebound:SpikyOuterGoop","floor":2.0},{"not_picked":["Slimebound:LeechingTouch","Slimebound:GoopTackle"],"picked":"Slimebound:SplitBruiser","floor":3.0},{"not_picked":["Slimebound:LeechEnergy","Slimebound:HauntingLick"],"picked":"Slimebound:PrepareCrush","floor":4.0},{"not_picked":["Slimebound:TongueLash","Slimebound:Nibble"],"picked":"Slimebound:LevelUp","floor":5.0},{"not_picked":["Slimebound:BestDefense","Slimebound:ComboTackle"],"picked":"Slimebound:SplitLeeching","floor":6.0},{"not_picked":["Slimebound:SplitBruiser","Slimebound:FinishingTackle"],"picked":"Slimebound:Schlurp","floor":9.0},{"not_picked":["Slimebound:SplitLeeching","Slimebound:Dissolve"],"picked":"Slimebound:MegaLick","floor":10.0},{"not_picked":["Slimebound:SlimeSpikes","Slimebound:RainOfGoop"],"picked":"Slimebound:Repurpose","floor":11.0},{"not_picked":["Slimebound:DisruptingSlam","Slimebound:Gluttony"],"picked":"Slimebound:LeechingTouch","floor":12.0},{"not_picked":["Slimebound:LeechingTouch","Slimebound:WasteNot"],"picked":"Slimebound:Schlurp","floor":14.0},{"not_picked":["Slimebound:ItLooksTasty","Slimebound:GoopTackle"],"picked":"Slimebound:RainOfGoop","floor":15.0},{"not_picked":["Slimebound:WasteNot","Slimebound:SelfFormingGoo"],"picked":"Slimebound:FirmFortitude","floor":16.0},{"not_picked":["Slimebound:BestDefense","Slimebound:Schlurp"],"picked":"Slimebound:GrowthPunch+1","floor":19.0},{"not_picked":["Slimebound:ComboTackle","Slimebound:SamplingLick"],"picked":"Slimebound:LivingWall+1","floor":20.0},{"not_picked":["Slimebound:SamplingLick","Slimebound:FinishingTackle+1"],"picked":"Slimebound:LivingWall","floor":25.0},{"not_picked":["Slimebound:RejuvenatingLick","Slimebound:GrowthPunch+1"],"picked":"Slimebound:ViciousTackle+1","floor":27.0},{"not_picked":["Slimebound:PressTheAttack","Slimebound:SplitBruiser+1"],"picked":"Slimebound:ItLooksTasty","floor":32.0},{"not_picked":["Slimebound:DuplicatedForm","Slimebound:SelfFormingGoo"],"picked":"Slimebound:Overexert","floor":33.0},{"not_picked":["Slimebound:SplitMire","Slimebound:Replication+1"],"picked":"Slimebound:GrowthPunch+1","floor":36.0},{"not_picked":["Slimebound:ItLooksTasty","Slimebound:LivingWall+1"],"picked":"Slimebound:SamplingLick","floor":37.0},{"not_picked":["Slimebound:SplitLeeching","Slimebound:DouseInSlime"],"picked":"Slimebound:AcidTongue+1","floor":38.0},{"not_picked":["Slimebound:LivingWall","Slimebound:PressTheAttack+1"],"picked":"Slimebound:RainOfGoop+1","floor":39.0},{"not_picked":["Slimebound:GrowthPunch","Slimebound:Grow"],"picked":"Slimebound:GoopSpray","floor":40.0},{"not_picked":["Slimebound:GoopSpray+1","Slimebound:AcidTongue"],"picked":"Slimebound:SelfFormingGoo","floor":43.0},{"not_picked":["Slimebound:SlimeTap","Slimebound:SamplingLick+1"],"picked":"Slimebound:Prepare","floor":44.0},{"not_picked":["Slimebound:ForwardTackle","Slimebound:LeechingTouch"],"picked":"Slimebound:PressTheAttack","floor":45.0},{"not_picked":["Slimebound:ItLooksTasty","Slimebound:SlimeBrawl+1"],"picked":"Slimebound:SelfFormingGoo","floor":46},{"not_picked":["Slimebound:Prepare+1","Slimebound:Grow+1"],"picked":"Slimebound:ComboTackle","floor":48},{"not_picked":["Slimebound:Schlurp+1","Slimebound:FinishingTackle+1"],"picked":"Slimebound:Repurpose+1","floor":49}],"player_experience":32806,"relics_obtained":[{"floor":24.0,"key":"Mummified Hand"},{"floor":41.0,"key":"Replay:Mystery Machine"},{"floor":43.0,"key":"Replay:Multitool"}],"event_choices":[{"damage_healed":0.0,"max_hp_gain":0.0,"max_hp_loss":0.0,"gold_gain":0.0,"event_name":"Ghosts","player_choice":"Ignored","floor":21.0,"gold_loss":0.0,"damage_taken":0.0},{"damage_healed":0.0,"max_hp_gain":0.0,"max_hp_loss":0.0,"gold_gain":0.0,"event_name":"The Library","player_choice":"Read","floor":31.0,"gold_loss":0.0,"damage_taken":0.0,"cards_obtained":["Slimebound:Equalize"]}],"is_beta":false,"boss_relics":[{"not_picked":["Kintsugi","Runic Dome"],"picked":"Cursed Key"},{"not_picked":["ReplayTheSpireMod:DimensionalGlitch","Black Star"],"picked":"Painkiller Herb"}],"items_purged_floors":[38],"is_endless":false,"potions_floor_spawned":[2,3,9,10,15,16,19,33,40,43,49],"killed_by":"IC_BLOCK_ARCHETYPE","ascension_level":0}}