{"host":"DrTrollPool","time":1612211102,"event":{"mods":["2.2 Compatiblity","BaseMod","BetterRewards","Colored Map","DeckTracker","Downfall","Googly Eyes","Hermit","HexUI Lib","Highlight Path","Hubris","Infinite Spire","Minty Spire (QoL Compilation)","Potionbrewer","Replay The Spire","StSLib","SuperFastMode","The Construct","The Cursed","The Disciple","The Hierophant","The Jungle","The Necromancer","The Runesmith","The Servant 0.9.4"],"gold_per_floor":[99,113,126,41,41,56,81,81,106,106,91,101,101,115,128,229,229,318,103,103,115,215,233,233,233,243,254,270,270,282,282,295,295,295,295],"floor_reached":33,"language":"ENG","playtime":1363,"items_purged":[],"score":241,"play_id":"d3af2c51-f52d-426a-8b67-462a5d78f592","local_time":"20210201212502","is_ascension_mode":false,"campfire_choices":[{"data":"champ:Taunt","floor":1,"key":"SMITH"},{"data":"champ:ShieldWall","floor":10,"key":"SMITH"},{"data":"champ:FlashCut","floor":13,"key":"SMITH"},{"floor":25,"key":"REST"},{"floor":29,"key":"REST"}],"circlet_count":0,"master_deck":["champ:Strike","champ:Strike","champ:Strike","champ:Strike","champ:Defend","champ:Defend","champ:Defend","champ:Defend","champ:Execute","champ:Taunt+1","champ:BringItOn","champ:GladiatorStyle","champ:FlashCut+1","champ:ShieldWall+1","champ:TripleStrike","champ:FocusedDefense","champ:FlashCut","champ:Parry","champ:DefensiveShout+1","champ:FocusedDefense","champ:SetATrap","champ:StanceDance+1","champ:EnGarde","champ:EnGarde"],"relics":["champ:ChampionCrown","Blue Candle","Boot","Art of War","construct:ClawGrip","Sling","MutagenicStrength","infinitespire:Bottled Soul"],"acts_visited":["Exordium","TheCity"],"potions_floor_usage":[14,14,16,16,16,16,26,26,28,30],"damage_taken":[{"damage":25,"enemies":"Cultist","floor":2,"turns":4},{"damage":16,"enemies":"Jaw Worm","floor":3,"turns":5},{"damage":5,"enemies":"downfall:FleeingMerchant","floor":4,"turns":4},{"damage":9,"enemies":"Small Slimes","floor":6,"turns":4},{"damage":0,"enemies":"downfall:FleeingMerchant","floor":11,"turns":4},{"damage":5,"enemies":"Blue Slaver","floor":12,"turns":3},{"damage":25,"enemies":"Exordium Thugs","floor":14,"turns":4},{"damage":6,"enemies":"3 Louse","floor":15,"turns":4},{"damage":21,"enemies":"IC_STATUS_ARCHETYPE","floor":16,"turns":6},{"damage":1,"enemies":"downfall:FleeingMerchant","floor":19,"turns":4},{"damage":0,"enemies":"3 Byrds","floor":21,"turns":4},{"damage":54,"enemies":"downfall:Augmenter","floor":22,"turns":6},{"damage":22,"enemies":"Snake Plant","floor":23,"turns":5},{"damage":22,"enemies":"Snecko","floor":26,"turns":4},{"damage":9,"enemies":"Centurion and Healer","floor":27,"turns":8},{"damage":18,"enemies":"Shelled Parasite and Fungi","floor":28,"turns":4},{"damage":7,"enemies":"Snecko","floor":30,"turns":3},{"damage":19,"enemies":"Cultist and Chosen","floor":32,"turns":8},{"damage":11,"enemies":"SI_MIRROR_ARCHETYPE","floor":33,"turns":1}],"seed_played":"-701560723440176028","potions_obtained":[{"floor":6,"key":"Fire Potion"},{"floor":12,"key":"Swift Potion"},{"floor":14,"key":"potionbrewer:SplittingPotion"},{"floor":15,"key":"champ:CounterPotion"},{"floor":21,"key":"Guardian:BlockOnCardUsePotion"},{"floor":23,"key":"Energy Potion"},{"floor":26,"key":"Guardian:BlockOnCardUsePotion"},{"floor":28,"key":"sneckomod:MuddlingPotion"}],"is_trial":false,"path_per_floor":["R","M","M","$","?","M","T","?","T","R","$","M","R","M","M","B",null,"R_BF","$","?","M","?","M","T","R","M","M","M","R","M","?","M","B"],"character_chosen":"THE_CHAMP","items_purchased":["champ:ShieldWall","Sling","champ:FlashCut"],"campfire_rested":2,"item_purchase_floors":[4,19,19],"current_hp_per_floor":[99,94,88,83,78,69,69,99,99,99,99,94,94,69,63,42,99,99,98,98,98,49,27,27,56,34,25,7,36,29,29,10,0,0,0],"gold":295,"neow_bonus":"TEN_PERCENT_HP_BONUS","is_daily":false,"chose_seed":false,"campfire_upgraded":3,"win_rate":0.0,"timestamp":1612211102,"path_taken":["R","M","M","?","?","M","T","?","?","R","$","?","R","M","M","BOSS","R_BF","$","?","M","?","M","T","R","M","M","M","R","M","?","M","BOSS"],"items_purchased_type":["Card","Relic","Card"],"build_version":"2020-12-18","purchased_purges":0,"victory":false,"max_hp_per_floor":[99,99,99,99,99,99,99,99,99,99,99,99,99,99,99,99,99,99,99,99,99,99,99,99,99,99,99,99,99,99,99,99,99,99,99],"card_choices":[{"not_picked":["champ:Circumvent","champ:PreemptiveStrike"],"picked":"champ:BringItOn","floor":2},{"not_picked":["champ:RapidStrikes","champ:RecklessLeap"],"picked":"champ:GladiatorStyle","floor":3},{"not_picked":["champ:DefensiveShout","champ:BerserkersShout"],"picked":"champ:FlashCut","floor":4},{"not_picked":["champ:CrownThrow","champ:DefensiveShout"],"picked":"champ:TripleStrike","floor":6},{"not_picked":["champ:Haymaker","champ:EndlessRage","champ:SetATrap"],"picked":"SKIP","floor":11},{"not_picked":["champ:PreemptiveStrike","champ:PerfectedStrike","champ:HeartStrike"],"picked":"SKIP","floor":12},{"not_picked":["champ:RapidStrikes","champ:FanOfKnives"],"picked":"champ:FocusedDefense","floor":14},{"not_picked":["champ:GutPunch","champ:EnragedBash","champ:CrookedStrike"],"picked":"SKIP","floor":15},{"not_picked":["champ:Circumvent","champ:MurderStrike","champ:StanceDance"],"picked":"SKIP","floor":19},{"not_picked":["champ:FanOfKnives","champ:FaceSlap"],"picked":"champ:Parry","floor":21},{"not_picked":["champ:CalledShot","champ:Encircle"],"picked":"champ:DefensiveShout+1","floor":22},{"not_picked":["champ:PerfectedStrike","champ:BerserkersShout+1"],"picked":"champ:FocusedDefense","floor":23},{"not_picked":["champ:FancyFootwork","champ:PerfectedStrike","champ:HoldFirm"],"picked":"SKIP","floor":26},{"not_picked":["champ:EndlessRage","champ:PerfectedStrike"],"picked":"champ:SetATrap","floor":27},{"not_picked":["champ:TornadoPunch+1","champ:EnGarde"],"picked":"champ:StanceDance+1","floor":28},{"not_picked":["champ:Circumvent","champ:HeartStrike"],"picked":"champ:EnGarde","floor":30},{"not_picked":["champ:Circumvent","champ:CrookedStrike","champ:BerserkersShout"],"picked":"SKIP","floor":32}],"player_experience":120931,"relics_obtained":[{"floor":7,"key":"Boot"},{"floor":9,"key":"Art of War"},{"floor":22,"key":"MutagenicStrength"},{"floor":24,"key":"infinitespire:Bottled Soul"}],"event_choices":[{"damage_healed":33,"gold_gain":0,"player_choice":"Banana","damage_taken":0,"max_hp_gain":0,"max_hp_loss":0,"event_name":"Big Fish","floor":8,"gold_loss":0}],"is_beta":true,"boss_relics":[{"not_picked":["Replay:Grab Bag","Replay:Wanted Poster"],"picked":"construct:ClawGrip"}],"items_purged_floors":[],"is_endless":false,"potions_floor_spawned":[6,12,14,15,21,23,26,28],"killed_by":"SI_MIRROR_ARCHETYPE","ascension_level":0}}