{"host":"nx6t4q2fc0vdue7l","time":1612195083,"event":{"mods":["2.2 Compatiblity","BaseMod","Minty Spire (QoL Compilation)"],"gold_per_floor":[114,134,154,174,92,127,127,127,179,179,205,170,170,170,170,266,266,266,206,206,206,51,51,51,51,51,51,51,51,1,1,1,1,1],"floor_reached":33,"language":"ENG","playtime":1040,"items_purged":["Strike_B"],"score":306,"play_id":"27348f6b-b655-4b6a-8029-0cbfc0da202e","local_time":"20210201165803","is_ascension_mode":true,"campfire_choices":[{"floor":8,"key":"REST"},{"data":"Zap","floor":10,"key":"SMITH"},{"floor":13,"key":"REST"},{"data":"Self Repair","floor":15,"key":"SMITH"},{"floor":23,"key":"REST"},{"floor":27,"key":"REST"},{"floor":32,"key":"REST"}],"circlet_count":0,"master_deck":["Strike_B+1","Strike_B+1","Strike_B+1","Defend_B+1","Defend_B+1","Defend_B+1","Defend_B+1","Zap+1","Dualcast","Conserve Battery","Consume","Steam","Storm","Hello World","White Noise+1","Self Repair+1","Sweeping Beam","Ball Lightning+1","Loop","Skim+1"],"relics":["Cracked Core","NeowsBlessing","Pantograph","Potion Belt","Omamori","Ectoplasm","DataDisk","Shuriken","Frozen Egg 2","MealTicket"],"acts_visited":["Exordium","TheCity"],"potions_floor_usage":[4,21,25,33],"damage_taken":[{"damage":0,"enemies":"Cultist","floor":1,"turns":1},{"damage":0,"enemies":"Small Slimes","floor":2,"turns":1},{"damage":0,"enemies":"Jaw Worm","floor":3,"turns":1},{"damage":11,"enemies":"3 Louse","floor":4,"turns":2},{"damage":38,"enemies":"Gremlin Nob","floor":6,"turns":5},{"damage":6,"enemies":"Lagavulin","floor":11,"turns":6},{"damage":54,"enemies":"Slime Boss","floor":16,"turns":12},{"damage":20,"enemies":"Spheric Guardian","floor":18,"turns":4},{"damage":23,"enemies":"2 Thieves","floor":19,"turns":4},{"damage":33,"enemies":"Snecko","floor":21,"turns":7},{"damage":42,"enemies":"Book of Stabbing","floor":24,"turns":5},{"damage":24,"enemies":"Cultist and Chosen","floor":25,"turns":5},{"damage":31,"enemies":"Gremlin Leader","floor":31,"turns":6},{"damage":85,"enemies":"Automaton","floor":33,"turns":8}],"seed_played":"-8945230172383233612","potions_obtained":[{"floor":1,"key":"Explosive Potion"},{"floor":3,"key":"PotionOfCapacity"},{"floor":4,"key":"BlessingOfTheForge"},{"floor":6,"key":"LiquidBronze"},{"floor":19,"key":"Block Potion"},{"floor":24,"key":"Regen Potion"},{"floor":31,"key":"Energy Potion"}],"is_trial":false,"path_per_floor":["M","M","M","M","$","E","?","R","T","R","E","?","R","?","R","B",null,"M","M","?","M","$","R","E","M","T","R","?","?","?","E","R","B"],"character_chosen":"DEFECT","items_purchased":["Hello World","Loop"],"campfire_rested":5,"item_purchase_floors":[5,22],"current_hp_per_floor":[75,75,75,64,64,26,11,33,33,33,27,45,67,72,72,36,80,70,57,57,34,34,58,26,26,26,50,50,50,50,29,53,0,0],"gold":1,"neow_bonus":"THREE_ENEMY_KILL","is_daily":false,"chose_seed":false,"campfire_upgraded":2,"win_rate":0.0,"timestamp":1612195083,"path_taken":["M","M","?","M","$","E","?","R","T","R","E","?","R","?","R","BOSS","M","M","?","M","$","R","E","M","T","R","?","?","?","E","R","BOSS"],"items_purchased_type":["Card","Card"],"build_version":"2020-12-22","purchased_purges":1,"victory":false,"max_hp_per_floor":[75,75,75,75,75,75,75,75,75,75,75,75,75,80,80,80,80,80,80,80,80,80,80,80,80,80,80,80,80,80,80,80,80,80],"card_choices":[{"not_picked":["Fusion","Tempest"],"picked":"Conserve Battery","floor":1},{"not_picked":["Turbo","Streamline"],"picked":"Consume","floor":2},{"not_picked":["Gash","Conserve Battery"],"picked":"Steam","floor":3},{"not_picked":["Barrage","Stack"],"picked":"Storm","floor":4},{"not_picked":["Genetic Algorithm","Double Energy"],"picked":"White Noise","floor":6},{"not_picked":["Leap","Turbo"],"picked":"Self Repair","floor":11},{"not_picked":["Steam","Go for the Eyes"],"picked":"Sweeping Beam","floor":18},{"not_picked":["Chaos","Conserve Battery+1","Hologram"],"picked":"SKIP","floor":19},{"not_picked":["Conserve Battery+1","Skim"],"picked":"Ball Lightning+1","floor":21},{"not_picked":["Barrage","Sweeping Beam","Lockon"],"picked":"SKIP","floor":24},{"not_picked":["Rebound","Stack+1"],"picked":"Skim+1","floor":25},{"not_picked":["Coolheaded","Stack+1","All For One"],"picked":"SKIP","floor":31}],"player_experience":329573,"relics_obtained":[{"floor":6,"key":"Pantograph"},{"floor":9,"key":"Potion Belt"},{"floor":11,"key":"Omamori"},{"floor":24,"key":"DataDisk"},{"floor":26,"key":"Shuriken"},{"floor":31,"key":"MealTicket"}],"event_choices":[{"damage_healed":0,"gold_gain":0,"player_choice":"Entered Light","damage_taken":15,"max_hp_gain":0,"max_hp_loss":0,"event_name":"Shining Light","floor":7,"gold_loss":0,"cards_upgraded":["White Noise","Strike_B"]},{"damage_healed":18,"gold_gain":0,"player_choice":"Healed","damage_taken":0,"max_hp_gain":0,"max_hp_loss":0,"event_name":"The Cleric","floor":12,"gold_loss":35},{"damage_healed":0,"gold_gain":0,"player_choice":"Donut","damage_taken":0,"max_hp_gain":5,"max_hp_loss":0,"event_name":"Big Fish","floor":14,"gold_loss":0},{"damage_healed":0,"gold_gain":0,"player_choice":"Ignored","damage_taken":0,"max_hp_gain":0,"max_hp_loss":0,"event_name":"Ghosts","floor":20,"gold_loss":0},{"damage_healed":0,"gold_gain":0,"player_choice":"Opened","damage_taken":0,"relics_obtained":["Frozen Egg 2"],"max_hp_gain":0,"max_hp_loss":0,"event_name":"The Mausoleum","floor":28,"gold_loss":0,"cards_obtained":["Writhe"]},{"damage_healed":0,"gold_gain":0,"player_choice":"Simplicity","damage_taken":0,"max_hp_gain":0,"max_hp_loss":0,"event_name":"Back to Basics","floor":29,"gold_loss":0,"cards_upgraded":["Strike_B","Strike_B","Defend_B","Defend_B","Defend_B","Defend_B"]},{"damage_healed":0,"gold_gain":250,"player_choice":"Bet on Owner","damage_taken":0,"max_hp_gain":0,"max_hp_loss":0,"event_name":"The Joust","floor":30,"gold_loss":50}],"is_beta":false,"boss_relics":[{"not_picked":["FrozenCore","SlaversCollar"],"picked":"Ectoplasm"}],"items_purged_floors":[22],"is_endless":false,"potions_floor_spawned":[1,3,4,6,19,24,31],"killed_by":"Automaton","ascension_level":1}}