{"host":"fuszjwm6fqgjjp4d","time":1612169374,"event":{"mods":["BaseMod","Bestiary","Colored Map","DeckTracker","Minty Spire (QoL Compilation)","Permanent Neow","Relic Sorter","Relic Stats","StSLib"],"gold_per_floor":[114,264,21,21,21,62,127,171,171,171,192,215,215,256,256,346,346,370,394,409,427,427,427,427],"floor_reached":23,"language":"ENG","playtime":567,"items_purged":["Doubt"],"score":568,"play_id":"4dd28d99-63c2-4ed7-904d-ada33d6b9dff","local_time":"20210201024934","is_ascension_mode":true,"campfire_choices":[{"data":"EmptyFist","floor":10.0,"key":"SMITH"},{"floor":13.0,"key":"REST"},{"data":"TalkToTheHand","floor":15.0,"key":"SMITH"}],"circlet_count":0,"master_deck":["AscendersBane","Strike_P","Strike_P","Strike_P","Strike_P","Defend_P","Defend_P","Defend_P","Defend_P","Eruption+1","Vigilance+1","Evaluate","EmptyFist+1","Consecrate","Evaluate","Indignation","Conclude","EmptyBody","Vault","CutThroughFate","TalkToTheHand+1","DevaForm","Wallop","Tantrum","EmptyBody","FlyingSleeves","RitualDagger"],"relics":["PureWater","NeowsBlessing","Golden Idol","Oddly Smooth Stone","Question Card","Prayer Wheel","Smiling Mask","Centennial Puzzle","SlaversCollar"],"acts_visited":["Exordium","TheCity"],"potions_floor_usage":[20,21],"damage_taken":[{"damage":0.0,"enemies":"Jaw Worm","floor":1.0,"turns":1.0},{"damage":0.0,"enemies":"Lagavulin","floor":6.0,"turns":1.0},{"damage":0.0,"enemies":"Lagavulin Event","floor":7.0,"turns":1.0},{"damage":24.0,"enemies":"3 Sentries","floor":8.0,"turns":4.0},{"damage":10.0,"enemies":"2 Louse","floor":11.0,"turns":3.0},{"damage":0.0,"enemies":"Small Slimes","floor":12.0,"turns":2.0},{"damage":14.0,"enemies":"Lagavulin","floor":14.0,"turns":7.0},{"damage":0.0,"enemies":"Hexaghost","floor":16.0,"turns":9.0},{"damage":9.0,"enemies":"Spheric Guardian","floor":18.0,"turns":4.0},{"damage":25.0,"enemies":"Shell Parasite","floor":19.0,"turns":5.0},{"damage":0,"enemies":"Snake Plant","floor":20,"turns":1},{"damage":1,"enemies":"Centurion and Healer","floor":21,"turns":7},{"damage":36,"enemies":"Slavers","floor":23,"turns":2}],"seed_played":"-4818577702393484812","potions_obtained":[{"floor":7.0,"key":"AttackPotion"},{"floor":11.0,"key":"EntropicBrew"},{"floor":12.0,"key":"SteroidPotion"},{"floor":19.0,"key":"Regen Potion"}],"is_trial":false,"path_per_floor":["M","?","$","?","?","E","?","E","T","R","M","M","R","E","R","B",null,"M","M","M","M","?","E"],"character_chosen":"WATCHER","items_purchased":["EmptyFist","Consecrate","Evaluate"],"campfire_rested":1,"item_purchase_floors":[3,3,3],"current_hp_per_floor":[61,61,61,61,42,42,42,18,18,18,8,8,26,12,12,12,50,41,16,16,30,24,0,0],"gold":427,"neow_bonus":"THREE_ENEMY_KILL","is_daily":false,"chose_seed":false,"campfire_upgraded":2,"win_rate":0.0,"timestamp":1612169374,"path_taken":["M","?","$","?","?","E","?","E","T","R","M","M","R","E","R","BOSS","M","M","M","M","?","E"],"items_purchased_type":["Card","Card","Card"],"build_version":"2020-12-22","purchased_purges":1,"victory":false,"max_hp_per_floor":[68,68,68,62,62,62,62,62,62,62,62,62,62,62,62,62,62,62,62,62,62,62,62,62],"relic_stats":{"Centennial Puzzle":[12],"counters":[13,47],"Golden Idol":76,"Prayer Wheel":6,"Question Card":15,"Smiling Mask":0,"obtain_stats":[{"SlaversCollar":17,"Centennial Puzzle":14,"NeowsBlessing":0,"Golden Idol":4,"Oddly Smooth Stone":6,"Prayer Wheel":8,"PureWater":0,"Question Card":7,"Smiling Mask":9},{"SlaversCollar":8,"Centennial Puzzle":7,"NeowsBlessing":0,"Golden Idol":1,"Oddly Smooth Stone":2,"Prayer Wheel":4,"PureWater":0,"Question Card":3,"Smiling Mask":4},{"SlaversCollar":28,"Centennial Puzzle":19,"NeowsBlessing":0,"Golden Idol":1,"Oddly Smooth Stone":2,"Prayer Wheel":7,"PureWater":0,"Question Card":3,"Smiling Mask":7}]},"card_choices":[{"not_picked":["ClearTheMind","ThirdEye"],"picked":"Evaluate","floor":1.0},{"not_picked":["Weave","Worship","WaveOfTheHand"],"picked":"SKIP","floor":6.0},{"not_picked":["Crescendo","WaveOfTheHand"],"picked":"Indignation","floor":7.0},{"not_picked":["Tantrum","ClearTheMind","PathToVictory"],"picked":"Conclude","floor":8.0},{"not_picked":["WreathOfFlame","FlurryOfBlows","EmptyFist"],"picked":"EmptyBody","floor":11.0},{"not_picked":["SashWhip","WheelKick","LikeWater","Crescendo"],"picked":"SKIP","floor":11.0},{"not_picked":["FlyingSleeves","Indignation","Perseverance"],"picked":"Vault","floor":12.0},{"not_picked":["Weave","CrushJoints","BowlingBash"],"picked":"CutThroughFate","floor":12.0},{"not_picked":["ClearTheMind","BowlingBash","Sanctity"],"picked":"TalkToTheHand","floor":14.0},{"not_picked":["Establishment","MasterReality","Vault"],"picked":"DevaForm","floor":16.0},{"not_picked":["Collect","Protect","PathToVictory+1"],"picked":"Wallop","floor":18.0},{"not_picked":["CarveReality","Consecrate+1","FearNoEvil","WreathOfFlame"],"picked":"SKIP","floor":18.0},{"not_picked":["DeusExMachina","Swivel","FlyingSleeves"],"picked":"Tantrum","floor":19.0},{"not_picked":["Nirvana","Crescendo","InnerPeace","PathToVictory"],"picked":"SKIP","floor":19.0},{"not_picked":["Nirvana","Prostrate","CarveReality"],"picked":"EmptyBody","floor":20},{"not_picked":["JustLucky","PathToVictory","Crescendo","Brilliance"],"picked":"SKIP","floor":20},{"not_picked":["Vengeance","Prostrate","EmptyBody"],"picked":"FlyingSleeves","floor":21},{"not_picked":["Fasting2","ClearTheMind","Conclude","Collect"],"picked":"SKIP","floor":21}],"player_experience":1415061,"relics_obtained":[{"floor":6.0,"key":"Oddly Smooth Stone"},{"floor":7.0,"key":"Question Card"},{"floor":8.0,"key":"Prayer Wheel"},{"floor":9.0,"key":"Smiling Mask"},{"floor":14.0,"key":"Centennial Puzzle"}],"event_choices":[{"damage_healed":0.0,"max_hp_gain":0.0,"max_hp_loss":0.0,"gold_gain":150.0,"event_name":"Liars Game","player_choice":"AGREE","floor":2.0,"gold_loss":0.0,"damage_taken":0.0,"cards_obtained":["Doubt"]},{"damage_healed":0.0,"max_hp_gain":0.0,"max_hp_loss":6.0,"gold_gain":0.0,"event_name":"Golden Idol","player_choice":"Lose Max HP","floor":4.0,"gold_loss":0.0,"damage_taken":0.0,"relics_obtained":["Golden Idol"]},{"damage_healed":0.0,"max_hp_gain":0.0,"max_hp_loss":0.0,"gold_gain":0.0,"event_name":"Shining Light","player_choice":"Entered Light","floor":5.0,"gold_loss":0.0,"damage_taken":19.0,"cards_upgraded":["Vigilance","Eruption"]},{"damage_healed":0.0,"max_hp_gain":0.0,"max_hp_loss":0.0,"gold_gain":30.0,"event_name":"Dead Adventurer","player_choice":"Searched \u00272\u0027 times","floor":7.0,"gold_loss":0.0,"damage_taken":0.0},{"damage_healed":0,"gold_gain":0,"player_choice":"Joined the Cult","damage_taken":6,"max_hp_gain":0,"max_hp_loss":0,"event_name":"Nest","floor":22,"gold_loss":0,"cards_obtained":["RitualDagger"]}],"is_beta":false,"boss_relics":[{"not_picked":["Coffee Dripper","SacredBark"],"picked":"SlaversCollar"}],"items_purged_floors":[3],"is_endless":false,"potions_floor_spawned":[7,11,12,19],"killed_by":"Slavers","ascension_level":20}}