{"host":"08z5bj28eube4vug","time":1612162502,"event":{"mods":["2.2 Compatiblity","Abigail Mod","Act Like it!","BaseMod","Beaked The Cultist","Bestiary","Friendly Minions","Gensokyo","GungeonMod","Hallownest","Kiyohime????","Koishi","Lobotomy","Marisa????????","Minty Spire (QoL Compilation)","Prisma Mod","Remilia??????","Replay The Spire","StSLib","Td1madao Mod","The Alterego","The Bug Knight","The Jungle","The Sage","The Senshi","The Servant 0.9.4","Waifu the Spire","WarShipGirlsR/????R mod","Yuri Mod"],"gold_per_floor":[213,230,249,261,261,261,261,261,261,281,300,334,334,362,362,462,462,480,480,258,8,8,8,22,22,22,22,56,68,84,34,34,138,138,150,43,54,68,88,88,118,118,141,167,43,43,43,58,58,58],"floor_reached":51,"language":"ENG","playtime":3788,"items_purged":[],"score":1102,"play_id":"7d70c994-30c9-4e2c-a7ab-0039b507a108","local_time":"20210201095502","is_ascension_mode":true,"campfire_choices":[{"data":"PrismaMod:ChloeCheapAttack","floor":6,"key":"SMITH"},{"data":"PrismaMod:ChloeMordred","floor":8,"key":"SMITH"},{"data":"PrismaMod:ChloeMordred","floor":13,"key":"SMITH"},{"data":"PrismaMod:ChloeCaladbolg","floor":15,"key":"SMITH"},{"data":"PrismaMod:ChloeAnyPowerTrace","floor":23,"key":"SMITH"},{"floor":27,"key":"REST"},{"data":"GremboGang","floor":32,"key":"SMITH"},{"data":"PrismaMod:ChloeCaladbolg","floor":40,"key":"SMITH"},{"data":"PrismaMod:ChloeEyeOfTheEuryale","floor":42,"key":"SMITH"},{"floor":46,"key":"REST"},{"data":"PrismaMod:ChloeGaeBolg","floor":49,"key":"SMITH"}],"circlet_count":0,"master_deck":["PrismaMod:ChloeCommonAttack","PrismaMod:ChloeCommonAttack","PrismaMod:ChloeCommonAttack","PrismaMod:ChloeCommonAttack","PrismaMod:ChloeCommonAttack","PrismaMod:ChloeCommonDefend","PrismaMod:ChloeCommonDefend","PrismaMod:ChloeCommonDefend","PrismaMod:ChloeCommonDefend","PrismaMod:ChloeCommonDefend","PrismaMod:ChloeCheapAttack+1","PrismaMod:ChloeCheapDefend","PrismaMod:ChloeCarnivalDefend","PrismaMod:ChloeGaeBolg+1","PrismaMod:ChloeCheapAttackTwo","PrismaMod:ChloeDiscardRecovery","PrismaMod:ChloeMordred+1","PrismaMod:ChloeCommonAOEAttack","PrismaMod:ChloeExhaustOne","PrismaMod:ChloeRuleBreaker","PrismaMod:ChloeMordred+1","PrismaMod:ChloeCaladbolg+1","PrismaMod:ChloeAnyPowerTrace+1","PrismaMod:ChloeMordred","PrismaMod:ChloeRitsuka","GremboGang+1","PrismaMod:ChloeGaeBolg+1","PrismaMod:ChloeCheapDefendTwo","PrismaMod:ChloeCarnivalDefend","PrismaMod:ChloeEyeOfTheEuryale+1","PrismaMod:ChloeCaladbolg+1","Parasite","PrismaMod:ChloeCheapDefendTwo+1","Apotheosis+1"],"relics":["PrismaMod:PrismaTraceOnUpgrade","FossilizedHelix","Blue Candle","Bronze Scales","alterego_mod:SomeoneToFightFor","theSenshi:SailorFukuRelic","beaked:ShinyBauble","Thread and Needle","Busted Crown","PreservedInsect","Omamori","Blue Doll","ReplayTheSpireMod:CursedCoin","Art of War"],"acts_visited":["Exordium","TheCity","TheBeyond"],"potions_floor_usage":[4,4,16,24,28,30,35,38,41,50,50,50],"damage_taken":[{"damage":0,"enemies":"2 Louse","floor":1,"turns":3},{"damage":7,"enemies":"Small Slimes","floor":2,"turns":4},{"damage":3,"enemies":"Jaw Worm","floor":3,"turns":3},{"damage":13,"enemies":"Exordium Thugs","floor":4,"turns":6},{"damage":0,"enemies":"Looter","floor":10,"turns":3},{"damage":0,"enemies":"3 Louse","floor":11,"turns":2},{"damage":0,"enemies":"Lagavulin","floor":12,"turns":5},{"damage":5,"enemies":"3 Sentries","floor":14,"turns":6},{"damage":8,"enemies":"Hexaghost","floor":16,"turns":7},{"damage":0,"enemies":"Spheric Guardian","floor":18,"turns":3},{"damage":12,"enemies":"Cultist and Chosen","floor":24,"turns":6},{"damage":22,"enemies":"Book of Stabbing","floor":28,"turns":3},{"damage":2,"enemies":"Snake Plant","floor":29,"turns":3},{"damage":0,"enemies":"Shelled Parasite and Fungi","floor":30,"turns":4},{"damage":0,"enemies":"Champ","floor":33,"turns":6},{"damage":0,"enemies":"3 Shapes","floor":35,"turns":2},{"damage":0,"enemies":"Orb Walker","floor":37,"turns":5},{"damage":13,"enemies":"Jaw Worm Horde","floor":38,"turns":5},{"damage":12,"enemies":"Writhing Mass","floor":39,"turns":4},{"damage":4,"enemies":"HollowMod:StalkingDevout","floor":41,"turns":5},{"damage":25,"enemies":"Reptomancer","floor":44,"turns":4},{"damage":12,"enemies":"3 Darklings","floor":48,"turns":4},{"damage":60,"enemies":"Time Eater","floor":50,"turns":9}],"seed_played":"5800144447637217753","potions_obtained":[{"floor":1,"key":"Milkshake"},{"floor":2,"key":"FearPotion"},{"floor":3,"key":"SkillPotion"},{"floor":14,"key":"Energy Potion"},{"floor":16,"key":"BlessingOfTheForge"},{"floor":29,"key":"DemoMod:LeadSkinPotion"},{"floor":33,"key":"LiquidBronze"},{"floor":37,"key":"Explosive Potion"},{"floor":38,"key":"Fire Potion"},{"floor":41,"key":"Weak Potion"}],"is_trial":false,"path_per_floor":["M","M","M","M","?","R","?","R","T","M","M","E","R","E","R","B",null,"M","?","$","?","$","R","M","?","T","R","E","M","M","$","R","B",null,"M","$","M","M","M","R","E","R","T","E","$","R","?","M","R","B",null],"character_chosen":"CHLOE","items_purchased":["PrismaMod:ChloeRitsuka","theSenshi:SailorFukuRelic","Swift Potion","PrismaMod:ChloeEyeOfTheEuryale","PrismaMod:ChloeCaladbolg","ReplayTheSpireMod:CursedCoin","Apotheosis+1","Art of War"],"campfire_rested":2,"item_purchase_floors":[20,20,31,36,36,45,45,45],"current_hp_per_floor":[68,61,58,45,45,45,45,45,45,45,45,45,45,40,40,32,64,64,64,64,64,64,64,52,38,38,62,47,55,69,69,69,76,79,79,79,80,81,76,76,73,73,73,48,48,72,72,81,81,21],"gold":58,"neow_bonus":"HUNDRED_GOLD","is_daily":false,"chose_seed":false,"campfire_upgraded":9,"win_rate":0.0,"timestamp":1612162502,"path_taken":["M","M","M","M","?","R","?","R","T","M","M","E","R","E","R","BOSS","M","?","$","?","$","R","?","?","T","R","E","M","M","?","R","BOSS","M","$","M","M","M","R","E","R","T","E","$","R","?","M","R","BOSS"],"items_purchased_type":["Card","Relic","Potion","Card","Card","Relic","Card","Relic"],"build_version":"2020-12-22","purchased_purges":0,"victory":true,"max_hp_per_floor":[75,75,75,75,75,75,75,75,75,75,75,75,75,75,75,75,75,75,75,75,75,75,75,75,80,80,80,80,80,80,80,80,80,80,80,80,81,81,81,81,82,82,82,82,82,82,82,82,82,82],"card_choices":[{"not_picked":["PrismaMod:ChloeCommonAOEAttack","PrismaMod:ChloeUncommonAttack","PrismaMod:ChloeCheapAttack"],"picked":"SKIP","floor":1},{"not_picked":["PrismaMod:ChloeDiscardRecovery","PrismaMod:ChloeCheapDefend","PrismaMod:ChloeCommonAOEAttack"],"picked":"SKIP","floor":2},{"not_picked":["PrismaMod:ChloeMaid","PrismaMod:ChloeCommonAOEAttack"],"picked":"PrismaMod:ChloeCarnivalDefend","floor":3},{"not_picked":["PrismaMod:ChloeEyeOfTheEuryale","PrismaMod:ChloeMordred"],"picked":"PrismaMod:ChloeGaeBolg","floor":4},{"not_picked":["PrismaMod:ChloeMaid","PrismaMod:ChloeCheapAttackTwo"],"picked":"PrismaMod:ChloeRuleBreaker","floor":10},{"not_picked":["PrismaMod:ChloeDemonicTutor","PrismaMod:ChloeCommonAOEAttack","PrismaMod:ChloeCheapAttack"],"picked":"SKIP","floor":11},{"not_picked":["PrismaMod:ChloeBetterTracePools","PrismaMod:ChloeCheapAttack"],"picked":"PrismaMod:ChloeMordred","floor":12},{"not_picked":["PrismaMod:ChloeMordred","PrismaMod:ChloeBetterTracePools"],"picked":"PrismaMod:ChloeCaladbolg","floor":14},{"not_picked":["PrismaMod:ChloeCarnivalAOEAttack","PrismaMod:ChloeCarnivalDefend"],"picked":"PrismaMod:ChloeAnyPowerTrace","floor":16},{"not_picked":["PrismaMod:ChloeExhaustOne","PrismaMod:ChloeDiscardRecovery"],"picked":"PrismaMod:ChloeMordred","floor":18},{"not_picked":["PrismaMod:ChloeDiscardRecovery","PrismaMod:ChloeExcalibur","PrismaMod:ChloeExhaustOne"],"picked":"SKIP","floor":24},{"not_picked":["PrismaMod:ChloeUnlimitedBladeWorks","PrismaMod:ChloeCheapAttack+1"],"picked":"PrismaMod:ChloeGaeBolg","floor":28},{"not_picked":["PrismaMod:ChloeCommonAOEAttack","PrismaMod:ChloeCheapAttackTwo+1","PrismaMod:ChloeDiscardRecovery"],"picked":"SKIP","floor":29},{"not_picked":["PrismaMod:ChloeCheapAttackTwo","PrismaMod:ChloeUncommonDefend"],"picked":"PrismaMod:ChloeCheapDefendTwo","floor":30},{"not_picked":["PrismaMod:ChloeGreatTracePools","PrismaMod:ChloeDoubleRelicSpeed"],"picked":"PrismaMod:ChloeCarnivalDefend","floor":33},{"not_picked":["PrismaMod:ChloeCheapDefendTwo"],"picked":"SKIP","floor":35},{"not_picked":["PrismaMod:ChloeCheapDefendTwo"],"picked":"SKIP","floor":37},{"not_picked":["PrismaMod:ChloeExcalibur"],"picked":"SKIP","floor":38},{"not_picked":[],"picked":"PrismaMod:ChloeCheapDefendTwo+1","floor":39},{"not_picked":["PrismaMod:ChloeDemonicTutor"],"picked":"SKIP","floor":41},{"not_picked":["PrismaMod:ChloeCheapAttackTwo+1"],"picked":"SKIP","floor":44},{"not_picked":["PrismaMod:ChloeDiscardRecovery+1"],"picked":"SKIP","floor":48}],"player_experience":871779,"relics_obtained":[{"floor":9,"key":"FossilizedHelix"},{"floor":12,"key":"Blue Candle"},{"floor":14,"key":"Bronze Scales"},{"floor":26,"key":"beaked:ShinyBauble"},{"floor":28,"key":"Thread and Needle"},{"floor":41,"key":"PreservedInsect"},{"floor":43,"key":"Omamori"},{"floor":44,"key":"Blue Doll"}],"event_choices":[{"damage_healed":0,"gold_gain":0,"player_choice":"Grow","damage_taken":0,"max_hp_gain":0,"max_hp_loss":0,"event_name":"Living Wall","floor":5,"gold_loss":0,"cards_upgraded":["PrismaMod:ChloeGaeBolg"]},{"damage_healed":0,"gold_gain":0,"player_choice":"Choice 2","damage_taken":0,"relics_obtained":["alterego_mod:SomeoneToFightFor"],"max_hp_gain":0,"max_hp_loss":0,"event_name":"Secret Garden","floor":19,"gold_loss":0},{"damage_healed":0,"gold_gain":0,"player_choice":"Shed Blood","damage_taken":19,"max_hp_gain":5,"max_hp_loss":0,"event_name":"Forgotten Altar","floor":25,"gold_loss":0},{"damage_healed":0,"gold_gain":0,"player_choice":"Got Potions","damage_taken":0,"max_hp_gain":0,"max_hp_loss":0,"event_name":"Lab","floor":47,"gold_loss":0}],"is_beta":false,"boss_relics":[{"not_picked":["Tiny House","Black Star"],"picked":"PrismaMod:PrismaTraceOnUpgrade"},{"not_picked":["Astrolabe","Runic Pyramid"],"picked":"Busted Crown"}],"items_purged_floors":[],"is_endless":false,"potions_floor_spawned":[1,2,3,14,16,29,33,37,38,41,48],"ascension_level":9}}