{"host":"vyjryxuuuxkt43k4","time":1612167237,"event":{"mods":["AchievementEnabler","BaseMod","Colored Map","DeckTracker","Keyboard Shortcuts","Minty Spire (QoL Compilation)","Permanent Neow","Quick Restart","Rare Cards Sparkle","StSLib","SuperFastMode","everything is the same but u backflip on backflip"],"gold_per_floor":[109,109,124,135,155,155,180,190,239,239,256,291,291,24,24,126,126,189,203,203,10,71,71,71,71],"floor_reached":24,"language":"KOR","playtime":5686,"items_purged":["Strike_G"],"score":368,"play_id":"7b60b64a-949a-43c0-bf20-02f5f47a09c3","local_time":"20210201171357","is_ascension_mode":true,"campfire_choices":[{"data":"Masterful Stab","floor":6.0,"key":"SMITH"},{"floor":10.0,"key":"REST"},{"floor":13.0,"key":"REST"},{"floor":15.0,"key":"REST"},{"data":"Concentrate","floor":23,"key":"SMITH"}],"circlet_count":0,"master_deck":["AscendersBane","Strike_G","Strike_G","Strike_G","Defend_G","Defend_G","Defend_G","Defend_G","Survivor","Neutralize","Dodge and Roll","Backstab","Masterful Stab+1","Backflip","Tactician","Escape Plan","Concentrate+1","Dagger Spray+1","HandOfGreed+1","Die Die Die+1","PiercingWail","Predator+1","Blur","Eviscerate+1"],"relics":["Ring of the Snake","The Courier","Tiny Chest","Molten Egg 2","Snake Skull","Coffee Dripper","Membership Card"],"acts_visited":["Exordium","TheCity"],"potions_floor_usage":[20,24],"damage_taken":[{"damage":0.0,"enemies":"Jaw Worm","floor":1.0,"turns":7.0},{"damage":1.0,"enemies":"Cultist","floor":3.0,"turns":5.0},{"damage":0.0,"enemies":"2 Louse","floor":4.0,"turns":3.0},{"damage":8.0,"enemies":"Large Slime","floor":5.0,"turns":8.0},{"damage":27.0,"enemies":"Gremlin Nob","floor":7.0,"turns":4.0},{"damage":0.0,"enemies":"3 Louse","floor":8.0,"turns":3.0},{"damage":0.0,"enemies":"2 Fungi Beasts","floor":11.0,"turns":4.0},{"damage":25.0,"enemies":"Lagavulin","floor":12.0,"turns":10.0},{"damage":25.0,"enemies":"Slime Boss","floor":16.0,"turns":9.0},{"damage":16.0,"enemies":"3 Byrds","floor":18.0,"turns":5.0},{"damage":0.0,"enemies":"Chosen","floor":19.0,"turns":4.0},{"damage":0,"enemies":"Shelled Parasite and Fungi","floor":20,"turns":1},{"damage":0,"enemies":"Centurion and Healer","floor":22,"turns":5},{"damage":41,"enemies":"Gremlin Leader","floor":24,"turns":7}],"seed_played":"9031716863135997587","potions_obtained":[{"floor":4.0,"key":"Poison Potion"},{"floor":7.0,"key":"BlessingOfTheForge"},{"floor":11.0,"key":"ColorlessPotion"},{"floor":12.0,"key":"Fire Potion"},{"floor":16.0,"key":"SpeedPotion"},{"floor":18.0,"key":"CultistPotion"},{"floor":19.0,"key":"SmokeBomb"}],"is_trial":false,"path_per_floor":["M","?","M","M","M","R","E","M","T","R","M","E","R","$","R","B",null,"M","M","M","$","M","R","E"],"character_chosen":"THE_SILENT","items_purchased":["Snake Skull","HandOfGreed+1","Membership Card","Blur"],"campfire_rested":3,"item_purchase_floors":[14,14,21,21],"current_hp_per_floor":[59,52,51,51,43,43,16,16,16,35,35,10,29,29,48,23,55,39,39,39,39,39,39,0,0],"gold":71,"neow_bonus":"REMOVE_CARD","is_daily":false,"chose_seed":false,"campfire_upgraded":2,"win_rate":0.0,"timestamp":1612167237,"path_taken":["M","?","M","M","M","R","E","M","T","R","M","E","R","$","R","BOSS","M","M","M","$","M","R","E"],"items_purchased_type":["Relic","Card","Relic","Card"],"build_version":"2020-12-22","purchased_purges":1,"victory":false,"max_hp_per_floor":[66,66,66,66,66,66,66,66,66,66,66,66,66,66,66,66,66,66,66,66,66,66,66,66,66],"card_choices":[{"not_picked":["Riddle With Holes","PiercingWail"],"picked":"Dodge and Roll","floor":1.0},{"not_picked":["Slice","Well Laid Plans"],"picked":"Backstab","floor":3.0},{"not_picked":["Deflect","Dagger Throw"],"picked":"Masterful Stab","floor":4.0},{"not_picked":["Choke","Deflect"],"picked":"Backflip","floor":5.0},{"not_picked":["Calculated Gamble","Concentrate"],"picked":"Tactician","floor":7.0},{"not_picked":["Phantasmal Killer","Dagger Spray"],"picked":"Escape Plan","floor":8.0},{"not_picked":["Flechettes","Deadly Poison"],"picked":"Concentrate","floor":11.0},{"not_picked":["Deadly Poison","Poisoned Stab+1"],"picked":"Dagger Spray+1","floor":12.0},{"not_picked":["Corpse Explosion","Burst"],"picked":"Die Die Die+1","floor":16.0},{"not_picked":["Slice+1","Backstab+1"],"picked":"PiercingWail","floor":18.0},{"not_picked":["Backstab+1","Quick Slash+1"],"picked":"Predator+1","floor":19.0},{"not_picked":["Phantasmal Killer","Catalyst+1"],"picked":"Eviscerate+1","floor":22}],"player_experience":564245,"relics_obtained":[{"floor":7.0,"key":"The Courier"},{"floor":9.0,"key":"Tiny Chest"},{"floor":12.0,"key":"Molten Egg 2"}],"event_choices":[{"cards_removed":["Defend_G"],"damage_healed":0.0,"max_hp_gain":0.0,"max_hp_loss":0.0,"gold_gain":0.0,"event_name":"Golden Wing","player_choice":"Card Removal","floor":2.0,"gold_loss":0.0,"damage_taken":7.0}],"is_beta":false,"boss_relics":[{"not_picked":["Ectoplasm","Velvet Choker"],"picked":"Coffee Dripper"}],"items_purged_floors":[21],"is_endless":false,"potions_floor_spawned":[4,7,11,12,16,18,19,20],"killed_by":"Gremlin Leader","ascension_level":15}}