{"host":"sav7uxregyirlf69","time":1612179609,"event":{"mods":["AchievementEnabler","BaseMod","Colored Map","DeckTracker","Keyboard Shortcuts","Minty Spire (QoL Compilation)","READ ME - Guardian Mod","StSLib","SuperFastMode"],"gold_per_floor":[112,126,142,142,158,168,185,185,185,47,77,77,77,89,89,166,166,177,194,194,194,194],"floor_reached":21,"language":"KOR","playtime":297,"items_purged":[],"score":346,"play_id":"5d25b4d5-0d49-458e-8660-9eace23e3aae","local_time":"20210201204009","is_ascension_mode":true,"campfire_choices":[{"floor":8,"key":"REST"},{"data":"Armaments","floor":13,"key":"SMITH"},{"data":"Fire Breathing","floor":15,"key":"SMITH"}],"circlet_count":0,"master_deck":["AscendersBane","Strike_R","Strike_R","Strike_R","Strike_R","Strike_R","Defend_R","Defend_R","Defend_R","Bash","Reckless Charge","Fire Breathing+1","Shrug It Off","Armaments+1","Evolve","Inflame","Fiend Fire","Body Slam"],"relics":["Burning Blood","NeowsBlessing","The Courier","Pocketwatch","Orrery","Coffee Dripper"],"acts_visited":["Exordium","TheCity"],"potions_floor_usage":[6,7],"damage_taken":[{"damage":0,"enemies":"Cultist","floor":1,"turns":1},{"damage":0,"enemies":"2 Louse","floor":2,"turns":1},{"damage":0,"enemies":"Small Slimes","floor":3,"turns":1},{"damage":16,"enemies":"3 Louse","floor":5,"turns":5},{"damage":2,"enemies":"Gremlin Gang","floor":6,"turns":4},{"damage":19,"enemies":"Exordium Wildlife","floor":7,"turns":5},{"damage":17,"enemies":"3 Louse","floor":14,"turns":4},{"damage":20,"enemies":"Hexaghost","floor":16,"turns":8},{"damage":0,"enemies":"Chosen","floor":18,"turns":3},{"damage":26,"enemies":"Shell Parasite","floor":19,"turns":4},{"damage":30,"enemies":"Shelled Parasite and Fungi","floor":21,"turns":2}],"seed_played":"-1278258825919468297","potions_obtained":[{"floor":1,"key":"Explosive Potion"},{"floor":3,"key":"GamblersBrew"},{"floor":5,"key":"Fire Potion"},{"floor":19,"key":"EssenceOfSteel"}],"is_trial":false,"path_per_floor":["M","M","M","?","M","M","M","R","T","$","?","?","R","M","R","B",null,"M","M","?","M"],"character_chosen":"IRONCLAD","items_purchased":["Orrery"],"campfire_rested":1,"item_purchase_floors":[10],"current_hp_per_floor":[74,75,75,40,30,34,21,43,43,43,43,43,43,32,32,18,61,67,47,26,0,0],"gold":194,"neow_bonus":"THREE_ENEMY_KILL","is_daily":false,"chose_seed":false,"campfire_upgraded":2,"win_rate":0.0,"timestamp":1612179609,"path_taken":["M","?","?","?","M","M","M","R","T","$","?","?","R","M","R","BOSS","M","?","?","M"],"items_purchased_type":["Relic"],"build_version":"2020-12-22","purchased_purges":0,"victory":false,"max_hp_per_floor":[75,75,75,75,75,75,75,75,75,75,75,75,75,75,75,75,75,75,75,80,80,80],"card_choices":[{"not_picked":["Twin Strike","Power Through"],"picked":"Reckless Charge","floor":1},{"not_picked":["Shockwave","Shrug It Off"],"picked":"Fire Breathing","floor":2},{"not_picked":["Cleave","Ghostly Armor"],"picked":"Shrug It Off","floor":3},{"not_picked":["Twin Strike","True Grit"],"picked":"Armaments","floor":5},{"not_picked":["Seeing Red","Flex","Dropkick"],"picked":"SKIP","floor":6},{"not_picked":["Cleave","Barricade","Iron Wave"],"picked":"SKIP","floor":7},{"not_picked":["Juggernaut","Second Wind"],"picked":"Evolve","floor":10},{"not_picked":["Berserk","True Grit"],"picked":"Inflame","floor":10},{"not_picked":["Cleave","Dual Wield","Anger"],"picked":"SKIP","floor":14},{"not_picked":["Barricade","Exhume"],"picked":"Fiend Fire","floor":16},{"not_picked":["Heavy Blade","Shrug It Off","Iron Wave"],"picked":"SKIP","floor":18},{"not_picked":["Sword Boomerang","Twin Strike"],"picked":"Body Slam","floor":19}],"player_experience":1452220,"relics_obtained":[{"floor":9,"key":"Pocketwatch"}],"event_choices":[{"damage_healed":0,"gold_gain":0,"player_choice":"Success","damage_taken":35,"relics_obtained":["The Courier"],"max_hp_gain":0,"max_hp_loss":0,"event_name":"Scrap Ooze","floor":4,"gold_loss":0},{"damage_healed":0,"gold_gain":30,"player_choice":"Searched \u00271\u0027 times","damage_taken":0,"max_hp_gain":0,"max_hp_loss":0,"event_name":"Dead Adventurer","floor":11,"gold_loss":0},{"cards_removed":["Defend_R"],"damage_healed":0,"gold_gain":0,"player_choice":"Offered Basic","damage_taken":0,"max_hp_gain":0,"max_hp_loss":0,"event_name":"Bonfire Elementals","floor":12,"gold_loss":0},{"damage_healed":0,"gold_gain":0,"player_choice":"Shed Blood","damage_taken":26,"max_hp_gain":5,"max_hp_loss":0,"event_name":"Forgotten Altar","floor":20,"gold_loss":0}],"is_beta":false,"boss_relics":[{"not_picked":["Tiny House","Empty Cage"],"picked":"Coffee Dripper"}],"items_purged_floors":[],"is_endless":false,"potions_floor_spawned":[1,3,5,19],"killed_by":"Shelled Parasite and Fungi","ascension_level":20}}