{"host":"6q94iy5iz6612v89","time":1612204221,"event":{"mods":["2.2 Compatiblity","AchievementEnabler","BaseMod","Colored Map","DeckTracker","Keyboard Shortcuts","Minty Spire (QoL Compilation)","Permanent Neow","StSLib","SuperFastMode"],"gold_per_floor":[115,126,138,152,152,152,152,152,152,176,176,191,191,204,204,297,297,317,242,54,54,68,68,109,109,160,160,181,306,340,364,364,463,526,544,296,319,339,360,360,373,409,409,409,7,23,58,83,83,83,83,83,83,26,65,65],"floor_reached":57,"language":"KOR","playtime":1438,"items_purged":["Strike_R","Strike_R"],"score":3008,"play_id":"6078723e-8b24-4c3a-8eda-9b4eccbbced7","local_time":"20210202033021","is_ascension_mode":true,"campfire_choices":[{"data":"Searing Blow","floor":6.0,"key":"SMITH"},{"data":"Searing Blow+1","floor":8.0,"key":"SMITH"},{"data":"Searing Blow+2","floor":11.0,"key":"SMITH"},{"data":"Searing Blow+3","floor":13.0,"key":"SMITH"},{"data":"Searing Blow+4","floor":15.0,"key":"SMITH"},{"data":"Searing Blow+5","floor":23.0,"key":"SMITH"},{"data":"Searing Blow+6","floor":27.0,"key":"SMITH"},{"data":"Searing Blow+7","floor":32.0,"key":"SMITH"},{"data":"Searing Blow+8","floor":40.0,"key":"SMITH"},{"floor":49.0,"key":"RECALL"},{"data":"Offering","floor":53.0,"key":"SMITH"}],"circlet_count":0,"master_deck":["AscendersBane","Strike_R+1","Strike_R","Defend_R","Defend_R","Defend_R","Defend_R","Bash","Searing Blow+9","Cleave","Battle Trance","Entrench","Power Through","Apotheosis","Necronomicurse","Ghostly","Ghostly","Ghostly","Entrench","Second Wind","Shrug It Off","Offering+1","Flame Barrier+1"],"relics":["Burning Blood","Golden Idol","White Beast Statue","Runic Dome","Necronomicon","Calipers","Ice Cream","Sundial","Red Skull","Tiny House","Lantern","Bronze Scales","Mummified Hand","Potion Belt","HornCleat","Blood Vial","Orichalcum"],"acts_visited":["Exordium","TheCity","TheBeyond","TheEnding"],"potions_floor_usage":[56,56,56,56],"damage_taken":[{"damage":14.0,"enemies":"Jaw Worm","floor":1.0,"turns":4.0},{"damage":8.0,"enemies":"2 Louse","floor":2.0,"turns":3.0},{"damage":4.0,"enemies":"Small Slimes","floor":3.0,"turns":4.0},{"damage":11.0,"enemies":"3 Louse","floor":4.0,"turns":4.0},{"damage":0.0,"enemies":"Lagavulin","floor":7.0,"turns":1.0},{"damage":18.0,"enemies":"Large Slime","floor":10.0,"turns":6.0},{"damage":0.0,"enemies":"Looter","floor":12.0,"turns":2.0},{"damage":6.0,"enemies":"Exordium Thugs","floor":14.0,"turns":4.0},{"damage":44.0,"enemies":"The Guardian","floor":16.0,"turns":7.0},{"damage":13.0,"enemies":"3 Byrds","floor":18.0,"turns":4.0},{"damage":0.0,"enemies":"Spheric Guardian","floor":22.0,"turns":1.0},{"damage":24.0,"enemies":"Slavers","floor":24.0,"turns":5.0},{"damage":0.0,"enemies":"Centurion and Healer","floor":28.0,"turns":5.0},{"damage":0.0,"enemies":"Colosseum Slavers","floor":29.0,"turns":6.0},{"damage":0.0,"enemies":"Colosseum Nobs","floor":29.0,"turns":7.0},{"damage":18.0,"enemies":"Book of Stabbing","floor":30.0,"turns":4.0},{"damage":0.0,"enemies":"Snake Plant","floor":31.0,"turns":1.0},{"damage":0.0,"enemies":"Champ","floor":33.0,"turns":8.0},{"damage":1.0,"enemies":"Orb Walker","floor":35.0,"turns":2.0},{"damage":0.0,"enemies":"3 Darklings","floor":37.0,"turns":8.0},{"damage":26.0,"enemies":"Maw","floor":38.0,"turns":6.0},{"damage":1.0,"enemies":"Sphere and 2 Shapes","floor":39.0,"turns":5.0},{"damage":0.0,"enemies":"Spire Growth","floor":41.0,"turns":3.0},{"damage":21.0,"enemies":"Nemesis","floor":42.0,"turns":3.0},{"damage":0.0,"enemies":"Jaw Worm Horde","floor":46.0,"turns":5.0},{"damage":1.0,"enemies":"Reptomancer","floor":47.0,"turns":6.0},{"damage":6.0,"enemies":"Donu and Deca","floor":50.0,"turns":14.0},{"damage":15.0,"enemies":"Time Eater","floor":51.0,"turns":8.0},{"damage":1.0,"enemies":"Shield and Spear","floor":55.0,"turns":4.0},{"damage":16,"enemies":"The Heart","floor":56,"turns":11}],"seed_played":"-1952460058146083090","potions_obtained":[{"floor":1.0,"key":"SkillPotion"},{"floor":2.0,"key":"SmokeBomb"},{"floor":10.0,"key":"AttackPotion"},{"floor":12.0,"key":"LiquidMemories"},{"floor":14.0,"key":"DistilledChaos"},{"floor":16.0,"key":"AttackPotion"},{"floor":18.0,"key":"Fire Potion"},{"floor":22.0,"key":"SkillPotion"},{"floor":24.0,"key":"SkillPotion"},{"floor":28.0,"key":"Weak Potion"},{"floor":29.0,"key":"Dexterity Potion"},{"floor":30.0,"key":"DuplicationPotion"},{"floor":31.0,"key":"LiquidMemories"},{"floor":33.0,"key":"Fruit Juice"},{"floor":34.0,"key":"BloodPotion"},{"floor":35.0,"key":"ElixirPotion"},{"floor":37.0,"key":"SpeedPotion"},{"floor":38.0,"key":"Swift Potion"},{"floor":46.0,"key":"Dexterity Potion"},{"floor":47.0,"key":"SneckoOil"},{"floor":55.0,"key":"Fire Potion"}],"is_trial":false,"path_per_floor":["M","M","M","M","?","R","E","R","T","M","R","M","R","M","R","B",null,"M","?","$","?","M","R","E","?","T","R","M","?","E","M","R","B",null,"M","$","M","M","M","R","M","E","T","?","$","M","E","T","R","B","B",null,"R","$","E","B",null],"character_chosen":"IRONCLAD","items_purchased":["Apotheosis","Lantern","Potion Belt","SkillPotion","DistilledChaos","BloodPotion"],"campfire_rested":0,"item_purchase_floors":[20,36,45,45,45,54],"current_hp_per_floor":[56,54,56,51,51,51,57,57,57,45,45,51,51,51,51,13,64,57,57,57,36,42,42,24,24,24,24,30,40,28,34,34,45,50,50,50,50,30,35,35,41,26,26,26,26,32,37,37,37,39,32,43,43,43,47,46],"gold":65,"neow_bonus":"TWENTY_PERCENT_HP_BONUS","is_daily":false,"chose_seed":false,"campfire_upgraded":10,"win_rate":0.0,"timestamp":1612204221,"path_taken":["M","M","M","M","?","R","E","R","T","M","R","M","R","M","R","BOSS","M","?","$","?","M","R","E","?","T","R","M","?","E","M","R","BOSS","M","$","M","M","M","R","M","E","T","?","$","M","E","?","R","BOSS","BOSS","R","$","E","BOSS"],"items_purchased_type":["Card","Relic","Relic","Potion","Potion","Potion"],"build_version":"2020-12-22","purchased_purges":2,"victory":true,"max_hp_per_floor":[89,89,89,89,81,81,81,81,81,81,81,81,81,81,81,81,81,81,81,81,81,81,81,81,40,40,40,40,40,40,40,40,45,50,50,50,50,50,50,50,50,50,50,47,47,47,47,47,47,47,47,47,47,47,47,47],"card_choices":[{"not_picked":["Shockwave","True Grit"],"picked":"Searing Blow","floor":1.0},{"not_picked":["True Grit","Perfected Strike","Clash"],"picked":"SKIP","floor":2.0},{"not_picked":["Sword Boomerang","Anger"],"picked":"Cleave","floor":3.0},{"not_picked":["Metallicize","Blood for Blood"],"picked":"Battle Trance","floor":4.0},{"not_picked":["Wild Strike","Whirlwind","Battle Trance"],"picked":"SKIP","floor":10.0},{"not_picked":["Headbutt","Infernal Blade"],"picked":"Entrench","floor":12.0},{"not_picked":["Warcry","Dual Wield","Iron Wave"],"picked":"SKIP","floor":14.0},{"not_picked":["Combust","Body Slam"],"picked":"Power Through","floor":18.0},{"not_picked":["Pummel","Pommel Strike","Headbutt"],"picked":"SKIP","floor":22.0},{"not_picked":["Pummel","Pommel Strike","Headbutt"],"picked":"SKIP","floor":22.0},{"not_picked":["Body Slam","Headbutt","Feed"],"picked":"SKIP","floor":24.0},{"not_picked":["Thunderclap","Sword Boomerang"],"picked":"Entrench","floor":28.0},{"not_picked":["Searing Blow","Twin Strike","Metallicize"],"picked":"SKIP","floor":30.0},{"not_picked":["Perfected Strike","Inflame","Heavy Blade"],"picked":"SKIP","floor":31.0},{"not_picked":["Perfected Strike","Armaments+1"],"picked":"Second Wind","floor":34.0},{"not_picked":["Disarm+1","Clash","Sever Soul"],"picked":"SKIP","floor":35.0},{"not_picked":["Havoc","Heavy Blade"],"picked":"Shrug It Off","floor":37.0},{"not_picked":["Warcry","Bludgeon","Reckless Charge"],"picked":"SKIP","floor":38.0},{"not_picked":["Body Slam","Cleave","Armaments"],"picked":"SKIP","floor":39.0},{"not_picked":["Warcry","Twin Strike","Combust"],"picked":"SKIP","floor":41.0},{"not_picked":["Clothesline","Warcry+1"],"picked":"Offering","floor":42.0},{"not_picked":["Rampage","Shrug It Off","Havoc"],"picked":"SKIP","floor":46.0},{"not_picked":["Anger+1","Clothesline"],"picked":"Flame Barrier+1","floor":47.0},{"not_picked":["Blood for Blood","Perfected Strike+1","Twin Strike+1"],"picked":"SKIP","floor":55.0}],"player_experience":1448511,"relics_obtained":[{"floor":9.0,"key":"White Beast Statue"},{"floor":21.0,"key":"Necronomicon"},{"floor":24.0,"key":"Calipers"},{"floor":29.0,"key":"Ice Cream"},{"floor":29.0,"key":"Sundial"},{"floor":30.0,"key":"Red Skull"},{"floor":42.0,"key":"Bronze Scales"},{"floor":43.0,"key":"Mummified Hand"},{"floor":47.0,"key":"HornCleat"},{"floor":48.0,"key":"Blood Vial"},{"floor":55.0,"key":"Orichalcum"}],"event_choices":[{"damage_healed":0.0,"max_hp_gain":0.0,"max_hp_loss":8.0,"gold_gain":0.0,"event_name":"Golden Idol","player_choice":"Lose Max HP","floor":5.0,"gold_loss":0.0,"damage_taken":0.0,"relics_obtained":["Golden Idol"]},{"cards_removed":["Strike_R"],"damage_healed":0.0,"max_hp_gain":0.0,"max_hp_loss":0.0,"gold_gain":0.0,"event_name":"Beggar","player_choice":"Gave Gold","floor":19.0,"gold_loss":75.0,"damage_taken":0.0},{"damage_healed":0.0,"max_hp_gain":0.0,"max_hp_loss":0.0,"gold_gain":0.0,"event_name":"Cursed Tome","player_choice":"Obtained Book","floor":21.0,"gold_loss":0.0,"damage_taken":21.0},{"damage_healed":0.0,"max_hp_gain":0.0,"max_hp_loss":41.0,"gold_gain":0.0,"event_name":"Ghosts","player_choice":"Became a Ghost","floor":25.0,"gold_loss":0.0,"damage_taken":0.0,"cards_obtained":["Ghostly","Ghostly","Ghostly"]},{"damage_healed":0.0,"max_hp_gain":0.0,"max_hp_loss":0.0,"gold_gain":0.0,"event_name":"Colosseum","player_choice":"Fight","floor":29.0,"gold_loss":0.0,"damage_taken":0.0},{"damage_healed":0.0,"max_hp_gain":0.0,"max_hp_loss":0.0,"gold_gain":0.0,"event_name":"Colosseum","player_choice":"Fought Nobs","floor":29.0,"gold_loss":0.0,"damage_taken":0.0},{"damage_healed":0.0,"max_hp_gain":0.0,"max_hp_loss":3.0,"gold_gain":0.0,"event_name":"Winding Halls","player_choice":"Max HP","floor":44.0,"gold_loss":0.0,"damage_taken":0.0}],"is_beta":false,"boss_relics":[{"not_picked":["Black Blood","SacredBark"],"picked":"Runic Dome"},{"not_picked":["Calling Bell","Busted Crown"],"picked":"Tiny House"}],"items_purged_floors":[36,45],"is_endless":false,"potions_floor_spawned":[1,2,7,10,12,14,16,18,22,24,28,29,29,30,31,33,35,37,38,39,41,42,46,47,55],"ascension_level":20}}