{"host":"wax43jg6ifsmujjv","time":1612158750,"event":{"mods":["AchievementEnabler","BaseMod","Downfall","Minty Spire (QoL Compilation)","StSLib"],"gold_per_floor":[99,110,110,138,138,163,186,207,229,255,35,61,83,103,129,234,234,34,34,55,70,98,114,114,114,114,114,123,150,50,50,70,70,70,70],"floor_reached":33,"language":"ENG","playtime":3126,"items_purged":["hexamod:Strike"],"score":292,"play_id":"6e2b2ef5-101c-422e-b101-7d418abca84c","local_time":"20210201005230","is_ascension_mode":false,"campfire_choices":[{"floor":1.0,"key":"RECALL"},{"data":"hexamod:HexaLevel","floor":18,"key":"SMITH"},{"floor":25,"key":"REST"},{"floor":27,"key":"REST"},{"floor":30,"key":"REST"}],"circlet_count":0,"master_deck":["hexamod:Strike","hexamod:Strike","hexamod:Defend","hexamod:Defend","hexamod:Defend+1","hexamod:Defend","hexamod:Sear","hexamod:Float","hexamod:CatchUp","hexamod:InspiringFlames","hexamod:Firestarter","hexamod:GhostOfSpireFuture","hexamod:FastForward","hexamod:GhostOfSpirePast","hexamod:EmpoweredFlame","hexamod:VolcanoVisage","hexamod:SearingWound","hexamod:Firestarter","hexamod:ExtraCrispy","hexamod:FastForward+1","hexamod:HexaLevel+1","hexamod:HeatMetal","hexamod:CatchUp+1","Writhe"],"relics":["hexamod:SpiritBrand","CeramicFish","Runic Pyramid","downfall:HeartBlessingBlue","downfall:HeartBlessingRed","downfall:RedIOU","hexamod:InflammatoryLetter","War Paint","downfall:HeartBlessingGreen"],"acts_visited":["Exordium","TheCity"],"potions_floor_usage":[16,16,20,29,29,29,31],"damage_taken":[{"damage":4.0,"enemies":"Jaw Worm","floor":2.0,"turns":4.0},{"damage":0.0,"enemies":"2 Louse","floor":4.0,"turns":3.0},{"damage":4.0,"enemies":"Cultist","floor":6.0,"turns":4.0},{"damage":3.0,"enemies":"Red Slaver","floor":8.0,"turns":5.0},{"damage":0.0,"enemies":"Lots of Slimes","floor":9.0,"turns":1.0},{"damage":11.0,"enemies":"Gremlin Gang","floor":10.0,"turns":5.0},{"damage":0.0,"enemies":"downfall:FleeingMerchant","floor":11.0,"turns":4.0},{"damage":6.0,"enemies":"Exordium Wildlife","floor":12.0,"turns":5.0},{"damage":0.0,"enemies":"Large Slime","floor":13.0,"turns":5.0},{"damage":15.0,"enemies":"3 Louse","floor":14.0,"turns":3.0},{"damage":8,"enemies":"Exordium Wildlife","floor":15,"turns":6},{"damage":15,"enemies":"SI_SHIV_ARCHETYPE","floor":16,"turns":10},{"damage":17,"enemies":"Chosen","floor":20,"turns":6},{"damage":17,"enemies":"Shell Parasite","floor":21,"turns":6},{"damage":17,"enemies":"Chosen and Byrds","floor":22,"turns":6},{"damage":16,"enemies":"Centurion and Healer","floor":23,"turns":8},{"damage":68,"enemies":"Gremlin Leader","floor":29,"turns":6},{"damage":0,"enemies":"Snake Plant","floor":31,"turns":1},{"damage":28,"enemies":"Sentry and Sphere","floor":32,"turns":8},{"damage":17,"enemies":"DF_ARCHETYPE_CLAW","floor":33,"turns":2}],"seed_played":"5155791848838366962","potions_obtained":[{"floor":4.0,"key":"Explosive Potion"},{"floor":6.0,"key":"hexamod:SoulburnPotion"},{"floor":8.0,"key":"champ:CounterPotion"},{"floor":14,"key":"Guardian:BlockOnCardUsePotion"},{"floor":15,"key":"hexamod:EctoCoolerPotion"},{"floor":16,"key":"Energy Potion"},{"floor":20,"key":"Swift Potion"},{"floor":21,"key":"SpeedPotion"},{"floor":23,"key":"Energy Potion"},{"floor":29,"key":"SmokeBomb"}],"is_trial":false,"path_per_floor":["R","M","?","M","?","M","T","M","M","M","$","M","M","M","M","B",null,"R","?","M","M","M","M","T","R","?","R","?","E","R","M","M","B"],"character_chosen":"THE_SPIRIT","items_purchased":["hexamod:VolcanoVisage"],"campfire_rested":3,"item_purchase_floors":[11],"current_hp_per_floor":[77,73,66,66,66,62,62,59,59,48,48,42,42,27,19,4,77,87,87,70,53,36,20,20,61,61,87,87,19,45,45,17,0,0,0],"gold":70,"neow_bonus":"TEN_PERCENT_HP_BONUS","is_daily":false,"chose_seed":false,"campfire_upgraded":1,"win_rate":0.0,"timestamp":1612158750,"path_taken":["R","M","?","M","?","M","T","M","M","?","?","?","M","?","M","BOSS","R","?","M","M","M","M","T","R","?","R","?","E","R","M","M","BOSS"],"items_purchased_type":["Card"],"build_version":"2020-12-22","purchased_purges":1,"victory":false,"max_hp_per_floor":[77,77,77,77,77,77,77,77,77,77,77,77,77,77,77,77,77,87,87,87,87,87,87,87,87,87,87,87,87,87,87,87,87,87,87],"card_choices":[{"not_picked":["hexamod:NightmareStrike","hexamod:GhostOfSpirePast"],"picked":"hexamod:CatchUp","floor":2.0},{"not_picked":["hexamod:ShieldOfDarkness","hexamod:GhostShield"],"picked":"hexamod:InspiringFlames","floor":4.0},{"not_picked":["hexamod:NightmareStrike","hexamod:NightmareGuise"],"picked":"hexamod:Firestarter","floor":6.0},{"not_picked":["hexamod:FastForward","hexamod:HauntingEcho"],"picked":"hexamod:GhostOfSpireFuture","floor":8.0},{"not_picked":["hexamod:FirstSeal","hexamod:FourthSeal"],"picked":"hexamod:FastForward","floor":9.0},{"not_picked":["hexamod:FourthSeal","hexamod:GhostLash"],"picked":"hexamod:GhostOfSpirePast","floor":10.0},{"not_picked":["hexamod:SwordOfDarkness","hexamod:SoulSteal"],"picked":"hexamod:EmpoweredFlame","floor":11.0},{"not_picked":["hexamod:ThermalTransfer","hexamod:DynamicBlow"],"picked":"hexamod:SearingWound","floor":12.0},{"not_picked":["hexamod:SwordOfDarkness","hexamod:NightmareStrike"],"picked":"hexamod:Firestarter","floor":13.0},{"not_picked":["hexamod:BacktrackSmack","hexamod:NightmareGuise"],"picked":"hexamod:ExtraCrispy","floor":14},{"not_picked":["hexamod:NightmareGuise","hexamod:GhostShield"],"picked":"hexamod:FastForward","floor":15},{"not_picked":["hexamod:SearingWound","hexamod:UnlimitedPower"],"picked":"hexamod:HexaLevel","floor":16},{"not_picked":["hexamod:FastForward","hexamod:GhostShield"],"picked":"hexamod:HeatMetal","floor":20},{"not_picked":["hexamod:GhostLash","hexamod:GhostShield","hexamod:GhostflameBarrier"],"picked":"SKIP","floor":21},{"not_picked":["hexamod:SpectersWail","hexamod:GhostflameBarrier"],"picked":"hexamod:CatchUp+1","floor":22},{"not_picked":["hexamod:GhostOfSpirePast","hexamod:NightmareStrike","hexamod:Firestarter"],"picked":"SKIP","floor":23},{"not_picked":["hexamod:Incineration","hexamod:InspiringFlames","hexamod:ThirdSeal"],"picked":"SKIP","floor":29},{"not_picked":["hexamod:Firestarter","hexamod:ThermalTransfer","hexamod:NightmareStrike"],"picked":"SKIP","floor":32}],"player_experience":124385,"relics_obtained":[{"floor":24,"key":"Regal Pillow"},{"floor":29,"key":"War Paint"}],"event_choices":[{"damage_healed":0.0,"max_hp_gain":0.0,"max_hp_loss":0.0,"gold_gain":0.0,"event_name":"Scrap Ooze","player_choice":"Success","floor":3.0,"gold_loss":0.0,"damage_taken":7.0,"relics_obtained":["CeramicFish"]},{"damage_healed":0,"gold_gain":0,"player_choice":"Ignored","damage_taken":0,"max_hp_gain":0,"max_hp_loss":0,"event_name":"Vampires","floor":19,"gold_loss":0}],"is_beta":false,"boss_relics":[{"not_picked":["Sozu","Philosopher\u0027s Stone"],"picked":"Runic Pyramid"}],"items_purged_floors":[11],"is_endless":false,"potions_floor_spawned":[4,6,8,14,15,16,20,21,23,29],"killed_by":"DF_ARCHETYPE_CLAW","ascension_level":0}}