{"host":"rolltorest","time":1612150262,"event":{"mods":["BaseMod","Minty Spire (QoL Compilation)","Relic Stats","Slay the Relics Exporter","StSLib"],"gold_per_floor":[109,109,37,37,65,101,260,260,260,294,294,163,205,233,233,319,319,344,70,96,118,118,153,153,185,230,230,230,249,286,309,309,394,403,424,453,487,497,515,559,559,600,649,691,691,702,737,756,756,776,776,776,776,88,126,146],"floor_reached":57,"language":"ENG","playtime":2989,"items_purged":["Doubt","Strike_P+1"],"score":3167,"play_id":"fc8dba48-0318-4fdf-a369-e7316b53a8e9","local_time":"20210131193102","is_ascension_mode":true,"campfire_choices":[{"data":"SandsOfTime","floor":8,"key":"SMITH"},{"data":"Wallop","floor":11,"key":"SMITH"},{"data":"Protect","floor":15,"key":"SMITH"},{"floor":24,"key":"REST"},{"data":"Vigilance","floor":32,"key":"SMITH"},{"floor":41,"key":"REST"},{"floor":49,"key":"RECALL"},{"floor":53,"key":"REST"}],"circlet_count":0,"master_deck":["AscendersBane","Strike_P+1","Strike_P+1","Defend_P+1","Defend_P+1","Defend_P+1","Eruption+1","Vigilance+1","Protect+1","SandsOfTime+1","CutThroughFate+1","FollowUp+1","Wallop+1","Scrawl+1","WheelKick+1","LessonLearned+1","WheelKick+1","EmptyBody+1","Protect+1","Adaptation+1","Omniscience+1","Nirvana","Ragnarok","CurseOfTheBell","Conclude+1","MentalFortress+1","Pray+1","Magnetism+1","The Bomb+1","Protect+1","InnerPeace+1","FearNoEvil+1","Tantrum+1","WheelKick","Pray","Mayhem+1","Meditate+1"],"relics":["Snecko Eye","CeramicFish","Unceasing Top","Mango","TeardropLocket","Bottled Lightning","Black Star","Shuriken","Smiling Mask","Whetstone","Regal Pillow","Kunai","Oddly Smooth Stone","InkBottle","Damaru","Calling Bell","Akabeko","Darkstone Periapt","Pocketwatch","GoldenEye","Pear","Strawberry","Vajra","Art of War","Incense Burner","Singing Bowl","MealTicket","Bronze Scales","Bag of Marbles","Sling","Calipers","Mercury Hourglass"],"acts_visited":["Exordium","TheCity","TheBeyond","TheEnding"],"potions_floor_usage":[23,30,51,56,56],"damage_taken":[{"damage":0,"enemies":"Jaw Worm","floor":1,"turns":3},{"damage":0,"enemies":"Small Slimes","floor":5,"turns":2},{"damage":16,"enemies":"Gremlin Nob","floor":6,"turns":3},{"damage":7,"enemies":"Lagavulin","floor":10,"turns":5},{"damage":0,"enemies":"3 Sentries","floor":13,"turns":5},{"damage":0,"enemies":"2 Louse","floor":14,"turns":2},{"damage":11,"enemies":"The Guardian","floor":16,"turns":4},{"damage":0,"enemies":"Spheric Guardian","floor":18,"turns":2},{"damage":0,"enemies":"Chosen","floor":20,"turns":1},{"damage":0,"enemies":"Centurion and Healer","floor":21,"turns":3},{"damage":8,"enemies":"Book of Stabbing","floor":23,"turns":4},{"damage":5,"enemies":"Gremlin Leader","floor":25,"turns":7},{"damage":0,"enemies":"3 Cultists","floor":29,"turns":2},{"damage":1,"enemies":"Slavers","floor":30,"turns":3},{"damage":0,"enemies":"Snecko","floor":31,"turns":5},{"damage":15,"enemies":"Collector","floor":33,"turns":11},{"damage":0,"enemies":"Orb Walker","floor":35,"turns":2},{"damage":0,"enemies":"3 Darklings","floor":36,"turns":3},{"damage":0,"enemies":"Mind Bloom Boss Battle","floor":37,"turns":2},{"damage":0,"enemies":"Writhing Mass","floor":38,"turns":4},{"damage":29,"enemies":"Nemesis","floor":40,"turns":7},{"damage":0,"enemies":"Giant Head","floor":42,"turns":6},{"damage":4,"enemies":"Reptomancer","floor":44,"turns":4},{"damage":2,"enemies":"Sphere and 2 Shapes","floor":46,"turns":7},{"damage":3,"enemies":"Nemesis","floor":47,"turns":5},{"damage":5,"enemies":"Maw","floor":48,"turns":7},{"damage":56,"enemies":"Donu and Deca","floor":50,"turns":7},{"damage":24,"enemies":"Awakened One","floor":51,"turns":8},{"damage":0,"enemies":"Shield and Spear","floor":55,"turns":4},{"damage":96,"enemies":"The Heart","floor":56,"turns":9}],"seed_played":"-5885899625290949010","potions_obtained":[{"floor":6,"key":"Dexterity Potion"},{"floor":13,"key":"Ambrosia"},{"floor":16,"key":"StancePotion"},{"floor":25,"key":"EntropicBrew"},{"floor":30,"key":"DuplicationPotion"},{"floor":44,"key":"CultistPotion"}],"is_trial":false,"path_per_floor":["M","?","$","?","M","E","?","R","T","E","R","$","E","M","R","B",null,"M","$","M","M","?","E","R","E","T","?","?","M","E","M","R","B",null,"M","M","?","M","?","E","R","E","T","E","?","M","E","M","R","B","B",null,"R","$","E","B",null],"character_chosen":"WATCHER","items_purchased":["SandsOfTime","Fire Potion","Shuriken","AttackPotion","Pray","Bag of Marbles","Mayhem","Sling"],"campfire_rested":3,"item_purchase_floors":[3,12,19,54,54,54,54,54],"current_hp_per_floor":[61,43,43,48,48,32,32,32,46,39,39,39,39,39,39,28,72,72,72,72,72,47,39,66,61,61,61,61,61,60,60,60,45,80,80,80,80,80,70,58,105,105,105,101,101,101,98,93,93,37,13,87,111,111,111,15],"gold":146,"neow_bonus":"BOSS_RELIC","is_daily":false,"chose_seed":false,"campfire_upgraded":4,"win_rate":0.0,"timestamp":1612150262,"path_taken":["M","?","$","?","M","E","?","R","T","E","R","$","E","?","R","BOSS","M","$","M","M","?","E","R","E","T","?","?","M","E","M","R","BOSS","M","M","?","M","?","E","R","E","T","E","?","M","E","M","R","BOSS","BOSS","R","$","E","BOSS"],"items_purchased_type":["Card","Potion","Relic","Potion","Card","Relic","Card","Relic"],"build_version":"2020-12-18","purchased_purges":2,"victory":true,"max_hp_per_floor":[68,68,68,73,73,73,73,73,87,87,87,87,87,87,87,87,87,87,87,87,87,92,92,92,92,92,92,92,92,92,92,92,92,92,92,92,92,92,92,109,109,109,109,109,109,111,111,111,111,111,111,111,111,111,111,111],"relic_stats":{"Darkstone Periapt":0,"Regal Pillow":15,"Singing Bowl":2,"counters":[30,137],"CeramicFish":261,"Whetstone":["WheelKick","CutThroughFate"],"Smiling Mask":50,"GoldenEye":[16],"Mercury Hourglass":[27],"Shuriken":[55],"Bronze Scales":[222],"Snecko Eye":[341,263,286,283],"MealTicket":0,"Black Star":8,"Art of War":[4],"Kunai":[47],"obtain_stats":[{"Darkstone Periapt":34,"Regal Pillow":25,"Calipers":55,"Singing Bowl":44,"CeramicFish":2,"Vajra":42,"Mango":9,"Incense Burner":44,"TeardropLocket":10,"Whetstone":23,"Smiling Mask":23,"Sling":54,"Strawberry":40,"MealTicket":47,"Kunai":25,"InkBottle":30,"Pear":40,"Oddly Smooth Stone":26,"Damaru":30,"GoldenEye":37,"Akabeko":34,"Mercury Hourglass":55,"Calling Bell":34,"Shuriken":19,"Bronze Scales":47,"Snecko Eye":0,"Black Star":17,"Art of War":42,"Bag of Marbles":54,"Bottled Lightning":13,"PureWater":0,"Unceasing Top":6,"Pocketwatch":34},{"Darkstone Periapt":16,"Regal Pillow":12,"Calipers":29,"Singing Bowl":23,"CeramicFish":1,"Vajra":22,"Mango":3,"Incense Burner":23,"TeardropLocket":4,"Whetstone":11,"Smiling Mask":11,"Sling":28,"Strawberry":21,"MealTicket":25,"Kunai":12,"InkBottle":14,"Pear":21,"Oddly Smooth Stone":12,"Damaru":14,"GoldenEye":19,"Akabeko":16,"Mercury Hourglass":29,"Calling Bell":16,"Shuriken":8,"Bronze Scales":25,"Snecko Eye":0,"Black Star":7,"Art of War":22,"Bag of Marbles":28,"Bottled Lightning":5,"PureWater":0,"Unceasing Top":3,"Pocketwatch":16},{"Darkstone Periapt":62,"Regal Pillow":41,"Calipers":128,"Singing Bowl":90,"CeramicFish":3,"Vajra":86,"Mango":8,"Incense Burner":90,"TeardropLocket":13,"Whetstone":34,"Smiling Mask":34,"Sling":124,"Strawberry":80,"MealTicket":102,"Kunai":41,"InkBottle":46,"Pear":80,"Oddly Smooth Stone":41,"Damaru":46,"GoldenEye":69,"Akabeko":62,"Mercury Hourglass":128,"Calling Bell":62,"Shuriken":26,"Bronze Scales":102,"Snecko Eye":0,"Black Star":24,"Art of War":86,"Bag of Marbles":124,"Bottled Lightning":18,"PureWater":0,"Unceasing Top":8,"Pocketwatch":62}],"Unceasing Top":[0],"InkBottle":[44],"Pocketwatch":[19]},"card_choices":[{"not_picked":["Nirvana","Crescendo"],"picked":"Protect","floor":1},{"not_picked":["CarveReality","Evaluate"],"picked":"CutThroughFate","floor":5},{"not_picked":["Crescendo","Halt"],"picked":"FollowUp","floor":6},{"not_picked":["FollowUp","Halt"],"picked":"Wallop","floor":10},{"not_picked":["Prostrate","Nirvana"],"picked":"Scrawl","floor":13},{"not_picked":["CutThroughFate","LikeWater"],"picked":"WheelKick","floor":14},{"not_picked":["MasterReality","SpiritShield"],"picked":"LessonLearned","floor":16},{"not_picked":["Protect","SignatureMove"],"picked":"WheelKick+1","floor":18},{"not_picked":["Consecrate","Weave"],"picked":"EmptyBody","floor":20},{"not_picked":["BowlingBash","FlurryOfBlows+1"],"picked":"Protect","floor":21},{"not_picked":["FlyingSleeves","FollowUp","EmptyBody"],"picked":"SKIP","floor":23},{"not_picked":["FlyingSleeves","FollowUp","EmptyBody"],"picked":"SKIP","floor":23},{"not_picked":["Consecrate","Prostrate","FollowUp+1"],"picked":"SKIP","floor":25},{"not_picked":["SashWhip","EmptyBody"],"picked":"Adaptation","floor":29},{"not_picked":["ConjureBlade","Worship"],"picked":"Omniscience","floor":30},{"not_picked":["Evaluate","Prostrate"],"picked":"Nirvana","floor":31},{"not_picked":["Alpha","DeusExMachina"],"picked":"Ragnarok","floor":33},{"not_picked":["BowlingBash+1","Evaluate"],"picked":"Conclude+1","floor":35},{"not_picked":["Consecrate","FollowUp+1"],"picked":"MentalFortress","floor":36},{"not_picked":["FollowUp","FlurryOfBlows"],"picked":"Pray+1","floor":37},{"not_picked":["Study+1","Prostrate","EmptyBody"],"picked":"SKIP","floor":38},{"not_picked":["Dark Shackles","Trip"],"picked":"Magnetism","floor":39},{"not_picked":["Bandage Up","Discovery"],"picked":"The Bomb","floor":39},{"not_picked":["EmptyFist","InnerPeace"],"picked":"Protect+1","floor":40},{"not_picked":["MentalFortress","Collect"],"picked":"InnerPeace","floor":42},{"not_picked":["FollowUp","DeusExMachina"],"picked":"FearNoEvil","floor":44},{"not_picked":["JustLucky","FlyingSleeves","Fasting2"],"picked":"Singing Bowl","floor":46},{"not_picked":["Meditate","CutThroughFate+1"],"picked":"Tantrum+1","floor":47},{"not_picked":["Consecrate","Indignation"],"picked":"WheelKick","floor":48},{"not_picked":["ThirdEye","BattleHymn"],"picked":"Meditate+1","floor":55}],"player_experience":1783331,"relics_obtained":[{"floor":6,"key":"Unceasing Top"},{"floor":9,"key":"Mango"},{"floor":10,"key":"TeardropLocket"},{"floor":13,"key":"Bottled Lightning"},{"floor":23,"key":"Smiling Mask"},{"floor":23,"key":"Whetstone"},{"floor":25,"key":"Regal Pillow"},{"floor":25,"key":"Kunai"},{"floor":26,"key":"Oddly Smooth Stone"},{"floor":30,"key":"InkBottle"},{"floor":30,"key":"Damaru"},{"floor":34,"key":"Akabeko"},{"floor":34,"key":"Darkstone Periapt"},{"floor":34,"key":"Pocketwatch"},{"floor":37,"key":"GoldenEye"},{"floor":40,"key":"Pear"},{"floor":40,"key":"Strawberry"},{"floor":42,"key":"Vajra"},{"floor":42,"key":"Art of War"},{"floor":44,"key":"Incense Burner"},{"floor":44,"key":"Singing Bowl"},{"floor":47,"key":"MealTicket"},{"floor":47,"key":"Bronze Scales"},{"floor":55,"key":"Calipers"},{"floor":55,"key":"Mercury Hourglass"}],"event_choices":[{"damage_healed":0,"gold_gain":0,"player_choice":"Success","damage_taken":18,"relics_obtained":["CeramicFish"],"max_hp_gain":0,"max_hp_loss":0,"event_name":"Scrap Ooze","floor":2,"gold_loss":0},{"damage_healed":0,"gold_gain":0,"player_choice":"Donut","damage_taken":0,"max_hp_gain":5,"max_hp_loss":0,"event_name":"Big Fish","floor":4,"gold_loss":0},{"damage_healed":0,"gold_gain":150,"player_choice":"AGREE","damage_taken":0,"max_hp_gain":0,"max_hp_loss":0,"event_name":"Liars Game","floor":7,"gold_loss":0,"cards_obtained":["Doubt"]},{"damage_healed":0,"gold_gain":0,"player_choice":"Shed Blood","damage_taken":30,"max_hp_gain":5,"max_hp_loss":0,"event_name":"Forgotten Altar","floor":22,"gold_loss":0},{"damage_healed":0,"gold_gain":0,"player_choice":"Ignored","damage_taken":0,"max_hp_gain":0,"max_hp_loss":0,"event_name":"The Mausoleum","floor":27,"gold_loss":0},{"cards_removed":["Strike_P"],"damage_healed":0,"gold_gain":0,"player_choice":"Purged","damage_taken":0,"max_hp_gain":0,"max_hp_loss":0,"event_name":"Purifier","floor":28,"gold_loss":0},{"damage_healed":0,"gold_gain":0,"player_choice":"Fight","damage_taken":0,"max_hp_gain":0,"max_hp_loss":0,"event_name":"MindBloom","floor":37,"gold_loss":0},{"damage_healed":0,"gold_gain":0,"player_choice":"Memory 3","damage_taken":10,"max_hp_gain":0,"max_hp_loss":0,"event_name":"SensoryStone","floor":39,"gold_loss":0},{"cards_removed":["Defend_P"],"damage_healed":0,"gold_gain":0,"player_choice":"Removed Skill","damage_taken":0,"max_hp_gain":0,"max_hp_loss":0,"event_name":"Falling","floor":45,"gold_loss":0}],"is_beta":true,"boss_relics":[{"not_picked":["Velvet Choker","Coffee Dripper"],"picked":"Black Star"},{"not_picked":["Pandora\u0027s Box","Astrolabe"],"picked":"Calling Bell"}],"items_purged_floors":[12,54],"is_endless":false,"potions_floor_spawned":[6,13,16,18,25,30,31,42,44,46,55],"ascension_level":20}}