{"host":"ohzd90ieay82el1q","time":1612172537,"event":{"mods":["Act Like it!","Arknights","Aspiration","BaseMod","Chen","Colored Map","Colored Powertips","DeckTracker","Gensokyo","Highlight Path","Hubris","Infinite Spire","Koishi","Marisa£®ÏF”Í°°ƒß¿Ì…≥£©","Minty Spire (QoL Compilation)","Quick Restart","Random Character Button","Reimu£®≤©¿ˆ¡È√Œ£©","Relic Sorter","Remilia£®¿Ÿ√◊¿Ú—«£©","Replay The Spire","StSLib","SuperFastMode","Synergy Search","The Cursed","The Gatherer","The Jungle","The Runesmith","The Servant 0.9.4","Youmu£®ªÍ∆«—˝√Œ£©","[IsaacMod]“‘»ˆº‚À˛","[JumpMod]ŒË∂Øº‚À˛","°æ“≈ŒÔø®≈∆°øREMEMod"],"gold_per_floor":[17,17,17,17,28,28,46,46,46,46,65,76,106,106,106,239,239,260,260],"floor_reached":18,"language":"ZHS","playtime":788,"items_purged":["Strike_RM"],"score":320,"play_id":"9bbcfc62-1d4a-41d7-9bd3-c67d5c4a50a4","local_time":"20210201174217","is_ascension_mode":true,"campfire_choices":[{"data":"VampireClaw","floor":6.0,"key":"SMITH"},{"data":"RedRainbow","floor":8,"key":"SMITH"},{"floor":15,"key":"REST"}],"circlet_count":0,"master_deck":["Strike_RM","Strike_RM","Strike_RM","Defend_RM","Defend_RM","Defend_RM","RedMoon","ScarletShoot","Gensokyo:HouraiInAPot+1","RedRainbow+1","VampireClaw+1","BloodHunter","VampirishNight","BombardNight","BatForm","BatForm"],"relics":["ScarletHat","Void","HushsDoor","KeepersGift","HowToJump","infinitespire:FocusingShard","SalivaCoin","ChampionBelt"],"acts_visited":["Exordium","TheCity"],"potions_floor_usage":[18],"damage_taken":[{"damage":2.0,"enemies":"Small Slimes","floor":1.0,"turns":3.0},{"damage":9.0,"enemies":"Jaw Worm","floor":5.0,"turns":3.0},{"damage":0,"enemies":"Cultist","floor":7,"turns":4},{"damage":0,"enemies":"Exordium Wildlife","floor":11,"turns":2},{"damage":1,"enemies":"Looter","floor":12,"turns":3},{"damage":41,"enemies":"Lagavulin","floor":13,"turns":9},{"damage":22,"enemies":"Hexaghost","floor":16,"turns":13},{"damage":100000014,"enemies":"Slavers","floor":18,"turns":2}],"seed_played":"1585853181115983744","potions_obtained":[{"floor":5.0,"key":"Elixir"},{"floor":13,"key":"DistilledChaos"},{"floor":16,"key":"SpeedPotion"}],"is_trial":false,"path_per_floor":["M","?","?","$","M","R","M","R","T","T","M","M","E","?","R","B",null,"M"],"character_chosen":"REMILIA","items_purchased":[],"campfire_rested":1,"item_purchase_floors":[],"current_hp_per_floor":[73,73,73,73,64,64,64,64,64,64,64,67,32,32,54,44,64,0,0],"gold":260,"neow_bonus":"ONE_RARE_RELIC","is_daily":false,"chose_seed":false,"campfire_upgraded":2,"win_rate":0.0,"timestamp":1612172537,"path_taken":["M","?","?","$","?","R","M","R","T","?","M","M","E","?","R","BOSS","M"],"items_purchased_type":[],"build_version":"2020-12-22","purchased_purges":1,"victory":false,"max_hp_per_floor":[75,75,75,75,75,75,75,75,75,75,75,75,75,75,75,75,70,70,70],"card_choices":[{"not_picked":[],"picked":"SuicideKing","floor":0.0},{"not_picked":["FitfulNightmare","Stigmanizer"],"picked":"RedRainbow","floor":1.0},{"not_picked":["ForbiddenFruit","StarOfDavid"],"picked":"VampireClaw","floor":5.0},{"not_picked":["StarOfDavid","ScarletDevil"],"picked":"BloodHunter","floor":7},{"not_picked":["BombardNight","SuperhumanBloodyKnife"],"picked":"VampirishNight","floor":11},{"not_picked":["NightLord","BadLadyScramble"],"picked":"BombardNight","floor":12},{"not_picked":["HeartBreak","LeisurelyOfLord"],"picked":"BatForm","floor":13},{"not_picked":["HellCatastrophe","ChaoticDestiny"],"picked":"BatForm","floor":16}],"player_experience":111151,"relics_obtained":[{"floor":9,"key":"infinitespire:FocusingShard"},{"floor":10,"key":"hubris:OldNail"},{"floor":13,"key":"SalivaCoin"}],"event_choices":[{"cards_removed":["Defend_RM"],"damage_healed":0.0,"max_hp_gain":0.0,"max_hp_loss":0.0,"gold_gain":0.0,"event_name":"Living Wall","player_choice":"Forget","floor":2.0,"gold_loss":0.0,"damage_taken":0.0}],"is_beta":false,"boss_relics":[{"not_picked":["Ectoplasm","infinitespire:Cupcake"],"picked":"ChampionBelt"},{"not_picked":[]}],"items_purged_floors":[17],"is_endless":false,"potions_floor_spawned":[5,13,16],"killed_by":"Slavers","ascension_level":20}}