{"host":"wuernuywc9gl215o","time":1612192789,"event":{"mods":["AchievementEnabler","BaseMod","Block Reminder","Key Reminder","Minty Spire (QoL Compilation)","Permanent Neow","Potion Indicator Mod","Quick Restart","Relic Stats"],"gold_per_floor":[99,99,99,99,99,99,99,99,99,99,99,99,99,13,13,13,13],"floor_reached":16,"language":"ENG","playtime":783,"items_purged":[],"score":240,"play_id":"204297cf-e19e-41df-8ac1-c72808e97ad4","local_time":"20210201151949","is_ascension_mode":true,"campfire_choices":[{"data":"Clothesline","floor":7,"key":"SMITH"},{"floor":15,"key":"REST"}],"circlet_count":0,"master_deck":["AscendersBane","Strike_R","Strike_R","Strike_R","Strike_R","Defend_R","Defend_R","Defend_R","Defend_R","Bash","Headbutt","Perfected Strike","Clothesline+1","Clash","Corruption","Bloodletting","Entrench","Dropkick","Impervious"],"relics":["Ectoplasm","InkBottle","Bag of Preparation","Omamori","MawBank"],"acts_visited":["Exordium"],"potions_floor_usage":[6,8,16],"damage_taken":[{"damage":0.0,"enemies":"2 Louse","floor":1.0,"turns":3.0},{"damage":2.0,"enemies":"Jaw Worm","floor":2.0,"turns":3.0},{"damage":0.0,"enemies":"Cultist","floor":3.0,"turns":3.0},{"damage":2.0,"enemies":"Blue Slaver","floor":4.0,"turns":4.0},{"damage":9,"enemies":"3 Sentries","floor":6,"turns":6},{"damage":6,"enemies":"Gremlin Nob","floor":8,"turns":3},{"damage":40,"enemies":"3 Sentries","floor":10,"turns":10},{"damage":3,"enemies":"Exordium Thugs","floor":13,"turns":3},{"damage":28,"enemies":"Hexaghost","floor":16,"turns":9}],"seed_played":"-7400551862927558759","potions_obtained":[{"floor":2.0,"key":"GamblersBrew"},{"floor":3.0,"key":"SkillPotion"},{"floor":13,"key":"GamblersBrew"}],"is_trial":false,"path_per_floor":["M","M","M","M","?","E","R","E","T","E","?","?","M","$","R","B"],"character_chosen":"IRONCLAD","items_purchased":["Impervious"],"campfire_rested":1,"item_purchase_floors":[14],"current_hp_per_floor":[68,66,66,64,69,60,60,54,54,14,14,7,4,4,28,0,0],"gold":13,"neow_bonus":"BOSS_RELIC","is_daily":false,"chose_seed":false,"campfire_upgraded":1,"win_rate":0.0,"timestamp":1612192789,"path_taken":["M","M","M","M","?","E","R","E","T","E","?","?","M","$","R","BOSS"],"items_purchased_type":["Card"],"build_version":"2020-12-22","purchased_purges":0,"victory":false,"max_hp_per_floor":[75,75,75,75,80,80,80,80,80,80,80,80,80,80,80,80,80],"relic_stats":{"counters":[9,44],"Ectoplasm":235,"Bag of Preparation":[6],"MawBank":0,"obtain_stats":[{"Ectoplasm":0,"Bag of Preparation":8,"Omamori":9,"MawBank":10,"Burning Blood":0,"InkBottle":6},{"Ectoplasm":0,"Bag of Preparation":6,"Omamori":6,"MawBank":7,"Burning Blood":0,"InkBottle":5},{"Ectoplasm":0,"Bag of Preparation":22,"Omamori":22,"MawBank":32,"Burning Blood":0,"InkBottle":19}],"InkBottle":[6]},"card_choices":[{"not_picked":["Warcry","True Grit"],"picked":"Headbutt","floor":1.0},{"not_picked":["Shrug It Off","Iron Wave"],"picked":"Perfected Strike","floor":2.0},{"not_picked":["Burning Pact","Twin Strike"],"picked":"Clothesline","floor":3.0},{"not_picked":["Sentinel","Power Through"],"picked":"Clash","floor":4.0},{"not_picked":["Heavy Blade","Twin Strike"],"picked":"Corruption","floor":6},{"not_picked":["Corruption","Flex"],"picked":"Bloodletting","floor":8},{"not_picked":["Anger","Bloodletting"],"picked":"Entrench","floor":10},{"not_picked":["Clash","Pummel"],"picked":"Dropkick","floor":13}],"player_experience":750053,"relics_obtained":[{"floor":6,"key":"InkBottle"},{"floor":8,"key":"Bag of Preparation"},{"floor":9,"key":"Omamori"},{"floor":10,"key":"MawBank"}],"event_choices":[{"damage_healed":0.0,"max_hp_gain":5.0,"max_hp_loss":0.0,"gold_gain":0.0,"event_name":"Big Fish","player_choice":"Donut","floor":5.0,"gold_loss":0.0,"damage_taken":0.0},{"damage_healed":0,"gold_gain":0,"player_choice":"Ignored","damage_taken":0,"max_hp_gain":0,"max_hp_loss":0,"event_name":"Liars Game","floor":11,"gold_loss":0},{"cards_removed":["Strike_R"],"damage_healed":0,"gold_gain":0,"player_choice":"Card Removal","damage_taken":7,"max_hp_gain":0,"max_hp_loss":0,"event_name":"Golden Wing","floor":12,"gold_loss":0}],"is_beta":false,"boss_relics":[],"items_purged_floors":[],"is_endless":false,"potions_floor_spawned":[2,3,13],"killed_by":"Hexaghost","ascension_level":20}}