{"host":"whyfdmrq1ty0e9zp","time":1612191410,"event":{"mods":["Act Like it!","BaseMod","Colored Map","Colored Powertips","Conspire","Energized Spire","Gensokyo","Marisa£¨ìFÓê¡¡Ä§ÀíÉ³£©","Minty Spire (QoL Compilation)","MostiFishMod","Prisma Mod","Quick Restart","Relic Stats","Remilia£¨ÀÙÃ×ÀòÑÇ£©","Replay The Spire","StSLib","TestMod","The Servant 0.9.4","¡¾ÒÅÎï¿¨ÅÆ¡¿REMEMod"],"gold_per_floor":[10,22,22,36,36,62,62,62,62,62,89,89,116,134,134,236,236,250,650,650,565,565,599,599,627,651,651,681,681,723,738,738,869,869,884,901,901,901,901,934,934,947,1016,1016,1016,1016,1016,1033,1033,1033],"floor_reached":51,"language":"ZHS","playtime":2673,"items_purged":["Strike_MRS","Strike_MRS","Strike_MRS","MasterSpark","Defend_MRS","Decay","Sickly"],"score":1665,"play_id":"96b91dab-024c-4fff-a4c5-b2b2b0487703","local_time":"20210201225650","is_ascension_mode":true,"campfire_choices":[{"data":"IllusionStar","floor":7,"key":"SMITH"},{"data":"DarkMatter","floor":10,"key":"SMITH"},{"data":"CasketOfStar","floor":15,"key":"SMITH"},{"data":"Mayhem","floor":24,"key":"SMITH"},{"data":"Acceleration","floor":27,"key":"SMITH"},{"data":"IllusionStar","floor":32,"key":"SMITH"},{"data":"OpenUniverse","floor":41,"key":"SMITH"},{"data":"UltimateShortwave","floor":45,"key":"SMITH"},{"data":"SuperNova","floor":49,"key":"SMITH"}],"circlet_count":0,"master_deck":["Defend_MRS","Defend_MRS","Defend_MRS","UpSweep","REME_EmptyShield","GrandCross","EnergyRecoil+1","IllusionStar+1","ManaConvection","MostiFishMod:TheLastGuard+1","DarkMatter+1","Parasite","Parasite","CasketOfStar+1","Acceleration+1","AsteroidBelt","SuperNova+1","IllusionStar+1","Mayhem+1","OpenUniverse+1","IllusionStar+1","UltimateShortwave+1","OpenUniverse+1","Flash of Steel","IllusionStar+1","BlazeAway+1"],"relics":["MiniHakkero","DaveBox","REME_ComplimentaryCards","DiscerningMonocle","testmod-RainbowHikingShoes","testmod-HeartOfStrike","SynthV:TestCard","testmod-AssaultLearning","Strawberry","HandDrill","testmod-ArcanaOfDestiny","BreadOfAWashokuLover","testmod-Motorcycle","MostiFishMod:AdaptiveDefenses","Ornamental Fan","ShroomBag","testmod-EqualTreatment","Oddly Smooth Stone","conspire:TreasureMap","Question Card","FeatherPendant","conspire:Dentures","conspire:DecoderRing","Cauldron","Mummified Hand","Sling","MealTicket","War Paint","Vajra","Replay:Rubber Ducky","Nunchaku","testmod-Brilliant","HornCleat","HereWithMe","Lizard Tail","PreservedInsect","Chemical X","Ring of Misfortune","ReplayTheSpireMod:Ring of Collecting","REME_CardOfGreed","Centennial Puzzle","Lantern","Replay:Ringing Soul","Ring of Peace","testmod-Alchemist"],"acts_visited":["Exordium","TheCity","TheBeyond"],"potions_floor_usage":[6,13,20,33,33],"damage_taken":[{"damage":6,"enemies":"2 Louse","floor":1,"turns":3},{"damage":0,"enemies":"Small Slimes","floor":2,"turns":3},{"damage":2,"enemies":"Jaw Worm","floor":4,"turns":4},{"damage":3,"enemies":"Lagavulin","floor":6,"turns":4},{"damage":1,"enemies":"The Mushroom Lair","floor":11,"turns":4},{"damage":25,"enemies":"Replay:BlueRogue","floor":13,"turns":3},{"damage":1,"enemies":"Exordium Wildlife","floor":14,"turns":2},{"damage":0,"enemies":"Slime Boss","floor":16,"turns":4},{"damage":0,"enemies":"Chosen","floor":18,"turns":1},{"damage":13,"enemies":"Book of Stabbing","floor":23,"turns":5},{"damage":0,"enemies":"Gremlin Leader","floor":25,"turns":1},{"damage":0,"enemies":"Book of Stabbing","floor":28,"turns":1},{"damage":0,"enemies":"Shell Parasite","floor":31,"turns":1},{"damage":0,"enemies":"Pondfish","floor":33,"turns":3},{"damage":0,"enemies":"3 Shapes","floor":35,"turns":1},{"damage":0,"enemies":"Orb Walker","floor":36,"turns":1},{"damage":0,"enemies":"Giant Head","floor":40,"turns":1},{"damage":0,"enemies":"Jaw Worm Horde","floor":42,"turns":1},{"damage":0,"enemies":"Writhing Mass","floor":48,"turns":1},{"damage":0,"enemies":"conspire:OrnateMirror","floor":50,"turns":1}],"seed_played":"-6547507608134870750","potions_obtained":[{"floor":2,"key":"testmod-TestPotion"},{"floor":6,"key":"DistilledChaos"},{"floor":16,"key":"Elixir"},{"floor":20,"key":"DistilledChaos"},{"floor":20,"key":"Fruit Juice"},{"floor":20,"key":"SkillPotion"},{"floor":30,"key":"REME_GoldPotion"},{"floor":35,"key":"SpeedPotion"},{"floor":36,"key":"SkillPotion"}],"is_trial":false,"path_per_floor":["M","M","?","M","$","E","R","$","T","R","?","$","E","M","R","B",null,"M","?","$","?","$","E","R","E","T","R","E","?","?","M","R","B",null,"M","M","$","?","$","E","R","M","T","?","R","?","?","M","R","B",null],"character_chosen":"MARISA","items_purchased":["testmod-AssaultLearning","ManaConvection","Strawberry","HandDrill","LiquidMemories","testmod-TestPotion","MostiFishMod:TheLastGuard","BreadOfAWashokuLover","testmod-Motorcycle","MostiFishMod:AdaptiveDefenses","testmod-EqualTreatment","Oddly Smooth Stone","conspire:TreasureMap","Acceleration","Fruit Juice","conspire:Dentures","conspire:DecoderRing","Cauldron","Sling","MealTicket","Mayhem","War Paint","Lizard Tail","PreservedInsect","Chemical X","REME_CardOfGreed","Centennial Puzzle","Lantern","Flash of Steel"],"campfire_rested":0,"item_purchase_floors":[5,5,5,5,5,5,5,8,8,8,12,12,12,12,12,20,20,20,22,22,22,22,37,37,37,39,39,39,39],"current_hp_per_floor":[62,62,62,60,67,64,64,64,64,64,63,63,62,67,67,73,84,86,86,91,91,91,85,85,92,92,92,92,92,69,74,74,96,103,103,103,105,105,105,105,105,108,108,108,108,108,108,111,111,111],"gold":1033,"neow_bonus":"ONE_RARE_RELIC","is_daily":false,"chose_seed":false,"campfire_upgraded":9,"win_rate":0.0,"timestamp":1612191410,"path_taken":["M","M","?","M","$","E","R","$","T","R","?","?","E","M","R","BOSS","M","?","$","?","?","E","R","E","T","R","E","?","?","M","R","BOSS","M","M","$","?","$","E","R","M","T","?","R","?","?","M","R","BOSS"],"items_purchased_type":["Relic","Card","Relic","Relic","Potion","Potion","Card","Relic","Relic","Relic","Relic","Relic","Relic","Card","Potion","Relic","Relic","Relic","Relic","Relic","Card","Relic","Relic","Relic","Relic","Relic","Relic","Relic","Card"],"build_version":"2020-12-22","purchased_purges":7,"victory":true,"max_hp_per_floor":[75,75,75,75,82,82,82,82,82,82,82,82,87,87,87,87,87,87,87,92,92,92,92,92,92,92,92,92,92,92,92,92,105,105,105,105,105,105,105,105,105,108,108,108,108,108,108,111,111,111],"relic_stats":{"counters":[20,45],"PreservedInsect":130,"War Paint":["MostiFishMod:TheLastGuard","IllusionStar"],"Question Card":17,"Nunchaku":[2],"Lizard Tail":0,"Centennial Puzzle":[0],"Ornamental Fan":[76],"Mummified Hand":[37],"MealTicket":2,"HandDrill":[20],"Chemical X":[1],"obtain_stats":[{"testmod-HeartOfStrike":0,"Vajra":25,"MostiFishMod:AdaptiveDefenses":8,"testmod-RainbowHikingShoes":0,"Sling":22,"Replay:Ringing Soul":40,"Lizard Tail":37,"Centennial Puzzle":39,"HornCleat":30,"Strawberry":5,"conspire:DecoderRing":20,"MealTicket":22,"HereWithMe":34,"HandDrill":5,"Kunai":25,"conspire:Dentures":20,"conspire:TreasureMap":12,"testmod-TestBox":0,"Oddly Smooth Stone":12,"BreadOfAWashokuLover":8,"War Paint":22,"Question Card":13,"ReplayTheSpireMod:Ring of Collecting":38,"MiniHakkero":0,"Meat on the Bone":14,"Lantern":39,"DaveBox":0,"DiscerningMonocle":0,"testmod-EqualTreatment":12,"Replay:Rubber Ducky":26,"testmod-Brilliant":29,"Nunchaku":28,"testmod-Alchemist":43,"testmod-Motorcycle":8,"Mummified Hand":21,"Ring of Peace":43,"Chemical X":37,"testmod-ArcanaOfDestiny":6,"PreservedInsect":37,"Mercury Hourglass":25,"ShroomBag":11,"Cauldron":20,"SynthV:TestCard":1,"Ornamental Fan":9,"FeatherPendant":17,"testmod-AssaultLearning":5,"Ring of Misfortune":38,"REME_CardOfGreed":39,"REME_ComplimentaryCards":0},{"testmod-HeartOfStrike":0,"Vajra":11,"MostiFishMod:AdaptiveDefenses":4,"testmod-RainbowHikingShoes":0,"Sling":9,"Replay:Ringing Soul":17,"Lizard Tail":16,"Centennial Puzzle":16,"HornCleat":12,"Strawberry":3,"conspire:DecoderRing":9,"MealTicket":9,"HereWithMe":14,"HandDrill":3,"Kunai":11,"conspire:Dentures":9,"conspire:TreasureMap":5,"testmod-TestBox":0,"Oddly Smooth Stone":5,"BreadOfAWashokuLover":4,"War Paint":9,"Question Card":6,"ReplayTheSpireMod:Ring of Collecting":16,"MiniHakkero":0,"Meat on the Bone":7,"Lantern":16,"DaveBox":0,"DiscerningMonocle":0,"testmod-EqualTreatment":5,"Replay:Rubber Ducky":11,"testmod-Brilliant":12,"Nunchaku":12,"testmod-Alchemist":18,"testmod-Motorcycle":4,"Mummified Hand":9,"Ring of Peace":18,"Chemical X":16,"testmod-ArcanaOfDestiny":4,"PreservedInsect":16,"Mercury Hourglass":11,"ShroomBag":5,"Cauldron":9,"SynthV:TestCard":1,"Ornamental Fan":4,"FeatherPendant":8,"testmod-AssaultLearning":3,"Ring of Misfortune":16,"REME_CardOfGreed":16,"REME_ComplimentaryCards":0},{"testmod-HeartOfStrike":0,"Vajra":34,"MostiFishMod:AdaptiveDefenses":14,"testmod-RainbowHikingShoes":0,"Sling":28,"Replay:Ringing Soul":42,"Lizard Tail":41,"Centennial Puzzle":41,"HornCleat":35,"Strawberry":10,"conspire:DecoderRing":28,"MealTicket":28,"HereWithMe":39,"HandDrill":10,"Kunai":34,"conspire:Dentures":28,"conspire:TreasureMap":18,"testmod-TestBox":0,"Oddly Smooth Stone":18,"BreadOfAWashokuLover":14,"War Paint":28,"Question Card":21,"ReplayTheSpireMod:Ring of Collecting":41,"MiniHakkero":0,"Meat on the Bone":22,"Lantern":41,"DaveBox":0,"DiscerningMonocle":0,"testmod-EqualTreatment":18,"Replay:Rubber Ducky":34,"testmod-Brilliant":35,"Nunchaku":35,"testmod-Alchemist":43,"testmod-Motorcycle":14,"Mummified Hand":28,"Ring of Peace":43,"Chemical X":41,"testmod-ArcanaOfDestiny":14,"PreservedInsect":41,"Mercury Hourglass":34,"ShroomBag":18,"Cauldron":28,"SynthV:TestCard":3,"Ornamental Fan":14,"FeatherPendant":27,"testmod-AssaultLearning":10,"Ring of Misfortune":41,"REME_CardOfGreed":41,"REME_ComplimentaryCards":0}]},"card_choices":[{"not_picked":["GravityBeat","DoubleSpark"],"picked":"GrandCross","floor":1},{"not_picked":["MysteriousBeam","MilkyWay","GravityBeat","EnergyFlow","PowerUp"],"picked":"SKIP","floor":2},{"not_picked":["ManaConvection","NonDirectionalLaser","GrandCross","Singularity"],"picked":"IllusionStar","floor":4},{"not_picked":["OrrerysSun","Occultation","LuminesStrike","Acceleration"],"picked":"DarkMatter","floor":6},{"not_picked":["NonDirectionalLaser","BlazeAway","UnstableBomb","StarlightTyphoon"],"picked":"CasketOfStar","floor":11},{"not_picked":["OrrerysSun","WitchLeyline","CasketOfStar","EnergyFlow"],"picked":"AsteroidBelt","floor":13},{"not_picked":["LuminesStrike","ChargingUp","SporeBomb","StarlightTyphoon","PropBag","DarkSpark"],"picked":"SKIP","floor":14},{"not_picked":["CasketOfStar","UltimateShortwave","AbsoluteMagnitude","ManaRampage","BigCrunch"],"picked":"SuperNova","floor":16},{"not_picked":["BlazeAway","LuminesStrike","EventHorizon","AsteroidBelt+1","SprinkleStarSeal"],"picked":"IllusionStar","floor":18},{"not_picked":["PowerUp","EnergyRecoil","FairyDestructionRay+1","AsteroidBelt","PropBag"],"picked":"OpenUniverse+1","floor":23},{"not_picked":["MagicChant","OrrerysSun","FairyDestructionRay","RefractionSpark","DragonMeteor","BigCrunch"],"picked":"SKIP","floor":25},{"not_picked":["UnstableBomb","6A","DC","PowerUp+1","LuminesStrike","SuperNova"],"picked":"SKIP","floor":28},{"not_picked":["PulseMagic","GrandCross","EnergyRecoil","SprinkleStarSeal","NonDirectionalLaser"],"picked":"IllusionStar","floor":31},{"not_picked":["ManaRampage","FinalSpark","StarDustReverie","MaximisePower","CollectingQuirk"],"picked":"UltimateShortwave","floor":33},{"not_picked":["ShootTheMoon","EventHorizon+1","AsteroidBelt","PowerUp+1","LuminesStrike+1"],"picked":"OpenUniverse","floor":35},{"not_picked":["ShootingEcho","TreasureHunter","UnstableBomb","Orbital","PropBag","EarthLightRay+1"],"picked":"SKIP","floor":36},{"not_picked":["NonDirectionalLaser+1","DC","OpenUniverse+1","FinalSpark","StarBarrage+1","PropBag"],"picked":"SKIP","floor":40},{"not_picked":["GravityBeat+1","WitchLeyline+1","PowerUp+1","Acceleration+1","MysteriousBeam"],"picked":"IllusionStar+1","floor":42},{"not_picked":["DeepEcoloBomb+1","NonDirectionalLaser+1","Occultation","StarBarrage+1","ChargeUpSpray+1"],"picked":"BlazeAway+1","floor":48}],"player_experience":473414,"relics_obtained":[{"floor":1,"key":"SynthV:TestCard"},{"floor":6,"key":"testmod-ArcanaOfDestiny"},{"floor":9,"key":"Ornamental Fan"},{"floor":11,"key":"ShroomBag"},{"floor":13,"key":"Question Card"},{"floor":25,"key":"Vajra"},{"floor":26,"key":"Replay:Rubber Ducky"},{"floor":28,"key":"Nunchaku"},{"floor":30,"key":"HornCleat"},{"floor":38,"key":"Ring of Misfortune"},{"floor":38,"key":"ReplayTheSpireMod:Ring of Collecting"},{"floor":40,"key":"Replay:Ringing Soul"},{"floor":43,"key":"Ring of Peace"},{"floor":43,"key":"testmod-Alchemist"}],"event_choices":[{"damage_healed":0,"gold_gain":0,"player_choice":"Fought Mushrooms","damage_taken":0,"max_hp_gain":0,"max_hp_loss":0,"event_name":"Mushrooms_MRS","floor":11,"gold_loss":0},{"damage_healed":0,"gold_gain":400,"player_choice":"Sell","damage_taken":0,"max_hp_gain":0,"max_hp_loss":0,"event_name":"¶÷ÂåË¹µÄÅÌ×Ó","floor":19,"relics_lost":["testmod-TestBox"],"gold_loss":0},{"damage_healed":0,"gold_gain":0,"player_choice":"Obtained Relic","damage_taken":0,"relics_obtained":["Mummified Hand"],"max_hp_gain":0,"max_hp_loss":0,"event_name":"Addict","floor":21,"gold_loss":85},{"damage_healed":0,"gold_gain":0,"player_choice":"Memory 1","damage_taken":0,"max_hp_gain":0,"max_hp_loss":0,"event_name":"SensoryStone","floor":44,"gold_loss":0},{"damage_healed":0,"gold_gain":0,"player_choice":"Leave","damage_taken":0,"max_hp_gain":0,"max_hp_loss":0,"event_name":"conspire:Investor","floor":46,"gold_loss":0},{"damage_healed":0,"gold_gain":0,"player_choice":"Ignored","damage_taken":0,"max_hp_gain":0,"max_hp_loss":0,"event_name":"Tomb of Lord Red Mask","floor":47,"gold_loss":0}],"is_beta":false,"boss_relics":[{"not_picked":["ExperimentalFamiliar","Honey Jar"],"picked":"FeatherPendant"},{"not_picked":["EE1DDrone","energizedSpire:HugeHouse"],"picked":"HereWithMe"}],"items_purged_floors":[5,8,12,20,22,37,39],"is_endless":false,"potions_floor_spawned":[2,6,16,23,25,35,36,42],"ascension_level":9}}