{"host":"ml2ro5l6hu6y0pll","time":1612216031,"event":{"mods":["AchievementEnabler","BaseMod","Colored Map","Colored Powertips","Custom Start","Googly Eyes","Minty Spire (QoL Compilation)","Quick Restart","Rare Cards Sparkle","Relic Stats","Reliquary","StSLib","everything is the same but u backflip on backflip"],"gold_per_floor":[113,113,74,89,106,141,141,160,160,160,194,206,241,255,255,333,333,352,352,352,366,384,415,415,432,459,459,478,496,524,270,270,350,350,368,378,423,434,434,434,353,388,415,431,447,165,165,191,191,191,191,191,191,65,101,101],"floor_reached":57,"language":"ENG","playtime":2238,"items_purged":[],"score":3573,"play_id":"4af28f0e-87c6-4983-bccc-a4b386ced2d1","local_time":"20210201214711","is_ascension_mode":true,"campfire_choices":[{"data":"Adrenaline","floor":7,"key":"SMITH"},{"data":"Neutralize","floor":10,"key":"SMITH"},{"data":"Well Laid Plans","floor":15,"key":"SMITH"},{"floor":24,"key":"RECALL"},{"floor":27,"key":"REST"},{"floor":32,"key":"REST"},{"floor":40,"key":"REST"},{"floor":47,"key":"REST"},{"floor":49,"key":"REST"},{"floor":53,"key":"REST"}],"circlet_count":0,"master_deck":["Endless Agony","Masterful Stab","Neutralize+1","Slice+1","Skewer","Finisher","Backflip","Backflip+1","Backflip","Backflip","Blade Dance","Blade Dance","Blade Dance","Adrenaline+1","Well Laid Plans+1","After Image","Accuracy","Phantasmal Killer","Burst","After Image","Well Laid Plans","Acrobatics"],"relics":["Ring of the Snake","Membership Card","reliquary:BoilingFlask","OrangePellets","Mummified Hand","Ice Cream","WristBlade","Centennial Puzzle","reliquary:PurpleTingedLeaf","Tough Bandages","Eternal Feather","Fusion Hammer","Nilry\u0027s Codex","Toy Ornithopter","CeramicFish","Du-Vu Doll","Incense Burner","ClockworkSouvenir","SlaversCollar","Prayer Wheel","Lee\u0027s Waffle","reliquary:OuijaBoard","Boot","Thread and Needle","TheAbacus","Bag of Marbles","Chemical X","Happy Flower"],"acts_visited":["Exordium","TheCity","TheBeyond","TheEnding"],"potions_floor_usage":[56,56],"damage_taken":[{"damage":0,"enemies":"2 Louse","floor":1,"turns":1},{"damage":0,"enemies":"Jaw Worm","floor":4,"turns":1},{"damage":0,"enemies":"Cultist","floor":5,"turns":1},{"damage":0,"enemies":"Lagavulin","floor":6,"turns":4},{"damage":0,"enemies":"Blue Slaver","floor":8,"turns":1},{"damage":0,"enemies":"3 Sentries","floor":11,"turns":1},{"damage":0,"enemies":"Exordium Wildlife","floor":12,"turns":1},{"damage":0,"enemies":"Lagavulin","floor":13,"turns":1},{"damage":0,"enemies":"Gremlin Gang","floor":14,"turns":1},{"damage":0,"enemies":"Hexaghost","floor":16,"turns":2},{"damage":0,"enemies":"Shell Parasite","floor":18,"turns":1},{"damage":0,"enemies":"Spheric Guardian","floor":21,"turns":2},{"damage":0,"enemies":"3 Cultists","floor":22,"turns":2},{"damage":0,"enemies":"Gremlin Leader","floor":23,"turns":2},{"damage":1,"enemies":"Centurion and Healer","floor":25,"turns":2},{"damage":0,"enemies":"Chosen and Byrds","floor":28,"turns":2},{"damage":0,"enemies":"Snake Plant","floor":29,"turns":1},{"damage":0,"enemies":"Slavers","floor":30,"turns":1},{"damage":0,"enemies":"Champ","floor":33,"turns":3},{"damage":0,"enemies":"3 Shapes","floor":35,"turns":2},{"damage":0,"enemies":"3 Darklings","floor":36,"turns":2},{"damage":0,"enemies":"2 Orb Walkers","floor":37,"turns":2},{"damage":0,"enemies":"Maw","floor":38,"turns":3},{"damage":0,"enemies":"Nemesis","floor":42,"turns":3},{"damage":0,"enemies":"Spire Growth","floor":44,"turns":2},{"damage":0,"enemies":"4 Shapes","floor":45,"turns":4},{"damage":0,"enemies":"Giant Head","floor":48,"turns":2},{"damage":14,"enemies":"Time Eater","floor":50,"turns":5},{"damage":0,"enemies":"Donu and Deca","floor":51,"turns":4},{"damage":43,"enemies":"Shield and Spear","floor":55,"turns":3},{"damage":24,"enemies":"The Heart","floor":56,"turns":8}],"seed_played":"2811865653393801187","potions_obtained":[{"floor":4,"key":"Strength Potion"},{"floor":5,"key":"CultistPotion"},{"floor":11,"key":"SteroidPotion"},{"floor":16,"key":"PowerPotion"}],"is_trial":true,"path_per_floor":["M","?","$","M","M","E","R","M","T","R","E","M","E","M","R","B",null,"M","?","T","M","M","E","R","M","T","R","M","M","E","$","R","B",null,"M","M","?","M","?","R","$","E","T","M","M","$","R","E","R","B","B",null,"R","$","E","B",null],"character_chosen":"THE_SILENT","items_purchased":["Accuracy","Incense Burner","ClockworkSouvenir","Lee\u0027s Waffle","Thread and Needle","Well Laid Plans","TheAbacus","Chemical X","LiquidBronze"],"campfire_rested":6,"item_purchase_floors":[3,31,31,41,46,46,46,54,54],"current_hp_per_floor":[59,39,39,39,39,39,39,39,39,39,40,41,42,42,51,53,63,64,43,43,44,45,46,55,55,55,66,66,66,66,66,66,66,66,66,66,66,66,63,63,70,70,70,70,70,70,70,70,70,57,59,67,70,70,28,18],"gold":101,"neow_bonus":"","is_daily":false,"chose_seed":false,"campfire_upgraded":3,"win_rate":0.0,"timestamp":1612216031,"path_taken":["M","?","?","M","?","E","R","M","T","R","E","M","E","M","R","BOSS","M","?","?","?","M","E","R","M","T","R","M","M","E","$","R","BOSS","M","M","?","M","?","R","?","E","T","M","?","$","R","E","R","BOSS","BOSS","R","$","E","BOSS"],"items_purchased_type":["Card","Relic","Relic","Relic","Relic","Card","Relic","Relic","Potion"],"build_version":"2020-12-22","purchased_purges":0,"victory":true,"max_hp_per_floor":[66,66,66,66,66,66,66,66,66,66,66,66,66,66,66,66,66,66,66,66,66,66,66,66,66,66,66,66,66,66,66,66,66,66,66,66,66,66,63,63,70,70,70,70,70,70,70,70,70,70,70,70,70,70,70,70],"relic_stats":{"Lee\u0027s Waffle":7,"Happy Flower":[2],"counters":[31,70],"CeramicFish":27,"Eternal Feather":30,"Boot":[6],"OrangePellets":[15],"Centennial Puzzle":[13],"Tough Bandages":[30],"TheAbacus":[72],"Mummified Hand":[108],"Prayer Wheel":3,"Chemical X":[4],"obtain_stats":[{"Ice Cream":0,"reliquary:OuijaBoard":42,"Nilry\u0027s Codex":19,"reliquary:BoilingFlask":0,"CeramicFish":26,"Incense Burner":31,"Boot":43,"ClockworkSouvenir":31,"Centennial Puzzle":6,"Tough Bandages":11,"TheAbacus":46,"WristBlade":0,"Mummified Hand":0,"Prayer Wheel":37,"Fusion Hammer":17,"Chemical X":54,"Ring of the Snake":0,"Lee\u0027s Waffle":41,"Happy Flower":55,"Eternal Feather":13,"Thread and Needle":46,"Du-Vu Doll":30,"OrangePellets":0,"SlaversCollar":34,"Bag of Marbles":48,"Membership Card":0,"reliquary:PurpleTingedLeaf":9,"Toy Ornithopter":23},{"Ice Cream":0,"reliquary:OuijaBoard":24,"Nilry\u0027s Codex":11,"reliquary:BoilingFlask":0,"CeramicFish":15,"Incense Burner":18,"Boot":24,"ClockworkSouvenir":18,"Centennial Puzzle":4,"Tough Bandages":6,"TheAbacus":26,"WristBlade":0,"Mummified Hand":0,"Prayer Wheel":22,"Fusion Hammer":10,"Chemical X":29,"Ring of the Snake":0,"Lee\u0027s Waffle":23,"Happy Flower":30,"Eternal Feather":8,"Thread and Needle":26,"Du-Vu Doll":18,"OrangePellets":0,"SlaversCollar":19,"Bag of Marbles":27,"Membership Card":0,"reliquary:PurpleTingedLeaf":5,"Toy Ornithopter":14},{"Ice Cream":0,"reliquary:OuijaBoard":42,"Nilry\u0027s Codex":15,"reliquary:BoilingFlask":0,"CeramicFish":23,"Incense Burner":27,"Boot":42,"ClockworkSouvenir":27,"Centennial Puzzle":7,"Tough Bandages":9,"TheAbacus":48,"WristBlade":0,"Mummified Hand":0,"Prayer Wheel":36,"Fusion Hammer":14,"Chemical X":59,"Ring of the Snake":0,"Lee\u0027s Waffle":39,"Happy Flower":62,"Eternal Feather":11,"Thread and Needle":48,"Du-Vu Doll":27,"OrangePellets":0,"SlaversCollar":30,"Bag of Marbles":50,"Membership Card":0,"reliquary:PurpleTingedLeaf":8,"Toy Ornithopter":21}],"Toy Ornithopter":10,"Ring of the Snake":[66]},"card_choices":[{"not_picked":["Blade Dance","Riddle With Holes","Prepared"],"picked":"SKIP","floor":1},{"not_picked":["Poisoned Stab","Deflect","Choke"],"picked":"SKIP","floor":4},{"not_picked":["Tactician","Dagger Spray","Leg Sweep"],"picked":"SKIP","floor":5},{"not_picked":["Prepared","Dodge and Roll","Predator"],"picked":"SKIP","floor":6},{"not_picked":["Dagger Throw","Cloak And Dagger","Prepared"],"picked":"SKIP","floor":8},{"not_picked":["Slice","Eviscerate","Backflip"],"picked":"SKIP","floor":11},{"not_picked":["Backstab","Well Laid Plans"],"picked":"Phantasmal Killer","floor":12},{"not_picked":["Noxious Fumes","Flying Knee","Deadly Poison"],"picked":"SKIP","floor":13},{"not_picked":["Outmaneuver","Bane","Heel Hook"],"picked":"SKIP","floor":14},{"not_picked":["Die Die Die","Tools of the Trade"],"picked":"Burst","floor":16},{"not_picked":["Underhanded Strike","Poisoned Stab","Concentrate"],"picked":"SKIP","floor":18},{"not_picked":["All Out Attack","Outmaneuver","Blur"],"picked":"SKIP","floor":21},{"not_picked":["Choke","Deadly Poison+1","Dagger Throw"],"picked":"SKIP","floor":22},{"not_picked":["Masterful Stab+1","Backstab","Cloak And Dagger"],"picked":"SKIP","floor":23},{"not_picked":["Dagger Throw","Slice","Masterful Stab"],"picked":"SKIP","floor":25},{"not_picked":["Quick Slash","Leg Sweep","Underhanded Strike"],"picked":"SKIP","floor":28},{"not_picked":["Backflip","Quick Slash","Catalyst"],"picked":"SKIP","floor":29},{"not_picked":["Bouncing Flask","Backflip","Storm of Steel"],"picked":"SKIP","floor":30},{"not_picked":["Burst","Die Die Die"],"picked":"After Image","floor":33},{"not_picked":["Noxious Fumes","Backflip","Deflect+1"],"picked":"SKIP","floor":35},{"not_picked":["Underhanded Strike","Bane","Backstab"],"picked":"SKIP","floor":36},{"not_picked":["Backflip","Sucker Punch","Concentrate"],"picked":"SKIP","floor":38},{"not_picked":["Outmaneuver","Cloak And Dagger","Concentrate"],"picked":"SKIP","floor":38},{"not_picked":["Blade Dance","Caltrops+1","Dagger Spray"],"picked":"SKIP","floor":42},{"not_picked":["Poisoned Stab","Quick Slash+1","Backflip"],"picked":"SKIP","floor":44},{"not_picked":["Backflip+1","Die Die Die","Acrobatics"],"picked":"SKIP","floor":44},{"not_picked":["Quick Slash+1","Distraction","Catalyst"],"picked":"SKIP","floor":45},{"not_picked":["Cloak And Dagger","Underhanded Strike","Eviscerate"],"picked":"SKIP","floor":45},{"not_picked":["Dagger Spray","Poisoned Stab","Deflect"],"picked":"SKIP","floor":48},{"not_picked":["Slice","Finisher+1"],"picked":"Acrobatics","floor":55}],"player_experience":898113,"relics_obtained":[{"floor":6,"key":"Centennial Puzzle"},{"floor":9,"key":"reliquary:PurpleTingedLeaf"},{"floor":11,"key":"Tough Bandages"},{"floor":13,"key":"Eternal Feather"},{"floor":19,"key":"Nilry\u0027s Codex"},{"floor":23,"key":"Toy Ornithopter"},{"floor":26,"key":"CeramicFish"},{"floor":30,"key":"Du-Vu Doll"},{"floor":37,"key":"Prayer Wheel"},{"floor":42,"key":"reliquary:OuijaBoard"},{"floor":43,"key":"Boot"},{"floor":48,"key":"Bag of Marbles"},{"floor":55,"key":"Happy Flower"}],"event_choices":[{"damage_healed":0,"gold_gain":0,"player_choice":"Entered Light","damage_taken":20,"max_hp_gain":0,"max_hp_loss":0,"event_name":"Shining Light","floor":2,"gold_loss":0,"cards_upgraded":["Backflip","Slice"]},{"damage_healed":0,"gold_gain":0,"player_choice":"Obtained Book","damage_taken":21,"max_hp_gain":0,"max_hp_loss":0,"event_name":"Cursed Tome","floor":19,"gold_loss":0},{"damage_healed":0,"gold_gain":0,"player_choice":"Fight","damage_taken":0,"max_hp_gain":0,"max_hp_loss":0,"event_name":"Mysterious Sphere","floor":37,"gold_loss":0},{"damage_healed":0,"gold_gain":0,"player_choice":"Max HP","damage_taken":0,"max_hp_gain":0,"max_hp_loss":3,"event_name":"Winding Halls","floor":39,"gold_loss":0}],"is_beta":false,"boss_relics":[{"not_picked":["reliquary:Craggleroot","Snecko Eye"],"picked":"Fusion Hammer"},{"not_picked":["Coffee Dripper","SacredBark"],"picked":"SlaversCollar"}],"items_purged_floors":[],"is_endless":false,"potions_floor_spawned":[4,5,11,14,16,18,23,25,33,35,38,48],"ascension_level":20}}