{"host":"lq2h7q9ca6uwu60x","time":1612171310,"event":{"mods":["Act Like it!","BaseMod","Gensokyo","Marisa£®ÏF”Í°°ƒß¿Ì…≥£©","Minty Spire (QoL Compilation)","Reimu£®≤©¿ˆ¡È√Œ£©","StSLib","Youmu£®ªÍ∆«—˝√Œ£©"],"gold_per_floor":[109,122,122,122,122,122,156,81,128,128,156,70,84,99,99,173,173,692,792,792,792,806,806,806],"floor_reached":23,"language":"ZHS","playtime":857,"items_purged":["Defend_MRS"],"score":449,"play_id":"70be7ed4-1e6d-41cd-b7cb-01214f6702dc","local_time":"20210201172150","is_ascension_mode":true,"campfire_choices":[{"data":"FairyDestructionRay","floor":6.0,"key":"SMITH"},{"data":"Gensokyo:CrescentMoonSlash","floor":15.0,"key":"SMITH"}],"circlet_count":0,"master_deck":["AscendersBane","Defend_MRS","Defend_MRS","Defend_MRS","UpSweep","FairyDestructionRay+1","Orbital","Gensokyo:CrescentMoonSlash+1","EarthLightRay","CasketOfStar","EarthLightRay+1","Gensokyo:FourOfAKind","Gensokyo:FourOfAKind","Gensokyo:FourOfAKind","Gensokyo:FourOfAKind"],"relics":["MiniHakkero","NeowsBlessing","Gensokyo:YoukaiFlower","Shuriken","Kunai","Potion Belt","Empty Cage","PureWhite:ReiMu","Lizard Tail","Boot"],"acts_visited":["Exordium","Gensokyo:Gensokyo"],"potions_floor_usage":[],"damage_taken":[{"damage":0.0,"enemies":"Gensokyo:Gryphon","floor":1.0,"turns":1.0},{"damage":0.0,"enemies":"Gensokyo:3_Fairies","floor":2.0,"turns":2.0},{"damage":0.0,"enemies":"Gensokyo:Mamizou","floor":7.0,"turns":2.0},{"damage":4.0,"enemies":"Gensokyo:Cirno","floor":11.0,"turns":5.0},{"damage":4.0,"enemies":"Gensokyo:2_Kodama","floor":13.0,"turns":4.0},{"damage":0.0,"enemies":"Gensokyo:2_Rabbits","floor":14.0,"turns":1.0},{"damage":16.0,"enemies":"Gensokyo:Reimu","floor":16.0,"turns":6.0},{"damage":32.0,"enemies":"Gensokyo:CosmicMonolith","floor":18.0,"turns":6.0},{"damage":23.0,"enemies":"Gensokyo:CosmicMonolith","floor":19.0,"turns":9.0},{"damage":0,"enemies":"Gensokyo:3_Dogs","floor":22,"turns":1},{"damage":39,"enemies":"Gensokyo:Tenshi","floor":23,"turns":3}],"seed_played":"-5242869662316353776","potions_obtained":[{"floor":1.0,"key":"Dexterity Potion"},{"floor":7.0,"key":"Weak Potion"},{"floor":19.0,"key":"DuplicationPotion"}],"is_trial":false,"path_per_floor":["M","M","?","?","?","R","E","$","T","?","E","COS","M","M","R","B",null,"M","?","?","?","M","E"],"character_chosen":"MARISA","items_purchased":[],"campfire_rested":0,"item_purchase_floors":[],"current_hp_per_floor":[63,63,63,63,29,29,29,29,29,15,11,11,11,15,15,3,53,25,12,12,12,12,0,0],"gold":806,"neow_bonus":"THREE_ENEMY_KILL","is_daily":false,"chose_seed":false,"campfire_upgraded":2,"win_rate":0.0,"timestamp":1612171310,"path_taken":["M","M","?","?","?","R","E","?","T","?","E","COS","M","?","R","BOSS","M","?","?","?","M","E"],"items_purchased_type":[],"build_version":"2020-12-22","purchased_purges":1,"victory":false,"max_hp_per_floor":[70,70,70,70,70,70,70,70,70,70,70,70,70,70,70,70,70,70,70,46,42,42,42,42],"card_choices":[{"not_picked":["ManaConvection","AlicesGift"],"picked":"FairyDestructionRay","floor":1.0},{"not_picked":["AsteroidBelt","DC","WitchLeyline"],"picked":"SKIP","floor":2.0},{"not_picked":["EnergyFlow","AsteroidBelt"],"picked":"Orbital","floor":7.0},{"not_picked":["StarlightTyphoon","OneTimeOff"],"picked":"EarthLightRay","floor":11.0},{"not_picked":["MachineGunSpark","DragonMeteor","OneTimeOff"],"picked":"SKIP","floor":13.0},{"not_picked":["SprinkleStarSeal","WitchLeyline","WitchOfGreed"],"picked":"SKIP","floor":14.0},{"not_picked":["CollectingQuirk","BinaryStars"],"picked":"CasketOfStar","floor":16.0},{"not_picked":["OortCloud","UnstableBomb"],"picked":"EarthLightRay+1","floor":18.0},{"not_picked":["Acceleration","ChargeUpSpray","Occultation"],"picked":"SKIP","floor":22}],"player_experience":1041495,"relics_obtained":[{"floor":7.0,"key":"Shuriken"},{"floor":11.0,"key":"Kunai"},{"floor":19.0,"key":"PureWhite:ReiMu"},{"floor":19.0,"key":"Lizard Tail"}],"event_choices":[],"is_beta":false,"boss_relics":[{"not_picked":["Astrolabe","SacredBark"],"picked":"Empty Cage"}],"items_purged_floors":[8],"is_endless":false,"potions_floor_spawned":[1,7,19],"killed_by":"Gensokyo:Tenshi","ascension_level":20}}