{"host":"hs5g5f0q56ds4vmn","time":1612194567,"event":{"mods":["AchievementEnabler","BaseMod","DeckTracker","Highlight Path","Minty Spire (QoL Compilation)","SuperFastMode","everything is the same but u backflip on backflip"],"gold_per_floor":[119,131,131,131,145,186,186,186,186],"floor_reached":8,"language":"KOR","playtime":365,"items_purged":[],"score":59,"play_id":"ab8e174f-716b-4186-9fb7-fdb55d9809c7","local_time":"20210202004927","is_ascension_mode":true,"campfire_choices":[],"circlet_count":0,"master_deck":["Strike_G","Strike_G","Strike_G","Strike_G","Defend_G","Defend_G","Defend_G","Defend_G","Defend_G","Survivor","Neutralize","Dagger Throw","Reflex","Glass Knife+1"],"relics":["Ring of the Snake","NeowsBlessing","Shuriken","CeramicFish"],"acts_visited":["Exordium"],"potions_floor_usage":[8],"damage_taken":[{"damage":0.0,"enemies":"2 Louse","floor":1.0,"turns":1.0},{"damage":0.0,"enemies":"Jaw Worm","floor":2.0,"turns":1.0},{"damage":0.0,"enemies":"Cultist","floor":5.0,"turns":1.0},{"damage":18.0,"enemies":"Gremlin Nob","floor":6.0,"turns":5.0},{"damage":26,"enemies":"Lagavulin","floor":8,"turns":7}],"seed_played":"7608550987592096893","potions_obtained":[{"floor":2.0,"key":"LiquidBronze"},{"floor":6.0,"key":"SpeedPotion"}],"is_trial":false,"path_per_floor":["M","M","?","?","M","E","?","E"],"character_chosen":"THE_SILENT","items_purchased":[],"campfire_rested":0,"item_purchase_floors":[],"current_hp_per_floor":[70,70,63,30,30,12,12,0,0],"gold":186,"neow_bonus":"THREE_ENEMY_KILL","is_daily":false,"chose_seed":false,"campfire_upgraded":0,"win_rate":0.0,"timestamp":1612194567,"path_taken":["M","M","?","?","?","E","?","E"],"items_purchased_type":[],"build_version":"2020-12-22","purchased_purges":0,"victory":false,"max_hp_per_floor":[70,70,70,70,70,70,70,70,70],"card_choices":[{"not_picked":["Outmaneuver","All Out Attack"],"picked":"Dagger Throw","floor":1.0},{"not_picked":["Deadly Poison","Riddle With Holes","Quick Slash"],"picked":"SKIP","floor":2.0},{"not_picked":["Expertise","Sucker Punch"],"picked":"Reflex","floor":5.0},{"not_picked":["Slice","Blur"],"picked":"Glass Knife","floor":6.0}],"player_experience":532171,"relics_obtained":[{"floor":6.0,"key":"CeramicFish"}],"event_choices":[{"cards_removed":["Strike_G"],"damage_healed":0.0,"max_hp_gain":0.0,"max_hp_loss":0.0,"gold_gain":0.0,"event_name":"Golden Wing","player_choice":"Card Removal","floor":3.0,"gold_loss":0.0,"damage_taken":7.0},{"damage_healed":0.0,"max_hp_gain":0.0,"max_hp_loss":0.0,"gold_gain":0.0,"event_name":"Scrap Ooze","player_choice":"Success","floor":4.0,"gold_loss":0.0,"damage_taken":33.0,"relics_obtained":["Shuriken"]},{"damage_healed":0,"gold_gain":0,"player_choice":"Forge","damage_taken":0,"max_hp_gain":0,"max_hp_loss":0,"event_name":"Accursed Blacksmith","floor":7,"gold_loss":0,"cards_upgraded":["Glass Knife"]}],"is_beta":false,"boss_relics":[],"items_purged_floors":[],"is_endless":false,"potions_floor_spawned":[2,6],"killed_by":"Lagavulin","ascension_level":1}}