{"host":"2zjdcgw4be5n15ja","time":1612164895,"event":{"mods":["2.2 Compatiblity","AchievementEnabler","BaseMod","Bestiary","Better Skull","Better Third Choice","BetterRewards","Colored Powertips","Downfall","Hermit","Marisa????????","Marked Mod","Minty Spire (QoL Compilation)","Quick Restart","Rare Cards Sparkle","Reimu??????","Relic Stats","Reliquary","Replay The Spire","StSLib","The Bug Knight","The Problem Sleuth","The Runesmith"],"gold_per_floor":[119,139,0,0,0,25,25,51,97,97,97,124,124,47,47,148,148,134,134,153,171,171,203,203,238,263,281,292,70,70,82,82,82,82],"floor_reached":33,"language":"ENG","playtime":2830,"items_purged":[],"score":366,"play_id":"7369e379-478e-4842-853d-9b0df93d43b7","local_time":"20210201203455","is_ascension_mode":true,"campfire_choices":[{"floor":7,"key":"REST"},{"floor":15,"key":"REST"},{"floor":24,"key":"REST"},{"floor":30,"key":"REST"},{"floor":32,"key":"RECALL"}],"circlet_count":0,"master_deck":["Strike_G+1","Strike_G","Strike_G","Strike_G+1","Strike_G","Defend_G","Defend_G","Defend_G","Defend_G","Defend_G","Survivor","Neutralize+1","Pot Of Greed","Pot Of Greed","Deflect","Choke+1","Choke","Distraction","Voices","Leg Sweep","Poisoned Stab","Dodge and Roll","Cloak And Dagger","ReplayTheSpireMod:Stacked","Dagger Spray","Pot Of Greed","Deflect","Bullet Time","Caltrops+1","Dagger Spray+1","Deadly Poison","Bane","Wraith Form v2","Flying Knee","Draining Mist","A Thousand Cuts","PiercingWail","Acrobatics","Pot Of Greed","Accuracy"],"relics":["Ring of the Snake","Grinning Jar","Ring of Peace","Whetstone","InkBottle","Vajra","Replay:Baseball","RuthlessExorcism:ReiMu","HoveringKite","NlothsMask","Oddly Smooth Stone","reliquary:Knoch"],"acts_visited":["Exordium","TheCity"],"potions_floor_usage":[16,16,27,31,33],"damage_taken":[{"damage":4,"enemies":"2 Louse","floor":1,"turns":2},{"damage":2,"enemies":"Small Slimes","floor":2,"turns":3},{"damage":19,"enemies":"HollowMod:MossKnight","floor":6,"turns":9},{"damage":19,"enemies":"Lagavulin","floor":8,"turns":10},{"damage":28,"enemies":"HollowMod:MossKnight","floor":12,"turns":18},{"damage":34,"enemies":"Fading Forest","floor":16,"turns":11},{"damage":0,"enemies":"2 Thieves","floor":18,"turns":4},{"damage":0,"enemies":"3 Byrds","floor":20,"turns":4},{"damage":6,"enemies":"Shelled Parasite and Fungi","floor":21,"turns":5},{"damage":40,"enemies":"Slavers","floor":23,"turns":6},{"damage":31,"enemies":"Book of Stabbing","floor":25,"turns":5},{"damage":0,"enemies":"Snecko","floor":27,"turns":5},{"damage":5,"enemies":"Snake Plant","floor":28,"turns":2},{"damage":4,"enemies":"Shelled Parasite and Fungi","floor":31,"turns":5},{"damage":36,"enemies":"Automaton","floor":33,"turns":8}],"seed_played":"-933079935949321367","potions_obtained":[{"floor":2,"key":"Dexterity Potion"},{"floor":12,"key":"champ:CounterPotion"},{"floor":21,"key":"sneckomod:MuddlingPotion"},{"floor":25,"key":"SteroidPotion"},{"floor":27,"key":"DuplicationPotion"}],"is_trial":false,"path_per_floor":["M","M","$","?","?","E","R","E","T","?","?","E","?","$","R","B",null,"M","?","M","M","?","E","R","E","T","M","M","$","R","M","R","B"],"character_chosen":"THE_SILENT","items_purchased":["Choke","Distraction","Dagger Spray","Deflect","A Thousand Cuts","PiercingWail","Acrobatics"],"campfire_rested":4,"item_purchase_floors":[3,3,14,14,29,29,29],"current_hp_per_floor":[66,64,64,50,50,31,52,33,33,56,56,28,5,5,26,14,70,70,70,70,64,64,24,45,14,14,14,9,9,30,26,26,0,0],"gold":82,"neow_bonus":"RANDOM_COMMON_RELIC","is_daily":false,"chose_seed":false,"campfire_upgraded":0,"win_rate":0.0,"timestamp":1612164895,"path_taken":["M","M","$","?","?","E","R","E","T","?","?","E","?","$","R","BOSS","M","?","M","?","?","E","R","E","T","M","M","$","R","M","R","BOSS"],"items_purchased_type":["Card","Card","Card","Card","Card","Card","Card"],"build_version":"2020-12-22","purchased_purges":0,"victory":false,"max_hp_per_floor":[70,70,70,70,70,70,70,70,70,70,70,70,70,70,70,70,70,70,70,70,70,70,70,70,70,70,70,70,70,70,70,70,70,70],"relic_stats":{"counters":[15,97],"HoveringKite":[6],"Whetstone":["Choke","Strike_G"],"obtain_stats":[{"Replay:Baseball":12,"Ring of Peace":5,"Vajra":9,"HoveringKite":17,"Oddly Smooth Stone":23,"Whetstone":6,"reliquary:Knoch":25,"Grinning Jar":0,"InkBottle":8,"Ring of the Snake":0,"RuthlessExorcism:ReiMu":13,"NlothsMask":19},{"Replay:Baseball":5,"Ring of Peace":2,"Vajra":4,"HoveringKite":6,"Oddly Smooth Stone":10,"Whetstone":3,"reliquary:Knoch":11,"Grinning Jar":0,"InkBottle":4,"Ring of the Snake":0,"RuthlessExorcism:ReiMu":5,"NlothsMask":7},{"Replay:Baseball":42,"Ring of Peace":5,"Vajra":24,"HoveringKite":53,"Oddly Smooth Stone":72,"Whetstone":14,"reliquary:Knoch":77,"Grinning Jar":0,"InkBottle":24,"Ring of the Snake":0,"RuthlessExorcism:ReiMu":42,"NlothsMask":57}],"InkBottle":[23],"Ring of the Snake":[30]},"card_choices":[{"not_picked":["Dodge and Roll","Expertise"],"picked":"Deflect","floor":1},{"not_picked":["Tactician","Endless Agony"],"picked":"Reflex","floor":2},{"not_picked":["Reflex","Sucker Punch"],"picked":"Leg Sweep","floor":6},{"not_picked":["Outmaneuver","Dodge and Roll"],"picked":"Poisoned Stab","floor":8},{"not_picked":["Choke","Doppelganger"],"picked":"Cloak And Dagger","floor":12},{"not_picked":["Phantasmal Killer","Adrenaline"],"picked":"Bullet Time","floor":16},{"not_picked":["Sucker Punch","Flying Knee"],"picked":"Caltrops+1","floor":18},{"not_picked":["Blade Dance","Flying Knee"],"picked":"Dagger Spray+1","floor":20},{"not_picked":["Acrobatics","Calculated Gamble"],"picked":"Deadly Poison","floor":21},{"not_picked":["Poisoned Stab","Outmaneuver"],"picked":"Bane","floor":23},{"not_picked":["Outmaneuver","Backflip"],"picked":"Wraith Form v2","floor":25},{"not_picked":["Prepared","Distraction"],"picked":"Flying Knee","floor":27},{"not_picked":["Quick Slash","Backflip"],"picked":"Draining Mist","floor":28},{"not_picked":["Masterful Stab","Poisoned Stab"],"picked":"Accuracy","floor":31}],"player_experience":370913,"relics_obtained":[{"floor":5,"key":"Ring of Peace"},{"floor":6,"key":"Whetstone"},{"floor":8,"key":"InkBottle"},{"floor":9,"key":"Vajra"},{"floor":12,"key":"Replay:Baseball"},{"floor":23,"key":"Oddly Smooth Stone"},{"floor":25,"key":"reliquary:Knoch"}],"event_choices":[{"damage_healed":64,"gold_gain":0,"player_choice":"Upgrade","damage_taken":14,"max_hp_gain":0,"max_hp_loss":70,"event_name":"betterThird:BetterShining","floor":4,"gold_loss":0,"cards_upgraded":["Strike_G","Neutralize"]},{"damage_healed":23,"gold_gain":0,"player_choice":"Banana","damage_taken":0,"max_hp_gain":0,"max_hp_loss":0,"event_name":"Big Fish","floor":10,"gold_loss":0},{"damage_healed":0,"gold_gain":0,"cards_transformed":["Reflex"],"player_choice":"Change","damage_taken":0,"max_hp_gain":0,"max_hp_loss":0,"event_name":"Living Wall","floor":11,"gold_loss":0,"cards_obtained":["Dodge and Roll"]},{"damage_healed":0,"gold_gain":1,"player_choice":"Relic Card ","damage_taken":23,"max_hp_gain":0,"max_hp_loss":0,"event_name":"betterThird:BetterScrap","floor":13,"gold_loss":0,"cards_obtained":["ReplayTheSpireMod:Stacked","Exhume"]},{"damage_healed":0,"gold_gain":0,"player_choice":"Trade","damage_taken":0,"relics_obtained":["NlothsMask"],"max_hp_gain":0,"max_hp_loss":0,"event_name":"FaceTrader","floor":19,"gold_loss":0}],"is_beta":false,"boss_relics":[{"not_picked":["Ectoplasm","Empty Cage"],"picked":"HoveringKite"}],"items_purged_floors":[],"is_endless":false,"potions_floor_spawned":[2,12,21,25,27],"killed_by":"Automaton","ascension_level":1}}