{"host":"7nm1ow5v9mg4ehcw","time":1612215113,"event":{"mods":["BaseMod","Minty Spire (QoL Compilation)","Relic Stats","StSLib"],"gold_per_floor":[109,121,139,10,29,59,59,94,164,191,191,191,191,42,42,143,143,155,155,168,168,12,41,41,67,67,80,80,80,111,111,111,214,214,233,233,76,87,87,87,120,120,120,0,34,48,81,93,93,93,93,93,93,119,119],"floor_reached":56,"language":"ENG","playtime":4682,"items_purged":["Parasite"],"score":1563,"play_id":"948584c0-6210-43e1-9810-554752e6e693","local_time":"20210201223153","is_ascension_mode":true,"campfire_choices":[{"data":"Eruption","floor":7,"key":"SMITH"},{"floor":13,"key":"REST"},{"data":"Pray","floor":15,"key":"SMITH"},{"floor":24,"key":"REST"},{"data":"TalkToTheHand","floor":28,"key":"SMITH"},{"data":"MasterReality","floor":32,"key":"SMITH"},{"data":"Devotion","floor":40,"key":"SMITH"},{"data":"Prostrate","floor":42,"key":"SMITH"},{"floor":49,"key":"RECALL"},{"data":"Nirvana","floor":52,"key":"SMITH"}],"circlet_count":0,"master_deck":["Defend_P+1","Defend_P","Defend_P+1","Defend_P","Eruption+1","Vigilance+1","Prostrate+1","Consecrate","FlurryOfBlows","FlurryOfBlows+1","EmptyBody","Pray+1","Prostrate","Prostrate","CutThroughFate","LessonLearned+1","MasterReality+1","ThirdEye+1","Prostrate+1","Bite+1","Bite+1","Bite","Bite","TalkToTheHand+1","CutThroughFate","ReachHeaven+1","CarveReality","Decay","Devotion+1","Nirvana+1","TalkToTheHand+1","FearNoEvil","CutThroughFate","TalkToTheHand+1","TalkToTheHand"],"relics":["Black Star","Anchor","Bird Faced Urn","Art of War","Oddly Smooth Stone","Darkstone Periapt","Juzu Bracelet","MealTicket","VioletLotus","Enchiridion","Question Card","Bottled Flame","Nunchaku","Mercury Hourglass","CaptainsWheel","Pantograph","Busted Crown","Potion Belt","Lizard Tail","White Beast Statue","StoneCalendar","Red Mask","Omamori","Damaru","Mango","Meat on the Bone","Letter Opener","Shuriken"],"acts_visited":["Exordium","TheCity","TheBeyond","TheEnding"],"potions_floor_usage":[6,10,16,33,33,33,33,45,48,54,55,55,55,55],"damage_taken":[{"damage":9,"enemies":"2 Louse","floor":1,"turns":3},{"damage":7,"enemies":"Small Slimes","floor":2,"turns":7},{"damage":6,"enemies":"Jaw Worm","floor":3,"turns":5},{"damage":2,"enemies":"2 Fungi Beasts","floor":5,"turns":5},{"damage":13,"enemies":"3 Sentries","floor":6,"turns":5},{"damage":16,"enemies":"Lagavulin","floor":8,"turns":7},{"damage":14,"enemies":"Gremlin Nob","floor":10,"turns":5},{"damage":21,"enemies":"The Guardian","floor":16,"turns":10},{"damage":29,"enemies":"Spheric Guardian","floor":18,"turns":7},{"damage":8,"enemies":"Shell Parasite","floor":20,"turns":7},{"damage":38,"enemies":"Book of Stabbing","floor":23,"turns":8},{"damage":27,"enemies":"Gremlin Leader","floor":25,"turns":7},{"damage":8,"enemies":"Centurion and Healer","floor":27,"turns":7},{"damage":12,"enemies":"Book of Stabbing","floor":30,"turns":5},{"damage":12,"enemies":"Collector","floor":33,"turns":9},{"damage":0,"enemies":"3 Shapes","floor":35,"turns":3},{"damage":0,"enemies":"Orb Walker","floor":38,"turns":4},{"damage":0,"enemies":"Nemesis","floor":41,"turns":5},{"damage":0,"enemies":"Giant Head","floor":45,"turns":5},{"damage":1,"enemies":"4 Shapes","floor":46,"turns":5},{"damage":23,"enemies":"Reptomancer","floor":47,"turns":6},{"damage":15,"enemies":"Transient","floor":48,"turns":5},{"damage":40,"enemies":"Awakened One","floor":50,"turns":9},{"damage":49,"enemies":"Shield and Spear","floor":54,"turns":10},{"damage":6,"enemies":"The Heart","floor":55,"turns":8}],"seed_played":"-3582651159236924688","potions_obtained":[{"floor":5,"key":"Block Potion"},{"floor":10,"key":"ColorlessPotion"},{"floor":20,"key":"BlessingOfTheForge"},{"floor":27,"key":"EntropicBrew"},{"floor":30,"key":"EssenceOfSteel"},{"floor":33,"key":"SpeedPotion"},{"floor":41,"key":"AttackPotion"},{"floor":45,"key":"SkillPotion"},{"floor":46,"key":"SneckoOil"},{"floor":47,"key":"AttackPotion"},{"floor":48,"key":"Energy Potion"},{"floor":54,"key":"Ambrosia"}],"is_trial":false,"path_per_floor":["M","M","M","$","M","E","R","E","T","E","?","?","R","$","R","B",null,"M","?","M","?","$","E","R","E","T","M","R","$","E","?","R","B",null,"M","?","$","M","?","R","E","R","T","?","E","M","E","M","R","B",null,"R","$","E","B",null],"character_chosen":"WATCHER","items_purchased":["FlurryOfBlows","EmptyBody","PowerPotion","LessonLearned","TalkToTheHand","CutThroughFate","SteroidPotion","Potion Belt"],"campfire_rested":2,"item_purchase_floors":[4,4,4,14,22,22,22,37],"current_hp_per_floor":[63,56,50,50,48,35,35,19,19,5,29,13,36,51,51,30,75,46,30,26,26,41,25,40,29,29,33,33,48,40,46,46,48,58,58,58,58,58,58,58,58,58,58,58,58,58,60,63,63,48,72,72,72,40,67],"gold":119,"neow_bonus":"BOSS_RELIC","is_daily":false,"chose_seed":false,"campfire_upgraded":7,"win_rate":0.0,"timestamp":1612215113,"path_taken":["M","M","M","$","M","E","R","E","T","E","?","?","R","$","R","BOSS","M","?","M","?","$","E","R","E","T","M","R","?","E","?","R","BOSS","M","?","$","M","?","R","E","R","T","?","E","M","E","M","R","BOSS","R","$","E","BOSS"],"items_purchased_type":["Card","Card","Potion","Card","Card","Card","Potion","Relic"],"build_version":"2020-12-22","purchased_purges":1,"victory":true,"max_hp_per_floor":[72,72,72,72,72,72,72,72,72,72,78,78,78,75,75,75,75,75,75,75,52,52,52,52,52,52,52,52,52,52,58,58,58,58,58,58,58,58,58,58,58,58,58,58,58,58,72,72,72,72,72,72,72,72,72],"relic_stats":{"Darkstone Periapt":12,"counters":[25,157],"StoneCalendar":[132],"Juzu Bracelet":1,"Letter Opener":[5],"Question Card":12,"Mercury Hourglass":[344],"Nunchaku":[25],"Lizard Tail":0,"Busted Crown":16,"Shuriken":[8],"Bird Faced Urn":[43],"Pantograph":46,"MealTicket":45,"VioletLotus":[19],"Black Star":10,"Art of War":[7],"obtain_stats":[{"Darkstone Periapt":9,"Enchiridion":19,"StoneCalendar":43,"Mango":47,"Juzu Bracelet":10,"Nunchaku":25,"Lizard Tail":41,"Pantograph":30,"MealTicket":10,"VioletLotus":17,"Red Mask":44,"Potion Belt":37,"Oddly Smooth Stone":8,"Damaru":45,"Omamori":45,"Letter Opener":54,"Question Card":23,"White Beast Statue":41,"Mercury Hourglass":25,"Anchor":6,"Bottled Flame":23,"CaptainsWheel":30,"Busted Crown":34,"Shuriken":54,"Bird Faced Urn":6,"Black Star":0,"Art of War":8,"PureWater":0,"Meat on the Bone":47},{"Darkstone Periapt":6,"Enchiridion":9,"StoneCalendar":18,"Mango":21,"Juzu Bracelet":7,"Nunchaku":12,"Lizard Tail":18,"Pantograph":14,"MealTicket":7,"VioletLotus":8,"Red Mask":18,"Potion Belt":16,"Oddly Smooth Stone":6,"Damaru":19,"Omamori":19,"Letter Opener":24,"Question Card":11,"White Beast Statue":18,"Mercury Hourglass":12,"Anchor":5,"Bottled Flame":11,"CaptainsWheel":14,"Busted Crown":15,"Shuriken":24,"Bird Faced Urn":5,"Black Star":0,"Art of War":6,"PureWater":0,"Meat on the Bone":21},{"Darkstone Periapt":32,"Enchiridion":54,"StoneCalendar":109,"Mango":125,"Juzu Bracelet":37,"Nunchaku":76,"Lizard Tail":109,"Pantograph":88,"MealTicket":37,"VioletLotus":47,"Red Mask":109,"Potion Belt":100,"Oddly Smooth Stone":32,"Damaru":114,"Omamori":114,"Letter Opener":149,"Question Card":69,"White Beast Statue":109,"Mercury Hourglass":76,"Anchor":25,"Bottled Flame":69,"CaptainsWheel":88,"Busted Crown":97,"Shuriken":149,"Bird Faced Urn":25,"Black Star":0,"Art of War":32,"PureWater":0,"Meat on the Bone":125}],"Meat on the Bone":0},"card_choices":[{"not_picked":["CrushJoints","WheelKick"],"picked":"Prostrate","floor":1},{"not_picked":["ForeignInfluence","Swivel"],"picked":"Consecrate","floor":2},{"not_picked":["BowlingBash","ClearTheMind"],"picked":"FlurryOfBlows","floor":3},{"not_picked":["Evaluate","Tantrum"],"picked":"Pray","floor":5},{"not_picked":["PathToVictory","Tantrum"],"picked":"Prostrate","floor":6},{"not_picked":["Conclude","Crescendo"],"picked":"Prostrate","floor":8},{"not_picked":["InnerPeace","Worship"],"picked":"CutThroughFate","floor":10},{"not_picked":["Ragnarok","Blasphemy"],"picked":"MasterReality","floor":16},{"not_picked":["CrushJoints","Consecrate"],"picked":"ThirdEye","floor":18},{"not_picked":["EmptyBody","SandsOfTime"],"picked":"Prostrate+1","floor":20},{"not_picked":["SandsOfTime","FlurryOfBlows"],"picked":"ReachHeaven+1","floor":23},{"not_picked":["CutThroughFate","Study+1","BowlingBash"],"picked":"CarveReality","floor":25},{"not_picked":["FlyingSleeves","WreathOfFlame","Alpha","Consecrate"],"picked":"SKIP","floor":27},{"not_picked":["Judgement","Evaluate","Pray","CarveReality"],"picked":"SKIP","floor":30},{"not_picked":["DevaForm","MasterReality","SpiritShield"],"picked":"Devotion","floor":33},{"not_picked":["ReachHeaven","WaveOfTheHand+1"],"picked":"SKIP","floor":35},{"not_picked":["FollowUp+1"],"picked":"Nirvana","floor":38},{"not_picked":["ClearTheMind"],"picked":"FearNoEvil","floor":41},{"not_picked":["Evaluate+1","FlyingSleeves+1"],"picked":"SKIP","floor":45},{"not_picked":["Weave+1","FlyingSleeves"],"picked":"SKIP","floor":46},{"not_picked":["FollowUp"],"picked":"CutThroughFate","floor":47},{"not_picked":["FollowUp+1"],"picked":"TalkToTheHand","floor":48},{"not_picked":["EmptyBody+1"],"picked":"TalkToTheHand","floor":54}],"player_experience":368811,"relics_obtained":[{"floor":6,"key":"Anchor"},{"floor":6,"key":"Bird Faced Urn"},{"floor":8,"key":"Art of War"},{"floor":8,"key":"Oddly Smooth Stone"},{"floor":9,"key":"Darkstone Periapt"},{"floor":10,"key":"Juzu Bracelet"},{"floor":10,"key":"MealTicket"},{"floor":19,"key":"Enchiridion"},{"floor":23,"key":"Question Card"},{"floor":23,"key":"Bottled Flame"},{"floor":25,"key":"Nunchaku"},{"floor":25,"key":"Mercury Hourglass"},{"floor":30,"key":"CaptainsWheel"},{"floor":30,"key":"Pantograph"},{"floor":41,"key":"Lizard Tail"},{"floor":41,"key":"White Beast Statue"},{"floor":43,"key":"StoneCalendar"},{"floor":45,"key":"Omamori"},{"floor":45,"key":"Damaru"},{"floor":47,"key":"Mango"},{"floor":47,"key":"Meat on the Bone"},{"floor":54,"key":"Letter Opener"},{"floor":54,"key":"Shuriken"}],"event_choices":[{"damage_healed":18,"gold_gain":0,"player_choice":"Healed and dodged fight","damage_taken":0,"max_hp_gain":0,"max_hp_loss":0,"event_name":"Mushrooms","floor":11,"gold_loss":0,"cards_obtained":["Parasite"]},{"damage_healed":0,"gold_gain":0,"player_choice":"Entered Light","damage_taken":16,"max_hp_gain":0,"max_hp_loss":0,"event_name":"Shining Light","floor":12,"gold_loss":0,"cards_upgraded":["Vigilance","Strike_P"]},{"damage_healed":0,"gold_gain":0,"player_choice":"Obtained Book","damage_taken":16,"max_hp_gain":0,"max_hp_loss":0,"event_name":"Cursed Tome","floor":19,"gold_loss":0},{"damage_healed":0,"gold_gain":0,"player_choice":"Became a vampire","damage_taken":0,"max_hp_gain":0,"max_hp_loss":23,"event_name":"Vampires","floor":21,"gold_loss":0,"cards_obtained":["Bite","Bite","Bite","Bite","Bite"]},{"damage_healed":0,"gold_gain":0,"player_choice":"Cursed","damage_taken":0,"max_hp_gain":0,"max_hp_loss":0,"event_name":"Wheel of Change","floor":31,"gold_loss":0,"cards_obtained":["Decay"]},{"cards_removed":["Bite"],"damage_healed":0,"gold_gain":0,"player_choice":"Removed Attack","damage_taken":0,"max_hp_gain":0,"max_hp_loss":0,"event_name":"Falling","floor":36,"gold_loss":0},{"damage_healed":0,"gold_gain":0,"player_choice":"Copied","damage_taken":0,"max_hp_gain":0,"max_hp_loss":0,"event_name":"Duplicator","floor":39,"gold_loss":0,"cards_obtained":["TalkToTheHand"]},{"damage_healed":0,"gold_gain":0,"player_choice":"Paid","damage_taken":0,"relics_obtained":["Red Mask"],"max_hp_gain":0,"max_hp_loss":0,"event_name":"Tomb of Lord Red Mask","floor":44,"gold_loss":120}],"is_beta":false,"boss_relics":[{"not_picked":["SlaversCollar","Calling Bell"],"picked":"VioletLotus"},{"not_picked":["Philosopher\u0027s Stone","SacredBark"],"picked":"Busted Crown"}],"items_purged_floors":[14],"is_endless":false,"potions_floor_spawned":[5,10,20,27,30,33,35,41,45,46,47,48,54],"ascension_level":2}}