{"host":"7cp3z5w0tcrrm8ys","time":1612166181,"event":{"mods":["AchievementEnabler","BaseMod","DeckTracker","Minty Spire (QoL Compilation)","StSLib","SuperFastMode"],"gold_per_floor":[109,124,137,10,10,10,10,10,10,10,41,56,82,107,107,179,179,193,203,118,18,18,36,56,56,56],"floor_reached":25,"language":"KOR","playtime":698,"items_purged":["Strike_R","Strike_R"],"score":422,"play_id":"8cde6235-bca9-4946-b877-75e8c5f97830","local_time":"20210201165621","is_ascension_mode":true,"campfire_choices":[{"data":"Shockwave","floor":6,"key":"SMITH"},{"data":"Bash","floor":8,"key":"SMITH"},{"data":"Infernal Blade","floor":10,"key":"SMITH"},{"data":"Metallicize","floor":15,"key":"SMITH"}],"circlet_count":0,"master_deck":["AscendersBane","Strike_R","Strike_R","Defend_R","Defend_R","Defend_R","Defend_R","Bash+1","Dramatic Entrance","Infernal Blade+1","Shockwave+1","Metallicize+1","Cleave","Rage","Carnage","Dual Wield","Whirlwind","Power Through","Power Through+1"],"relics":["Burning Blood","Singing Bowl","Ice Cream","Juzu Bracelet","Blood Vial","Snecko Eye","Strawberry"],"acts_visited":["Exordium","TheCity"],"potions_floor_usage":[11,16,19,25,25],"damage_taken":[{"damage":1,"enemies":"Cultist","floor":1,"turns":3},{"damage":7,"enemies":"Jaw Worm","floor":2,"turns":4},{"damage":6,"enemies":"2 Louse","floor":3,"turns":2},{"damage":21,"enemies":"Gremlin Nob","floor":11,"turns":4},{"damage":0,"enemies":"2 Fungi Beasts","floor":12,"turns":1},{"damage":8,"enemies":"Lagavulin","floor":13,"turns":5},{"damage":27,"enemies":"Hexaghost","floor":16,"turns":7},{"damage":16,"enemies":"2 Thieves","floor":18,"turns":3},{"damage":18,"enemies":"Shell Parasite","floor":19,"turns":8},{"damage":16,"enemies":"3 Cultists","floor":23,"turns":3},{"damage":0,"enemies":"Snecko","floor":24,"turns":5},{"damage":76,"enemies":"Slavers","floor":25,"turns":3}],"seed_played":"-8377310734799848556","potions_obtained":[{"floor":3,"key":"Explosive Potion"},{"floor":11,"key":"PowerPotion"},{"floor":16,"key":"SpeedPotion"},{"floor":18,"key":"PowerPotion"},{"floor":24,"key":"Regen Potion"}],"is_trial":false,"path_per_floor":["M","M","M","$","?","R","$","R","T","R","E","M","E","T","R","B",null,"M","M","?","$","?","M","M","E"],"character_chosen":"IRONCLAD","items_purchased":["Cleave"],"campfire_rested":0,"item_purchase_floors":[4],"current_hp_per_floor":[73,72,72,72,72,72,72,72,72,72,57,63,61,61,61,44,69,61,53,60,60,60,52,62,0,0],"gold":56,"neow_bonus":"RANDOM_COLORLESS","is_daily":false,"chose_seed":false,"campfire_upgraded":4,"win_rate":0.0,"timestamp":1612166181,"path_taken":["M","M","M","$","?","R","?","R","T","R","E","?","E","?","R","BOSS","M","M","?","$","?","M","M","E"],"items_purchased_type":["Card"],"build_version":"2020-12-22","purchased_purges":2,"victory":false,"max_hp_per_floor":[75,75,75,75,75,75,75,75,75,75,75,75,75,75,75,77,77,77,79,86,86,86,86,88,88,88],"card_choices":[{"not_picked":["Finesse","Deep Breath"],"picked":"Dramatic Entrance","floor":0},{"not_picked":["Seeing Red","Clash"],"picked":"Infernal Blade","floor":1},{"not_picked":["Dark Embrace","Body Slam"],"picked":"Shockwave","floor":2},{"not_picked":["Uppercut","Clothesline"],"picked":"Metallicize","floor":3},{"not_picked":["Heavy Blade","True Grit"],"picked":"Rage","floor":11},{"not_picked":["Body Slam","Thunderclap"],"picked":"Carnage","floor":12},{"not_picked":["Pommel Strike","Entrench"],"picked":"Dual Wield","floor":13},{"not_picked":["Limit Break","Feed","Brutality"],"picked":"Singing Bowl","floor":16},{"not_picked":["Twin Strike","Armaments+1"],"picked":"Whirlwind","floor":18},{"not_picked":["Shockwave","Carnage","Fire Breathing+1"],"picked":"Singing Bowl","floor":19},{"not_picked":["Perfected Strike","Cleave+1"],"picked":"Power Through+1","floor":23},{"not_picked":["Flex","Infernal Blade","Clash"],"picked":"Singing Bowl","floor":24}],"player_experience":802798,"relics_obtained":[{"floor":9,"key":"Singing Bowl"},{"floor":11,"key":"Ice Cream"},{"floor":13,"key":"Juzu Bracelet"},{"floor":14,"key":"Blood Vial"}],"event_choices":[{"cards_removed":["Strike_R"],"damage_healed":0,"gold_gain":0,"player_choice":"Purged","damage_taken":0,"max_hp_gain":0,"max_hp_loss":0,"event_name":"Purifier","floor":5,"gold_loss":0},{"damage_healed":0,"gold_gain":0,"player_choice":"Obtained Relic","damage_taken":0,"relics_obtained":["Strawberry"],"max_hp_gain":0,"max_hp_loss":0,"event_name":"Addict","floor":20,"gold_loss":85},{"damage_healed":0,"gold_gain":0,"player_choice":"Read","damage_taken":0,"max_hp_gain":0,"max_hp_loss":0,"event_name":"The Library","floor":22,"gold_loss":0,"cards_obtained":["Power Through"]}],"is_beta":false,"boss_relics":[{"not_picked":["Fusion Hammer","Philosopher\u0027s Stone"],"picked":"Snecko Eye"}],"items_purged_floors":[4,21],"is_endless":false,"potions_floor_spawned":[3,11,16,18,24],"killed_by":"Slavers","ascension_level":20}}