{"host":"n91kx4xj3dn3811n","time":1612176703,"event":{"mods":["Act Like it!","BaseMod","Better Third Choice","CapriCore","Colored Powertips","Highlight Path","Marisa£¨ìFÓê¡¡Ä§ÀíÉ³£©","Minty Spire (QoL Compilation)","MostiFishMod","Quick Restart","Reimu£¨²©ÀöÁéÃÎ£©","Remilia£¨ÀÙÃ×ÀòÑÇ£©","Replay The Spire","RumiaBox-Â¶Ã×æ«µÄÉñÃØºÐ×Ó","Spicy Shops","StSLib","TestMod","The Cursed","The Immortal","The Servant 0.9.4","Waifu the Spire","noobMod","¡¾ÒÅÎï¿¨ÅÆ¡¿REMEMod","²ÐÁôÖ®Îï","óô»ðÖ¸ÄÏ"],"gold_per_floor":[119,133,133,149,169,169,169,202,202,202,233,276,276,310,310,427,427,446,483,232,271,301,301,144,203,203,203,203,203,229,279,279,412,412,436,473,269,342,342,392,437,494,494,585,672,672,672,6,6,54,54,54,54,90],"floor_reached":55,"language":"ZHS","playtime":3963,"items_purged":["Injury","Shame","Replay:Hysterical Blindness"],"score":1598,"play_id":"01b15f2b-c57c-48b8-889f-181bc6f89951","local_time":"20210201185143","is_ascension_mode":false,"campfire_choices":[{"data":"ScarletDream","floor":6,"key":"SMITH"},{"data":"MostiFishMod:RacingGame","floor":13,"key":"SMITH"},{"data":"ScarletShoot","floor":15,"key":"SMITH"},{"data":"BloodySeventeenLaser","floor":23,"key":"SMITH"},{"floor":28,"key":"RECALL"},{"data":"Stigmanizer","floor":32,"key":"SMITH"},{"data":"REME_FirmDetermination","floor":46,"key":"SMITH"},{"data":"MiserableFate","floor":49,"key":"SMITH"}],"circlet_count":0,"master_deck":["Strike_RM","Strike_RM","Strike_RM","Strike_RM","Defend_RM","Defend_RM","RedMoon+1","ScarletShoot+1","MostiFishMod:RacingGame+1","BloodHunter","VampireClaw","MiserableFate+1","QueenOfMidnight+1","DiffusionOfMisfortune","VampireKiss","VampireClaw","BloodySeventeenLaser+1","Stigmanizer+1","KillingBlow","REME_FirmDetermination+1","Pain","CeilingFear"],"relics":["ScarletHat","DaveBox","testmod-TestBox","ice","REME_ComplimentaryCards","NeowsBlessing","MetatronsCube","testmod-IntensifyImprint","SynthV:TestCard","Replay:Bandana","MagicDraw4","ArrowTower","Transparent","Membership Card","testmod-Fortitude","BargainBundle","Oddly Smooth Stone","War Paint","Juzu Bracelet","Mango","ReplayTheSpireMod:TigerMarble","Cursed Key","Replay:Baseball","SynthV","Calipers","Simple Rune","Regal Pillow","ScarletDevilRocket","ReplayTheSpireMod:CursedCoin","Bag of Preparation","BirthdayGift-Tetrahedron"],"acts_visited":["Exordium","TheCity","TheBeyond","TheEnding"],"potions_floor_usage":[12,19,33,35],"damage_taken":[{"damage":0,"enemies":"Small Slimes","floor":1,"turns":1},{"damage":0,"enemies":"Cultist","floor":2,"turns":1},{"damage":0,"enemies":"2 Louse","floor":4,"turns":1},{"damage":1,"enemies":"Looter","floor":5,"turns":2},{"damage":9,"enemies":"3 Sentries","floor":8,"turns":7},{"damage":0,"enemies":"Gremlin Gang","floor":11,"turns":4},{"damage":2,"enemies":"Lagavulin","floor":12,"turns":6},{"damage":0,"enemies":"Large Slime","floor":14,"turns":2},{"damage":0,"enemies":"Slime Boss","floor":16,"turns":4},{"damage":35,"enemies":"Chosen","floor":18,"turns":2},{"damage":30,"enemies":"Shell Parasite","floor":19,"turns":2},{"damage":34,"enemies":"Snecko","floor":21,"turns":2},{"damage":34,"enemies":"Centurion and Healer","floor":22,"turns":2},{"damage":17,"enemies":"Book of Stabbing","floor":25,"turns":1},{"damage":20,"enemies":"Slavers","floor":31,"turns":1},{"damage":40,"enemies":"Champ","floor":33,"turns":2},{"damage":29,"enemies":"3 Shapes","floor":35,"turns":1},{"damage":40,"enemies":"3 Darklings","floor":36,"turns":2},{"damage":20,"enemies":"2 Orb Walkers","floor":38,"turns":1},{"damage":40,"enemies":"R_Hoarder","floor":40,"turns":2},{"damage":20,"enemies":"Spire Growth","floor":41,"turns":1},{"damage":68,"enemies":"Nemesis","floor":42,"turns":3},{"damage":40,"enemies":"Transient","floor":44,"turns":2},{"damage":52,"enemies":"Awakened One","floor":50,"turns":2},{"damage":81,"enemies":"The Heart","floor":54,"turns":3}],"seed_played":"2104416861477200951","potions_obtained":[{"floor":2,"key":"Explosive Potion"},{"floor":5,"key":"FearPotion"},{"floor":12,"key":"SkillPotion"},{"floor":16,"key":"Dexterity Potion"},{"floor":19,"key":"Fruit Juice"},{"floor":35,"key":"REME_GoldPotion"},{"floor":38,"key":"FairyPotion"}],"is_trial":false,"path_per_floor":["M","M","?","M","M","R","?","E","T","?","M","E","R","M","R","B",null,"M","M","$","M","M","R","$","E","T","?","R","?","?","E","R","B",null,"M","M","$","?","?","E","M","E","T","M","$","R","?","$","R","B",null,"R","$","B",null],"character_chosen":"REMILIA","items_purchased":["Membership Card","testmod-Fortitude","KillingBlow","BargainBundle","Oddly Smooth Stone","War Paint","REME_FirmDetermination","Replay:Baseball","SynthV","ReplayTheSpireMod:CursedCoin","Bag of Preparation","CeilingFear","BirthdayGift-Tetrahedron"],"campfire_rested":0,"item_purchase_floors":[20,20,20,24,24,24,37,37,37,45,48,48,48],"current_hp_per_floor":[75,75,75,75,75,75,75,69,69,69,71,74,74,75,75,78,78,78,86,86,86,86,86,86,86,86,86,86,86,100,100,100,100,100,100,100,100,100,100,100,100,103,103,106,106,106,106,106,106,106,106,106,106,106],"gold":90,"neow_bonus":"THREE_ENEMY_KILL","is_daily":false,"chose_seed":false,"campfire_upgraded":7,"win_rate":0.0,"timestamp":1612176703,"path_taken":["M","M","?","M","?","R","?","E","T","?","M","E","R","M","R","BOSS","M","M","$","M","?","R","$","E","T","?","R","?","?","E","R","BOSS","M","M","$","?","?","E","M","E","T","M","$","R","?","$","R","BOSS","R","$","BOSS"],"items_purchased_type":["Relic","Relic","Card","Relic","Relic","Relic","Card","Relic","Relic","Relic","Relic","Card","Relic"],"build_version":"2020-12-22","purchased_purges":3,"victory":true,"max_hp_per_floor":[75,75,75,75,75,75,75,75,75,75,75,75,75,75,75,78,78,78,86,86,86,86,86,86,86,86,86,86,86,100,100,100,100,100,100,100,100,100,100,100,100,103,103,106,106,106,106,106,106,106,106,106,106,106],"card_choices":[{"not_picked":["MastersStateliness","CharismaGuard"],"picked":"BloodHunter","floor":1},{"not_picked":["ScarletNetherworld","UnderTheZenith","TwelveNightmare","NightDance"],"picked":"VampireClaw","floor":2},{"not_picked":["EndlessAdversity","VampireKiss","ScarletDevil","VampireSweep"],"picked":"MiserableFate","floor":4},{"not_picked":["NightLord","MastersStateliness","EternalNight","EmergencyRegeneration"],"picked":"ScarletDream","floor":5},{"not_picked":["BloodHunter","EternalNight","BloodyHallows","ScarletImprint"],"picked":"DiffusionOfMisfortune","floor":8},{"not_picked":["DevilSight","HunterOfTheNight","ScarletSymphony","ScarletNetherworld"],"picked":"VampireKiss","floor":11},{"not_picked":["ScarletDream","GlobalNightmare","ScarletDevil","DiffusionOfMisfortune"],"picked":"VampireClaw","floor":12},{"not_picked":["ScarletImprint","UnstableMagic","BloodyTrap","BloodHunter","DiffusionOfMisfortune"],"picked":"SKIP","floor":14},{"not_picked":["TricksterDevil","ForecastOfChange","ScarletCoffin","QueenOfMidnight"],"picked":"BloodySeventeenLaser","floor":16},{"not_picked":["ForbiddenFruit","CharismaGuard+1","BloodyTrap+1","VampireKiss"],"picked":"Stigmanizer","floor":18},{"not_picked":["EndlessAdversity","ScarletNetherworld","MastersStateliness","RedRainbow","AfternoonTea"],"picked":"SKIP","floor":19},{"not_picked":["UltimateOffering","ScarletDevil","ScarletGensokyo","EndlessAdversity","ScarletMeister"],"picked":"SKIP","floor":21},{"not_picked":["NightDance","Stigmanizer","DevilSight","EmergencyRegeneration","FavorOfDestiny"],"picked":"SKIP","floor":22},{"not_picked":["FitfulNightmare","BombardNight+1","UnderTheZenith+1","RedNightlessCastle","ScarletDevil"],"picked":"SKIP","floor":25},{"not_picked":["Stigmanizer+1","ScarletDevil+1","VampireKiss","StarOfDavid+1","LeisurelyOfLord+1"],"picked":"SKIP","floor":31},{"not_picked":["LeisurelyOfLord+1","RedRainbow+1","NightDance","FavorOfDestiny+1","UnderTheZenith+1"],"picked":"SKIP","floor":35},{"not_picked":["Stigmanizer+1","FavorOfDestiny","BlasphemousPunishment+1","ChaoticDestiny","MastersStateliness"],"picked":"SKIP","floor":36},{"not_picked":["NightDance+1","ScarletImprint","HunterOfTheNight+1","BloodyTrap+1","UltimateOffering+1"],"picked":"SKIP","floor":40},{"not_picked":["NightDance+1","ScarletImprint","HunterOfTheNight+1","BloodyTrap+1","UltimateOffering+1"],"picked":"SKIP","floor":40},{"not_picked":["NightDance+1","VampirishNight+1","Stigmanizer+1","EndlessAdversity+1","StarOfDavid+1"],"picked":"SKIP","floor":41},{"not_picked":["RedNightlessCastle+1","UnderTheZenith+1","ScarletCoffin","VampireFantasy+1","BloodyMagicSquare+1"],"picked":"SKIP","floor":42},{"not_picked":["DiffusionOfMisfortune","UnstableMagic","FavorOfDestiny+1","CharismaGuard+1","MastersStateliness+1"],"picked":"SKIP","floor":44}],"player_experience":214108,"relics_obtained":[{"floor":1,"key":"SynthV:TestCard"},{"floor":8,"key":"Replay:Bandana"},{"floor":9,"key":"MagicDraw4"},{"floor":12,"key":"ArrowTower"},{"floor":25,"key":"Juzu Bracelet"},{"floor":30,"key":"Mango"},{"floor":31,"key":"ReplayTheSpireMod:TigerMarble"},{"floor":38,"key":"Calipers"},{"floor":40,"key":"Simple Rune"},{"floor":42,"key":"Regal Pillow"},{"floor":43,"key":"ScarletDevilRocket"}],"event_choices":[{"cards_removed":["Defend_RM"],"damage_healed":0,"gold_gain":0,"player_choice":"Purged","damage_taken":0,"max_hp_gain":0,"max_hp_loss":0,"event_name":"Purifier","floor":3,"gold_loss":0},{"damage_healed":0,"gold_gain":0,"player_choice":"Ignored","damage_taken":0,"max_hp_gain":0,"max_hp_loss":0,"event_name":"NoteForYourself","floor":10,"gold_loss":0},{"damage_healed":0,"gold_gain":0,"player_choice":"Ignored","damage_taken":0,"max_hp_gain":0,"max_hp_loss":0,"event_name":"Beggar","floor":29,"gold_loss":0},{"damage_healed":0,"gold_gain":0,"player_choice":"Fight","damage_taken":0,"max_hp_gain":0,"max_hp_loss":0,"event_name":"Mysterious Sphere","floor":38,"gold_loss":0},{"cards_removed":["Defend_RM"],"damage_healed":0,"gold_gain":0,"player_choice":"Purged","damage_taken":0,"max_hp_gain":0,"max_hp_loss":0,"event_name":"Purifier","floor":39,"gold_loss":0},{"damage_healed":0,"gold_gain":0,"player_choice":"Ignored","damage_taken":0,"max_hp_gain":0,"max_hp_loss":0,"event_name":"Tomb of Lord Red Mask","floor":47,"gold_loss":0}],"is_beta":false,"boss_relics":[{"not_picked":["RhineCircuit","HereWithMe"],"picked":"Transparent"},{"not_picked":["testmod-Prudence","testmod-BatchProcessingSystem"],"picked":"Cursed Key"}],"items_purged_floors":[24,37,45],"is_endless":false,"potions_floor_spawned":[2,5,12,16,18,19,25,31,35,38,40,44],"ascension_level":0}}