{"host":"stku21i8hhz5zha4","time":1612209407,"event":{"mods":["2.2 Compatiblity","AchievementEnabler","Aspiration","BaseMod","Better Altar","Better Match","Better Note","Better Sensory Stone","Better Skull","Better Third Choice","Better Vampires","Colored Map","Colorless Booster Pack","Conspire","Dark Map","Displayed Cursed Tome","Downfall","Energized Spire","Friendly Minions","GifTheSpireLib","Halation","Hubris","Infinite Spire","Jedi Mod","Jorbs\u0027s Wanderer Trilogy","Minty Spire (QoL Compilation)","Permanent Neow","Quick Restart","Rare Cards Sparkle","Reliquary","Replay The Spire","Shop Mod","Spikes Relics","Spire Arcade","StS++","StSLib","Stuff the Spire","The Blue Laboratory","Trackpad","Transform Curses","Uncapped"],"gold_per_floor":[115,133,74,90,101,136,136,171,224,224,224,244,244,263,263,340,340,356,356,356,356],"floor_reached":20,"language":"RUS","playtime":1037,"items_purged":[],"score":368,"play_id":"32c70bb3-35d5-4514-83a5-4ec50faff02e","local_time":"20210201225647","is_ascension_mode":true,"campfire_choices":[{"floor":7,"key":"REST"},{"floor":10,"key":"REST"},{"floor":15,"key":"DIG"}],"circlet_count":0,"master_deck":["AscendersBane","Strike_R","Strike_R","Strike_R","Strike_R","Strike_R","Defend_R","Defend_R","Defend_R","Defend_R","Bash","Shrug It Off","Clothesline","StSpp:Succumb","Inflame","conspire:ExplosiveBarrier","Cleave","StuffTheSpire:Slingshot","Limit Break","Power Through"],"relics":["Burning Blood","Replay:Towering Pillar of Hats","reliquary:Aerogel","halation:PrussianBluePaint","reliquary:JackalopeAntler","halation:VictoryRuler","halation:OrihimeAndHikoboshiSamaAndTears","jedi:paperlyon"],"acts_visited":["Exordium","TheCity"],"potions_floor_usage":[5],"damage_taken":[{"damage":18,"enemies":"Cultist","floor":1,"turns":5},{"damage":3,"enemies":"2 Louse","floor":2,"turns":3},{"damage":1,"enemies":"Small Slimes","floor":4,"turns":5},{"damage":19,"enemies":"Exordium Thugs","floor":5,"turns":6},{"damage":50,"enemies":"Gremlin Nob","floor":6,"turns":6},{"damage":19,"enemies":"Lagavulin","floor":8,"turns":8},{"damage":10,"enemies":"3 Louse","floor":12,"turns":4},{"damage":0,"enemies":"Looter","floor":14,"turns":4},{"damage":52,"enemies":"Fading Forest","floor":16,"turns":13},{"damage":0,"enemies":"Spheric Guardian","floor":18,"turns":3}],"seed_played":"-5850941945723063566","potions_obtained":[{"floor":1,"key":"Strength Potion"},{"floor":2,"key":"blueLaboratory:AbyssPotion"},{"floor":6,"key":"blueLaboratory:RememoryPotion"},{"floor":18,"key":"BlessingOfTheForge"}],"is_trial":false,"path_per_floor":["M","M","?","M","M","E","R","E","T","R","?","M","?","M","R_BF","B",null,"M","HB","?"],"character_chosen":"IRONCLAD","items_purchased":[],"campfire_rested":2,"item_purchase_floors":[],"current_hp_per_floor":[56,59,59,64,51,7,29,16,16,38,38,34,34,40,40,24,62,68,38,0,0],"gold":356,"neow_bonus":"ONE_RARE_RELIC","is_daily":false,"chose_seed":false,"campfire_upgraded":0,"win_rate":0.0,"timestamp":1612209407,"path_taken":["M","M","?","?","M","E","R","E","T","R","?","M","?","M","R_BF","BOSS","M","HB","?"],"items_purchased_type":[],"build_version":"2020-12-22","purchased_purges":0,"victory":false,"max_hp_per_floor":[75,75,75,75,75,75,75,75,75,75,75,75,75,75,75,75,75,75,38,38,38],"card_choices":[{"not_picked":["Rage","Dark Embrace"],"picked":"Shrug It Off","floor":1},{"not_picked":["Perfected Strike","ReplayTheSpireMod:Strike From Hell"],"picked":"Clothesline","floor":2},{"not_picked":["Shrug It Off","hubris:SharpeningStone"],"picked":"StSpp:Succumb","floor":4},{"not_picked":["Double Tap","hubris:ReadiedAction"],"picked":"Inflame","floor":5},{"not_picked":["Thunderclap","Clash"],"picked":"conspire:ExplosiveBarrier","floor":6},{"not_picked":["Entrench","Second Wind","Life Link"],"picked":"SKIP","floor":8},{"not_picked":["StuffTheSpire:RockThrow","StuffTheSpire:Slingshot"],"picked":"Cleave","floor":12},{"not_picked":["True Grit","Clothesline"],"picked":"StuffTheSpire:Slingshot","floor":14},{"not_picked":["hubris:StunningStrike","Fiend Fire"],"picked":"Limit Break","floor":16},{"not_picked":["Intimidate","Replay:Undeath\u0027s Touch"],"picked":"Power Through","floor":18}],"player_experience":267171,"relics_obtained":[{"floor":6,"key":"halation:PrussianBluePaint"},{"floor":8,"key":"reliquary:JackalopeAntler"},{"floor":9,"key":"reliquary:FerryPass"},{"floor":12,"key":"halation:VictoryRuler"},{"floor":15,"key":"halation:OrihimeAndHikoboshiSamaAndTears"}],"event_choices":[{"damage_healed":0,"gold_gain":0,"player_choice":"Paid Gold","damage_taken":0,"relics_obtained":["reliquary:Aerogel"],"max_hp_gain":0,"max_hp_loss":0,"event_name":"WeMeetAgain","floor":3,"gold_loss":59},{"cards_removed":["Clumsy"],"damage_healed":0,"gold_gain":0,"player_choice":"Card Removal","damage_taken":0,"max_hp_gain":0,"max_hp_loss":0,"event_name":"Wheel of Change","floor":13,"gold_loss":0}],"is_beta":false,"boss_relics":[{"not_picked":["reliquary:Ember","StSpp:CrystalBall"],"picked":"jedi:paperlyon"}],"items_purged_floors":[],"is_endless":false,"potions_floor_spawned":[1,2,6,8,18],"ascension_level":20}}