{"host":"qhhcmep1unj6mpf7","time":1612174965,"event":{"mods":["2.2 Compatiblity","AchievementEnabler","BaseMod","Colored Map","DeckTracker","Highlight Path","Keyboard Shortcuts","Minty Spire (QoL Compilation)","Permanent Neow","Quick Restart","Random Character Button","StSLib","SuperFastMode","everything is the same but u backflip on backflip"],"gold_per_floor":[110,40,40,50,125,125,154,154,234,251,251,263,263,279,279,279,279],"floor_reached":16,"language":"KOR","playtime":429,"items_purged":[],"score":100,"play_id":"c1f8fea1-e6e2-4975-82ec-f88eb5e3382c","local_time":"20210201192245","is_ascension_mode":false,"campfire_choices":[{"data":"Creative AI","floor":6,"key":"SMITH"},{"data":"Amplify","floor":8,"key":"SMITH"},{"floor":11,"key":"REST"},{"floor":13,"key":"REST"},{"data":"Defragment","floor":15,"key":"SMITH"}],"circlet_count":0,"master_deck":["Strike_B","Strike_B","Strike_B","Strike_B","Defend_B","Defend_B","Defend_B","Defend_B","Zap","Dualcast","Creative AI+1","Defragment+1","Genetic Algorithm","Amplify+1","Skim","Ball Lightning","Coolheaded"],"relics":["Cracked Core","InkBottle","Symbiotic Virus"],"acts_visited":["Exordium"],"potions_floor_usage":[7,12],"damage_taken":[{"damage":0.0,"enemies":"Small Slimes","floor":1.0,"turns":3.0},{"damage":12.0,"enemies":"Cultist","floor":4.0,"turns":5.0},{"damage":33,"enemies":"Gremlin Nob","floor":7,"turns":4},{"damage":13,"enemies":"2 Louse","floor":10,"turns":3},{"damage":20,"enemies":"Exordium Thugs","floor":12,"turns":5},{"damage":10,"enemies":"3 Louse","floor":14,"turns":3},{"damage":18,"enemies":"Hexaghost","floor":16,"turns":9}],"seed_played":"6899876896170860975","potions_obtained":[{"floor":1.0,"key":"GamblersBrew"},{"floor":7,"key":"EssenceOfSteel"}],"is_trial":false,"path_per_floor":["M","$","?","M","?","R","E","R","T","M","R","M","R","M","R","B"],"character_chosen":"DEFECT","items_purchased":["Defragment"],"campfire_rested":2,"item_purchase_floors":[2],"current_hp_per_floor":[75,75,68,56,49,49,16,16,16,3,24,4,25,15,15,0,0],"gold":279,"neow_bonus":"THREE_RARE_CARDS","is_daily":false,"chose_seed":false,"campfire_upgraded":3,"win_rate":0.0,"timestamp":1612174965,"path_taken":["M","$","?","M","?","R","E","R","T","M","R","M","R","M","R","BOSS"],"items_purchased_type":["Card"],"build_version":"2020-12-22","purchased_purges":0,"victory":false,"max_hp_per_floor":[75,75,72,72,72,72,72,72,72,72,72,72,72,72,72,72,72],"card_choices":[{"not_picked":["Core Surge","Amplify"],"picked":"Creative AI","floor":0.0},{"not_picked":["Conserve Battery","Gash","Streamline"],"picked":"SKIP","floor":1.0},{"not_picked":["Redo","Sweeping Beam"],"picked":"Genetic Algorithm","floor":4.0},{"not_picked":["Compile Driver","Streamline"],"picked":"Amplify","floor":7},{"not_picked":["Steam","Recycle"],"picked":"Skim","floor":10},{"not_picked":["Leap","Tempest"],"picked":"Ball Lightning","floor":12},{"not_picked":["Darkness","Chill"],"picked":"Coolheaded","floor":14}],"player_experience":77902,"relics_obtained":[{"floor":7,"key":"InkBottle"},{"floor":9,"key":"Symbiotic Virus"}],"event_choices":[{"cards_removed":["Parasite"],"damage_healed":0.0,"max_hp_gain":0.0,"max_hp_loss":0.0,"gold_gain":0.0,"event_name":"Golden Wing","player_choice":"Card Removal","floor":3.0,"gold_loss":0.0,"damage_taken":7.0},{"damage_healed":0,"gold_gain":75,"player_choice":"Touch","damage_taken":7,"max_hp_gain":0,"max_hp_loss":0,"event_name":"FaceTrader","floor":5,"gold_loss":0}],"is_beta":false,"boss_relics":[],"items_purged_floors":[],"is_endless":false,"potions_floor_spawned":[1,7],"killed_by":"Hexaghost","ascension_level":0}}