{"host":"p7cjtxxrilhp4dw7","time":1612151630,"event":{"mods":["BaseMod","Block Reminder","Colored Map","Curses Come First","Highlight Path","Minty Spire (QoL Compilation)","Replay The Spire","StSLib","The Hierophant"],"gold_per_floor":[109,109,109,120,134,134,165,165,218,229,229,34,69,88,88,187,187,198,198,228,246,41,41,71,71,97,97,97,112,131,164,164,262,312,327,340,353,353,372,372,386,419,419,452,452,481,493,505,517,529,529],"floor_reached":50,"language":"ENG","playtime":5622,"items_purged":["Writhe"],"score":805,"play_id":"85e0252d-374f-4059-acd3-399c2ddf8034","local_time":"20210131205350","is_ascension_mode":true,"campfire_choices":[{"floor":6,"key":"REST"},{"floor":8,"key":"REST"},{"floor":11,"key":"REST"},{"floor":15,"key":"REST"},{"floor":23,"key":"REST"},{"floor":25,"key":"REST"},{"data":"Blade Dance","floor":27,"key":"SMITH"},{"floor":32,"key":"REST"},{"floor":40,"key":"REST"},{"floor":45,"key":"REST"},{"data":"Choke","floor":47,"key":"SMITH"},{"floor":49,"key":"REST"}],"circlet_count":0,"master_deck":["AscendersBane","Strike_G+1","Strike_G+1","Strike_G","Strike_G+1","Defend_G+1","Defend_G+1","Defend_G","Defend_G+1","Defend_G+1","Survivor+1","Neutralize+1","Sucker Punch+1","Terror+1","Dagger Throw+1","Dagger Spray+1","Choke+1","Flying Knee","Storm of Steel+1","CurseOfTheBell","ReplayTheSpireMod:Speed Training","Backflip+1","Blade Dance+1","Deflect","Necronomicurse","Prepared","Underhanded Strike","Blade Dance+1","AbeCurse","Venomology","Hidden Blade","Underhanded Strike","Blade Dance+1","Distraction+1","ReplayTheSpireMod:Scrap Shanks"],"relics":["Ring of the Snake","Gremlin Food","Smiling Mask","Regal Pillow","Toolbox","Boot","Calling Bell","Replay:Mystery Machine","ReplayTheSpireMod:Shallot","Calipers","Bronze Scales","Red Mask","Whetstone","Meat on the Bone","Bag of Marbles","Necronomicon","Kunai","Tiny House","Lantern","Singing Bowl","Oddly Smooth Stone","MawBank"],"acts_visited":["Exordium","TheCity","TheBeyond"],"potions_floor_usage":[16,16,24,31,33,33,36,42,46,50,50],"damage_taken":[{"damage":2,"enemies":"Jaw Worm","floor":1,"turns":6},{"damage":3,"enemies":"Small Slimes","floor":4,"turns":4},{"damage":0,"enemies":"2 Louse","floor":5,"turns":3},{"damage":31,"enemies":"Gremlin Nob","floor":7,"turns":5},{"damage":10,"enemies":"Large Slime","floor":10,"turns":7},{"damage":20,"enemies":"3 Sentries","floor":13,"turns":8},{"damage":5,"enemies":"3 Louse","floor":14,"turns":3},{"damage":21,"enemies":"Hexaghost","floor":16,"turns":10},{"damage":0,"enemies":"3 Byrds","floor":18,"turns":3},{"damage":20,"enemies":"Masked Bandits","floor":20,"turns":5},{"damage":0,"enemies":"Chosen","floor":21,"turns":4},{"damage":31,"enemies":"Book of Stabbing","floor":24,"turns":5},{"damage":0,"enemies":"Sentry and Sphere","floor":29,"turns":3},{"damage":0,"enemies":"Cultist and Chosen","floor":30,"turns":4},{"damage":0,"enemies":"Slavers","floor":31,"turns":1},{"damage":49,"enemies":"Pondfish","floor":33,"turns":16},{"damage":0,"enemies":"Orb Walker","floor":35,"turns":2},{"damage":8,"enemies":"3 Darklings","floor":36,"turns":7},{"damage":13,"enemies":"Jaw Worm Horde","floor":37,"turns":4},{"damage":0,"enemies":"Transient","floor":39,"turns":5},{"damage":0,"enemies":"Sphere and 2 Shapes","floor":41,"turns":3},{"damage":9,"enemies":"Nemesis","floor":42,"turns":5},{"damage":34,"enemies":"R_Hoarder","floor":44,"turns":8},{"damage":16,"enemies":"Reptomancer","floor":46,"turns":4},{"damage":84,"enemies":"Replay:Hell Engine","floor":50,"turns":8}],"seed_played":"-9041359546421609262","potions_obtained":[{"floor":10,"key":"PowerPotion"},{"floor":13,"key":"Ancient Potion"},{"floor":14,"key":"Strength Potion"},{"floor":20,"key":"SteroidPotion"},{"floor":29,"key":"Cursed Concoction"},{"floor":30,"key":"Weak Potion"},{"floor":31,"key":"BlessingOfTheForge"},{"floor":33,"key":"BlessingOfTheForge"},{"floor":34,"key":"Cursed Concoction"},{"floor":41,"key":"LiquidMemories"},{"floor":44,"key":"Fire Potion"}],"is_trial":false,"path_per_floor":["M","?","?","M","M","R","E","R","T","M","R","$","E","M","R","B",null,"M","?","?","M","$","R","E","R","T","R","?","M","M","E","R","B",null,"M","M","M","?","M","R","M","E","T","E","R","E","R","?","R","B"],"character_chosen":"THE_SILENT","items_purchased":["Toolbox","Dagger Spray","Whetstone"],"campfire_rested":10,"item_purchase_floors":[12,12,22],"current_hp_per_floor":[61,61,49,46,46,67,36,57,57,47,70,70,50,45,70,49,65,65,65,45,45,45,70,39,70,70,70,54,54,54,54,70,33,66,66,58,45,45,45,75,75,66,66,46,77,63,63,63,79,0,0],"gold":529,"neow_bonus":"RANDOM_EVENT","is_daily":false,"chose_seed":false,"campfire_upgraded":2,"win_rate":0.0,"timestamp":1612151630,"path_taken":["M","?","?","M","M","R","E","R","T","M","R","?","E","M","R","BOSS","M","?","?","M","$","R","E","R","T","R","?","M","?","E","R","BOSS","M","M","M","?","M","R","M","E","T","E","R","E","R","?","R","BOSS"],"items_purchased_type":["Relic","Card","Relic"],"build_version":"2020-12-22","purchased_purges":1,"victory":false,"max_hp_per_floor":[70,70,70,70,70,70,70,70,70,70,70,70,70,70,70,70,70,70,70,70,70,70,70,70,70,70,70,70,70,70,70,70,70,75,75,75,75,75,75,75,75,75,75,77,77,79,79,79,79,79,79],"card_choices":[{"not_picked":["Outmaneuver","Deadly Poison"],"picked":"Sucker Punch","floor":1},{"not_picked":["Quick Slash","Underhanded Strike"],"picked":"Terror","floor":4},{"not_picked":["Bane","Cloak And Dagger"],"picked":"Dagger Throw","floor":5},{"not_picked":["Sucker Punch","Corpse Explosion","A Thousand Cuts"],"picked":"SKIP","floor":7},{"not_picked":["Poisoned Stab","Sucker Punch","ReplayTheSpireMod:The Works"],"picked":"SKIP","floor":10},{"not_picked":["Dodge and Roll","All Out Attack"],"picked":"Choke","floor":13},{"not_picked":["Sneak Up","Crippling Poison"],"picked":"Flying Knee","floor":14},{"not_picked":["Adrenaline","After Image"],"picked":"Storm of Steel","floor":16},{"not_picked":["Choke","Well Laid Plans"],"picked":"ReplayTheSpireMod:Speed Training","floor":18},{"not_picked":["ReplayTheSpireMod:The Works+1","Outmaneuver+1"],"picked":"Backflip+1","floor":20},{"not_picked":["Sucker Punch","Backflip"],"picked":"Blade Dance","floor":21},{"not_picked":["Bane","Prepared"],"picked":"Deflect","floor":24},{"not_picked":["Poisoned Stab","All Out Attack"],"picked":"Prepared","floor":29},{"not_picked":["Leg Sweep","Poisoned Stab"],"picked":"Underhanded Strike","floor":30},{"not_picked":["PiercingWail","Dodge and Roll"],"picked":"Blade Dance+1","floor":31},{"not_picked":["Poison Darts","Grand Finale"],"picked":"Venomology","floor":33},{"not_picked":["Sucker Punch","Crippling Poison"],"picked":"Hidden Blade","floor":34},{"not_picked":["Blade Dance+1","Choke"],"picked":"Underhanded Strike","floor":35},{"not_picked":["Dagger Throw","Slice"],"picked":"Blade Dance+1","floor":36},{"not_picked":["PiercingWail+1","Sucker Punch+1"],"picked":"Distraction+1","floor":37},{"not_picked":["Dagger Spray+1","Dagger Throw+1"],"picked":"ReplayTheSpireMod:Scrap Shanks","floor":39},{"not_picked":["Bouncing Flask+1","Sucker Punch+1","Skewer+1"],"picked":"SKIP","floor":41},{"not_picked":["Slice+1","Wraith Form v2","PiercingWail"],"picked":"SKIP","floor":42},{"not_picked":["Replay:Poison Smokescreen+1","Masterful Stab+1","Glass Knife"],"picked":"Singing Bowl","floor":44},{"not_picked":["Sneak Up","Slice","ReplayTheSpireMod:From All Sides"],"picked":"Singing Bowl","floor":46}],"player_experience":604489,"relics_obtained":[{"floor":7,"key":"Smiling Mask"},{"floor":9,"key":"Regal Pillow"},{"floor":13,"key":"Boot"},{"floor":17,"key":"Replay:Mystery Machine"},{"floor":17,"key":"ReplayTheSpireMod:Shallot"},{"floor":17,"key":"Calipers"},{"floor":20,"key":"Red Mask"},{"floor":24,"key":"Meat on the Bone"},{"floor":26,"key":"Bag of Marbles"},{"floor":28,"key":"Necronomicon"},{"floor":31,"key":"Kunai"},{"floor":42,"key":"Lantern"},{"floor":43,"key":"Singing Bowl"},{"floor":44,"key":"Oddly Smooth Stone"},{"floor":46,"key":"MawBank"}],"event_choices":[{"damage_healed":0,"gold_gain":0,"player_choice":"Grow","damage_taken":0,"max_hp_gain":0,"max_hp_loss":0,"event_name":"Living Wall","floor":0,"gold_loss":0,"cards_upgraded":["Neutralize"]},{"damage_healed":0,"gold_gain":0,"player_choice":"Success","damage_taken":12,"relics_obtained":["Gremlin Food"],"max_hp_gain":0,"max_hp_loss":0,"event_name":"Scrap Ooze","floor":3,"gold_loss":0},{"damage_healed":0,"gold_gain":0,"player_choice":"Opened","damage_taken":0,"relics_obtained":["Bronze Scales"],"max_hp_gain":0,"max_hp_loss":0,"event_name":"The Mausoleum","floor":19,"gold_loss":0,"cards_obtained":["Writhe"]},{"damage_healed":0,"gold_gain":0,"player_choice":"Fought Bandits","damage_taken":0,"max_hp_gain":0,"max_hp_loss":0,"event_name":"Masked Bandits","floor":20,"gold_loss":0},{"damage_healed":0,"gold_gain":0,"player_choice":"Obtained Book","damage_taken":16,"max_hp_gain":0,"max_hp_loss":0,"event_name":"Cursed Tome","floor":28,"gold_loss":0}],"is_beta":false,"boss_relics":[{"not_picked":["Ring of Chaos","Astrolabe"],"picked":"Calling Bell"},{"not_picked":["Philosopher\u0027s Stone","Runic Dome"],"picked":"Tiny House"}],"items_purged_floors":[22],"is_endless":false,"potions_floor_spawned":[10,13,14,20,29,30,31,33,35,41,44],"killed_by":"Replay:Hell Engine","ascension_level":11}}