{"host":"7jl348xfsxr8glry","time":1612183766,"event":{"mods":["AchievementEnabler","BaseMod","Colored Map","Minty Spire (QoL Compilation)","Random Character Button","Unceasing Turn Reminder"],"gold_per_floor":[118,118,135,148,162,162,162,162,237,272,272,300,225,255,255,350,350,360,376,389,399,410,410,440,440,440,440,460,470,494,506,506,603,603,618,628,11,30,30,30,30,44,44,44,44,70,70,80,80,80,80],"floor_reached":50,"language":"ENG","playtime":5575,"items_purged":["Strike_R"],"score":570,"play_id":"48f90514-c7de-47eb-af02-6600f1924e5b","local_time":"20210201234926","is_ascension_mode":true,"campfire_choices":[{"data":"Wild Strike","floor":6,"key":"SMITH"},{"data":"Bash","floor":8,"key":"SMITH"},{"data":"Rampage","floor":11,"key":"SMITH"},{"floor":15,"key":"REST"},{"floor":23,"key":"REST"},{"floor":25,"key":"REST"},{"floor":32,"key":"REST"},{"floor":40,"key":"REST"},{"floor":45,"key":"REST"},{"data":"Demon Form","floor":47,"key":"SMITH"},{"data":"Demon Form","floor":49,"key":"SMITH"}],"circlet_count":0,"master_deck":["Defend_R","Defend_R","Defend_R","Defend_R","Bash+1","Wild Strike+1","Pommel Strike","Shrug It Off","Rampage+1","Pommel Strike","Demon Form+1","Pommel Strike+1","Thunderclap","Perfected Strike+1","Infernal Blade","Demon Form+1","Bloodletting+1","Fire Breathing+1","Power Through+1","Armaments+1","Flex+1","Flex","Spot Weakness","Injury","Parasite"],"relics":["Burning Blood","Omamori","FaceOfCleric","Pantograph","Tiny Chest","Happy Flower","Cursed Key","Art of War","Whetstone","Bag of Marbles","Astrolabe","Orichalcum","Orrery","Kunai","Bottled Tornado","Nunchaku"],"acts_visited":["Exordium","TheCity","TheBeyond"],"potions_floor_usage":[5,21,24,24,29,36,50,50],"damage_taken":[{"damage":7,"enemies":"Small Slimes","floor":1,"turns":5},{"damage":6,"enemies":"Cultist","floor":3,"turns":3},{"damage":0,"enemies":"2 Louse","floor":4,"turns":2},{"damage":6,"enemies":"Blue Slaver","floor":5,"turns":3},{"damage":24,"enemies":"Lagavulin","floor":10,"turns":5},{"damage":27,"enemies":"3 Sentries","floor":12,"turns":7},{"damage":67,"enemies":"Hexaghost","floor":16,"turns":9},{"damage":27,"enemies":"Spheric Guardian","floor":18,"turns":4},{"damage":11,"enemies":"3 Byrds","floor":19,"turns":6},{"damage":14,"enemies":"Centurion and Healer","floor":20,"turns":4},{"damage":4,"enemies":"Cultist and Chosen","floor":21,"turns":4},{"damage":39,"enemies":"3 Cultists","floor":22,"turns":5},{"damage":45,"enemies":"Slavers","floor":24,"turns":5},{"damage":10,"enemies":"Snecko","floor":28,"turns":3},{"damage":23,"enemies":"Centurion and Healer","floor":29,"turns":4},{"damage":7,"enemies":"Cultist and Chosen","floor":31,"turns":4},{"damage":74,"enemies":"Champ","floor":33,"turns":8},{"damage":38,"enemies":"3 Darklings","floor":35,"turns":4},{"damage":3,"enemies":"Orb Walker","floor":36,"turns":3},{"damage":23,"enemies":"4 Shapes","floor":38,"turns":5},{"damage":28,"enemies":"Spire Growth","floor":42,"turns":6},{"damage":25,"enemies":"Transient","floor":48,"turns":5},{"damage":100,"enemies":"Time Eater","floor":50,"turns":6}],"seed_played":"-985977199715947956","potions_obtained":[{"floor":4,"key":"DistilledChaos"},{"floor":5,"key":"SneckoOil"},{"floor":18,"key":"FearPotion"},{"floor":19,"key":"DuplicationPotion"},{"floor":20,"key":"Explosive Potion"},{"floor":29,"key":"BloodPotion"},{"floor":33,"key":"Ancient Potion"},{"floor":35,"key":"SpeedPotion"},{"floor":38,"key":"Energy Potion"},{"floor":48,"key":"LiquidBronze"}],"is_trial":false,"path_per_floor":["M","?","M","M","M","R","?","R","T","E","R","E","$","?","R","B",null,"M","M","M","M","M","R","E","R","T","?","M","M","T","M","R","B",null,"M","M","$","M","?","R","$","M","T","$","R","T","R","M","R","B"],"character_chosen":"IRONCLAD","items_purchased":["Orichalcum","Orrery","Kunai","Flex"],"campfire_rested":6,"item_purchase_floors":[37,37,37,37],"current_hp_per_floor":[79,79,79,80,80,80,80,80,80,63,63,43,43,43,67,22,83,63,59,52,55,23,49,11,37,37,37,34,36,36,36,63,21,93,62,66,66,50,50,78,78,57,57,57,86,86,86,68,68,0,0],"gold":80,"neow_bonus":"RANDOM_COMMON_RELIC","is_daily":false,"chose_seed":false,"campfire_upgraded":5,"win_rate":0.0,"timestamp":1612183766,"path_taken":["M","?","M","?","M","R","?","R","T","E","R","E","?","?","R","BOSS","M","M","M","M","M","R","E","R","T","?","M","M","?","?","R","BOSS","M","M","$","M","?","R","?","M","T","$","R","?","R","M","R","BOSS"],"items_purchased_type":["Relic","Relic","Relic","Card"],"build_version":"2020-12-22","purchased_purges":1,"victory":false,"max_hp_per_floor":[80,80,80,80,80,80,80,80,80,81,81,82,82,82,82,83,83,84,85,86,87,88,88,89,89,89,89,90,91,91,92,92,93,93,94,95,95,96,96,96,96,97,97,97,97,97,97,98,98,98,98],"card_choices":[{"not_picked":["Battle Trance","Sword Boomerang"],"picked":"Wild Strike","floor":1},{"not_picked":["Searing Blow","Sentinel","Anger"],"picked":"SKIP","floor":3},{"not_picked":["Twin Strike","Intimidate"],"picked":"Pommel Strike","floor":4},{"not_picked":["Sentinel","Power Through"],"picked":"Shrug It Off","floor":5},{"not_picked":["Reaper","Entrench"],"picked":"Rampage","floor":10},{"not_picked":["Fire Breathing","Power Through"],"picked":"Pommel Strike","floor":12},{"not_picked":["Immolate","Exhume"],"picked":"Demon Form","floor":16},{"not_picked":["Metallicize","Pummel+1","Carnage"],"picked":"SKIP","floor":18},{"not_picked":["Warcry","Reckless Charge+1","Searing Blow"],"picked":"SKIP","floor":19},{"not_picked":["Headbutt","Blood for Blood+1"],"picked":"Pommel Strike+1","floor":20},{"not_picked":["Pommel Strike","Headbutt+1"],"picked":"Thunderclap","floor":21},{"not_picked":["True Grit","Wild Strike"],"picked":"Perfected Strike","floor":22},{"not_picked":["Fire Breathing","Reckless Charge","Corruption"],"picked":"SKIP","floor":24},{"not_picked":["Clash","Sword Boomerang","Dropkick"],"picked":"SKIP","floor":28},{"not_picked":["Body Slam","Fiend Fire","Evolve"],"picked":"SKIP","floor":29},{"not_picked":["Armaments","Headbutt+1"],"picked":"Infernal Blade","floor":31},{"not_picked":["Feed","Barricade"],"picked":"Demon Form","floor":33},{"not_picked":["Rampage","Anger","Dropkick"],"picked":"SKIP","floor":35},{"not_picked":["Clothesline+1","Carnage+1","Whirlwind+1"],"picked":"SKIP","floor":36},{"not_picked":["Wild Strike","Heavy Blade"],"picked":"Armaments+1","floor":37},{"not_picked":["Rupture","Exhume"],"picked":"Flex+1","floor":37},{"not_picked":["Feel No Pain","Inflame+1"],"picked":"Spot Weakness","floor":38},{"not_picked":["Ghostly Armor","Anger","Body Slam"],"picked":"SKIP","floor":42},{"not_picked":["Sword Boomerang","Berserk","Searing Blow"],"picked":"SKIP","floor":48}],"player_experience":209817,"relics_obtained":[{"floor":9,"key":"Pantograph"},{"floor":10,"key":"Tiny Chest"},{"floor":12,"key":"Happy Flower"},{"floor":24,"key":"Art of War"},{"floor":26,"key":"Whetstone"},{"floor":30,"key":"Bag of Marbles"},{"floor":43,"key":"Bottled Tornado"},{"floor":46,"key":"Nunchaku"}],"event_choices":[{"cards_removed":["Strike_R"],"damage_healed":0,"gold_gain":0,"player_choice":"Offered Basic","damage_taken":0,"max_hp_gain":0,"max_hp_loss":0,"event_name":"Bonfire Elementals","floor":2,"gold_loss":0},{"damage_healed":0,"gold_gain":0,"player_choice":"Trade","damage_taken":0,"relics_obtained":["FaceOfCleric"],"max_hp_gain":0,"max_hp_loss":0,"event_name":"FaceTrader","floor":7,"gold_loss":0},{"damage_healed":0,"gold_gain":30,"player_choice":"Searched \u00271\u0027 times","damage_taken":0,"max_hp_gain":0,"max_hp_loss":0,"event_name":"Dead Adventurer","floor":14,"gold_loss":0},{"damage_healed":0,"gold_gain":0,"player_choice":"Ignored","damage_taken":0,"max_hp_gain":0,"max_hp_loss":0,"event_name":"Cursed Tome","floor":27,"gold_loss":0},{"damage_healed":0,"gold_gain":0,"player_choice":"Ignored","damage_taken":0,"max_hp_gain":0,"max_hp_loss":0,"event_name":"Mysterious Sphere","floor":39,"gold_loss":0}],"is_beta":false,"boss_relics":[{"not_picked":["Mark of Pain","Fusion Hammer"],"picked":"Cursed Key"},{"not_picked":["Sozu","Philosopher\u0027s Stone"],"picked":"Astrolabe"}],"items_purged_floors":[13],"is_endless":false,"potions_floor_spawned":[4,5,18,19,20,29,33,35,38,48],"killed_by":"Time Eater","ascension_level":3}}