{"host":"qxeepl7ydvsgmfdb","time":1612192032,"event":{"mods":["AchievementEnabler","BaseMod","Colored Powertips","Minty Spire (QoL Compilation)","Quick Restart","slay the spire mod where everything is the same but ironclad has a cowboy hat"],"gold_per_floor":[115,115,61,61,84,125,125,300,370,645,678,699,732,746,746,869,869,882,935,239,259,14,54,74,74,74,74,118,143,143,143,143,269,269,293,313,7,20,33,96,96,96,96,121,141,177,190,190,190,190,190,190,15,55,55,55],"floor_reached":55,"language":"ENG","playtime":2258,"items_purged":["Regret","Doubt"],"score":855,"play_id":"206492d4-ac2a-4ca3-b616-2a78d5c914b4","local_time":"20210201100712","is_ascension_mode":false,"campfire_choices":[{"floor":7.0,"key":"RECALL"},{"floor":15.0,"key":"REST"},{"data":"Footwork","floor":27.0,"key":"SMITH"},{"data":"Die Die Die","floor":30.0,"key":"SMITH"},{"data":"Noxious Fumes","floor":32.0,"key":"SMITH"},{"data":"Injury","floor":42.0,"key":"PURGE"},{"data":"Strike_G","floor":49.0,"key":"PURGE"},{"data":"Strike_G","floor":52,"key":"PURGE"}],"circlet_count":0,"master_deck":["Strike_G","Strike_G","Strike_G","Defend_G","Defend_G","Defend_G","Defend_G","Defend_G","Survivor","Neutralize","Infinite Blades+1","Poisoned Stab","Deflect","Footwork+1","Slice","Deadly Poison","Backflip","Die Die Die+1","Cloak And Dagger+1","Noxious Fumes+1","All Out Attack+1","Cloak And Dagger+1","Distraction+1","Blade Dance+1","All Out Attack","Dodge and Roll+1"],"relics":["Ring of the Snake","NeowsBlessing","Golden Idol","Gambling Chip","Shuriken","Blood Vial","Pen Nib","FossilizedHelix","HornCleat","Ninja Scroll","Pear","Tough Bandages","Toxic Egg 2","InkBottle","HoveringKite","Vajra","Torii","Peace Pipe","Question Card","Eternal Feather","Bag of Preparation"],"acts_visited":["Exordium","TheCity","TheBeyond","TheEnding"],"potions_floor_usage":[50,54,55,55,55,55,55],"damage_taken":[{"damage":0.0,"enemies":"Small Slimes","floor":1.0,"turns":1.0},{"damage":0.0,"enemies":"Cultist","floor":5.0,"turns":1.0},{"damage":0.0,"enemies":"Lagavulin","floor":6.0,"turns":1.0},{"damage":19.0,"enemies":"Gremlin Nob","floor":11.0,"turns":5.0},{"damage":0.0,"enemies":"Jaw Worm","floor":12.0,"turns":4.0},{"damage":25.0,"enemies":"Lagavulin","floor":13.0,"turns":6.0},{"damage":0.0,"enemies":"Exordium Wildlife","floor":14.0,"turns":4.0},{"damage":42.0,"enemies":"Hexaghost","floor":16.0,"turns":10.0},{"damage":15.0,"enemies":"3 Byrds","floor":18.0,"turns":6.0},{"damage":0.0,"enemies":"Chosen","floor":21.0,"turns":6.0},{"damage":10.0,"enemies":"Slavers","floor":23.0,"turns":5.0},{"damage":0.0,"enemies":"Centurion and Healer","floor":24.0,"turns":3.0},{"damage":0.0,"enemies":"Gremlin Leader","floor":28.0,"turns":5.0},{"damage":0.0,"enemies":"3 Cultists","floor":29.0,"turns":3.0},{"damage":0.0,"enemies":"Automaton","floor":33.0,"turns":8.0},{"damage":7.0,"enemies":"3 Darklings","floor":35.0,"turns":4.0},{"damage":0.0,"enemies":"3 Shapes","floor":36.0,"turns":4.0},{"damage":0.0,"enemies":"Sphere and 2 Shapes","floor":38.0,"turns":2.0},{"damage":7.0,"enemies":"Spire Growth","floor":39.0,"turns":3.0},{"damage":0.0,"enemies":"Mind Bloom Boss Battle","floor":40.0,"turns":6.0},{"damage":0.0,"enemies":"4 Shapes","floor":44.0,"turns":3.0},{"damage":0.0,"enemies":"3 Darklings","floor":45.0,"turns":2.0},{"damage":0.0,"enemies":"Nemesis","floor":46.0,"turns":5.0},{"damage":1.0,"enemies":"Spire Growth","floor":47.0,"turns":4.0},{"damage":44,"enemies":"Donu and Deca","floor":50,"turns":7},{"damage":34,"enemies":"Shield and Spear","floor":54,"turns":8},{"damage":63,"enemies":"The Heart","floor":55,"turns":3}],"seed_played":"3255402449889400155","potions_obtained":[{"floor":1.0,"key":"Strength Potion"},{"floor":6.0,"key":"Fire Potion"},{"floor":11.0,"key":"Ancient Potion"},{"floor":21.0,"key":"Dexterity Potion"},{"floor":23.0,"key":"DuplicationPotion"},{"floor":28.0,"key":"AttackPotion"},{"floor":44.0,"key":"Fire Potion"}],"is_trial":false,"path_per_floor":["M","?","$","?","M","E","R","?","T","?","E","M","E","M","R","B",null,"M","T","$","M","$","E","M","$","T","R","E","M","R","?","R","B",null,"M","M","$","M","M","?","T","R","T","M","M","E","M","$","R","B",null,"R","$","E","B"],"character_chosen":"THE_SILENT","items_purchased":["Poisoned Stab","FossilizedHelix","HornCleat","Noxious Fumes","Ninja Scroll","Vajra","Strength Potion","EntropicBrew","All Out Attack"],"campfire_rested":1,"item_purchase_floors":[3,20,20,20,22,37,37,53,53],"current_hp_per_floor":[70,70,70,70,70,70,70,70,70,70,51,53,30,32,53,13,70,55,55,55,57,57,59,61,61,61,61,63,65,65,65,65,67,80,73,75,75,77,72,74,74,74,74,76,78,80,79,79,80,36,80,80,80,46,0,0],"gold":55,"neow_bonus":"THREE_ENEMY_KILL","is_daily":false,"chose_seed":false,"campfire_upgraded":3,"win_rate":0.0,"timestamp":1612192032,"path_taken":["M","?","?","?","M","E","R","?","T","?","E","?","E","M","R","BOSS","M","?","?","M","$","E","M","?","T","R","E","M","R","?","R","BOSS","M","M","$","M","M","?","?","R","T","M","?","E","M","$","R","BOSS","R","$","E","BOSS"],"items_purchased_type":["Card","Relic","Relic","Card","Relic","Relic","Potion","Potion","Card"],"build_version":"2020-12-22","purchased_purges":2,"victory":false,"max_hp_per_floor":[70,70,70,70,70,70,70,70,70,70,70,70,70,70,70,70,70,70,70,70,70,70,80,80,80,80,80,80,80,80,80,80,80,80,80,80,80,80,80,80,80,80,80,80,80,80,80,80,80,80,80,80,80,80,80,80],"card_choices":[{"not_picked":["Acrobatics","Heel Hook"],"picked":"Infinite Blades","floor":1.0},{"not_picked":["Sucker Punch","Dodge and Roll"],"picked":"Deflect","floor":5.0},{"not_picked":["Expertise","Blur"],"picked":"Footwork","floor":6.0},{"not_picked":["Dagger Throw","Unload"],"picked":"Slice","floor":11.0},{"not_picked":["Acrobatics","Slice"],"picked":"Deadly Poison","floor":12.0},{"not_picked":["Bouncing Flask","Leg Sweep"],"picked":"Backflip","floor":13.0},{"not_picked":["Footwork","Flying Knee","Bane"],"picked":"SKIP","floor":14.0},{"not_picked":["Bullet Time","Malaise"],"picked":"Die Die Die","floor":16.0},{"not_picked":["Skewer+1","Acrobatics"],"picked":"Cloak And Dagger+1","floor":18.0},{"not_picked":["Tactician","Dagger Spray"],"picked":"All Out Attack+1","floor":21.0},{"not_picked":["Reflex","Sucker Punch","Concentrate"],"picked":"SKIP","floor":23.0},{"not_picked":["Deflect+1","Dash","Flechettes"],"picked":"SKIP","floor":24.0},{"not_picked":["Acrobatics+1","Bane"],"picked":"Cloak And Dagger+1","floor":28.0},{"not_picked":["Reflex+1","Die Die Die","Deadly Poison+1"],"picked":"SKIP","floor":29.0},{"not_picked":["Underhanded Strike","Acrobatics+1","Sucker Punch+1"],"picked":"SKIP","floor":35.0},{"not_picked":["Reflex+1","Terror+1","Cloak And Dagger+1"],"picked":"SKIP","floor":36.0},{"not_picked":["Setup+1","Acrobatics+1","Dodge and Roll+1"],"picked":"SKIP","floor":38.0},{"not_picked":["Dagger Throw","Noxious Fumes","Deflect+1"],"picked":"SKIP","floor":39.0},{"not_picked":["Tools of the Trade","Deflect+1"],"picked":"Distraction+1","floor":40.0},{"not_picked":["Cloak And Dagger+1","PiercingWail+1","Acrobatics+1","Escape Plan+1"],"picked":"SKIP","floor":44.0},{"not_picked":["Acrobatics+1","Cloak And Dagger+1","Skewer+1"],"picked":"Blade Dance+1","floor":45.0},{"not_picked":["Heel Hook+1","Distraction+1","Die Die Die","Footwork"],"picked":"SKIP","floor":46.0},{"not_picked":["Slice+1","Outmaneuver+1","Heel Hook","Prepared+1"],"picked":"SKIP","floor":47.0},{"not_picked":["Bane+1","Footwork+1","Slice+1"],"picked":"Dodge and Roll+1","floor":54}],"player_experience":163779,"relics_obtained":[{"floor":6.0,"key":"Gambling Chip"},{"floor":9.0,"key":"Shuriken"},{"floor":11.0,"key":"Blood Vial"},{"floor":13.0,"key":"Pen Nib"},{"floor":23.0,"key":"Pear"},{"floor":26.0,"key":"Tough Bandages"},{"floor":28.0,"key":"Toxic Egg 2"},{"floor":40.0,"key":"Torii"},{"floor":41.0,"key":"Peace Pipe"},{"floor":43.0,"key":"Question Card"},{"floor":46.0,"key":"Eternal Feather"},{"floor":54,"key":"Bag of Preparation"}],"event_choices":[{"damage_healed":0.0,"max_hp_gain":0.0,"max_hp_loss":0.0,"gold_gain":0.0,"event_name":"Accursed Blacksmith","player_choice":"Forge","floor":2.0,"gold_loss":0.0,"damage_taken":0.0,"cards_upgraded":["Infinite Blades"]},{"damage_healed":0.0,"max_hp_gain":0.0,"max_hp_loss":0.0,"gold_gain":0.0,"event_name":"Golden Idol","player_choice":"Take Wound","floor":4.0,"gold_loss":0.0,"damage_taken":0.0,"relics_obtained":["Golden Idol"],"cards_obtained":["Injury"]},{"damage_healed":0.0,"max_hp_gain":0.0,"max_hp_loss":0.0,"gold_gain":175.0,"event_name":"Liars Game","player_choice":"AGREE","floor":8.0,"gold_loss":0.0,"damage_taken":0.0,"cards_obtained":["Doubt"]},{"damage_healed":0.0,"max_hp_gain":0.0,"max_hp_loss":0.0,"gold_gain":275.0,"event_name":"Golden Shrine","player_choice":"Desecrate","floor":10.0,"gold_loss":0.0,"damage_taken":0.0,"cards_obtained":["Regret"]},{"damage_healed":0.0,"max_hp_gain":0.0,"max_hp_loss":0.0,"gold_gain":0.0,"event_name":"The Mausoleum","player_choice":"Opened","floor":31.0,"gold_loss":0.0,"damage_taken":0.0,"relics_obtained":["InkBottle"]},{"damage_healed":0.0,"max_hp_gain":0.0,"max_hp_loss":0.0,"gold_gain":0.0,"event_name":"MindBloom","player_choice":"Fight","floor":40.0,"gold_loss":0.0,"damage_taken":0.0}],"is_beta":false,"boss_relics":[{"not_picked":["Runic Pyramid","Astrolabe","Ring of the Serpent"]},{"not_picked":["Philosopher\u0027s Stone","Tiny House"],"picked":"HoveringKite"}],"items_purged_floors":[20,37],"is_endless":false,"potions_floor_spawned":[1,6,11,21,23,28,38,44,46,47],"killed_by":"The Heart","ascension_level":0}}