{"host":"gf8hyl7jhl0is674","time":1612165115,"event":{"mods":["2.2 Compatiblity","Act Like it!","Aspiration","BaseMod","CapriCore","Chen","Colored Map","Gensokyo","Koishi","Marisa????????","Minty Spire (QoL Compilation)","Onozuka Komachi Mod","Permanent Neow","Reimu??????","StSLib","The Administrix","The Blue Laboratory","The Immortal","The Jungle","The Servant 0.9.4","Waifu the Spire","Yakumo Yukari mod"],"gold_per_floor":[112,112,128,128,128,128,138,166,166,166,185,35,35,64,64,160,160,172,172,172,189,208,208,238,238,238,238,84,98,22,22,22,120,120,134,34,0,0,14,42,62,62,86,86,112,112,112,127,127,127,127],"floor_reached":50,"language":"ENG","playtime":2472,"items_purged":["Defend_B","Defend_B"],"score":519,"play_id":"35d30046-af6a-4951-a757-147942a95a54","local_time":"20210201003835","is_ascension_mode":false,"campfire_choices":[{"data":"Zap","floor":6,"key":"SMITH"},{"floor":13,"key":"REST"},{"floor":15,"key":"RECALL"},{"floor":23,"key":"REST"},{"data":"Echo Form","floor":25,"key":"SMITH"},{"data":"Streamline","floor":32,"key":"SMITH"},{"floor":42,"key":"REST"},{"data":"Madness","floor":44,"key":"SMITH"},{"data":"Conserve Battery","floor":47,"key":"SMITH"},{"data":"Static Discharge","floor":49,"key":"SMITH"}],"circlet_count":0,"master_deck":["Strike_B+1","Strike_B+1","Defend_B","Defend_B","Zap+1","Dualcast+1","Gash+1","Streamline+1","Hologram","Hologram","Conserve Battery+1","Echo Form+1","Gash+1","Storm","Static Discharge+1","Go for the Eyes","Stack+1","Chill","Capacitor","Electrodynamics","Hologram+1","Discovery","Madness+1","Hologram+1","Leap+1","Loop+1"],"relics":["FrozenCore","Whetstone","Thread and Needle","Regal Pillow","Darkstone Periapt","Runic Pyramid","Orichalcum","aspiration:StickyExplosives_weak","Red Mask","Pocketwatch","Vajra","Bag of Marbles"],"acts_visited":["Exordium","TheCity","TheBeyond"],"potions_floor_usage":[24,40,50],"damage_taken":[{"damage":1,"enemies":"Jaw Worm","floor":1,"turns":4},{"damage":3,"enemies":"2 Louse","floor":3,"turns":2},{"damage":8,"enemies":"Small Slimes","floor":7,"turns":3},{"damage":16,"enemies":"Lagavulin","floor":8,"turns":7},{"damage":4,"enemies":"Red Slaver","floor":11,"turns":2},{"damage":5,"enemies":"3 Sentries","floor":14,"turns":8},{"damage":39,"enemies":"Hexaghost","floor":16,"turns":10},{"damage":18,"enemies":"2 Thieves","floor":18,"turns":4},{"damage":0,"enemies":"Shell Parasite","floor":21,"turns":7},{"damage":19,"enemies":"Centurion and Healer","floor":22,"turns":6},{"damage":26,"enemies":"Book of Stabbing","floor":24,"turns":6},{"damage":4,"enemies":"Snecko","floor":29,"turns":6},{"damage":22,"enemies":"Champ","floor":33,"turns":10},{"damage":1,"enemies":"3 Shapes","floor":35,"turns":5},{"damage":6,"enemies":"Orb Walker","floor":39,"turns":5},{"damage":15,"enemies":"Giant Head","floor":40,"turns":10},{"damage":37,"enemies":"Writhing Mass","floor":41,"turns":7},{"damage":7,"enemies":"Jaw Worm Horde","floor":48,"turns":4},{"damage":53,"enemies":"Time Eater","floor":50,"turns":13}],"seed_played":"5985208775057184954","potions_obtained":[{"floor":3,"key":"blueLaboratory:PlasmaFuel"},{"floor":14,"key":"blueLaboratory:BottleOfVodka"},{"floor":16,"key":"BlessingOfTheForge"},{"floor":18,"key":"Fire Potion"},{"floor":29,"key":"blueLaboratory:SavagePotion"},{"floor":33,"key":"blueLaboratory:BottleOfVodka"}],"is_trial":false,"path_per_floor":["M","?","M","?","?","R","M","E","T","T","M","$","R","E","R","B",null,"M","?","?","M","M","R","E","R","T","?","$","M","$","$","R","B",null,"M","$","?","?","M","E","M","R","T","R","T","?","R","M","R","B"],"character_chosen":"DEFECT","items_purchased":["Regal Pillow","Chill","Capacitor"],"campfire_rested":3,"item_purchase_floors":[12,28,30],"current_hp_per_floor":[74,79,76,60,60,60,52,36,36,36,32,32,71,66,66,27,80,62,62,62,62,43,80,54,54,54,54,54,50,50,50,50,28,80,79,79,79,74,68,53,16,55,55,55,55,55,55,48,48,0,0],"gold":127,"neow_bonus":"ONE_RANDOM_RARE_CARD","is_daily":false,"chose_seed":false,"campfire_upgraded":6,"win_rate":0.0,"timestamp":1612165115,"path_taken":["M","?","M","?","?","R","?","E","T","?","M","?","R","E","R","BOSS","M","?","?","M","M","R","E","R","T","?","$","M","?","$","R","BOSS","M","$","?","?","M","E","M","R","T","R","?","?","R","M","R","BOSS"],"items_purchased_type":["Relic","Card","Card"],"build_version":"2020-12-22","purchased_purges":2,"victory":false,"max_hp_per_floor":[75,80,80,80,80,80,80,80,80,80,80,80,80,80,80,80,80,80,80,80,80,80,80,80,80,80,80,80,80,80,80,80,80,80,80,80,80,80,80,80,80,80,80,80,80,80,80,80,80,80,80],"card_choices":[{"not_picked":["Rebound","Compile Driver"],"picked":"Gash","floor":1},{"not_picked":["Compile Driver","Doom and Gloom"],"picked":"Streamline","floor":3},{"not_picked":["Sweeping Beam","Doom and Gloom"],"picked":"Hologram","floor":7},{"not_picked":["White Noise","Rip and Tear"],"picked":"Hologram","floor":8},{"not_picked":["Blizzard","Steam"],"picked":"Conserve Battery","floor":11},{"not_picked":["Stack","Scrape","Static Discharge"],"picked":"SKIP","floor":14},{"not_picked":["Machine Learning","Buffer"],"picked":"Echo Form","floor":16},{"not_picked":["Go for the Eyes","Steam+1"],"picked":"Gash+1","floor":18},{"not_picked":["Compile Driver","Ball Lightning+1"],"picked":"Go for the Eyes","floor":21},{"not_picked":["Gash","Barrage","Go for the Eyes"],"picked":"SKIP","floor":22},{"not_picked":["Darkness","Ball Lightning"],"picked":"Stack+1","floor":24},{"not_picked":["Darkness+1","Barrage","Chaos"],"picked":"SKIP","floor":29},{"not_picked":["Creative AI","Fission"],"picked":"Electrodynamics","floor":33},{"not_picked":["Doom and Gloom+1","Go for the Eyes"],"picked":"Hologram+1","floor":35},{"not_picked":["Jack Of All Trades","Purity"],"picked":"Discovery","floor":38},{"not_picked":["Discovery","Enlightenment"],"picked":"Madness","floor":38},{"not_picked":["Compile Driver","Chaos+1","Go for the Eyes+1"],"picked":"SKIP","floor":39},{"not_picked":["Amplify","Redo+1"],"picked":"Hologram+1","floor":40},{"not_picked":["Coolheaded","Storm"],"picked":"Leap+1","floor":41},{"not_picked":["Rebound","Aggregate"],"picked":"Loop+1","floor":48}],"player_experience":384843,"relics_obtained":[{"floor":8,"key":"Whetstone"},{"floor":9,"key":"Thread and Needle"},{"floor":14,"key":"Darkstone Periapt"},{"floor":24,"key":"Orichalcum"},{"floor":26,"key":"aspiration:StickyExplosives_weak"},{"floor":40,"key":"Pocketwatch"},{"floor":43,"key":"Vajra"},{"floor":45,"key":"Bag of Marbles"}],"event_choices":[{"damage_healed":0,"gold_gain":0,"player_choice":"Donut","damage_taken":0,"max_hp_gain":5,"max_hp_loss":0,"event_name":"Big Fish","floor":2,"gold_loss":0},{"damage_healed":0,"gold_gain":0,"player_choice":"Entered Light","damage_taken":16,"max_hp_gain":0,"max_hp_loss":0,"event_name":"Shining Light","floor":4,"gold_loss":0,"cards_upgraded":["Dualcast","Gash"]},{"damage_healed":0,"gold_gain":0,"player_choice":"Ignored","damage_taken":0,"max_hp_gain":0,"max_hp_loss":0,"event_name":"NoteForYourself","floor":5,"gold_loss":0},{"damage_healed":0,"gold_gain":0,"player_choice":"Ignored","damage_taken":0,"max_hp_gain":0,"max_hp_loss":0,"event_name":"Ghosts","floor":19,"gold_loss":0},{"damage_healed":0,"gold_gain":0,"cards_transformed":["Strike_B","Strike_B"],"player_choice":"Became Test Subject","damage_taken":0,"max_hp_gain":0,"max_hp_loss":0,"event_name":"Drug Dealer","floor":20,"gold_loss":0,"cards_obtained":["Storm","Static Discharge"]},{"damage_healed":0,"gold_gain":0,"player_choice":"Ignored","damage_taken":0,"max_hp_gain":0,"max_hp_loss":0,"event_name":"Vampires","floor":27,"gold_loss":0},{"damage_healed":0,"gold_gain":0,"player_choice":"Paid","damage_taken":0,"relics_obtained":["Red Mask"],"max_hp_gain":0,"max_hp_loss":0,"event_name":"Tomb of Lord Red Mask","floor":37,"gold_loss":34},{"damage_healed":0,"gold_gain":0,"player_choice":"Memory 2","damage_taken":5,"max_hp_gain":0,"max_hp_loss":0,"event_name":"SensoryStone","floor":38,"gold_loss":0},{"cards_removed":["Machine Learning"],"damage_healed":0,"gold_gain":0,"player_choice":"Removed Power","damage_taken":0,"max_hp_gain":0,"max_hp_loss":0,"event_name":"Falling","floor":46,"gold_loss":0}],"is_beta":false,"boss_relics":[{"not_picked":["Pandora\u0027s Box","aspiration:Stellarator"],"picked":"Runic Pyramid"},{"not_picked":["Fusion Hammer","RedLine:ReiMu"],"picked":"FrozenCore"}],"items_purged_floors":[28,36],"is_endless":false,"potions_floor_spawned":[3,14,16,18,29,33,35],"killed_by":"Time Eater","ascension_level":0}}