{"host":"x5w9zppki4gdwvc7","time":1612185081,"event":{"mods":["AchievementEnabler","BaseMod","Colored Powertips","DeckTracker","Minty Spire (QoL Compilation)","Relic Sorter"],"gold_per_floor":[361,361,376,376,155,155,181,6,29,57,77,77,89,102,102,199,199,215,215,215,230,192,192,192,192],"floor_reached":24,"language":"ENG","playtime":2679,"items_purged":["Strike_G"],"score":235,"play_id":"dba5c887-c474-49a4-8e00-3601f6913ca7","local_time":"20210201141121","is_ascension_mode":true,"campfire_choices":[{"data":"Neutralize","floor":6,"key":"SMITH"},{"floor":12,"key":"REST"},{"data":"Well Laid Plans","floor":15,"key":"SMITH"},{"data":"Venomology","floor":23,"key":"SMITH"}],"circlet_count":0,"master_deck":["Strike_G+1","Strike_G","Strike_G+1","Strike_G","Defend_G","Defend_G","Defend_G","Defend_G","Defend_G","Survivor+1","Neutralize+1","Deadly Poison+1","Escape Plan","Noxious Fumes","Backflip","Backflip","Well Laid Plans+1","Venomology+1","CurseOfTheBell","Acrobatics+1","Decay","PiercingWail"],"relics":["Ring of the Snake","PreservedInsect","Boot","Membership Card","Whetstone","Centennial Puzzle","Calling Bell","Anchor","Question Card","The Specimen"],"acts_visited":["Exordium","TheCity"],"potions_floor_usage":[16,18,18,21,24,24,24],"damage_taken":[{"damage":0,"enemies":"Small Slimes","floor":1,"turns":4},{"damage":3,"enemies":"2 Louse","floor":3,"turns":2},{"damage":10,"enemies":"Lagavulin","floor":7,"turns":6},{"damage":6,"enemies":"Gremlin Nob","floor":10,"turns":3},{"damage":1,"enemies":"Jaw Worm","floor":11,"turns":3},{"damage":12,"enemies":"Exordium Thugs","floor":13,"turns":4},{"damage":0,"enemies":"Blue Slaver","floor":14,"turns":4},{"damage":8,"enemies":"Hexaghost","floor":16,"turns":11},{"damage":19,"enemies":"2 Thieves","floor":18,"turns":4},{"damage":15,"enemies":"Shell Parasite","floor":21,"turns":7},{"damage":34,"enemies":"Book of Stabbing","floor":24,"turns":7}],"seed_played":"1922945358941244868","potions_obtained":[{"floor":10,"key":"SkillPotion"},{"floor":11,"key":"SpeedPotion"},{"floor":13,"key":"BlessingOfTheForge"},{"floor":16,"key":"Weak Potion"},{"floor":20,"key":"SkillPotion"},{"floor":20,"key":"EssenceOfSteel"}],"is_trial":false,"path_per_floor":["M","?","M","?","$","R","E","$","T","E","M","R","M","M","R","B",null,"M","?","?","M","$","R","E"],"character_chosen":"THE_SILENT","items_purchased":["PreservedInsect","Noxious Fumes","Membership Card","Backflip"],"campfire_rested":1,"item_purchase_floors":[5,5,8,8],"current_hp_per_floor":[63,50,47,52,52,52,42,42,42,36,35,55,43,43,43,35,68,49,49,49,34,34,34,0,0],"gold":192,"neow_bonus":"TWO_FIFTY_GOLD","is_daily":false,"chose_seed":false,"campfire_upgraded":3,"win_rate":0.0,"timestamp":1612185081,"path_taken":["M","?","M","?","$","R","E","?","T","E","M","R","M","M","R","BOSS","M","?","?","?","$","R","E"],"items_purchased_type":["Relic","Card","Relic","Card"],"build_version":"2020-12-22","purchased_purges":1,"victory":false,"max_hp_per_floor":[63,63,63,68,68,68,68,68,68,68,68,68,68,68,68,68,68,68,68,68,68,68,68,68,68],"card_choices":[{"not_picked":["Leg Sweep","Predator"],"picked":"Deadly Poison","floor":1},{"not_picked":["Dodge and Roll","Dagger Throw"],"picked":"Escape Plan","floor":3},{"not_picked":["Dagger Throw","Deflect","Bane"],"picked":"SKIP","floor":7},{"not_picked":["Quick Slash","Outmaneuver","All Out Attack"],"picked":"SKIP","floor":10},{"not_picked":["Tactician","Finisher"],"picked":"Backflip","floor":11},{"not_picked":["Poisoned Stab","Dagger Throw"],"picked":"Well Laid Plans","floor":13},{"not_picked":["Predator","Deadly Poison","Accuracy"],"picked":"SKIP","floor":14},{"not_picked":["Storm of Steel","Malaise"],"picked":"Venomology","floor":16},{"not_picked":["Flying Knee+1","Cloak And Dagger","Heel Hook"],"picked":"Acrobatics+1","floor":18},{"not_picked":["Infinite Blades","Dagger Spray","Flying Knee"],"picked":"PiercingWail","floor":21}],"player_experience":373643,"relics_obtained":[{"floor":7,"key":"Boot"},{"floor":9,"key":"Whetstone"},{"floor":10,"key":"Centennial Puzzle"},{"floor":17,"key":"Anchor"},{"floor":17,"key":"Question Card"},{"floor":17,"key":"The Specimen"}],"event_choices":[{"damage_healed":0,"gold_gain":0,"player_choice":"Entered Light","damage_taken":13,"max_hp_gain":0,"max_hp_loss":0,"event_name":"Shining Light","floor":2,"gold_loss":0,"cards_upgraded":["Deadly Poison","Survivor"]},{"damage_healed":0,"gold_gain":0,"player_choice":"Donut","damage_taken":0,"max_hp_gain":5,"max_hp_loss":0,"event_name":"Big Fish","floor":4,"gold_loss":0},{"damage_healed":0,"gold_gain":0,"player_choice":"Smashed Altar","damage_taken":0,"max_hp_gain":0,"max_hp_loss":0,"event_name":"Forgotten Altar","floor":19,"gold_loss":0,"cards_obtained":["Decay"]},{"damage_healed":0,"gold_gain":0,"player_choice":"Got Potions","damage_taken":0,"max_hp_gain":0,"max_hp_loss":0,"event_name":"Lab","floor":20,"gold_loss":0}],"is_beta":false,"boss_relics":[{"not_picked":["Runic Pyramid","Coffee Dripper"],"picked":"Calling Bell"}],"items_purged_floors":[22],"is_endless":false,"potions_floor_spawned":[10,11,13,14,16],"killed_by":"Book of Stabbing","ascension_level":3}}