{"host":"iimv3xr0scyjt3cx","time":1612221976,"event":{"mods":["BaseMod","Hermit","Minty Spire (QoL Compilation)","Replay The Spire","StSLib","The Bladedancer","The Bug Knight","The Cursed","The Judge","The Marked","The Necromancer","The Runesmith","The Senshi","The Servant 0.9.4","The Wild Card"],"gold_per_floor":[114,114,133,146,76,91,122,133,133,133,133,150,225,237,237,337,337,350,365,325,66,82,82,82,114,114,114,146,146,166,200,200,200,200],"floor_reached":33,"language":"ENG","playtime":2353,"items_purged":[],"score":307,"play_id":"ad27ad8f-161b-4dee-9767-cc3d7079fcc0","local_time":"20210202002616","is_ascension_mode":false,"campfire_choices":[{"data":"theMarked:RogueSparks","floor":11,"key":"SMITH"},{"data":"theMarked:Opportunist","floor":15,"key":"SMITH"},{"data":"theMarked:LightningStrikesTwice","floor":27,"key":"SMITH"},{"floor":29,"key":"REST"},{"floor":32,"key":"REST"}],"circlet_count":0,"master_deck":["theMarked:Strike","theMarked:Strike","theMarked:Strike","theMarked:Strike+1","theMarked:Strike","theMarked:Defend","theMarked:Defend","theMarked:Defend","theMarked:Defend","theMarked:SoldierOfQuellstein+1","theMarked:Aftermath","theMarked:RogueSparks+1","theMarked:TwofoldDefense","theMarked:Opportunist+1","theMarked:ElectricStrings","theMarked:Levitate","theMarked:Overcharge","theMarked:HeightenedSenses","theMarked:LightningStrikesTwice+1","theMarked:Defy","theMarked:RepellingDischarge+1","theMarked:EmpowerWeapon+1","theMarked:FavorableWinds","theMarked:Static","theMarked:Electrocute+1","theMarked:Generate","theMarked:Vacuum+1"],"relics":["theMarked:ArtifactOfAir","NeowsBlessing","HornCleat","Pondfish Scales","Bronze Scales","Black Star","Shuriken","Molten Egg 2","Chameleon Ring","Bottled Flame","MealTicket","theMarked:NailFile","Replay:Wax Seal","Question Card"],"acts_visited":["Exordium","TheCity"],"potions_floor_usage":[12,18,19,31],"damage_taken":[{"damage":0,"enemies":"Cultist","floor":1,"turns":1},{"damage":0,"enemies":"Small Slimes","floor":3,"turns":1},{"damage":0,"enemies":"Jaw Worm","floor":4,"turns":1},{"damage":0,"enemies":"Lots of Slimes","floor":6,"turns":8},{"damage":8,"enemies":"Replay:BlueRogue","floor":7,"turns":6},{"damage":0,"enemies":"3 Louse","floor":8,"turns":3},{"damage":8,"enemies":"Large Slime","floor":12,"turns":5},{"damage":7,"enemies":"Blue Slaver","floor":14,"turns":3},{"damage":27,"enemies":"Fading Forest","floor":16,"turns":11},{"damage":2,"enemies":"Shell Parasite","floor":18,"turns":6},{"damage":23,"enemies":"Snake Plant","floor":19,"turns":3},{"damage":11,"enemies":"Snecko","floor":22,"turns":5},{"damage":9,"enemies":"HollowMod:Nosk","floor":25,"turns":7},{"damage":15,"enemies":"Replay:Snechameleon","floor":28,"turns":6},{"damage":10,"enemies":"Centurion and Healer","floor":30,"turns":4},{"damage":19,"enemies":"Slavers","floor":31,"turns":3},{"damage":39,"enemies":"Collector","floor":33,"turns":8}],"seed_played":"5115796949761299702","potions_obtained":[{"floor":1,"key":"Block Potion"},{"floor":6,"key":"Death Potion"},{"floor":12,"key":"Fruit Juice"},{"floor":14,"key":"Reflective Coating"},{"floor":28,"key":"Venom Potion"},{"floor":30,"key":"Fire Potion"},{"floor":31,"key":"BlessingOfTheForge"}],"is_trial":false,"path_per_floor":["M","T","M","M","$","M","E","M","T","T","R","M","?","M","R","B",null,"M","M","?","$","M","$","?","E","T","R","E","R","M","E","R","B"],"character_chosen":"THE_DEFAULT","items_purchased":["theMarked:Opportunist","Shuriken"],"campfire_rested":2,"item_purchase_floors":[5,21],"current_hp_per_floor":[70,70,70,70,70,70,62,62,62,62,62,59,52,45,45,28,75,73,50,50,50,39,39,39,30,30,30,15,37,27,8,30,0,0],"gold":200,"neow_bonus":"THREE_ENEMY_KILL","is_daily":false,"chose_seed":false,"campfire_upgraded":3,"win_rate":0.0,"timestamp":1612221976,"path_taken":["M","?","M","M","$","M","E","?","T","?","R","M","?","?","R","BOSS","M","M","?","$","M","?","?","E","T","R","E","R","M","E","R","BOSS"],"items_purchased_type":["Card","Relic"],"build_version":"2020-12-22","purchased_purges":0,"victory":false,"max_hp_per_floor":[70,70,70,70,70,70,70,70,70,70,70,75,75,75,75,75,75,75,75,75,75,75,75,75,75,75,75,75,75,75,75,75,75,75],"card_choices":[{"not_picked":["theMarked:Determination","theMarked:WardOff"],"picked":"theMarked:Aftermath","floor":1},{"not_picked":["theMarked:EmpowerWeapon","theMarked:HeightenedSenses"],"picked":"theMarked:RogueSparks","floor":3},{"not_picked":["theMarked:ShockingTouch","theMarked:ChainLightning"],"picked":"theMarked:TwofoldDefense","floor":4},{"not_picked":["theMarked:WardOff","theMarked:BanishingWave"],"picked":"theMarked:ElectricStrings","floor":6},{"not_picked":["theMarked:TakeCover","theMarked:Pokerface"],"picked":"theMarked:Levitate","floor":7},{"not_picked":["theMarked:ChainLightning","theMarked:WastefulAttack"],"picked":"theMarked:Overcharge","floor":8},{"not_picked":["theMarked:Frustration","theMarked:BanishingWave"],"picked":"theMarked:HeightenedSenses","floor":12},{"not_picked":["theMarked:ElectricStrings","theMarked:HeightenedSenses"],"picked":"theMarked:LightningStrikesTwice","floor":14},{"not_picked":["theMarked:DispelDoubt","theMarked:ThrowWeapon"],"picked":"theMarked:Defy","floor":16},{"not_picked":["theMarked:TakeCover","theMarked:Parkour"],"picked":"theMarked:RepellingDischarge+1","floor":18},{"not_picked":["theMarked:ResourceFulStrike","theMarked:WastefulAttack"],"picked":"theMarked:EmpowerWeapon+1","floor":19},{"not_picked":["theMarked:HeightenedSenses","theMarked:WardOff"],"picked":"theMarked:FavorableWinds","floor":22},{"not_picked":["theMarked:Parkour+1","theMarked:Frustration+1","theMarked:Aftermath+1"],"picked":"SKIP","floor":25},{"not_picked":["theMarked:ElectricStrings+1","theMarked:TakeCover+1"],"picked":"theMarked:Electrocute+1","floor":28},{"not_picked":["theMarked:Heritage","theMarked:Aftermath"],"picked":"theMarked:Generate","floor":30},{"not_picked":["theMarked:WastefulAttack+1","theMarked:Aftermath+1"],"picked":"theMarked:Vacuum+1","floor":31}],"player_experience":510961,"relics_obtained":[{"floor":2,"key":"HornCleat"},{"floor":7,"key":"Pondfish Scales"},{"floor":10,"key":"Bronze Scales"},{"floor":25,"key":"Molten Egg 2"},{"floor":25,"key":"Chameleon Ring"},{"floor":26,"key":"Bottled Flame"},{"floor":28,"key":"MealTicket"},{"floor":28,"key":"theMarked:NailFile"},{"floor":31,"key":"Replay:Wax Seal"},{"floor":31,"key":"Question Card"}],"event_choices":[{"damage_healed":0,"gold_gain":75,"player_choice":"Touch","damage_taken":7,"max_hp_gain":0,"max_hp_loss":0,"event_name":"FaceTrader","floor":13,"gold_loss":0},{"damage_healed":0,"gold_gain":0,"player_choice":"Upgraded Two","damage_taken":0,"max_hp_gain":0,"max_hp_loss":0,"event_name":"Designer","floor":20,"gold_loss":40,"cards_upgraded":["theMarked:SoldierOfQuellstein","theMarked:Strike"]},{"damage_healed":0,"gold_gain":0,"player_choice":"1 cards matched","damage_taken":0,"max_hp_gain":0,"max_hp_loss":0,"event_name":"Match and Keep!","floor":24,"gold_loss":0,"cards_obtained":["theMarked:Static"]}],"is_beta":false,"boss_relics":[{"not_picked":["Honey Jar","Calling Bell"],"picked":"Black Star"}],"items_purged_floors":[],"is_endless":false,"potions_floor_spawned":[1,6,12,14,16,28,30,31],"killed_by":"Collector","ascension_level":0}}