{"host":"sav7uxregyirlf69","time":1612185021,"event":{"mods":["AchievementEnabler","BaseMod","Colored Map","DeckTracker","Keyboard Shortcuts","Minty Spire (QoL Compilation)","READ ME - Guardian Mod","StSLib","SuperFastMode"],"gold_per_floor":[115,125,125,137,137,137,153,186,211,229,282,282,306,324,324,324,324],"floor_reached":16,"language":"KOR","playtime":201,"items_purged":[],"score":204,"play_id":"8c365c49-9380-4f47-9e6b-a43e859f7127","local_time":"20210201221021","is_ascension_mode":true,"campfire_choices":[{"data":"Bash","floor":6,"key":"SMITH"},{"data":"Flex","floor":12,"key":"SMITH"},{"data":"Spot Weakness","floor":15,"key":"SMITH"}],"circlet_count":0,"master_deck":["AscendersBane","Strike_R","Strike_R","Strike_R","Strike_R","Strike_R","Defend_R","Defend_R","Defend_R","Bash+1","Shrug It Off","Sword Boomerang","Flex+1","Sword Boomerang","Intimidate","Spot Weakness+1"],"relics":["Burning Blood","PreservedInsect","Tiny Chest","Bag of Marbles"],"acts_visited":["Exordium"],"potions_floor_usage":[8,14,16],"damage_taken":[{"damage":3,"enemies":"Small Slimes","floor":1,"turns":3},{"damage":6,"enemies":"Jaw Worm","floor":2,"turns":5},{"damage":5,"enemies":"2 Louse","floor":4,"turns":3},{"damage":6,"enemies":"Exordium Wildlife","floor":7,"turns":3},{"damage":27,"enemies":"Lagavulin","floor":8,"turns":5},{"damage":18,"enemies":"3 Louse","floor":10,"turns":3},{"damage":0,"enemies":"Lots of Slimes","floor":14,"turns":2},{"damage":50,"enemies":"Hexaghost","floor":16,"turns":9}],"seed_played":"7643594360700567653","potions_obtained":[{"floor":2,"key":"Explosive Potion"},{"floor":7,"key":"SkillPotion"},{"floor":10,"key":"HeartOfIron"}],"is_trial":false,"path_per_floor":["M","M","?","M","?","R","M","E","T","M","T","R","T","M","R","B"],"character_chosen":"IRONCLAD","items_purchased":[],"campfire_rested":0,"item_purchase_floors":[],"current_hp_per_floor":[78,78,71,72,72,72,72,51,51,39,39,39,39,45,45,0,0],"gold":324,"neow_bonus":"TEN_PERCENT_HP_BONUS","is_daily":false,"chose_seed":false,"campfire_upgraded":3,"win_rate":0.0,"timestamp":1612185021,"path_taken":["M","M","?","M","?","R","M","E","T","M","?","R","?","M","R","BOSS"],"items_purchased_type":[],"build_version":"2020-12-22","purchased_purges":0,"victory":false,"max_hp_per_floor":[82,82,82,82,82,82,82,82,82,82,82,82,82,82,82,82,82],"card_choices":[{"not_picked":["Warcry","Metallicize"],"picked":"Shrug It Off","floor":1},{"not_picked":["Heavy Blade","Thunderclap","Searing Blow"],"picked":"SKIP","floor":2},{"not_picked":["Iron Wave","Pummel"],"picked":"Sword Boomerang","floor":4},{"not_picked":["Havoc","Ghostly Armor"],"picked":"Flex","floor":7},{"not_picked":["Headbutt","Flex"],"picked":"Sword Boomerang","floor":8},{"not_picked":["Brutality","Sword Boomerang"],"picked":"Intimidate","floor":10},{"not_picked":["Blood for Blood","Pummel"],"picked":"Spot Weakness","floor":14}],"player_experience":1455286,"relics_obtained":[{"floor":8,"key":"PreservedInsect"},{"floor":11,"key":"Tiny Chest"},{"floor":13,"key":"Bag of Marbles"}],"event_choices":[{"cards_removed":["Defend_R"],"damage_healed":0,"gold_gain":0,"player_choice":"Card Removal","damage_taken":7,"max_hp_gain":0,"max_hp_loss":0,"event_name":"Golden Wing","floor":3,"gold_loss":0},{"damage_healed":0,"gold_gain":0,"player_choice":"Ignored","damage_taken":0,"max_hp_gain":0,"max_hp_loss":0,"event_name":"Liars Game","floor":5,"gold_loss":0}],"is_beta":false,"boss_relics":[],"items_purged_floors":[],"is_endless":false,"potions_floor_spawned":[2,7,10],"killed_by":"Hexaghost","ascension_level":20}}