{"host":"bd3tl98ed0kk4173","time":1612195277,"event":{"mods":["Arknights","Aspiration","BaseMod","Beaked The Cultist","Better Altar","Better Match","Better Note","Better Sensory Stone","Better Skull","Better Third Choice","BetterRewards","CapriCore","Colored Map","Colored Powertips","Conspire","Emptier Cage","Energized Spire","GifTheSpireLib","GungeonMod","Halation","HexUI Lib","Highlight Path","Hubris","Infinite Spire","Jorbs\u0027s Wanderer Trilogy","Minty Spire (QoL Compilation)","Permanent Neow","Quick Restart","Rare Cards Sparkle","Reliquary","Replay The Spire","SacredBarkPlus","Spicy Shops","StSLib","The Animator","The Blue Laboratory","The Death Knight","The Disciple","The Problem Sleuth","The Sage","The Valiant","[GremlinLeader]The Maniac","??????REMEMod"],"gold_per_floor":[59,79,96,96,171,171,196,214,214,214,233,254,273,306,306,431,431,455,380,380,380],"floor_reached":20,"language":"ENG","playtime":3266,"items_purged":[],"score":178,"play_id":"f8830c16-8e52-4b25-a00f-fa60703fb250","local_time":"20210201110117","is_ascension_mode":false,"campfire_choices":[{"data":"MinorHealing","floor":6,"key":"SMITH"},{"data":"DivineFavor","floor":10,"key":"SMITH"},{"data":"TakeAim","floor":15,"key":"SMITH"}],"circlet_count":0,"master_deck":["Strike_Valiant","Strike_Valiant","Strike_Valiant","Strike_Valiant","Strike_Valiant","Defend_Valiant","Defend_Valiant","Defend_Valiant","Defend_Valiant","BlindingLight","MinorHealing+1","MinorHealing+1","stsjorbsmod:IvoryTower","Decimate","DivineFavor+1","Ensoul","Injury","DivineFavor","DualSpirit","TakeAim+1","Salvation","InsightfulPrayer+2"],"relics":["Cross Pendant","REME_ComplimentaryCards","Golden Idol","DemoMod:VorpalBullet","DemoMod:NanoMachines","Ring of Chaos"],"acts_visited":["Exordium","TheCity"],"potions_floor_usage":[7,11,14,14],"damage_taken":[{"damage":12,"enemies":"Cultist","floor":1,"turns":7},{"damage":4,"enemies":"2 Louse","floor":2,"turns":4},{"damage":17,"enemies":"Jaw Worm","floor":3,"turns":2},{"damage":12,"enemies":"Blue Slaver","floor":7,"turns":7},{"damage":22,"enemies":"Lots of Slimes","floor":8,"turns":8},{"damage":27,"enemies":"Gremlin Gang","floor":11,"turns":6},{"damage":8,"enemies":"2 Fungi Beasts","floor":12,"turns":4},{"damage":7,"enemies":"Large Slime","floor":13,"turns":8},{"damage":33,"enemies":"3 Sentries","floor":14,"turns":13},{"damage":85,"enemies":"The Guardian","floor":16,"turns":23},{"damage":0,"enemies":"Chosen","floor":18,"turns":3},{"damage":143,"enemies":"Spheric Guardian","floor":20,"turns":21}],"seed_played":"-3217356673388913605","potions_obtained":[{"floor":3,"key":"SkillPotion"},{"floor":7,"key":"blueLaboratory:RememoryPotion"},{"floor":8,"key":"Explosive Potion"},{"floor":14,"key":"REME_GoldPotion"}],"is_trial":false,"path_per_floor":["M","M","M","?","?","R","M","M","T","R","M","M","M","E","R","B",null,"M","?","M"],"character_chosen":"TheValiant","items_purchased":[],"campfire_rested":0,"item_purchase_floors":[],"current_hp_per_floor":[92,100,91,91,80,80,91,93,93,93,99,100,100,99,99,66,100,100,100,0,0],"gold":380,"neow_bonus":"RANDOM_EVENT","is_daily":false,"chose_seed":false,"campfire_upgraded":3,"win_rate":0.0,"timestamp":1612195277,"path_taken":["M","M","M","?","?","R","M","M","T","R","M","M","M","E","R","BOSS","M","?","M"],"items_purchased_type":[],"build_version":"2020-12-22","purchased_purges":0,"victory":false,"max_hp_per_floor":[100,100,100,100,100,100,100,100,100,100,100,100,100,100,100,100,100,100,100,100,100],"card_choices":[{"not_picked":["EmpoweringForce","ZealousPersecution"],"picked":"Decimate","floor":1},{"not_picked":["Chainer","UnyieldingZeal"],"picked":"DivineFavor","floor":2},{"not_picked":["TearSoul","Quickstep"],"picked":"Ensoul","floor":3},{"not_picked":["UnyieldingZeal","DelvingPrayer"],"picked":"DivineFavor","floor":7},{"not_picked":["ZealousPersecution","RecklessSmite","HolyFury"],"picked":"SKIP","floor":8},{"not_picked":["AlmightySmite","Desperation","QuickSiphon"],"picked":"SKIP","floor":11},{"not_picked":["TurnTables","GracefulSiphon"],"picked":"DualSpirit","floor":12},{"not_picked":["HolyFury","WideSmite","Chainer"],"picked":"SKIP","floor":13},{"not_picked":["FlashOfAnger","TearSoul"],"picked":"TakeAim","floor":14},{"not_picked":["Execution","FinalGambit"],"picked":"Salvation","floor":16},{"not_picked":["RecklessSmite","MercilessSmite","Zen"],"picked":"SKIP","floor":18},{"not_picked":["Sharpen+1","Retaliate+1"],"picked":"InsightfulPrayer+2","floor":19}],"player_experience":103225,"relics_obtained":[{"floor":9,"key":"DemoMod:VorpalBullet"},{"floor":14,"key":"DemoMod:NanoMachines"}],"event_choices":[{"damage_healed":0,"gold_gain":0,"player_choice":"Take Wound","damage_taken":0,"relics_obtained":["Golden Idol"],"max_hp_gain":0,"max_hp_loss":0,"event_name":"Golden Idol","floor":4,"gold_loss":0,"cards_obtained":["Injury"]},{"damage_healed":0,"gold_gain":75,"player_choice":"Gold","damage_taken":11,"max_hp_gain":0,"max_hp_loss":0,"event_name":"betterThird:BetterGoop","floor":5,"gold_loss":0},{"damage_healed":0,"gold_gain":0,"player_choice":"2","damage_taken":0,"max_hp_gain":0,"max_hp_loss":0,"event_name":"betterMatch:BetterMatch","floor":19,"gold_loss":0,"cards_obtained":["betterMatch:UncommonCard"]}],"is_beta":false,"boss_relics":[{"not_picked":["SacredBark","halation:MonkeysPaw"],"picked":"Ring of Chaos"}],"items_purged_floors":[],"is_endless":false,"potions_floor_spawned":[3,7,8,13,14],"killed_by":"Spheric Guardian","ascension_level":0}}