{"host":"s2ap0bnrs90y0f0j","time":1612151408,"event":{"mods":["BaseMod","Minty Spire (QoL Compilation)","StSLib","TheBandit"],"gold_per_floor":[117,292,367,16,16,16,61,61,113,145,145,76,76,85,85,213,213,213,67,67,67,67,67,67,67,67,67,67,67,67,67,67,67,67,67,67,67,67,67,67,67,67,67,67,67,67,67,67,67,67,67,67],"floor_reached":50,"language":"ENG","playtime":3101,"items_purged":["Doubt"],"score":806,"play_id":"cb382fbe-0300-48cc-ac82-b80d5b255e17","local_time":"20210131225008","is_ascension_mode":true,"campfire_choices":[{"floor":8,"key":"RECALL"},{"data":"wariomod:DoubleDash","floor":11,"key":"SMITH"},{"data":"wariomod:SilenceBombs","floor":13,"key":"SMITH"},{"data":"wariomod:Step","floor":15,"key":"SMITH"},{"data":"wariomod:Bombshield","floor":32,"key":"SMITH"},{"data":"Ghostly","floor":41,"key":"SMITH"},{"floor":45,"key":"REST"},{"floor":49,"key":"REST"}],"circlet_count":0,"master_deck":["wariomod:Strike","wariomod:Strike","wariomod:Strike","wariomod:Defend","wariomod:Defend","wariomod:Step+1","wariomod:Leap","wariomod:BodyBlock","Apotheosis+1","wariomod:Hopshield","wariomod:DoubleDash+1","wariomod:Leapslam","wariomod:SilenceBombs+1","wariomod:AwfulLook","wariomod:PoisonBombs","wariomod:Boomsmack+1","RitualDagger","Ghostly","Ghostly","Ghostly","Ghostly","Ghostly+1","wariomod:Bombshield+1","wariomod:Enshrine","wariomod:Bombshield+1","Parasite","wariomod:Bombtime","Secret Technique"],"relics":["wariomod:TheHat","Golden Idol","CeramicFish","Akabeko","Ectoplasm","wariomod:SmileyHat","Regal Pillow","Singing Bowl","Bag of Marbles","Thread and Needle","Gambling Chip","Pantograph","Empty Cage","Bronze Scales","Oddly Smooth Stone","Strawberry","StrikeDummy","Orichalcum"],"acts_visited":["Exordium","TheCity","TheBeyond"],"potions_floor_usage":[29,30,42],"damage_taken":[{"damage":2,"enemies":"2 Louse","floor":1,"turns":2},{"damage":9,"enemies":"Gremlin Nob","floor":7,"turns":5},{"damage":1,"enemies":"Jaw Worm","floor":10,"turns":2},{"damage":38,"enemies":"The Guardian","floor":16,"turns":10},{"damage":0,"enemies":"Chosen","floor":18,"turns":3},{"damage":26,"enemies":"3 Byrds","floor":21,"turns":4},{"damage":3,"enemies":"Book of Stabbing","floor":23,"turns":6},{"damage":1,"enemies":"Shelled Parasite and Fungi","floor":24,"turns":4},{"damage":15,"enemies":"Gremlin Leader","floor":25,"turns":8},{"damage":0,"enemies":"Book of Stabbing","floor":28,"turns":5},{"damage":0,"enemies":"Colosseum Slavers","floor":29,"turns":3},{"damage":0,"enemies":"Colosseum Nobs","floor":29,"turns":5},{"damage":1,"enemies":"Chosen and Byrds","floor":30,"turns":6},{"damage":0,"enemies":"Snake Plant","floor":31,"turns":4},{"damage":34,"enemies":"Champ","floor":33,"turns":9},{"damage":0,"enemies":"Orb Walker","floor":35,"turns":4},{"damage":0,"enemies":"3 Shapes","floor":38,"turns":1},{"damage":0,"enemies":"Writhing Mass","floor":39,"turns":7},{"damage":0,"enemies":"Giant Head","floor":40,"turns":11},{"damage":29,"enemies":"Reptomancer","floor":42,"turns":7},{"damage":16,"enemies":"Giant Head","floor":46,"turns":8},{"damage":104,"enemies":"Time Eater","floor":50,"turns":9}],"seed_played":"3276307554824857059","potions_obtained":[{"floor":10,"key":"GamblersBrew"},{"floor":23,"key":"Swift Potion"},{"floor":25,"key":"Block Potion"},{"floor":28,"key":"FairyPotion"},{"floor":30,"key":"Weak Potion"},{"floor":31,"key":"SteroidPotion"},{"floor":42,"key":"BlessingOfTheForge"}],"is_trial":false,"path_per_floor":["M","?","?","$","?","?","E","R","T","M","R","$","R","?","R","B",null,"M","$","?","M","?","E","M","E","T","$","E","?","M","M","R","B",null,"M","?","T","M","M","E","R","E","T","?","R","E","?","?","R","B"],"character_chosen":"THE_BANDIT","items_purchased":["Apotheosis","wariomod:Hopshield","wariomod:EndlessBlast","wariomod:SilenceBombs","wariomod:SmileyHat"],"campfire_rested":2,"item_purchase_floors":[4,4,4,12,19],"current_hp_per_floor":[86,86,75,75,75,75,66,66,66,65,65,65,65,65,65,27,81,81,81,75,49,40,37,36,23,23,23,25,27,28,28,28,14,48,50,50,50,50,50,52,52,32,32,32,61,47,47,41,64,0,0,0],"gold":67,"neow_bonus":"TEN_PERCENT_HP_BONUS","is_daily":false,"chose_seed":false,"campfire_upgraded":5,"win_rate":0.0,"timestamp":1612151408,"path_taken":["M","?","?","?","?","?","E","R","T","?","R","$","R","?","R","BOSS","M","$","?","M","?","E","M","E","T","?","E","?","M","M","R","BOSS","M","?","?","M","M","E","R","E","T","?","R","E","?","?","R","BOSS"],"items_purchased_type":["Card","Card","Card","Card","Relic"],"build_version":"2020-12-22","purchased_purges":1,"victory":false,"max_hp_per_floor":[88,88,88,88,81,81,81,81,81,81,81,81,81,81,81,81,81,81,81,81,81,40,40,40,42,42,42,44,46,48,48,48,48,48,50,50,50,50,50,52,52,61,61,61,61,63,60,64,64,64,64,64],"card_choices":[{"not_picked":["wariomod:DanceDash","wariomod:SmallSprint"],"picked":"wariomod:BodyBlock","floor":1},{"not_picked":["wariomod:HappyHit","wariomod:Goblast"],"picked":"wariomod:DoubleDash","floor":7},{"not_picked":["wariomod:BumRush","wariomod:SimpleShield"],"picked":"wariomod:Leapslam","floor":10},{"not_picked":["wariomod:FabulousPrizes","wariomod:Sidestep"],"picked":"wariomod:PoisonBombs","floor":16},{"not_picked":["wariomod:DiceyMove+1","wariomod:DanceDash"],"picked":"wariomod:Boomsmack+1","floor":18},{"not_picked":["wariomod:SmallSprint+1","wariomod:ImFeelingLucky","wariomod:Leapslam+1"],"picked":"SKIP","floor":21},{"not_picked":["wariomod:HappyHit","wariomod:DiceyMove","wariomod:DanceDash+1"],"picked":"SKIP","floor":23},{"not_picked":["wariomod:BoomBoom","wariomod:Boomsmack","wariomod:DoubleDash"],"picked":"SKIP","floor":24},{"not_picked":["wariomod:SpikeSlash+1","wariomod:TrekTime","wariomod:DropBash"],"picked":"Singing Bowl","floor":25},{"not_picked":["wariomod:BoomAndDoom","wariomod:ThatsNotAll+1","wariomod:Smackflip"],"picked":"Singing Bowl","floor":28},{"not_picked":["wariomod:Leapslam","wariomod:SmallSprint","wariomod:AbandonGame"],"picked":"Singing Bowl","floor":29},{"not_picked":["wariomod:Hopshield","wariomod:HappyHit","wariomod:SpikeSlash"],"picked":"Singing Bowl","floor":30},{"not_picked":["wariomod:DoubleDash","wariomod:Purify"],"picked":"wariomod:Bombshield","floor":31},{"not_picked":["wariomod:BoomAndDoom","wariomod:DeadlyDash"],"picked":"wariomod:Enshrine","floor":33},{"not_picked":["wariomod:ChargeForth","wariomod:BlastDash+1","wariomod:Smackflip+1"],"picked":"Singing Bowl","floor":35},{"not_picked":["wariomod:EndlessBlast+1","wariomod:ChargeForth"],"picked":"wariomod:Bombshield+1","floor":38},{"not_picked":["wariomod:Hopshield","wariomod:SelfImprison"],"picked":"wariomod:Bombtime","floor":39},{"not_picked":["wariomod:Hopshield","wariomod:SmallSprint+1","wariomod:BodyBlock"],"picked":"Singing Bowl","floor":40},{"not_picked":["wariomod:SpikeSlash+1","wariomod:BodyBlock","wariomod:DanceDash+1"],"picked":"Singing Bowl","floor":42},{"not_picked":["wariomod:Game+1","wariomod:BodyBlock+1","wariomod:HappyHop"],"picked":"Singing Bowl","floor":46},{"not_picked":["Purity","Madness"],"picked":"Secret Technique","floor":48},{"not_picked":["Impatience","Dramatic Entrance","Trip"],"picked":"Singing Bowl","floor":48},{"not_picked":["Madness","Good Instincts","Dark Shackles"],"picked":"Singing Bowl","floor":48}],"player_experience":524871,"relics_obtained":[{"floor":7,"key":"CeramicFish"},{"floor":9,"key":"Akabeko"},{"floor":23,"key":"Regal Pillow"},{"floor":25,"key":"Singing Bowl"},{"floor":26,"key":"Bag of Marbles"},{"floor":28,"key":"Thread and Needle"},{"floor":29,"key":"Gambling Chip"},{"floor":29,"key":"Pantograph"},{"floor":37,"key":"Bronze Scales"},{"floor":40,"key":"Oddly Smooth Stone"},{"floor":42,"key":"Strawberry"},{"floor":43,"key":"StrikeDummy"},{"floor":46,"key":"Orichalcum"}],"event_choices":[{"damage_healed":0,"gold_gain":175,"player_choice":"AGREE","damage_taken":0,"max_hp_gain":0,"max_hp_loss":0,"event_name":"Liars Game","floor":2,"gold_loss":0,"cards_obtained":["Doubt"]},{"damage_healed":0,"gold_gain":75,"player_choice":"Gather Gold","damage_taken":11,"max_hp_gain":0,"max_hp_loss":0,"event_name":"World of Goop","floor":3,"gold_loss":0},{"damage_healed":0,"gold_gain":0,"player_choice":"Lose Max HP","damage_taken":0,"relics_obtained":["Golden Idol"],"max_hp_gain":0,"max_hp_loss":7,"event_name":"Golden Idol","floor":5,"gold_loss":0},{"damage_healed":0,"gold_gain":0,"player_choice":"Forge","damage_taken":0,"max_hp_gain":0,"max_hp_loss":0,"event_name":"Accursed Blacksmith","floor":6,"gold_loss":0,"cards_upgraded":["Apotheosis"]},{"damage_healed":0,"gold_gain":0,"cards_transformed":["wariomod:Defend"],"player_choice":"Transformed","damage_taken":0,"max_hp_gain":0,"max_hp_loss":0,"event_name":"Transmorgrifier","floor":14,"gold_loss":0,"cards_obtained":["wariomod:AwfulLook"]},{"damage_healed":0,"gold_gain":0,"player_choice":"Joined the Cult","damage_taken":6,"max_hp_gain":0,"max_hp_loss":0,"event_name":"Nest","floor":20,"gold_loss":0,"cards_obtained":["RitualDagger"]},{"damage_healed":0,"gold_gain":0,"player_choice":"Became a Ghost","damage_taken":0,"max_hp_gain":0,"max_hp_loss":41,"event_name":"Ghosts","floor":22,"gold_loss":0,"cards_obtained":["Ghostly","Ghostly","Ghostly","Ghostly","Ghostly"]},{"damage_healed":0,"gold_gain":0,"player_choice":"Fight","damage_taken":0,"max_hp_gain":0,"max_hp_loss":0,"event_name":"Colosseum","floor":29,"gold_loss":0},{"damage_healed":0,"gold_gain":0,"player_choice":"Fought Nobs","damage_taken":0,"max_hp_gain":0,"max_hp_loss":0,"event_name":"Colosseum","floor":29,"gold_loss":0},{"damage_healed":0,"gold_gain":0,"player_choice":"Ignored","damage_taken":0,"max_hp_gain":0,"max_hp_loss":0,"event_name":"The Moai Head","floor":36,"gold_loss":0},{"cards_removed":["wariomod:EndlessBlast"],"damage_healed":0,"gold_gain":0,"player_choice":"Removed Attack","damage_taken":0,"max_hp_gain":0,"max_hp_loss":0,"event_name":"Falling","floor":44,"gold_loss":0},{"damage_healed":0,"gold_gain":0,"player_choice":"Max HP","damage_taken":0,"max_hp_gain":0,"max_hp_loss":3,"event_name":"Winding Halls","floor":47,"gold_loss":0},{"damage_healed":0,"gold_gain":0,"player_choice":"Memory 3","damage_taken":10,"max_hp_gain":0,"max_hp_loss":0,"event_name":"SensoryStone","floor":48,"gold_loss":0}],"is_beta":false,"boss_relics":[{"not_picked":["Snecko Eye","Runic Dome"],"picked":"Ectoplasm"},{"not_picked":["Astrolabe","wariomod:SuperHat"],"picked":"Empty Cage"}],"items_purged_floors":[4],"is_endless":false,"potions_floor_spawned":[10,23,25,28,30,31,38,40,42],"killed_by":"Time Eater","ascension_level":4}}