{"host":"6pfj0wha12yu6wq3","time":1612212685,"event":{"mods":["AchievementEnabler","BaseMod","Colored Map","Colored Powertips","Curses Come First","DeckTracker","Minty Spire (QoL Compilation)","RNG Fix","Relic Sorter","Relic Stats","StSLib","UnlockEverythingMod","ojb\u0027s Better Paths Mod","ojb\u0027s Info Mod"],"gold_per_floor":[20,20,32,43,56,56,84,84,84,109,119,44,44,61,61,140,140,155,174,99,99,118,150,150,184,234,265,265,280,296,315,315,394,394,405,225,225,225,243,276,301,251,251,285,37,37,90,121,121,121,121,121,121,13,44,44],"floor_reached":57,"language":"ENG","playtime":8525,"items_purged":["Strike_G","Defend_G","Strike_G","Strike_G"],"score":2916,"play_id":"739868a1-c4d6-4dd5-802d-19d72736ee46","local_time":"20210201155125","is_ascension_mode":true,"campfire_choices":[{"data":"Phantasmal Killer","floor":6.0,"key":"SMITH"},{"data":"Envenom","floor":8.0,"key":"SMITH"},{"floor":13.0,"key":"REST"},{"data":"Wraith Form v2","floor":15.0,"key":"SMITH"},{"data":"Tools of the Trade","floor":32.0,"key":"SMITH"},{"floor":49.0,"key":"RECALL"},{"floor":53,"key":"REST"}],"circlet_count":0,"master_deck":["AscendersBane","Strike_G","Survivor","Neutralize","Phantasmal Killer+1","Envenom+1","Poisoned Stab","Blade Dance","Infinite Blades","Bane","Wraith Form v2+1","Noxious Fumes","Backflip","After Image","Flying Knee+1","Calculated Gamble+1","Slice+1","RitualDagger","Riddle With Holes+1","Tools of the Trade+1","Blade Dance","Crippling Poison","Adrenaline","Outmaneuver+1","Wraith Form v2","Sadistic Nature","Violence","PanicButton","Underhanded Strike+1","Acrobatics+1","Blade Dance","Night Terror","Madness","Madness","Blade Dance+1","Expertise","PiercingWail","Adrenaline"],"relics":["Ring of the Snake","Omamori","Gambling Chip","Blood Vial","Runic Pyramid","Ornamental Fan","Pantograph","Question Card","Paper Crane","Fusion Hammer","Smiling Mask","Lizard Tail","Torii","Oddly Smooth Stone","ClockworkSouvenir","Mango","Bag of Marbles","Sundial"],"acts_visited":["Exordium","TheCity","TheBeyond","TheEnding"],"potions_floor_usage":[56],"damage_taken":[{"damage":2.0,"enemies":"2 Louse","floor":1.0,"turns":3.0},{"damage":6.0,"enemies":"Cultist","floor":3.0,"turns":3.0},{"damage":6.0,"enemies":"Jaw Worm","floor":4.0,"turns":4.0},{"damage":4.0,"enemies":"Exordium Thugs","floor":5.0,"turns":5.0},{"damage":10.0,"enemies":"3 Sentries","floor":7.0,"turns":5.0},{"damage":11.0,"enemies":"Gremlin Nob","floor":10.0,"turns":3.0},{"damage":7.0,"enemies":"3 Louse","floor":11.0,"turns":3.0},{"damage":2.0,"enemies":"Red Slaver","floor":14.0,"turns":3.0},{"damage":14.0,"enemies":"Hexaghost","floor":16.0,"turns":7.0},{"damage":5.0,"enemies":"3 Byrds","floor":18.0,"turns":7.0},{"damage":1.0,"enemies":"Shell Parasite","floor":19.0,"turns":4.0},{"damage":0.0,"enemies":"Chosen and Byrds","floor":22.0,"turns":6.0},{"damage":22.0,"enemies":"Gremlin Leader","floor":23.0,"turns":6.0},{"damage":15.0,"enemies":"Slavers","floor":25.0,"turns":6.0},{"damage":9.0,"enemies":"Gremlin Leader","floor":27.0,"turns":4.0},{"damage":0.0,"enemies":"3 Cultists","floor":29.0,"turns":5.0},{"damage":3.0,"enemies":"Snake Plant","floor":30.0,"turns":3.0},{"damage":2.0,"enemies":"Shelled Parasite and Fungi","floor":31.0,"turns":4.0},{"damage":20.0,"enemies":"Collector","floor":33.0,"turns":10.0},{"damage":0.0,"enemies":"Orb Walker","floor":35.0,"turns":3.0},{"damage":0.0,"enemies":"3 Shapes","floor":39.0,"turns":4.0},{"damage":5.0,"enemies":"Reptomancer","floor":40.0,"turns":4.0},{"damage":2.0,"enemies":"Mind Bloom Boss Battle","floor":41.0,"turns":4.0},{"damage":3.0,"enemies":"Nemesis","floor":44.0,"turns":5.0},{"damage":2.0,"enemies":"2 Orb Walkers","floor":47.0,"turns":4.0},{"damage":0.0,"enemies":"Reptomancer","floor":48.0,"turns":5.0},{"damage":2,"enemies":"Awakened One","floor":50,"turns":11},{"damage":13,"enemies":"Time Eater","floor":51,"turns":13},{"damage":3,"enemies":"Shield and Spear","floor":55,"turns":8},{"damage":13,"enemies":"The Heart","floor":56,"turns":8}],"seed_played":"-566929779643352071","potions_obtained":[{"floor":5.0,"key":"AttackPotion"},{"floor":7.0,"key":"Fire Potion"},{"floor":10.0,"key":"FearPotion"},{"floor":16.0,"key":"DistilledChaos"},{"floor":25.0,"key":"SteroidPotion"},{"floor":27.0,"key":"SmokeBomb"},{"floor":33.0,"key":"BlessingOfTheForge"},{"floor":35.0,"key":"PowerPotion"},{"floor":48.0,"key":"DistilledChaos"}],"is_trial":false,"path_per_floor":["M","?","M","M","M","R","E","R","T","E","M","$","R","M","R","B",null,"M","M","?","?","M","E","?","E","T","E","T","M","M","M","R","B",null,"M","$","?","?","M","E","?","$","T","E","$","?","?","E","R","B","B",null,"R","$","E","B",null],"character_chosen":"THE_SILENT","items_purchased":["Wraith Form v2","Night Terror","ClockworkSouvenir","PiercingWail"],"campfire_rested":2,"item_purchase_floors":[36,45,45,54],"current_hp_per_floor":[57,50,44,38,34,34,24,24,24,13,8,8,27,27,27,15,53,50,51,51,51,53,33,27,14,14,7,7,9,8,8,8,15,53,55,55,45,45,47,44,64,64,64,63,63,51,65,67,67,78,67,77,80,80,77,67],"gold":44,"neow_bonus":"TRANSFORM_TWO_CARDS","is_daily":false,"chose_seed":false,"campfire_upgraded":4,"win_rate":0.0,"timestamp":1612212685,"path_taken":["M","?","?","M","M","R","E","R","T","E","M","?","R","M","R","BOSS","M","M","?","?","?","E","?","E","T","E","?","M","M","M","R","BOSS","M","$","?","?","?","E","?","$","T","E","$","?","?","E","R","BOSS","BOSS","R","$","E","BOSS"],"items_purchased_type":["Card","Card","Relic","Card"],"build_version":"2020-12-22","purchased_purges":4,"victory":true,"max_hp_per_floor":[66,66,66,66,66,66,66,66,66,66,66,66,66,66,66,66,66,66,66,66,66,66,66,66,66,66,66,66,66,66,66,66,66,66,66,66,66,66,66,66,66,66,66,66,66,66,80,80,80,80,80,80,80,80,80,80],"relic_stats":{"Blood Vial":38,"Lizard Tail":0,"Torii":14,"counters":[30,160],"Ornamental Fan":[320],"Sundial":[0],"Gambling Chip":[79],"Pantograph":65,"Question Card":15,"Smiling Mask":175,"obtain_stats":[{"Torii":43,"Oddly Smooth Stone":44,"Mango":47,"Omamori":7,"Paper Crane":28,"Question Card":27,"Smiling Mask":40,"ClockworkSouvenir":45,"Blood Vial":10,"Lizard Tail":41,"Ornamental Fan":23,"Sundial":55,"Gambling Chip":9,"Pantograph":25,"Fusion Hammer":34,"Bag of Marbles":48,"Ring of the Snake":0,"Runic Pyramid":17},{"Torii":23,"Oddly Smooth Stone":24,"Mango":25,"Omamori":5,"Paper Crane":15,"Question Card":15,"Smiling Mask":22,"ClockworkSouvenir":24,"Blood Vial":6,"Lizard Tail":23,"Ornamental Fan":13,"Sundial":29,"Gambling Chip":5,"Pantograph":14,"Fusion Hammer":19,"Bag of Marbles":26,"Ring of the Snake":0,"Runic Pyramid":9},{"Torii":106,"Oddly Smooth Stone":111,"Mango":115,"Omamori":20,"Paper Crane":69,"Question Card":69,"Smiling Mask":102,"ClockworkSouvenir":111,"Blood Vial":23,"Lizard Tail":106,"Ornamental Fan":59,"Sundial":152,"Gambling Chip":20,"Pantograph":65,"Fusion Hammer":91,"Bag of Marbles":120,"Ring of the Snake":0,"Runic Pyramid":36}],"Ring of the Snake":[60]},"card_choices":[{"not_picked":["Eviscerate","Flying Knee"],"picked":"Poisoned Stab","floor":1.0},{"not_picked":["Quick Slash","Deflect"],"picked":"Blade Dance","floor":3.0},{"not_picked":["Grand Finale","Poisoned Stab"],"picked":"Infinite Blades","floor":4.0},{"not_picked":["Prepared","Flechettes","Choke"],"picked":"SKIP","floor":5.0},{"not_picked":["Acrobatics","Dagger Throw"],"picked":"Bane","floor":7.0},{"not_picked":["Underhanded Strike","Acrobatics"],"picked":"Wraith Form v2","floor":10.0},{"not_picked":["Sucker Punch","Tactician"],"picked":"Noxious Fumes","floor":11.0},{"not_picked":["Deflect","Poisoned Stab"],"picked":"Backflip","floor":14.0},{"not_picked":["Adrenaline","Storm of Steel"],"picked":"After Image","floor":16.0},{"not_picked":["Deflect","Eviscerate","Dodge and Roll"],"picked":"SKIP","floor":18.0},{"not_picked":["Deflect","Eviscerate","Dodge and Roll"],"picked":"SKIP","floor":18.0},{"not_picked":["Infinite Blades+1","Riddle With Holes"],"picked":"Flying Knee+1","floor":19.0},{"not_picked":["Backflip","Acrobatics"],"picked":"Calculated Gamble+1","floor":22.0},{"not_picked":["Skewer","Deflect"],"picked":"Slice+1","floor":23.0},{"not_picked":["A Thousand Cuts","Calculated Gamble"],"picked":"Riddle With Holes+1","floor":25.0},{"not_picked":["Heel Hook","PiercingWail"],"picked":"Tools of the Trade","floor":27.0},{"not_picked":["Dagger Spray","Dagger Throw","Expertise","Deadly Poison"],"picked":"SKIP","floor":29.0},{"not_picked":["Prepared","Underhanded Strike","Outmaneuver"],"picked":"Blade Dance","floor":30.0},{"not_picked":["Deadly Poison","Quick Slash","Riddle With Holes"],"picked":"Crippling Poison","floor":31.0},{"not_picked":["Glass Knife","Corpse Explosion","Envenom"],"picked":"Adrenaline","floor":33.0},{"not_picked":["PiercingWail","Underhanded Strike","Bane"],"picked":"Outmaneuver+1","floor":35.0},{"not_picked":["Metamorphosis","Dramatic Entrance","Jack Of All Trades"],"picked":"Sadistic Nature","floor":37.0},{"not_picked":["Swift Strike","Mind Blast","Purity"],"picked":"Violence","floor":37.0},{"not_picked":["Discovery","Dramatic Entrance","Impatience"],"picked":"PanicButton","floor":37.0},{"not_picked":["Expertise","Sucker Punch","Skewer"],"picked":"Underhanded Strike+1","floor":39.0},{"not_picked":["Noxious Fumes","Cloak And Dagger","Bouncing Flask+1"],"picked":"Acrobatics+1","floor":40.0},{"not_picked":["Underhanded Strike","Poisoned Stab","Outmaneuver"],"picked":"Blade Dance","floor":41.0},{"not_picked":["Deadly Poison","Endless Agony","Outmaneuver","Footwork+1"],"picked":"SKIP","floor":44.0},{"not_picked":["Deadly Poison","Corpse Explosion","Dodge and Roll"],"picked":"Blade Dance+1","floor":47.0},{"not_picked":["Prepared","Distraction+1","Bouncing Flask"],"picked":"Expertise","floor":48.0},{"not_picked":["Eviscerate","Sucker Punch","Skewer+1"],"picked":"Adrenaline","floor":55}],"player_experience":588619,"relics_obtained":[{"floor":7.0,"key":"Omamori"},{"floor":9.0,"key":"Gambling Chip"},{"floor":10.0,"key":"Blood Vial"},{"floor":23.0,"key":"Ornamental Fan"},{"floor":25.0,"key":"Pantograph"},{"floor":27.0,"key":"Question Card"},{"floor":28.0,"key":"Paper Crane"},{"floor":40.0,"key":"Smiling Mask"},{"floor":41.0,"key":"Lizard Tail"},{"floor":43.0,"key":"Torii"},{"floor":44.0,"key":"Oddly Smooth Stone"},{"floor":47.0,"key":"Mango"},{"floor":48.0,"key":"Bag of Marbles"},{"floor":55,"key":"Sundial"}],"event_choices":[{"cards_removed":["Strike_G"],"damage_healed":0.0,"max_hp_gain":0.0,"max_hp_loss":0.0,"gold_gain":0.0,"event_name":"Golden Wing","player_choice":"Card Removal","floor":2.0,"gold_loss":0.0,"damage_taken":7.0},{"cards_removed":["Defend_G"],"damage_healed":0.0,"max_hp_gain":0.0,"max_hp_loss":0.0,"gold_gain":0.0,"event_name":"Beggar","player_choice":"Gave Gold","floor":20.0,"gold_loss":75.0,"damage_taken":0.0},{"cards_removed":["Defend_G"],"damage_healed":0.0,"max_hp_gain":0.0,"max_hp_loss":0.0,"gold_gain":0.0,"event_name":"Bonfire Elementals","player_choice":"Offered Basic","floor":21.0,"gold_loss":0.0,"damage_taken":0.0},{"damage_healed":0.0,"max_hp_gain":0.0,"max_hp_loss":0.0,"gold_gain":0.0,"event_name":"Nest","player_choice":"Joined the Cult","floor":24.0,"gold_loss":0.0,"damage_taken":6.0,"cards_obtained":["RitualDagger"]},{"damage_healed":0.0,"max_hp_gain":0.0,"max_hp_loss":0.0,"gold_gain":0.0,"event_name":"SensoryStone","player_choice":"Memory 3","floor":37.0,"gold_loss":0.0,"damage_taken":10.0},{"damage_healed":0.0,"max_hp_gain":0.0,"max_hp_loss":0.0,"gold_gain":0.0,"event_name":"Tomb of Lord Red Mask","player_choice":"Ignored","floor":38.0,"gold_loss":0.0,"damage_taken":0.0},{"damage_healed":0.0,"max_hp_gain":0.0,"max_hp_loss":0.0,"gold_gain":0.0,"event_name":"MindBloom","player_choice":"Fight","floor":41.0,"gold_loss":0.0,"damage_taken":0.0},{"damage_healed":0.0,"max_hp_gain":0.0,"max_hp_loss":0.0,"gold_gain":0.0,"event_name":"Winding Halls","player_choice":"Embrace Madness","floor":46.0,"gold_loss":0.0,"damage_taken":12.0,"cards_obtained":["Madness","Madness"]},{"damage_healed":0.0,"max_hp_gain":0.0,"max_hp_loss":0.0,"gold_gain":0.0,"event_name":"Mysterious Sphere","player_choice":"Fight","floor":47.0,"gold_loss":0.0,"damage_taken":0.0}],"is_beta":false,"boss_relics":[{"not_picked":["Black Star","Sozu"],"picked":"Runic Pyramid"},{"not_picked":["SacredBark","Astrolabe"],"picked":"Fusion Hammer"}],"items_purged_floors":[12,36,42,54],"is_endless":false,"potions_floor_spawned":[5,7,10,16,25,27,33,35,39,48,55],"ascension_level":20}}