{"host":"wuernuywc9gl215o","time":1612209442,"event":{"mods":["AchievementEnabler","BaseMod","Block Reminder","Key Reminder","Minty Spire (QoL Compilation)","Permanent Neow","Potion Indicator Mod","Quick Restart","Relic Stats"],"gold_per_floor":[109,109,126,126,126,126,136,168,168,178,178,178,210,226,226,326,326,339,254,353,372,372,372,388,388,388,388,414,433,7,34,34,131,131,149,249,15,34,46,71,71,83,108,108,120,22,47,66,66,66,66,66,4,31,31,31],"floor_reached":55,"language":"ENG","playtime":5332,"items_purged":["Decay","Prepared"],"score":1188,"play_id":"063bf7e0-ad52-40f1-90ad-70541b3db93b","local_time":"20210201195722","is_ascension_mode":true,"campfire_choices":[{"data":"Footwork","floor":6.0,"key":"SMITH"},{"floor":12.0,"key":"REST"},{"floor":15.0,"key":"REST"},{"floor":23.0,"key":"REST"},{"data":"Skewer","floor":25.0,"key":"SMITH"},{"floor":27.0,"key":"REST"},{"data":"Adrenaline","floor":32.0,"key":"SMITH"},{"data":"Storm of Steel","floor":41.0,"key":"SMITH"},{"floor":44.0,"key":"RECALL"},{"data":"Catalyst","floor":49.0,"key":"SMITH"},{"data":"Tactician","floor":52.0,"key":"SMITH"}],"circlet_count":0,"master_deck":["AscendersBane","Strike_G","Defend_G","Defend_G","Defend_G","Defend_G","Survivor","Neutralize","Footwork+1","Underhanded Strike","Noxious Fumes","Tools of the Trade","Flying Knee","Skewer+1","Skewer","Adrenaline+1","Choke","Dagger Throw","Leg Sweep","Cloak And Dagger+1","Backflip","Tactician+1","Underhanded Strike","Storm of Steel+1","Leg Sweep+1","Distraction+1","Bouncing Flask+1","Blur","Bouncing Flask+1","Tactician+1","Choke","Catalyst+1","Predator","Footwork","Cloak And Dagger+1","Wraith Form v2"],"relics":["Ring of the Snake","Gambling Chip","Ornamental Fan","Pear","MealTicket","Snecko Eye","Anchor","Shuriken","Vajra","Gremlin Horn","Unceasing Top","Astrolabe","Membership Card","InkBottle","Kunai","Incense Burner"],"acts_visited":["Exordium","TheCity","TheBeyond","TheEnding"],"potions_floor_usage":[55,55],"damage_taken":[{"damage":5.0,"enemies":"Cultist","floor":1.0,"turns":4.0},{"damage":0.0,"enemies":"2 Louse","floor":3.0,"turns":3.0},{"damage":1.0,"enemies":"Jaw Worm","floor":7.0,"turns":5.0},{"damage":38.0,"enemies":"Gremlin Nob","floor":8.0,"turns":5.0},{"damage":14.0,"enemies":"Gremlin Gang","floor":10.0,"turns":6.0},{"damage":18.0,"enemies":"Lagavulin","floor":13.0,"turns":7.0},{"damage":0.0,"enemies":"Large Slime","floor":14.0,"turns":7.0},{"damage":41.0,"enemies":"Slime Boss","floor":16.0,"turns":11.0},{"damage":11.0,"enemies":"Shell Parasite","floor":18.0,"turns":7.0},{"damage":22.0,"enemies":"2 Thieves","floor":21.0,"turns":4.0},{"damage":15.0,"enemies":"Snake Plant","floor":24.0,"turns":5.0},{"damage":13.0,"enemies":"Gremlin Leader","floor":28.0,"turns":7.0},{"damage":9.0,"enemies":"Sentry and Sphere","floor":29.0,"turns":6.0},{"damage":0.0,"enemies":"Slavers","floor":31.0,"turns":5.0},{"damage":34.0,"enemies":"Automaton","floor":33.0,"turns":10.0},{"damage":0.0,"enemies":"Orb Walker","floor":35.0,"turns":3.0},{"damage":1.0,"enemies":"3 Darklings","floor":38.0,"turns":2.0},{"damage":0.0,"enemies":"Jaw Worm Horde","floor":39.0,"turns":4.0},{"damage":0.0,"enemies":"Giant Head","floor":40.0,"turns":7.0},{"damage":3.0,"enemies":"Writhing Mass","floor":42.0,"turns":4.0},{"damage":0.0,"enemies":"Spire Growth","floor":45.0,"turns":3.0},{"damage":4.0,"enemies":"Nemesis","floor":47.0,"turns":5.0},{"damage":0.0,"enemies":"Sphere and 2 Shapes","floor":48.0,"turns":4.0},{"damage":44.0,"enemies":"Time Eater","floor":50.0,"turns":13.0},{"damage":15.0,"enemies":"Shield and Spear","floor":54.0,"turns":6.0},{"damage":68,"enemies":"The Heart","floor":55,"turns":5}],"seed_played":"4633804469246675296","potions_obtained":[{"floor":3.0,"key":"ColorlessPotion"},{"floor":7.0,"key":"SkillPotion"},{"floor":13.0,"key":"Fire Potion"},{"floor":21.0,"key":"DistilledChaos"},{"floor":24.0,"key":"Weak Potion"},{"floor":29.0,"key":"SkillPotion"},{"floor":39.0,"key":"LiquidMemories"},{"floor":47.0,"key":"SpeedPotion"},{"floor":48.0,"key":"Energy Potion"},{"floor":54.0,"key":"CultistPotion"}],"is_trial":false,"path_per_floor":["M","?","M","$","?","R","M","E","T","M","?","R","E","M","R","B",null,"M","?","?","M","?","R","M","R","T","R","E","M","$","E","R","B",null,"M","?","$","M","M","E","R","M","T","R","M","$","E","M","R","B",null,"R","$","E","B"],"character_chosen":"THE_SILENT","items_purchased":["Gremlin Horn","Backflip","Tactician","Membership Card","Blur","Catalyst","Predator","Footwork","DistilledChaos","Block Potion"],"campfire_rested":4,"item_purchase_floors":[30,30,30,37,37,46,46,46,53,53],"current_hp_per_floor":[40,63,63,63,63,63,62,24,34,20,20,44,26,26,50,9,62,51,51,51,29,29,53,38,38,38,62,49,40,55,55,55,21,65,65,65,80,79,79,79,79,76,76,76,76,80,76,76,76,32,68,68,80,65,0,0],"gold":31,"neow_bonus":"ONE_RARE_RELIC","is_daily":false,"chose_seed":false,"campfire_upgraded":6,"win_rate":0.0,"timestamp":1612209442,"path_taken":["M","?","M","$","?","R","M","E","T","M","?","R","E","?","R","BOSS","M","?","?","M","?","R","M","R","T","R","E","M","$","E","R","BOSS","M","?","?","M","M","E","R","M","T","R","M","$","E","M","R","BOSS","R","$","E","BOSS"],"items_purchased_type":["Relic","Card","Card","Relic","Card","Card","Card","Card","Potion","Potion"],"build_version":"2020-12-22","purchased_purges":2,"victory":false,"max_hp_per_floor":[70,70,70,70,70,70,70,70,80,80,80,80,80,80,80,80,80,80,80,80,80,80,80,80,80,80,80,80,80,80,80,80,80,80,80,80,80,80,80,80,80,80,80,80,80,80,80,80,80,80,80,80,80,80,80,80],"relic_stats":{"Gremlin Horn":[9,9],"counters":[26,148],"Astrolabe":["Leg Sweep","Distraction","Bouncing Flask"],"Ornamental Fan":[280],"Shuriken":[54],"Gambling Chip":[88],"Snecko Eye":[202,215,211,201],"MealTicket":46,"Kunai":[15],"obtain_stats":[{"Pear":9,"Gremlin Horn":30,"Astrolabe":34,"Vajra":28,"Incense Burner":54,"keyreminder:keyreminder":43,"Anchor":19,"Ornamental Fan":8,"Shuriken":26,"Gambling Chip":0,"Snecko Eye":17,"MealTicket":13,"Membership Card":37,"Kunai":47,"Unceasing Top":31,"InkBottle":40,"Ring of the Snake":0},{"Pear":4,"Gremlin Horn":13,"Astrolabe":15,"Vajra":12,"Incense Burner":25,"keyreminder:keyreminder":20,"Anchor":9,"Ornamental Fan":4,"Shuriken":11,"Gambling Chip":0,"Snecko Eye":8,"MealTicket":6,"Membership Card":16,"Kunai":22,"Unceasing Top":14,"InkBottle":19,"Ring of the Snake":0},{"Pear":17,"Gremlin Horn":77,"Astrolabe":92,"Vajra":71,"Incense Burner":143,"keyreminder:keyreminder":112,"Anchor":55,"Ornamental Fan":17,"Shuriken":64,"Gambling Chip":0,"Snecko Eye":48,"MealTicket":30,"Membership Card":95,"Kunai":120,"Unceasing Top":82,"InkBottle":108,"Ring of the Snake":0}],"Unceasing Top":[10],"InkBottle":[23],"Ring of the Snake":[52]},"card_choices":[{"not_picked":["Bane","Blade Dance"],"picked":"Footwork","floor":1.0},{"not_picked":["Deadly Poison","Poisoned Stab"],"picked":"Underhanded Strike","floor":3.0},{"not_picked":["PiercingWail","Dodge and Roll"],"picked":"Prepared","floor":7.0},{"not_picked":["PiercingWail","Dagger Throw"],"picked":"Tools of the Trade","floor":8.0},{"not_picked":["Slice","Dodge and Roll"],"picked":"Flying Knee","floor":10.0},{"not_picked":["Glass Knife","Slice"],"picked":"Skewer","floor":13.0},{"not_picked":["Blade Dance","Quick Slash"],"picked":"Skewer","floor":14.0},{"not_picked":["Unload","Night Terror"],"picked":"Adrenaline","floor":16.0},{"not_picked":["Slice+1","Dagger Spray"],"picked":"Choke","floor":18.0},{"not_picked":["Deflect","Quick Slash"],"picked":"Dagger Throw","floor":21.0},{"not_picked":["Terror+1","Outmaneuver+1"],"picked":"Leg Sweep","floor":24.0},{"not_picked":["Unload","Well Laid Plans+1","Deflect"],"picked":"SKIP","floor":28.0},{"not_picked":["Flechettes","Sucker Punch+1"],"picked":"Cloak And Dagger+1","floor":29.0},{"not_picked":["Dagger Spray","Endless Agony"],"picked":"Underhanded Strike","floor":31.0},{"not_picked":["Doppelganger","Glass Knife"],"picked":"Storm of Steel","floor":33.0},{"not_picked":["Expertise","Caltrops","Dagger Throw"],"picked":"SKIP","floor":35.0},{"not_picked":["Sucker Punch","Heel Hook+1"],"picked":"Bouncing Flask+1","floor":38.0},{"not_picked":["Blade Dance","Dagger Spray+1","Bane"],"picked":"SKIP","floor":39.0},{"not_picked":["Escape Plan+1","Flying Knee","Dagger Spray"],"picked":"SKIP","floor":40.0},{"not_picked":["Dagger Throw","Leg Sweep"],"picked":"Tactician+1","floor":42.0},{"not_picked":["Skewer","Blade Dance"],"picked":"Choke","floor":45.0},{"not_picked":["Quick Slash","Deadly Poison+1"],"picked":"Cloak And Dagger+1","floor":47.0},{"not_picked":["Riddle With Holes+1","Grand Finale","Dagger Throw"],"picked":"SKIP","floor":48.0},{"not_picked":["Prepared+1","Deflect+1"],"picked":"Wraith Form v2","floor":54.0}],"player_experience":752560,"relics_obtained":[{"floor":8.0,"key":"Ornamental Fan"},{"floor":9.0,"key":"Pear"},{"floor":13.0,"key":"MealTicket"},{"floor":26.0,"key":"Shuriken"},{"floor":28.0,"key":"Vajra"},{"floor":31.0,"key":"Unceasing Top"},{"floor":40.0,"key":"InkBottle"},{"floor":47.0,"key":"Kunai"},{"floor":54.0,"key":"Incense Burner"}],"event_choices":[{"damage_healed":23.0,"max_hp_gain":0.0,"max_hp_loss":0.0,"gold_gain":0.0,"event_name":"Big Fish","player_choice":"Banana","floor":2.0,"gold_loss":0.0,"damage_taken":0.0},{"damage_healed":0.0,"max_hp_gain":0.0,"max_hp_loss":0.0,"gold_gain":0.0,"cards_transformed":["Strike_G"],"event_name":"Living Wall","player_choice":"Change","floor":5.0,"gold_loss":0.0,"damage_taken":0.0,"cards_obtained":["Noxious Fumes"]},{"cards_removed":["Strike_G"],"damage_healed":0.0,"max_hp_gain":0.0,"max_hp_loss":0.0,"gold_gain":0.0,"event_name":"Purifier","player_choice":"Purged","floor":11.0,"gold_loss":0.0,"damage_taken":0.0},{"damage_healed":0.0,"max_hp_gain":0.0,"max_hp_loss":0.0,"gold_gain":0.0,"event_name":"Addict","player_choice":"Obtained Relic","floor":19.0,"gold_loss":85.0,"damage_taken":0.0,"relics_obtained":["Anchor"]},{"damage_healed":0.0,"max_hp_gain":0.0,"max_hp_loss":0.0,"gold_gain":99.0,"event_name":"Nest","player_choice":"Stole From Cult","floor":20.0,"gold_loss":0.0,"damage_taken":0.0},{"damage_healed":0.0,"max_hp_gain":0.0,"max_hp_loss":0.0,"gold_gain":0.0,"event_name":"Forgotten Altar","player_choice":"Smashed Altar","floor":22.0,"gold_loss":0.0,"damage_taken":0.0,"cards_obtained":["Decay"]},{"damage_healed":0.0,"max_hp_gain":0.0,"max_hp_loss":0.0,"gold_gain":100.0,"event_name":"Golden Shrine","player_choice":"Pray","floor":36.0,"gold_loss":0.0,"damage_taken":0.0}],"is_beta":false,"boss_relics":[{"not_picked":["Sozu","WristBlade"],"picked":"Snecko Eye"},{"not_picked":["Pandora\u0027s Box","Runic Dome"],"picked":"Astrolabe"}],"items_purged_floors":[30,37],"is_endless":false,"potions_floor_spawned":[3,7,13,21,24,29,39,47,48,54],"killed_by":"The Heart","ascension_level":10}}