{"host":"0qlrtuw7bw78ucw4","time":1612153648,"event":{"mods":["BaseMod","Downfall","Minty Spire (QoL Compilation)","StSLib"],"gold_per_floor":[111,111,126,126,140,169,169,202,249,122,152,152,3,19,19,120,120,132,57,73,90,103,103,133,133,158,189,189,189,207,239,239,337,337,353,99,154,164,174,174,205,205,205,223,20,20,31,48,48,48,48,48,48,77,77],"floor_reached":56,"language":"ENG","playtime":3100,"items_purged":["Strike_B","Strike_B","Defend_B"],"score":1421,"play_id":"2c5f4f81-b1b2-4582-bd86-354bf70e23c9","local_time":"20210201152728","is_ascension_mode":true,"campfire_choices":[{"data":"Zap","floor":7.0,"key":"SMITH"},{"data":"White Noise","floor":12.0,"key":"SMITH"},{"data":"Beam Cell","floor":15.0,"key":"SMITH"},{"data":"Dualcast","floor":23.0,"key":"SMITH"},{"data":"Echo Form","floor":25.0,"key":"SMITH"},{"data":"Conserve Battery","floor":29.0,"key":"SMITH"},{"data":"Doom and Gloom","floor":32.0,"key":"SMITH"},{"data":"Barrage","floor":40,"key":"SMITH"},{"data":"Defragment","floor":46,"key":"SMITH"},{"floor":49,"key":"RECALL"},{"data":"Storm","floor":52,"key":"SMITH"}],"circlet_count":0,"master_deck":["Defend_B","Defend_B+1","Defend_B+1","Zap+1","Dualcast+1","Rebound","Conserve Battery+1","Cold Snap","White Noise+1","Echo Form+1","Beam Cell+1","Chill+1","Fission+1","Doom and Gloom+1","Go for the Eyes+1","Conserve Battery+1","Amplify+1","Reinforced Body+1","Coolheaded+1","Cold Snap","Seek+1","Barrage+1","Loop","Storm+1","Defragment+1"],"relics":["Cracked Core","NeowsBlessing","Mercury Hourglass","Blood Vial","Du-Vu Doll","Potion Belt","Toxic Egg 2","Runic Capacitor","Runic Pyramid","Sundial","PreservedInsect","Orichalcum","Centennial Puzzle","Busted Crown","hexamod:BolsterEngine","Turnip","War Paint","hexamod:CandleOfCauterizing"],"acts_visited":["Exordium","TheCity","TheBeyond","TheEnding"],"potions_floor_usage":[55,55,55,55,55],"damage_taken":[{"damage":0.0,"enemies":"2 Louse","floor":1.0,"turns":1.0},{"damage":0.0,"enemies":"Cultist","floor":3.0,"turns":1.0},{"damage":0.0,"enemies":"Small Slimes","floor":5.0,"turns":1.0},{"damage":18.0,"enemies":"Gremlin Nob","floor":6.0,"turns":3.0},{"damage":14.0,"enemies":"3 Sentries","floor":8.0,"turns":6.0},{"damage":14.0,"enemies":"Gremlin Nob","floor":11.0,"turns":3.0},{"damage":7.0,"enemies":"Red Slaver","floor":14.0,"turns":4.0},{"damage":28.0,"enemies":"The Guardian","floor":16.0,"turns":10.0},{"damage":0.0,"enemies":"Spheric Guardian","floor":18.0,"turns":3.0},{"damage":0.0,"enemies":"3 Byrds","floor":20.0,"turns":3.0},{"damage":10.0,"enemies":"Centurion and Healer","floor":21.0,"turns":5.0},{"damage":2.0,"enemies":"Snecko","floor":22.0,"turns":5.0},{"damage":2.0,"enemies":"Gremlin Leader","floor":24.0,"turns":5.0},{"damage":15.0,"enemies":"Slavers","floor":27.0,"turns":3.0},{"damage":0.0,"enemies":"Cultist and Chosen","floor":30.0,"turns":5.0},{"damage":5.0,"enemies":"Book of Stabbing","floor":31.0,"turns":5.0},{"damage":14,"enemies":"Automaton","floor":33,"turns":11},{"damage":0,"enemies":"3 Darklings","floor":35,"turns":3},{"damage":2,"enemies":"2 Orb Walkers","floor":37,"turns":4},{"damage":6,"enemies":"Orb Walker","floor":38,"turns":2},{"damage":7,"enemies":"Writhing Mass","floor":39,"turns":5},{"damage":2,"enemies":"Nemesis","floor":41,"turns":5},{"damage":0,"enemies":"Spire Growth","floor":44,"turns":5},{"damage":3,"enemies":"Transient","floor":47,"turns":5},{"damage":0,"enemies":"3 Darklings","floor":48,"turns":4},{"damage":22,"enemies":"Time Eater","floor":50,"turns":9},{"damage":0,"enemies":"Shield and Spear","floor":54,"turns":3},{"damage":64,"enemies":"The Heart","floor":55,"turns":7}],"seed_played":"9072008791562595680","potions_obtained":[{"floor":3.0,"key":"bronze:BurnAndBuffPotion"},{"floor":8.0,"key":"EntropicBrew"},{"floor":11.0,"key":"hexamod:SoulburnPotion"},{"floor":16.0,"key":"SpeedPotion"},{"floor":22.0,"key":"Block Potion"},{"floor":24.0,"key":"Strength Potion"},{"floor":27.0,"key":"PowerPotion"}],"is_trial":false,"path_per_floor":["M","?","M","?","M","E","R","E","T","$","E","R","$","M","R","B",null,"M","?","M","M","M","R","E","R","T","E","?","R","M","E","R","B",null,"M","$","?","M","M","R","E","?","T","M","$","R","M","M","R","B",null,"R","$","E","B",null],"character_chosen":"DEFECT","items_purchased":["Beam Cell","Runic Capacitor","hexamod:BolsterEngine","Defragment"],"campfire_rested":0,"item_purchase_floors":[10,13,36,45],"current_hp_per_floor":[75,75,75,75,75,57,57,45,45,45,33,33,33,28,28,2,75,75,75,75,65,65,65,65,65,65,52,52,52,54,51,51,39,75,75,75,73,69,64,64,64,85,85,85,85,85,82,84,84,63,85,85,85,85,21],"gold":77,"neow_bonus":"THREE_ENEMY_KILL","is_daily":false,"chose_seed":false,"campfire_upgraded":10,"win_rate":0.0,"timestamp":1612153648,"path_taken":["M","?","M","?","M","E","R","E","T","$","E","R","$","?","R","BOSS","M","?","M","M","M","R","E","R","T","E","?","R","M","E","R","BOSS","M","$","?","M","M","R","E","?","T","M","$","R","?","M","R","BOSS","R","$","E","BOSS"],"items_purchased_type":["Card","Relic","Relic","Card"],"build_version":"2020-12-22","purchased_purges":3,"victory":true,"max_hp_per_floor":[75,75,75,75,75,75,75,75,75,75,75,75,75,75,75,75,75,75,75,75,75,75,75,75,75,75,75,75,75,75,75,75,75,75,75,75,75,75,75,75,75,85,85,85,85,85,85,85,85,85,85,85,85,85,85],"card_choices":[{"not_picked":["Stack","Coolheaded"],"picked":"Rebound","floor":1.0},{"not_picked":["Hologram","Undo"],"picked":"Conserve Battery","floor":3.0},{"not_picked":["Double Energy","Rebound"],"picked":"Cold Snap","floor":5.0},{"not_picked":["Rebound","Conserve Battery"],"picked":"White Noise","floor":6.0},{"not_picked":["Compile Driver","Ball Lightning"],"picked":"Echo Form","floor":8.0},{"not_picked":["Double Energy+1","Consume+1"],"picked":"Chill+1","floor":11.0},{"not_picked":["Lockon","Beam Cell","Sweeping Beam"],"picked":"SKIP","floor":14.0},{"not_picked":["Multi-Cast+1","Hyperbeam"],"picked":"Fission+1","floor":16.0},{"not_picked":["Compile Driver","Rebound"],"picked":"Doom and Gloom","floor":18.0},{"not_picked":["Barrage","Chaos+1"],"picked":"Go for the Eyes+1","floor":20.0},{"not_picked":["Leap+1","Sunder"],"picked":"Conserve Battery+1","floor":21.0},{"not_picked":["Blizzard","Hologram+1"],"picked":"Amplify+1","floor":22.0},{"not_picked":["Coolheaded+1","Hologram+1"],"picked":"Core Surge","floor":24.0},{"not_picked":["Capacitor","Scrape+1"],"picked":"Reinforced Body+1","floor":27.0},{"not_picked":["Leap+1","Gash"],"picked":"Coolheaded+1","floor":30.0},{"not_picked":["Rebound+1","Ball Lightning"],"picked":"Cold Snap","floor":31.0},{"not_picked":["Amplify+1","Core Surge"],"picked":"Seek+1","floor":33},{"not_picked":["Streamline+1"],"picked":"SKIP","floor":35},{"not_picked":[],"picked":"Barrage","floor":38},{"not_picked":[],"picked":"Loop","floor":39},{"not_picked":["Heatsinks+1"],"picked":"SKIP","floor":41},{"not_picked":[],"picked":"Storm","floor":44},{"not_picked":["Gash+1"],"picked":"SKIP","floor":47},{"not_picked":["Double Energy+1"],"picked":"SKIP","floor":48},{"not_picked":["Gash"],"picked":"SKIP","floor":54}],"player_experience":931642,"relics_obtained":[{"floor":6.0,"key":"Blood Vial"},{"floor":8.0,"key":"Du-Vu Doll"},{"floor":9.0,"key":"Potion Belt"},{"floor":11.0,"key":"Toxic Egg 2"},{"floor":24.0,"key":"Sundial"},{"floor":26.0,"key":"PreservedInsect"},{"floor":27.0,"key":"Orichalcum"},{"floor":31.0,"key":"Centennial Puzzle"},{"floor":37,"key":"Turnip"},{"floor":41,"key":"War Paint"},{"floor":54,"key":"hexamod:CandleOfCauterizing"}],"event_choices":[{"cards_removed":["Strike_B"],"damage_healed":0.0,"max_hp_gain":0.0,"max_hp_loss":0.0,"gold_gain":0.0,"event_name":"Living Wall","player_choice":"Forget","floor":2.0,"gold_loss":0.0,"damage_taken":0.0},{"damage_healed":0.0,"max_hp_gain":0.0,"max_hp_loss":0.0,"gold_gain":0.0,"event_name":"WeMeetAgain","player_choice":"Gave Potion","floor":4.0,"gold_loss":0.0,"damage_taken":0.0,"relics_obtained":["Mercury Hourglass"]},{"cards_removed":["Strike_B"],"damage_healed":0.0,"max_hp_gain":0.0,"max_hp_loss":0.0,"gold_gain":0.0,"event_name":"Beggar","player_choice":"Gave Gold","floor":19.0,"gold_loss":75.0,"damage_taken":0.0},{"damage_healed":0.0,"max_hp_gain":0.0,"max_hp_loss":0.0,"gold_gain":0.0,"event_name":"Ghosts","player_choice":"Ignored","floor":28.0,"gold_loss":0.0,"damage_taken":0.0},{"damage_healed":0,"gold_gain":0,"player_choice":"Fight","damage_taken":0,"max_hp_gain":0,"max_hp_loss":0,"event_name":"Mysterious Sphere","floor":37,"gold_loss":0},{"cards_removed":["Core Surge"],"damage_healed":11,"gold_gain":0,"player_choice":"Offered Rare","damage_taken":0,"max_hp_gain":10,"max_hp_loss":0,"event_name":"Bonfire Elementals","floor":42,"gold_loss":0}],"is_beta":false,"boss_relics":[{"not_picked":["Calling Bell","bronze:MakeshiftBattery"],"picked":"Runic Pyramid"},{"not_picked":["SacredBark","Coffee Dripper"],"picked":"Busted Crown"}],"items_purged_floors":[10,36,45],"is_endless":false,"potions_floor_spawned":[3,8,11,16,22,24,27,33,37,39,41,47,54],"ascension_level":4}}