{"host":"8pvw2tcf9wctlvur","time":1612158622,"event":{"mods":["BaseMod","Better Third Choice","Colored Powertips","Curses Come First","Minty Spire (QoL Compilation)","Rare Cards Sparkle","Relic Stats","StSLib","SuperFastMode"],"gold_per_floor":[117,130,149,159,178,205,205,205,205,224,224,235,22,39,39,144,144,155,172,102,102,102],"floor_reached":21,"language":"ENG","playtime":1285,"items_purged":[],"score":185,"play_id":"404c98bd-32ab-47a7-907a-207c674a49a9","local_time":"20210131225022","is_ascension_mode":false,"campfire_choices":[{"floor":8,"key":"REST"},{"floor":15,"key":"REST"}],"circlet_count":0,"master_deck":["Eruption","Vigilance","Alpha","Nirvana","ReachHeaven","CutThroughFate","Prostrate","Vengeance","Prostrate","InnerPeace","CutThroughFate","Study","BowlingBash","LessonLearned","LikeWater+1","Devotion","Indignation","WindmillStrike+1","Sanctity","TalkToTheHand","FollowUp","Weave","Swivel+1","Pray"],"relics":["PureWater","Unceasing Top","Juzu Bracelet","Darkstone Periapt","Frozen Eye","Pandora\u0027s Box"],"acts_visited":["Exordium","TheCity"],"potions_floor_usage":[3,5,16,18,19],"damage_taken":[{"damage":2,"enemies":"2 Louse","floor":1,"turns":4},{"damage":0,"enemies":"Small Slimes","floor":2,"turns":4},{"damage":8,"enemies":"Jaw Worm","floor":3,"turns":3},{"damage":11,"enemies":"3 Louse","floor":4,"turns":5},{"damage":19,"enemies":"Exordium Thugs","floor":5,"turns":4},{"damage":21,"enemies":"3 Sentries","floor":6,"turns":4},{"damage":0,"enemies":"2 Fungi Beasts","floor":10,"turns":5},{"damage":7,"enemies":"Blue Slaver","floor":12,"turns":5},{"damage":0,"enemies":"Large Slime","floor":14,"turns":5},{"damage":45,"enemies":"The Guardian","floor":16,"turns":8},{"damage":42,"enemies":"Shell Parasite","floor":18,"turns":6},{"damage":0,"enemies":"Chosen","floor":19,"turns":4},{"damage":30,"enemies":"Sentry and Sphere","floor":21,"turns":3}],"seed_played":"-4565447081731762220","potions_obtained":[{"floor":2,"key":"FearPotion"},{"floor":3,"key":"CultistPotion"},{"floor":4,"key":"Regen Potion"},{"floor":12,"key":"Ancient Potion"},{"floor":16,"key":"Block Potion"},{"floor":18,"key":"Swift Potion"}],"is_trial":false,"path_per_floor":["M","M","M","M","M","E","?","R","T","M","?","M","$","M","R","B",null,"M","M","$","M"],"character_chosen":"WATCHER","items_purchased":["Study","Frozen Eye","Pray"],"campfire_rested":2,"item_purchase_floors":[13,13,20],"current_hp_per_floor":[70,70,62,51,44,23,20,41,41,41,41,34,34,34,55,10,72,30,30,30,0,0],"gold":102,"neow_bonus":"TRANSFORM_CARD","is_daily":false,"chose_seed":false,"campfire_upgraded":0,"win_rate":0.0,"timestamp":1612158622,"path_taken":["M","M","M","M","M","E","?","R","T","M","?","M","?","M","R","BOSS","M","M","$","M"],"items_purchased_type":["Card","Relic","Card"],"build_version":"2020-12-22","purchased_purges":0,"victory":false,"max_hp_per_floor":[72,72,72,72,72,72,72,72,72,72,72,72,72,72,72,72,72,72,72,72,72,72],"relic_stats":{"Darkstone Periapt":0,"counters":[13,60],"Pandora\u0027s Box":["LikeWater","Devotion","Indignation","WindmillStrike","Sanctity","TalkToTheHand","FollowUp"],"Juzu Bracelet":0,"obtain_stats":[{"Darkstone Periapt":9,"Frozen Eye":13,"Pandora\u0027s Box":17,"Juzu Bracelet":7,"PureWater":0,"Unceasing Top":6},{"Darkstone Periapt":6,"Frozen Eye":8,"Pandora\u0027s Box":10,"Juzu Bracelet":6,"PureWater":0,"Unceasing Top":6},{"Darkstone Periapt":24,"Frozen Eye":34,"Pandora\u0027s Box":47,"Juzu Bracelet":24,"PureWater":0,"Unceasing Top":24}],"Unceasing Top":[1]},"card_choices":[{"not_picked":["ClearTheMind","InnerPeace"],"picked":"Nirvana","floor":1},{"not_picked":["Fasting2","Adaptation"],"picked":"ReachHeaven","floor":2},{"not_picked":["Conclude","FlyingSleeves"],"picked":"CutThroughFate","floor":3},{"not_picked":["EmptyMind","Halt"],"picked":"Prostrate","floor":4},{"not_picked":["Consecrate","EmptyBody"],"picked":"Vengeance","floor":5},{"not_picked":["EmptyMind","Evaluate"],"picked":"Prostrate","floor":6},{"not_picked":["Halt","EmptyFist"],"picked":"InnerPeace","floor":10},{"not_picked":["Conclude","Vault"],"picked":"CutThroughFate","floor":12},{"not_picked":["LikeWater","Crescendo"],"picked":"BowlingBash","floor":14},{"not_picked":["Devotion","Omniscience"],"picked":"LessonLearned","floor":16},{"not_picked":["InnerPeace","WaveOfTheHand"],"picked":"Weave","floor":18},{"not_picked":["Vengeance","Protect"],"picked":"Swivel+1","floor":19}],"player_experience":260032,"relics_obtained":[{"floor":6,"key":"Unceasing Top"},{"floor":9,"key":"Darkstone Periapt"}],"event_choices":[{"damage_healed":0,"gold_gain":0,"player_choice":"Relic ","damage_taken":3,"max_hp_gain":0,"max_hp_loss":0,"event_name":"betterThird:BetterScrap","floor":7,"gold_loss":0,"cards_obtained":["Reinforced Body"]},{"damage_healed":0,"gold_gain":0,"player_choice":"Searched \u00271\u0027 times","damage_taken":0,"max_hp_gain":0,"max_hp_loss":0,"event_name":"Dead Adventurer","floor":11,"gold_loss":0}],"is_beta":false,"boss_relics":[{"not_picked":["Black Star","Busted Crown"],"picked":"Pandora\u0027s Box"}],"items_purged_floors":[],"is_endless":false,"potions_floor_spawned":[2,3,4,12,16,18],"killed_by":"Sentry and Sphere","ascension_level":0}}