{"host":"wuernuywc9gl215o","time":1612172260,"event":{"mods":["AchievementEnabler","BaseMod","Block Reminder","Key Reminder","Minty Spire (QoL Compilation)","Permanent Neow","Potion Indicator Mod","Quick Restart","Relic Stats"],"gold_per_floor":[116,116,116,140,155,155,180,205,205,249,264,264,264,106,106,204,204,222,235,235,235,251,251,251],"floor_reached":23,"language":"ENG","playtime":1403,"items_purged":[],"score":386,"play_id":"4fead9e1-3677-429d-9fc0-1ca754d0712c","local_time":"20210201093740","is_ascension_mode":true,"campfire_choices":[{"floor":6.0,"key":"REST"},{"floor":13.0,"key":"REST"},{"floor":15.0,"key":"REST"}],"circlet_count":0,"master_deck":["AscendersBane","Strike_R","Strike_R","Strike_R","Strike_R","Defend_R","Defend_R","Defend_R","Defend_R","Bash","Sword Boomerang","Anger","Armaments","Perfected Strike","Inflame","Shrug It Off+1","Battle Trance+1","Evolve","Power Through+1","Barricade","Body Slam","Whirlwind","Feed","Entrench+1","Iron Wave","Pummel"],"relics":["Runic Cube","Golden Idol","Toxic Egg 2","Boot","Orrery","Cursed Key","Nilry\u0027s Codex"],"acts_visited":["Exordium","TheCity"],"potions_floor_usage":[],"damage_taken":[{"damage":16.0,"enemies":"Jaw Worm","floor":1.0,"turns":5.0},{"damage":7.0,"enemies":"Small Slimes","floor":4.0,"turns":4.0},{"damage":1.0,"enemies":"2 Louse","floor":5.0,"turns":3.0},{"damage":4.0,"enemies":"Large Slime","floor":7.0,"turns":5.0},{"damage":16.0,"enemies":"Exordium Thugs","floor":8.0,"turns":4.0},{"damage":35.0,"enemies":"3 Sentries","floor":10.0,"turns":8.0},{"damage":3.0,"enemies":"Blue Slaver","floor":11.0,"turns":4.0},{"damage":28.0,"enemies":"Slime Boss","floor":16.0,"turns":6.0},{"damage":1.0,"enemies":"Chosen","floor":18.0,"turns":7.0},{"damage":4.0,"enemies":"3 Byrds","floor":19.0,"turns":5.0},{"damage":20.0,"enemies":"Snake Plant","floor":22.0,"turns":4.0},{"damage":33,"enemies":"Slavers","floor":23,"turns":3}],"seed_played":"-2489993934745374500","potions_obtained":[{"floor":5.0,"key":"SkillPotion"},{"floor":7.0,"key":"PowerPotion"},{"floor":8.0,"key":"Regen Potion"},{"floor":11.0,"key":"LiquidMemories"},{"floor":19.0,"key":"Weak Potion"}],"is_trial":false,"path_per_floor":["M","?","?","M","M","R","M","M","T","E","M","?","R","$","R","B",null,"M","M","?","?","M","E"],"character_chosen":"IRONCLAD","items_purchased":["Orrery"],"campfire_rested":3,"item_purchase_floors":[14],"current_hp_per_floor":[52,52,45,38,37,59,55,39,39,19,16,16,38,38,60,32,64,63,63,42,42,22,0,0],"gold":251,"neow_bonus":"BOSS_RELIC","is_daily":false,"chose_seed":false,"campfire_upgraded":0,"win_rate":0.0,"timestamp":1612172260,"path_taken":["M","?","?","M","M","R","M","M","T","E","M","?","R","$","R","BOSS","M","M","?","?","M","E"],"items_purchased_type":["Relic"],"build_version":"2020-12-22","purchased_purges":0,"victory":false,"max_hp_per_floor":[75,75,75,75,75,75,75,75,75,75,75,75,75,75,75,75,75,75,79,79,79,79,82,82],"relic_stats":{"counters":[12,58],"Golden Idol":60,"Boot":[67],"Cursed Key":0,"obtain_stats":[{"Golden Idol":2,"Nilry\u0027s Codex":20,"Orrery":14,"Toxic Egg 2":9,"Boot":10,"Cursed Key":17,"Burning Blood":0,"Runic Cube":0},{"Golden Idol":1,"Nilry\u0027s Codex":10,"Orrery":7,"Toxic Egg 2":5,"Boot":6,"Cursed Key":8,"Burning Blood":0,"Runic Cube":0},{"Golden Idol":5,"Nilry\u0027s Codex":51,"Orrery":33,"Toxic Egg 2":21,"Boot":29,"Cursed Key":39,"Burning Blood":0,"Runic Cube":0}],"Runic Cube":[26]},"card_choices":[{"not_picked":["Havoc","True Grit"],"picked":"Sword Boomerang","floor":1.0},{"not_picked":["Twin Strike","Bloodletting"],"picked":"Anger","floor":4.0},{"not_picked":["Heavy Blade","True Grit"],"picked":"Armaments","floor":5.0},{"not_picked":["Clash","Warcry"],"picked":"Perfected Strike","floor":7.0},{"not_picked":["Havoc","Flame Barrier"],"picked":"Inflame","floor":8.0},{"not_picked":["Dark Embrace","Barricade"],"picked":"Shrug It Off+1","floor":10.0},{"not_picked":["Anger","Intimidate+1"],"picked":"Battle Trance+1","floor":11.0},{"not_picked":["Headbutt","Metallicize"],"picked":"Evolve","floor":14.0},{"not_picked":["Shockwave+1","Sword Boomerang"],"picked":"Power Through+1","floor":14.0},{"not_picked":["True Grit+1","Cleave"],"picked":"Barricade","floor":14.0},{"not_picked":["Twin Strike","Dark Embrace"],"picked":"Body Slam","floor":14.0},{"not_picked":["Havoc+1","Burning Pact+1"],"picked":"Whirlwind","floor":14.0},{"not_picked":["Limit Break+1","Double Tap+1"],"picked":"Feed","floor":16.0},{"not_picked":["Carnage","Seeing Red+1"],"picked":"Entrench+1","floor":18.0},{"not_picked":["Heavy Blade","Warcry+1"],"picked":"Iron Wave","floor":19.0},{"not_picked":["Clash","Pommel Strike"],"picked":"Pummel","floor":22.0}],"player_experience":739697,"relics_obtained":[{"floor":9.0,"key":"Toxic Egg 2"},{"floor":10.0,"key":"Boot"},{"floor":20.0,"key":"Nilry\u0027s Codex"}],"event_choices":[{"damage_healed":0.0,"max_hp_gain":0.0,"max_hp_loss":0.0,"gold_gain":0.0,"event_name":"Golden Idol","player_choice":"Take Wound","floor":2.0,"gold_loss":0.0,"damage_taken":0.0,"relics_obtained":["Golden Idol"],"cards_obtained":["Injury"]},{"cards_removed":["Injury"],"damage_healed":0.0,"max_hp_gain":0.0,"max_hp_loss":0.0,"gold_gain":0.0,"event_name":"Golden Wing","player_choice":"Card Removal","floor":3.0,"gold_loss":0.0,"damage_taken":7.0},{"damage_healed":0.0,"max_hp_gain":0.0,"max_hp_loss":0.0,"gold_gain":0.0,"event_name":"Shining Light","player_choice":"Ignored","floor":12.0,"gold_loss":0.0,"damage_taken":0.0},{"damage_healed":0.0,"max_hp_gain":0.0,"max_hp_loss":0.0,"gold_gain":0.0,"event_name":"Cursed Tome","player_choice":"Obtained Book","floor":20.0,"gold_loss":0.0,"damage_taken":21.0},{"cards_removed":["Strike_R"],"damage_healed":0.0,"max_hp_gain":0.0,"max_hp_loss":0.0,"gold_gain":0.0,"event_name":"Bonfire Elementals","player_choice":"Offered Basic","floor":21.0,"gold_loss":0.0,"damage_taken":0.0}],"is_beta":false,"boss_relics":[{"not_picked":["Empty Cage","SacredBark"],"picked":"Cursed Key"}],"items_purged_floors":[],"is_endless":false,"potions_floor_spawned":[5,7,8,11,19],"killed_by":"Slavers","ascension_level":20}}