{"host":"d73an99q9oevilk5","time":1612198264,"event":{"mods":["2.2 Compatiblity","AchievementEnabler","Act Like it!","Aspiration","BaseMod","Beaked The Cultist","Better Third Choice","BetterRewards","Colored Map","Colored Powertips","Conspire","Downfall","GifTheSpireLib","Halation","Hubris","Infinite Spire","Mimic Mod","Minty Spire (QoL Compilation)","Quick Restart","Relic Sorter","Reliquary","Replay The Spire","Shop Mod","Spikes Relics","StSLib","Stuff the Spire","The Cursed","The Necromancer","The Saiyan","Waifu the Spire","egg","slay the spire mod where everything is the same but ironclad has a cowboy hat"],"gold_per_floor":[116,116,132,132,145,171,171,184,184,184,204,215,215,275,287,398,410,437,126,138,53,22,22,55,66,145,240,251,251,251,270,270,370,370,389,301,226,226,236,236,65,83,115,115,131,131,160,175,175,175],"floor_reached":51,"language":"ENG","playtime":2275,"items_purged":["Decay","Decay"],"score":774,"play_id":"32a6c0bc-d3f8-48cd-86a0-9534cbc8aa4a","local_time":"20210201095104","is_ascension_mode":false,"campfire_choices":[{"data":"beaked:Evade","floor":7,"key":"SMITH"},{"data":"beaked:Ceremony","floor":10,"key":"SMITH"},{"data":"beaked:Foresight","floor":15,"key":"SMITH"},{"data":"beaked:KnowThyFoe","floor":23,"key":"SMITH"},{"data":"Panache","floor":30,"key":"SMITH"},{"floor":32,"key":"DIG"},{"data":"hubris:EnhanceAbility","floor":40,"key":"SMITH"},{"data":"beaked:Insight","floor":44,"key":"SMITH"},{"data":"Defragment","floor":46,"key":"SMITH"},{"data":"beaked:KnowThyFoe","floor":49,"key":"SMITH"}],"circlet_count":0,"master_deck":["beaked:Strike_Y","beaked:Strike_Y","beaked:Strike_Y","beaked:Strike_Y","beaked:Strike_Y","beaked:Defend_Y","beaked:Defend_Y","beaked:Defend_Y","beaked:Defend_Y","beaked:Ceremony","beaked:Ceremony","beaked:Ceremony+1","beaked:AwakenedForm","beaked:Foresight","beaked:Foresight+1","Panache","Panache+1","beaked:Evade+1","beaked:Foresight","beaked:WarriorSpirit","beaked:KnowThyFoe+1","beaked:Evade","beaked:Brace+1","beaked:Pecker+1","Doom and Gloom+1","beaked:KnowThyFoe+1","hubris:EnhanceAbility+1","Leap+1","Defragment+1","beaked:CursingBlood+1","beaked:Insight+1"],"relics":["beaked:MendingPlumage","hubris:EmptyBottle","infinitespire:FocusingShard","aspiration:DefectSkillbook","Matryoshka","MerchantsRug","Juzu Bracelet","Simple Rune","reliquary:ExpiredCoupon","Iron Hammer","infinitespire:Satchel","Lantern","StuffTheSpire:Rhapsscallions","Replay:Ancient Bell","halation:LettersToHer","aspiration:HummingbirdHeart","Turnip","Replay:Multitool","Toy Ornithopter"],"acts_visited":["Exordium","TheCity","TheBeyond"],"potions_floor_usage":[0,0,6,14,25,27,27,33,39,39,48,50,50,50],"damage_taken":[{"damage":6,"enemies":"2 Louse","floor":1,"turns":5},{"damage":16,"enemies":"infinitespire:Voidling","floor":3,"turns":5},{"damage":10,"enemies":"Cultist","floor":5,"turns":4},{"damage":43,"enemies":"3 Sentries","floor":6,"turns":9},{"damage":25,"enemies":"Exordium Wildlife","floor":8,"turns":7},{"damage":13,"enemies":"3 Louse","floor":11,"turns":5},{"damage":4,"enemies":"Blue Slaver","floor":12,"turns":5},{"damage":36,"enemies":"Lagavulin Event","floor":14,"turns":6},{"damage":27,"enemies":"Hexaghost","floor":16,"turns":10},{"damage":15,"enemies":"Spheric Guardian","floor":18,"turns":5},{"damage":13,"enemies":"3 Byrds","floor":20,"turns":5},{"damage":29,"enemies":"conspire:Head Lice","floor":24,"turns":6},{"damage":15,"enemies":"Snake Plant","floor":25,"turns":3},{"damage":8,"enemies":"Centurion and Healer","floor":28,"turns":5},{"damage":5,"enemies":"Shelled Parasite and Fungi","floor":31,"turns":4},{"damage":19,"enemies":"conspire:MysteriousRune","floor":33,"turns":6},{"damage":10,"enemies":"3 Shapes","floor":35,"turns":4},{"damage":18,"enemies":"3 Darklings","floor":36,"turns":5},{"damage":3,"enemies":"Jaw Worm Horde","floor":39,"turns":3},{"damage":3,"enemies":"Maw","floor":42,"turns":5},{"damage":0,"enemies":"4 Shapes","floor":43,"turns":4},{"damage":7,"enemies":"4 Shapes","floor":45,"turns":6},{"damage":11,"enemies":"beaked:SuperParasite","floor":47,"turns":6},{"damage":12,"enemies":"Sphere and 2 Shapes","floor":48,"turns":4},{"damage":20,"enemies":"infinitespire:MassOfShapes","floor":50,"turns":10}],"seed_played":"-1866239884262509013","potions_obtained":[{"floor":0,"key":"Fruit Juice"},{"floor":0,"key":"CultistPotion"},{"floor":0,"key":"conspire:TimeTravelPotion"},{"floor":0,"key":"CultistPotion"},{"floor":14,"key":"FairyPotion"},{"floor":27,"key":"conspire:TimeTravelPotion"},{"floor":27,"key":"Fruit Juice"},{"floor":27,"key":"Explosive Potion"},{"floor":42,"key":"LiquidMemories"},{"floor":48,"key":"Languid Potion"}],"is_trial":false,"path_per_floor":["M","?","M","?","M","E","R","M","T","R","M","M","$","?","R","B",null,"M","$","M","?","$","R","E","M","T","?","M","?","R","M","R_BF","B",null,"M","M","$","?","M","R","$","M","MIM","R","M","R","E","M","R","B",null],"character_chosen":"BEAKED_THE_CULTIST","items_purchased":["hubris:EmptyBottle","beaked:AwakenedForm","halation:NonexistentMirror","beaked:Foresight","Cauldron","Matryoshka","MerchantsRug","Juzu Bracelet","Defragment"],"campfire_rested":0,"item_purchase_floors":[0,0,0,0,0,19,19,22,41],"current_hp_per_floor":[60,60,60,60,54,36,36,32,32,32,38,53,53,39,39,51,60,51,51,54,54,54,54,49,60,60,55,68,68,68,68,70,72,72,66,57,57,57,63,63,63,72,72,72,72,72,72,68,68,69],"gold":175,"neow_bonus":"","is_daily":false,"chose_seed":false,"campfire_upgraded":9,"win_rate":0.0,"timestamp":1612198264,"path_taken":["M","?","?","?","?","E","R","M","T","R","M","M","$","?","R","BOSS","M","$","M","?","$","R","E","M","T","?","M","?","R","M","R_BF","BOSS","M","M","$","?","M","R","$","M","MIM","R","M","R","E","M","R","BOSS"],"items_purchased_type":["Relic","Card","Relic","Card","Relic","Relic","Relic","Relic","Card"],"build_version":"2020-12-22","purchased_purges":2,"victory":true,"max_hp_per_floor":[60,60,60,60,60,60,60,60,60,60,60,60,60,60,60,60,60,60,60,60,60,60,60,60,60,60,70,70,70,70,70,72,72,72,72,72,72,72,72,72,72,72,72,72,72,72,72,72,72,72],"card_choices":[{"not_picked":["beaked:Insight","beaked:SacrificialAttack"],"picked":"beaked:Evade","floor":1},{"not_picked":["beaked:SurvivalInstinct","beaked:CursingBlood","beaked:TuckingFeathers"],"picked":"SKIP","floor":3},{"not_picked":["beaked:Daydream","beaked:Tradeoff"],"picked":"beaked:Foresight","floor":5},{"not_picked":["beaked:WarriorEssence","beaked:Overexert","beaked:Poke"],"picked":"SKIP","floor":6},{"not_picked":["beaked:StickSmack","beaked:Pecker"],"picked":"beaked:WarriorSpirit","floor":8},{"not_picked":["beaked:Foresight","beaked:Evade"],"picked":"beaked:KnowThyFoe","floor":11},{"not_picked":["beaked:RitualOfBody","beaked:Tweet"],"picked":"beaked:Evade","floor":12},{"not_picked":["Cold Snap","beaked:Pecker","FTL"],"picked":"beaked:Brace+1","floor":18},{"not_picked":["Rebound+1","Force Field","Self Repair","Streamline"],"picked":"SKIP","floor":20},{"not_picked":["StuffTheSpire:LoadUp","beaked:Tweet+1","beaked:FeelMyPain"],"picked":"beaked:Pecker+1","floor":24},{"not_picked":["Panic Button+1","Turbo","Streamline","beaked:Brace"],"picked":"SKIP","floor":25},{"not_picked":["beaked:Tweet","Panic Button+1","ReplayTheSpireMod:RavenHex"],"picked":"Doom and Gloom+1","floor":27},{"not_picked":["Turbo","Streamline","Redo","beaked:BarbedWire"],"picked":"SKIP","floor":28},{"not_picked":["beaked:Overpower+1","beaked:WarriorEssence","Redo","beaked:RuinSticks"],"picked":"SKIP","floor":31},{"not_picked":["ReplayRNGCard","Thunder Strike","beaked:SacrificialScars"],"picked":"beaked:KnowThyFoe","floor":33},{"not_picked":["Regret","Parasite","Delirium"],"picked":"Decay","floor":34},{"not_picked":["Notoriety","conspire:Blindness","downfall:Haunted"],"picked":"ReplayTheSpireMod:IOU","floor":34},{"not_picked":["Voices","Shame","downfall:Aged"],"picked":"Decay","floor":34},{"not_picked":["Reprogram+1","Conserve Battery+1","Streamline+1","beaked:Brace+1"],"picked":"SKIP","floor":35},{"not_picked":["beaked:DigDeep","beaked:DigDeeper+1","Gash","beaked:RuinSticks"],"picked":"SKIP","floor":36},{"not_picked":["ReplayTheSpireMod:Private Reserves","Poisoned Strike","StuffTheSpire:Recharge"],"picked":"hubris:EnhanceAbility","floor":38},{"not_picked":["Streamline+1","beaked:Flinch","Cold Snap+1"],"picked":"Leap+1","floor":39},{"not_picked":["Conserve Battery","beaked:Molting","beaked:BounceBack"],"picked":"beaked:CursingBlood+1","floor":42},{"not_picked":["beaked:Windmill+1","aspiration:Polymerization","beaked:SacrificialAttack+1"],"picked":"beaked:Insight","floor":43},{"not_picked":["Beam Cell","beaked:Redirect+1","beaked:Poke+1","beaked:WarriorEssence+1"],"picked":"SKIP","floor":45},{"not_picked":["beaked:Resilience+1","ReplayTheSpireMod:Prepare the Ceremony+1","StuffTheSpire:GlassShard+1","Multi-Cast"],"picked":"SKIP","floor":47},{"not_picked":["beaked:Tradeoff+1","Ball Lightning","Cold Snap","beaked:Tweet"],"picked":"SKIP","floor":48}],"player_experience":1810586,"relics_obtained":[{"floor":6,"key":"infinitespire:FocusingShard"},{"floor":9,"key":"Pondfish Scales"},{"floor":24,"key":"Simple Rune"},{"floor":26,"key":"reliquary:ExpiredCoupon"},{"floor":26,"key":"Iron Hammer"},{"floor":27,"key":"infinitespire:Satchel"},{"floor":27,"key":"Lantern"},{"floor":32,"key":"StuffTheSpire:Rhapsscallions"},{"floor":43,"key":"Replay:Multitool"},{"floor":43,"key":"halation:LettersToHer"},{"floor":47,"key":"Toy Ornithopter"}],"event_choices":[{"damage_healed":0,"gold_gain":0,"player_choice":"Ignored","damage_taken":0,"max_hp_gain":0,"max_hp_loss":0,"event_name":"Transmorgrifier","floor":2,"gold_loss":0},{"damage_healed":0,"gold_gain":0,"player_choice":"Ignored","damage_taken":0,"max_hp_gain":0,"max_hp_loss":0,"event_name":"Purifier","floor":4,"gold_loss":0},{"damage_healed":0,"gold_gain":30,"player_choice":"Searched \u00273\u0027 times","damage_taken":0,"relics_obtained":["MawBank"],"max_hp_gain":0,"max_hp_loss":0,"event_name":"Dead Adventurer","floor":14,"gold_loss":0},{"damage_healed":0,"gold_gain":0,"player_choice":"Obtained Relic","damage_taken":0,"relics_obtained":["infinitespire:Lucky Rock"],"max_hp_gain":0,"max_hp_loss":0,"event_name":"Addict","floor":21,"gold_loss":85},{"damage_healed":0,"gold_gain":0,"player_choice":"Random: Blue","damage_taken":0,"max_hp_gain":0,"max_hp_loss":0,"event_name":"betterThird:BetterPortal","floor":38,"gold_loss":0},{"damage_healed":0,"gold_gain":0,"player_choice":"Memory 1","damage_taken":0,"max_hp_gain":0,"max_hp_loss":0,"event_name":"SensoryStone","floor":38,"gold_loss":0}],"is_beta":false,"boss_relics":[{"not_picked":["beaked:SacredDeck","hubris:RunicObelisk"],"picked":"aspiration:DefectSkillbook"},{"not_picked":["reliquary:KinkedSpring","Fusion Hammer"],"picked":"Replay:Ancient Bell"},{"not_picked":["infinitespire:PuzzleCube","hubris:ToyBattleship"],"picked":"halation:LettersToHer"},{"not_picked":["Ornamental Fan","halation:WeightlessCrab"],"picked":"aspiration:HummingbirdHeart"},{"not_picked":["Replay:Arrowhead","Replay:PocketPolymizer"],"picked":"Turnip"}],"items_purged_floors":[37,41],"is_endless":false,"potions_floor_spawned":[5,12,14,16,18,20,28,33,36,42,45,47,48],"ascension_level":0}}