{"host":"dhlnk6yox2l1s6up","time":1612216483,"event":{"mods":["BaseMod","Bestiary","Colored Map","Highlight Path","Minty Spire (QoL Compilation)","Relic Stats","StSLib"],"gold_per_floor":[219,219,229,244,244,244,286,286,309,309,8,37,77,90,90,199,258,286,312,153,176,185,218,11,57,57,157,170,170,204,227,227,359,359,379,202,269,310,359,359,359,393,393,393,468,33,62,124,124,144,144,144,30,74,74,74],"floor_reached":55,"language":"ENG","playtime":6464,"items_purged":["Strike_G","Strike_G","Strike_G","Strike_G+1","Defend_G","Defend_G"],"score":1308,"play_id":"88f9a888-bf3d-4c49-afe4-d8b9a093dbc0","local_time":"20210201155443","is_ascension_mode":true,"campfire_choices":[{"data":"A Thousand Cuts","floor":6,"key":"SMITH"},{"data":"Blade Dance","floor":8,"key":"SMITH"},{"data":"Quick Slash","floor":10,"key":"SMITH"},{"data":"Adrenaline","floor":15,"key":"SMITH"},{"floor":32,"key":"REST"},{"floor":40,"key":"REST"},{"floor":41,"key":"REST"},{"floor":49,"key":"RECALL"},{"data":"Burst","floor":52,"key":"SMITH"}],"circlet_count":0,"master_deck":["AscendersBane","Defend_G","Defend_G+1","Defend_G","Survivor","Neutralize","Outmaneuver","Blade Dance+1","A Thousand Cuts+1","Distraction+1","Adrenaline+1","Accuracy","PiercingWail","Infinite Blades","Burst+1","Cloak And Dagger","PiercingWail","Cloak And Dagger+1","HandOfGreed","Blur","Adrenaline","Backflip","Die Die Die","Crippling Poison+1","Deflect+1","Adrenaline","Blade Dance+1","Noxious Fumes+1","Deflect+1","Leg Sweep+1","Catalyst","Leg Sweep","Venomology","Deadly Poison+1"],"relics":["Ring of the Snake","CeramicFish","Potion Belt","Membership Card","Vajra","Tiny House","Lee\u0027s Waffle","Smiling Mask","Frozen Egg 2","Happy Flower","Philosopher\u0027s Stone","ClockworkSouvenir","WingedGreaves","Shuriken","OrangePellets","Thread and Needle","Ornamental Fan","Paper Crane","Pantograph","Unceasing Top"],"acts_visited":["Exordium","TheCity","TheBeyond","TheEnding"],"potions_floor_usage":[12,13,13,23,30,33,39,45,50,50,50,54,54,55,55,55,55],"damage_taken":[{"damage":2,"enemies":"Small Slimes","floor":1,"turns":4},{"damage":3,"enemies":"Jaw Worm","floor":3,"turns":7},{"damage":0,"enemies":"Cultist","floor":4,"turns":3},{"damage":12,"enemies":"3 Sentries","floor":7,"turns":4},{"damage":1,"enemies":"Large Slime","floor":12,"turns":4},{"damage":29,"enemies":"Gremlin Nob","floor":13,"turns":4},{"damage":4,"enemies":"Exordium Thugs","floor":14,"turns":3},{"damage":6,"enemies":"Hexaghost","floor":16,"turns":8},{"damage":1,"enemies":"Shell Parasite","floor":18,"turns":4},{"damage":22,"enemies":"2 Thieves","floor":19,"turns":3},{"damage":10,"enemies":"3 Cultists","floor":21,"turns":5},{"damage":1,"enemies":"Centurion and Healer","floor":23,"turns":4},{"damage":16,"enemies":"Slavers","floor":25,"turns":11},{"damage":21,"enemies":"Snake Plant","floor":28,"turns":5},{"damage":24,"enemies":"Book of Stabbing","floor":30,"turns":7},{"damage":0,"enemies":"Cultist and Chosen","floor":31,"turns":4},{"damage":34,"enemies":"Champ","floor":33,"turns":13},{"damage":16,"enemies":"3 Darklings","floor":35,"turns":4},{"damage":0,"enemies":"3 Shapes","floor":37,"turns":5},{"damage":0,"enemies":"Maw","floor":38,"turns":7},{"damage":22,"enemies":"2 Orb Walkers","floor":39,"turns":4},{"damage":0,"enemies":"Reptomancer","floor":42,"turns":6},{"damage":34,"enemies":"Sphere and 2 Shapes","floor":45,"turns":15},{"damage":10,"enemies":"Nemesis","floor":47,"turns":5},{"damage":0,"enemies":"Giant Head","floor":48,"turns":6},{"damage":63,"enemies":"Awakened One","floor":50,"turns":13},{"damage":0,"enemies":"Shield and Spear","floor":54,"turns":5},{"damage":106,"enemies":"The Heart","floor":55,"turns":11}],"seed_played":"-3560314062788652647","potions_obtained":[{"floor":4,"key":"LiquidBronze"},{"floor":7,"key":"SpeedPotion"},{"floor":12,"key":"Regen Potion"},{"floor":16,"key":"SpeedPotion"},{"floor":17,"key":"GamblersBrew"},{"floor":18,"key":"FearPotion"},{"floor":25,"key":"ColorlessPotion"},{"floor":29,"key":"Block Potion"},{"floor":29,"key":"Ancient Potion"},{"floor":29,"key":"FairyPotion"},{"floor":30,"key":"CultistPotion"},{"floor":39,"key":"AttackPotion"},{"floor":45,"key":"EssenceOfSteel"}],"is_trial":false,"path_per_floor":["M","?","M","M","?","R","E","R","T","R","$","M","E","M","R","B",null,"M","M","$","M","?","M","$","E","T","?","M","?","E","M","R","B",null,"M","$","M","M","?","R","R","E","T","?","M","$","E","E","R","B",null,"R","$","E","B"],"character_chosen":"THE_SILENT","items_purchased":["Membership Card","Adrenaline","Accuracy","Block Potion","HandOfGreed","Swift Potion","Lee\u0027s Waffle","Backflip","Die Die Die","ClockworkSouvenir","Noxious Fumes+1","Strength Potion","OrangePellets","Thread and Needle","Ornamental Fan","Leg Sweep","Block Potion","DuplicationPotion"],"campfire_rested":3,"item_purchase_floors":[11,11,11,11,20,20,24,24,24,36,36,36,46,46,46,46,53,53],"current_hp_per_floor":[61,47,44,44,44,44,32,32,32,32,32,31,14,10,10,4,59,58,36,36,26,26,25,82,66,66,66,45,45,21,21,45,11,64,48,48,48,48,26,50,74,74,74,74,40,40,30,30,30,7,63,63,63,63,0,0],"gold":74,"neow_bonus":"HUNDRED_GOLD","is_daily":false,"chose_seed":false,"campfire_upgraded":5,"win_rate":0.0,"timestamp":1612216483,"path_taken":["M","?","M","M","?","R","E","R","T","R","$","?","E","M","R","BOSS","M","M","$","M","?","M","?","E","T","?","?","?","E","M","R","BOSS","M","$","M","?","?","R","R","E","T","?","M","$","E","E","R","BOSS","R","$","E","BOSS"],"items_purchased_type":["Relic","Card","Card","Potion","Card","Potion","Relic","Card","Card","Relic","Card","Potion","Relic","Relic","Relic","Card","Potion","Potion"],"build_version":"2020-12-22","purchased_purges":6,"victory":false,"max_hp_per_floor":[70,70,70,70,70,70,70,70,70,70,70,70,70,70,70,70,75,75,75,75,75,75,75,82,82,82,82,82,82,82,82,82,82,82,82,82,82,82,82,82,82,82,82,82,82,82,82,82,82,82,82,82,82,82,82,82],"relic_stats":{"OrangePellets":[1],"Lee\u0027s Waffle":57,"Happy Flower":[32],"counters":[28,174],"Shuriken":[32],"Ornamental Fan":[116],"CeramicFish":225,"Pantograph":44,"Smiling Mask":113,"obtain_stats":[{"Potion Belt":9,"Lee\u0027s Waffle":24,"Tiny House":17,"Happy Flower":30,"CeramicFish":7,"Vajra":13,"Thread and Needle":46,"Frozen Egg 2":26,"Paper Crane":47,"Smiling Mask":25,"ClockworkSouvenir":36,"OrangePellets":46,"Shuriken":42,"Ornamental Fan":46,"Pantograph":48,"Philosopher\u0027s Stone":34,"WingedGreaves":39,"Membership Card":11,"Unceasing Top":54,"Ring of the Snake":0},{"Potion Belt":4,"Lee\u0027s Waffle":12,"Tiny House":8,"Happy Flower":15,"CeramicFish":4,"Vajra":6,"Thread and Needle":23,"Frozen Egg 2":13,"Paper Crane":24,"Smiling Mask":13,"ClockworkSouvenir":18,"OrangePellets":23,"Shuriken":22,"Ornamental Fan":23,"Pantograph":25,"Philosopher\u0027s Stone":17,"WingedGreaves":21,"Membership Card":4,"Unceasing Top":27,"Ring of the Snake":0},{"Potion Belt":18,"Lee\u0027s Waffle":53,"Tiny House":37,"Happy Flower":76,"CeramicFish":18,"Vajra":26,"Thread and Needle":134,"Frozen Egg 2":64,"Paper Crane":139,"Smiling Mask":64,"ClockworkSouvenir":97,"OrangePellets":134,"Shuriken":119,"Ornamental Fan":134,"Pantograph":145,"Philosopher\u0027s Stone":93,"WingedGreaves":113,"Membership Card":18,"Unceasing Top":163,"Ring of the Snake":0}],"Unceasing Top":[3],"Ring of the Snake":[56]},"card_choices":[{"not_picked":["Setup","Prepared"],"picked":"Outmaneuver","floor":1},{"not_picked":["Underhanded Strike","Backflip"],"picked":"Quick Slash","floor":3},{"not_picked":["Well Laid Plans","Infinite Blades"],"picked":"Blade Dance","floor":4},{"not_picked":["Heel Hook","Calculated Gamble"],"picked":"Distraction","floor":7},{"not_picked":["Underhanded Strike","Tactician"],"picked":"PiercingWail","floor":12},{"not_picked":["Poisoned Stab","Glass Knife"],"picked":"Infinite Blades","floor":13},{"not_picked":["Catalyst","Bouncing Flask","Setup"],"picked":"SKIP","floor":14},{"not_picked":["Grand Finale","Storm of Steel"],"picked":"Burst","floor":16},{"not_picked":["Sucker Punch","Bane"],"picked":"Cloak And Dagger","floor":17},{"not_picked":["Eviscerate","Poisoned Stab"],"picked":"PiercingWail","floor":18},{"not_picked":["Blade Dance","Well Laid Plans"],"picked":"Cloak And Dagger+1","floor":19},{"not_picked":["Slice","PiercingWail"],"picked":"Blur","floor":21},{"not_picked":["PiercingWail","Outmaneuver","Concentrate"],"picked":"SKIP","floor":23},{"not_picked":["Night Terror","Deflect","All Out Attack+1"],"picked":"SKIP","floor":25},{"not_picked":["Sucker Punch","Dagger Throw+1","Eviscerate"],"picked":"SKIP","floor":28},{"not_picked":["Skewer","Flechettes"],"picked":"Crippling Poison+1","floor":30},{"not_picked":["Flechettes","Distraction"],"picked":"Deflect+1","floor":31},{"not_picked":["Bullet Time","Grand Finale"],"picked":"Adrenaline","floor":33},{"not_picked":["Bane+1","Deadly Poison+1"],"picked":"Blade Dance+1","floor":35},{"not_picked":["Blade Dance+1","Caltrops+1"],"picked":"Deflect+1","floor":37},{"not_picked":["Accuracy+1","Noxious Fumes+1"],"picked":"Leg Sweep+1","floor":38},{"not_picked":["Eviscerate","Dash+1"],"picked":"Catalyst","floor":42},{"not_picked":["Deflect","Bane","Sucker Punch"],"picked":"SKIP","floor":45},{"not_picked":["Deflect+1","Leg Sweep","Cloak And Dagger"],"picked":"SKIP","floor":47},{"not_picked":["Blade Dance","Dagger Throw+1"],"picked":"Venomology","floor":48},{"not_picked":["Outmaneuver","Quick Slash+1"],"picked":"Deadly Poison+1","floor":54}],"player_experience":6067460,"relics_obtained":[{"floor":7,"key":"CeramicFish"},{"floor":9,"key":"Potion Belt"},{"floor":13,"key":"Vajra"},{"floor":25,"key":"Smiling Mask"},{"floor":26,"key":"Frozen Egg 2"},{"floor":30,"key":"Happy Flower"},{"floor":39,"key":"WingedGreaves"},{"floor":42,"key":"Shuriken"},{"floor":47,"key":"Paper Crane"},{"floor":48,"key":"Pantograph"},{"floor":54,"key":"Unceasing Top"}],"event_choices":[{"damage_healed":0,"gold_gain":0,"player_choice":"Entered Light","damage_taken":14,"max_hp_gain":0,"max_hp_loss":0,"event_name":"Shining Light","floor":2,"gold_loss":0,"cards_upgraded":["Strike_G","Defend_G"]},{"damage_healed":0,"gold_gain":0,"cards_transformed":["Strike_G"],"player_choice":"Transformed","damage_taken":0,"max_hp_gain":0,"max_hp_loss":0,"event_name":"Transmorgrifier","floor":5,"gold_loss":0,"cards_obtained":["A Thousand Cuts"]},{"damage_healed":0,"gold_gain":0,"player_choice":"1 cards matched","damage_taken":0,"max_hp_gain":0,"max_hp_loss":0,"event_name":"Match and Keep!","floor":22,"gold_loss":0,"cards_obtained":["Adrenaline"]},{"damage_healed":0,"gold_gain":100,"player_choice":"Pray","damage_taken":0,"max_hp_gain":0,"max_hp_loss":0,"event_name":"Golden Shrine","floor":27,"gold_loss":0},{"damage_healed":0,"gold_gain":0,"player_choice":"Got Potions","damage_taken":0,"max_hp_gain":0,"max_hp_loss":0,"event_name":"Lab","floor":29,"gold_loss":0},{"damage_healed":0,"gold_gain":0,"player_choice":"Fight","damage_taken":0,"max_hp_gain":0,"max_hp_loss":0,"event_name":"Mysterious Sphere","floor":39,"gold_loss":0},{"cards_removed":["Quick Slash"],"damage_healed":0,"gold_gain":0,"player_choice":"Removed Attack","damage_taken":0,"max_hp_gain":0,"max_hp_loss":0,"event_name":"Falling","floor":44,"gold_loss":0}],"is_beta":false,"boss_relics":[{"not_picked":["Sozu","Ectoplasm"],"picked":"Tiny House"},{"not_picked":["HoveringKite","Runic Pyramid"],"picked":"Philosopher\u0027s Stone"}],"items_purged_floors":[11,20,24,36,46,53],"is_endless":false,"potions_floor_spawned":[4,7,12,16,18,25,30,37,38,39,45,47],"killed_by":"The Heart","ascension_level":10}}