{"host":"tzwq52iyn0uky71y","time":1612210404,"event":{"mods":["BaseMod","Minty Spire (QoL Compilation)","StSLib"],"gold_per_floor":[110,123,9,24,99,99,125,137,189,207,207,207],"floor_reached":11,"language":"ENG","playtime":677,"items_purged":[],"score":75,"play_id":"44f90604-9275-4d66-906a-e9ae5e3f410f","local_time":"20210201211324","is_ascension_mode":false,"campfire_choices":[{"floor":6,"key":"REST"}],"circlet_count":0,"master_deck":["Strike_B","Strike_B","Strike_B","Strike_B","Defend_B","Defend_B","Defend_B","Defend_B","Zap","Dualcast","Loop","Gash","Capacitor","Darkness","Sweeping Beam","Melter","Gash","Lockon"],"relics":["Cracked Core","Eternal Feather","Strawberry"],"acts_visited":["Exordium"],"potions_floor_usage":[7],"damage_taken":[{"damage":1,"enemies":"Cultist","floor":1,"turns":3},{"damage":9,"enemies":"2 Louse","floor":2,"turns":3},{"damage":5,"enemies":"Small Slimes","floor":4,"turns":3},{"damage":30,"enemies":"3 Sentries","floor":7,"turns":6},{"damage":29,"enemies":"Gremlin Gang","floor":8,"turns":3},{"damage":10,"enemies":"Looter","floor":10,"turns":3},{"damage":26,"enemies":"Gremlin Nob","floor":11,"turns":3}],"seed_played":"-8967858177493582891","potions_obtained":[{"floor":2,"key":"AttackPotion"},{"floor":7,"key":"SteroidPotion"}],"is_trial":false,"path_per_floor":["M","M","$","M","?","R","E","M","T","M","E"],"character_chosen":"DEFECT","items_purchased":["Capacitor","Darkness"],"campfire_rested":1,"item_purchase_floors":[3,3],"current_hp_per_floor":[81,72,72,67,56,80,50,21,28,18,0,0],"gold":207,"neow_bonus":"TEN_PERCENT_HP_BONUS","is_daily":false,"chose_seed":false,"campfire_upgraded":0,"win_rate":0.0,"timestamp":1612210404,"path_taken":["M","?","?","?","?","R","E","M","T","M","E"],"items_purchased_type":["Card","Card"],"build_version":"2020-12-22","purchased_purges":0,"victory":false,"max_hp_per_floor":[82,82,82,82,82,82,82,82,89,89,89,89],"card_choices":[{"not_picked":["Compile Driver","Redo"],"picked":"Loop","floor":1},{"not_picked":["Lockon","Coolheaded"],"picked":"Gash","floor":2},{"not_picked":["Barrage","Cold Snap"],"picked":"Sweeping Beam","floor":4},{"not_picked":["Cold Snap","Fission"],"picked":"Melter","floor":7},{"not_picked":["Cold Snap","Stack"],"picked":"Gash","floor":8},{"not_picked":["Barrage","Genetic Algorithm"],"picked":"Lockon","floor":10}],"player_experience":5252,"relics_obtained":[{"floor":7,"key":"Eternal Feather"},{"floor":9,"key":"Strawberry"}],"event_choices":[{"damage_healed":0,"gold_gain":75,"player_choice":"Gather Gold","damage_taken":11,"max_hp_gain":0,"max_hp_loss":0,"event_name":"World of Goop","floor":5,"gold_loss":0}],"is_beta":false,"boss_relics":[],"items_purged_floors":[],"is_endless":false,"potions_floor_spawned":[2,7],"killed_by":"Gremlin Nob","ascension_level":0}}