{"host":"q6r63elxu27obe7v","time":1612168401,"event":{"mods":["2.2 Compatiblity","AchievementEnabler","BaseMod","CapriCore","DeckTracker","Keyboard Shortcuts","Minty Spire (QoL Compilation)","Permanent Neow","Quick Restart","Replay The Spire","StSLib","SuperFastMode","¡¼?Úª?ø«¡½REMEMod"],"gold_per_floor":[110,35,35,45,61,87,101,116,116,116,146,146,161,178,178,281,281,298,324,342,342,342,342,374,388,388,0,35,35,48,83,83,183,183,198,212,67,82,112,112,112,112],"floor_reached":41,"language":"KOR","playtime":1268,"items_purged":["Regret","Defend_R"],"score":537,"play_id":"c70911f0-efc1-4e1b-a2f9-b0fb06ea8ff5","local_time":"20210201173321","is_ascension_mode":true,"campfire_choices":[{"data":"REME_Flogging","floor":12,"key":"SMITH"},{"data":"Infernal Blade","floor":15,"key":"SMITH"},{"floor":23,"key":"RECALL"},{"data":"Cleave","floor":29,"key":"SMITH"},{"data":"Pommel Strike","floor":32,"key":"SMITH"},{"floor":40,"key":"REST"}],"circlet_count":0,"master_deck":["Strike_R","Strike_R","Strike_R","Strike_R","Strike_R","Defend_R","Defend_R","Defend_R","Bash","Shrug It Off","REME_Flogging+1","Cleave+1","Headbutt","Pommel Strike+1","Infernal Blade+1","Flex","Clothesline","REME_TheLastStrike","Flame Barrier+1","REME_Cut+1","Headbutt+1","Twin Strike+1","Demon Form","Run Through","ReplayTheSpireMod:Strike From Hell"],"relics":["Burning Blood","REME_ComplimentaryCards","King of Hearts","Ginger","Chameleon Ring","Singing Bowl","Ice Cream","Replay:PocketPolymizer","Philosopher\u0027s Stone","Red Mask","Lizard Tail","Replay:Bottled Eggs","Akabeko","Boot","Happy Flower","Ring of Chaos","Bag of Marbles"],"acts_visited":["Exordium","TheCity","TheBeyond"],"potions_floor_usage":[31,33,41,41,41],"damage_taken":[{"damage":6,"enemies":"Jaw Worm","floor":1,"turns":4},{"damage":1,"enemies":"2 Louse","floor":4,"turns":4},{"damage":0,"enemies":"Small Slimes","floor":5,"turns":2},{"damage":27,"enemies":"Gremlin Nob","floor":6,"turns":4},{"damage":14,"enemies":"Exordium Thugs","floor":7,"turns":4},{"damage":11,"enemies":"Large Slime","floor":8,"turns":3},{"damage":13,"enemies":"Lagavulin","floor":11,"turns":6},{"damage":13,"enemies":"Exordium Wildlife","floor":13,"turns":3},{"damage":5,"enemies":"Lots of Slimes","floor":14,"turns":2},{"damage":28,"enemies":"Hexaghost","floor":16,"turns":8},{"damage":14,"enemies":"Shell Parasite","floor":18,"turns":3},{"damage":0,"enemies":"Masked Bandits","floor":19,"turns":3},{"damage":3,"enemies":"Chosen","floor":20,"turns":3},{"damage":15,"enemies":"Slavers","floor":24,"turns":4},{"damage":1,"enemies":"Centurion and Healer","floor":25,"turns":3},{"damage":0,"enemies":"Gremlin Leader","floor":28,"turns":6},{"damage":0,"enemies":"Cultist and Chosen","floor":30,"turns":3},{"damage":16,"enemies":"Slavers","floor":31,"turns":3},{"damage":25,"enemies":"Champ","floor":33,"turns":6},{"damage":6,"enemies":"3 Shapes","floor":35,"turns":3},{"damage":46,"enemies":"3 Darklings","floor":36,"turns":3},{"damage":24,"enemies":"Sphere and 2 Shapes","floor":38,"turns":3},{"damage":102,"enemies":"Nemesis","floor":41,"turns":6}],"seed_played":"7009018907752259695","potions_obtained":[{"floor":4,"key":"Swift Potion"},{"floor":6,"key":"Elixir"},{"floor":7,"key":"GamblersBrew"},{"floor":18,"key":"Strength Potion"},{"floor":22,"key":"SpeedPotion"},{"floor":30,"key":"LifebloodPotion"},{"floor":31,"key":"Swift Potion"},{"floor":33,"key":"PowerPotion"}],"is_trial":false,"path_per_floor":["M","$","?","M","M","E","M","M","T","T","E","R","M","M","R","B",null,"M","?","M","?","?","R","E","M","T","$","E","R","M","E","R","B",null,"M","M","$","M","?","R","E"],"character_chosen":"IRONCLAD","items_purchased":["Replay:Bottled Eggs","Fire Potion","Akabeko","Bag of Marbles"],"campfire_rested":1,"item_purchase_floors":[27,27,27,37],"current_hp_per_floor":[80,80,73,78,80,59,51,46,46,46,41,41,36,37,37,15,84,76,82,84,84,84,84,77,82,82,82,88,88,90,82,82,63,92,94,56,56,38,14,42,0,0],"gold":112,"neow_bonus":"RANDOM_EVENT","is_daily":false,"chose_seed":false,"campfire_upgraded":4,"win_rate":0.0,"timestamp":1612168401,"path_taken":["M","$","?","M","M","E","M","M","T","?","E","R","M","M","R","BOSS","M","?","M","?","?","R","E","?","T","$","E","R","M","E","R","BOSS","M","M","$","M","?","R","E"],"items_purchased_type":["Relic","Potion","Relic","Relic"],"build_version":"2020-12-22","purchased_purges":2,"victory":false,"max_hp_per_floor":[80,80,80,80,80,80,80,80,80,80,82,82,84,84,84,84,84,84,84,84,84,84,84,86,86,86,86,88,88,90,92,92,92,92,94,96,96,96,96,96,96,96],"card_choices":[{"not_picked":["Pummel","Replay:Undeath\u0027s Touch"],"picked":"Shrug It Off","floor":1},{"not_picked":["Pommel Strike","Anger"],"picked":"Cleave","floor":4},{"not_picked":["Sword Boomerang","Shockwave"],"picked":"Headbutt","floor":5},{"not_picked":["Clash","Reckless Charge"],"picked":"Pommel Strike","floor":6},{"not_picked":["Uppercut","Wild Strike"],"picked":"Infernal Blade","floor":7},{"not_picked":["Perfected Strike","Life Link"],"picked":"Flex","floor":8},{"not_picked":["Heavy Blade","Twin Strike","Perfected Strike"],"picked":"Singing Bowl","floor":11},{"not_picked":["Headbutt","Twin Strike","REME_Fury"],"picked":"Singing Bowl","floor":13},{"not_picked":["Run Through","Iron Wave"],"picked":"Clothesline","floor":14},{"not_picked":["REME_ACTH","Feed"],"picked":"REME_TheLastStrike","floor":16},{"not_picked":["Entrench+1","Rage"],"picked":"Flame Barrier+1","floor":18},{"not_picked":["Power Through+1","Armaments"],"picked":"REME_Cut+1","floor":19},{"not_picked":["Shockwave","Sword Boomerang"],"picked":"Headbutt+1","floor":20},{"not_picked":["Exhume","Havoc","Heavy Blade+1"],"picked":"Singing Bowl","floor":24},{"not_picked":["REME_Scribble","Thunderclap"],"picked":"Twin Strike+1","floor":25},{"not_picked":["Shrug It Off+1","ReplayTheSpireMod:Muscle Training","Iron Wave"],"picked":"Singing Bowl","floor":28},{"not_picked":["Replay:Undeath\u0027s Touch","Combust+1","Bludgeon"],"picked":"Singing Bowl","floor":30},{"not_picked":["Pommel Strike","Run Through","Hemokinesis"],"picked":"Singing Bowl","floor":31},{"not_picked":["Bludgeon","Feed"],"picked":"Demon Form","floor":33},{"not_picked":["Heavy Blade+1","Clothesline","ReplayTheSpireMod:Strike From Hell+1"],"picked":"Singing Bowl","floor":35},{"not_picked":["Clothesline+1","Defy Death+1","Wild Strike"],"picked":"Singing Bowl","floor":36},{"not_picked":["Armaments","Dual Wield"],"picked":"Run Through","floor":38},{"not_picked":["Second Wind","Cleave+1"],"picked":"ReplayTheSpireMod:Strike From Hell","floor":39}],"player_experience":88102,"relics_obtained":[{"floor":6,"key":"Chameleon Ring"},{"floor":9,"key":"Singing Bowl"},{"floor":10,"key":"Ice Cream"},{"floor":11,"key":"Replay:PocketPolymizer"},{"floor":19,"key":"Red Mask"},{"floor":24,"key":"Lizard Tail"},{"floor":28,"key":"Boot"},{"floor":31,"key":"Happy Flower"}],"event_choices":[{"damage_healed":0,"gold_gain":0,"player_choice":"Box","damage_taken":0,"relics_obtained":["King of Hearts"],"max_hp_gain":0,"max_hp_loss":0,"event_name":"Big Fish","floor":0,"gold_loss":0,"cards_obtained":["Regret"]},{"damage_healed":0,"gold_gain":0,"player_choice":"Success","damage_taken":7,"relics_obtained":["Ginger"],"max_hp_gain":0,"max_hp_loss":0,"event_name":"Scrap Ooze","floor":3,"gold_loss":0},{"damage_healed":0,"gold_gain":0,"player_choice":"Fought Bandits","damage_taken":0,"max_hp_gain":0,"max_hp_loss":0,"event_name":"Masked Bandits","floor":19,"gold_loss":0},{"damage_healed":0,"gold_gain":0,"player_choice":"Ignored","damage_taken":0,"max_hp_gain":0,"max_hp_loss":0,"event_name":"Cursed Tome","floor":21,"gold_loss":0},{"damage_healed":0,"gold_gain":0,"player_choice":"Got Potions","damage_taken":0,"max_hp_gain":0,"max_hp_loss":0,"event_name":"Lab","floor":22,"gold_loss":0}],"is_beta":false,"boss_relics":[{"not_picked":["Runic Dome","Fusion Hammer"],"picked":"Philosopher\u0027s Stone"},{"not_picked":["Astrolabe","Coffee Dripper"],"picked":"Ring of Chaos"}],"items_purged_floors":[2,27],"is_endless":false,"potions_floor_spawned":[4,6,7,8,18,25,30,31,33,38],"killed_by":"Nemesis","ascension_level":1}}