{"host":"i9wanet4r0ff4t9y","time":1612178769,"event":{"mods":["2.2 Compatiblity","Act Like it!","BaseMod","Bestiary","Better Altar","Better Match","Better Note","Better Sensory Stone","Better Skull","Better Third Choice","Better Vampires","BetterRewards","CapriCore","Colored Map","Curses Come First","Downfall","Minty Spire (QoL Compilation)","Quick Restart","READ ME - Guardian Mod","READ ME - Snecko Mod","Relic Stats","Reliquary","Say the Spire","Spicy Shops","StSLib","The Disciple","The Gatherer","Waifu the Spire"],"gold_per_floor":[114,131,131,131,131,131,145,145,145,164,7,7,22,58,58,153,153,173,192,192,192,215,215,215,215,215,215,215,215],"floor_reached":28,"language":"POL","playtime":716,"items_purged":[],"score":616,"play_id":"e30d76d5-6d11-4918-bf4c-25759944bfa0","local_time":"20210201122609","is_ascension_mode":true,"campfire_choices":[{"floor":6.0,"key":"REST"},{"floor":8.0,"key":"REST"},{"floor":12.0,"key":"REST"},{"data":"Limit Break","floor":15.0,"key":"SMITH"},{"floor":23.0,"key":"REST"},{"floor":27.0,"key":"REST"}],"circlet_count":0,"master_deck":["AscendersBane","Strike_R","Strike_R","Strike_R","Strike_R+1","Strike_R","Defend_R+1","Defend_R","Defend_R","Defend_R","Bash","Writhe","Disarm","Spot Weakness+1","Armaments","Pummel","Anger","Limit Break+1","Immolate","CurseOfTheBell","Rupture","Metallicize","Demon Form","Flame Barrier"],"relics":["Burning Blood","reliquary:MedicineBall","reliquary:RosewoodLute","HandDrill","Oddly Smooth Stone","Bloody Idol","reliquary:SilkGlove","reliquary:Stiletto","reliquary:PartyBalloon","Calling Bell","Boot","White Beast Statue","Gambling Chip","Enchiridion","WingedGreaves"],"acts_visited":["Exordium","TheCity"],"potions_floor_usage":[28],"damage_taken":[{"damage":0.0,"enemies":"Cultist","floor":1.0,"turns":3.0},{"damage":0.0,"enemies":"2 Louse","floor":2.0,"turns":2.0},{"damage":0.0,"enemies":"Jaw Worm","floor":7.0,"turns":3.0},{"damage":17.0,"enemies":"Exordium Wildlife","floor":10.0,"turns":4.0},{"damage":10.0,"enemies":"2 Fungi Beasts","floor":13.0,"turns":4.0},{"damage":9.0,"enemies":"Lagavulin","floor":14.0,"turns":7.0},{"damage":41.0,"enemies":"Slime Boss","floor":16.0,"turns":10.0},{"damage":20.0,"enemies":"Chosen","floor":18.0,"turns":6.0},{"damage":0.0,"enemies":"Spheric Guardian","floor":19.0,"turns":3.0},{"damage":24.0,"enemies":"Centurion and Healer","floor":22.0,"turns":5.0},{"damage":41,"enemies":"Book of Stabbing","floor":28,"turns":4}],"seed_played":"7407400088568326561","potions_obtained":[{"floor":1.0,"key":"bronze:BurnAndBuffPotion"},{"floor":13.0,"key":"Block Potion"},{"floor":14.0,"key":"SkillPotion"},{"floor":18.0,"key":"FearPotion"},{"floor":19.0,"key":"ColorlessPotion"},{"floor":22.0,"key":"PowerPotion"}],"is_trial":false,"path_per_floor":["M","M","?","?","?","R","M","R","T","M","$","R","M","E","R","B",null,"M","M","?","?","M","R","?","?","T","R","E"],"character_chosen":"IRONCLAD","items_purchased":["reliquary:MedicineBall","reliquary:RosewoodLute","HandDrill","Oddly Smooth Stone","reliquary:Stiletto"],"campfire_rested":5,"item_purchase_floors":[0,0,0,0,11],"current_hp_per_floor":[49,55,55,29,6,28,34,56,56,45,45,67,63,60,60,25,63,49,55,37,37,19,41,40,19,19,41,0,0],"gold":215,"neow_bonus":"","is_daily":false,"chose_seed":false,"campfire_upgraded":1,"win_rate":0.0,"timestamp":1612178769,"path_taken":["M","M","?","?","?","R","M","R","T","M","?","R","M","E","R","BOSS","M","M","?","?","M","R","?","?","T","R","E"],"items_purchased_type":["Relic","Relic","Relic","Relic","Relic"],"build_version":"2020-12-22","purchased_purges":0,"victory":false,"max_hp_per_floor":[75,75,75,75,75,75,75,75,75,75,75,75,75,75,75,75,75,75,75,75,75,75,75,75,75,75,75,75,75],"relic_stats":{"counters":[50,235],"Bloody Idol":0,"Gambling Chip":[5],"HandDrill":[10],"Boot":[13],"obtain_stats":[{"reliquary:PartyBalloon":14,"Whetstone":0,"Sling":0,"Boot":17,"Old Coin":23,"Blood Vial":38,"Sozu":17,"HandDrill":0,"Pear":0,"Oddly Smooth Stone":0,"Charon\u0027s Ashes":0,"Letter Opener":24,"War Paint":0,"WarpedTongs":30,"reliquary:Bookmark":0,"Molten Egg 2":31,"Black Star":34,"reliquary:MedicineBall":0,"Darkstone Periapt":10,"Lantern":0,"Regal Pillow":3,"reliquary:SilkGlove":9,"Singing Bowl":43,"Magic Flower":0,"Enchiridion":25,"Incense Burner":19,"hubris:EmptyBottle":0,"Cursed Key":17,"Smiling Mask":9,"Burning Blood":0,"ClockworkSouvenir":0,"hubris:Icosahedron":2,"Gambling Chip":17,"hubris:IronBody":26,"WingedGreaves":26,"Red Mask":39,"hexamod:CandleOfCauterizing":9,"Golden Idol":2,"Omamori":11,"hubris:Towel":47,"reliquary:RosewoodLute":0,"White Beast Statue":17,"Calling Bell":17,"betterThird:SlimedRelic":4,"Bloody Idol":24,"Orrery":0,"reliquary:Stiletto":11,"hubris:Potato":6,"Toy Ornithopter":10},{"reliquary:PartyBalloon":45,"Whetstone":0,"Sling":3,"Boot":46,"Old Coin":38,"Blood Vial":21,"Sozu":35,"HandDrill":39,"Pear":26,"Oddly Smooth Stone":39,"Charon\u0027s Ashes":26,"Letter Opener":17,"War Paint":0,"WarpedTongs":18,"reliquary:Bookmark":26,"Molten Egg 2":19,"Black Star":20,"reliquary:MedicineBall":39,"Darkstone Periapt":31,"Lantern":0,"Regal Pillow":1,"reliquary:SilkGlove":42,"Singing Bowl":23,"Magic Flower":3,"Enchiridion":49,"Incense Burner":14,"hubris:EmptyBottle":0,"Cursed Key":13,"Smiling Mask":30,"Burning Blood":0,"ClockworkSouvenir":3,"hubris:Icosahedron":1,"Gambling Chip":46,"hubris:IronBody":17,"WingedGreaves":49,"Red Mask":21,"hexamod:CandleOfCauterizing":10,"Golden Idol":27,"Omamori":11,"hubris:Towel":24,"reliquary:RosewoodLute":39,"White Beast Statue":46,"Calling Bell":46,"betterThird:SlimedRelic":28,"Bloody Idol":49,"Orrery":0,"reliquary:Stiletto":43,"hubris:Potato":9,"Toy Ornithopter":11},{"reliquary:PartyBalloon":207,"Whetstone":0,"Sling":10,"Boot":217,"Old Coin":178,"Blood Vial":105,"Sozu":166,"HandDrill":184,"Pear":133,"Oddly Smooth Stone":184,"Charon\u0027s Ashes":133,"Letter Opener":82,"War Paint":0,"WarpedTongs":88,"reliquary:Bookmark":133,"Molten Egg 2":92,"Black Star":100,"reliquary:MedicineBall":184,"Darkstone Periapt":146,"Lantern":0,"Regal Pillow":4,"reliquary:SilkGlove":192,"Singing Bowl":113,"Magic Flower":10,"Enchiridion":231,"Incense Burner":66,"hubris:EmptyBottle":0,"Cursed Key":60,"Smiling Mask":144,"Burning Blood":0,"ClockworkSouvenir":10,"hubris:Icosahedron":4,"Gambling Chip":217,"hubris:IronBody":82,"WingedGreaves":231,"Red Mask":105,"hexamod:CandleOfCauterizing":42,"Golden Idol":135,"Omamori":47,"hubris:Towel":117,"reliquary:RosewoodLute":184,"White Beast Statue":217,"Calling Bell":217,"betterThird:SlimedRelic":138,"Bloody Idol":231,"Orrery":0,"reliquary:Stiletto":196,"hubris:Potato":36,"Toy Ornithopter":47}],"Burning Blood":328},"card_choices":[{"not_picked":["Flame Barrier","Clothesline"],"picked":"Disarm","floor":1.0},{"not_picked":["Wild Strike","Dropkick"],"picked":"Spot Weakness","floor":2.0},{"not_picked":["Clothesline","Twin Strike"],"picked":"Armaments","floor":7.0},{"not_picked":["Burning Pact","Cleave"],"picked":"Pummel","floor":10.0},{"not_picked":["Havoc","Pommel Strike"],"picked":"Anger","floor":13.0},{"not_picked":["Pommel Strike","Metallicize"],"picked":"Limit Break","floor":14.0},{"not_picked":["Corruption","Feed"],"picked":"Immolate","floor":16.0},{"not_picked":["Perfected Strike+1","Shockwave+1"],"picked":"Rupture","floor":18.0},{"not_picked":["Blood for Blood+1","Pommel Strike+1"],"picked":"Metallicize","floor":19.0},{"not_picked":["Havoc","Thunderclap"],"picked":"Flame Barrier","floor":22.0}],"player_experience":459455,"relics_obtained":[{"floor":9.0,"key":"reliquary:SilkGlove"},{"floor":14.0,"key":"reliquary:PartyBalloon"},{"floor":17.0,"key":"Boot"},{"floor":17.0,"key":"White Beast Statue"},{"floor":17.0,"key":"Gambling Chip"},{"floor":25.0,"key":"Enchiridion"},{"floor":26.0,"key":"WingedGreaves"}],"event_choices":[{"damage_healed":0.0,"max_hp_gain":0.0,"max_hp_loss":0.0,"gold_gain":0.0,"event_name":"Living Wall","player_choice":"Grow","floor":3.0,"gold_loss":0.0,"damage_taken":0.0,"cards_upgraded":["Spot Weakness"]},{"damage_healed":0.0,"max_hp_gain":0.0,"max_hp_loss":0.0,"gold_gain":0.0,"event_name":"Golden Idol","player_choice":"Take Damage","floor":4.0,"gold_loss":0.0,"damage_taken":26.0,"relics_obtained":["Golden Idol"]},{"damage_healed":29.0,"max_hp_gain":0.0,"max_hp_loss":75.0,"gold_gain":0.0,"event_name":"betterThird:BetterShining","player_choice":"Upgrade","floor":5.0,"gold_loss":0.0,"damage_taken":23.0,"cards_upgraded":["Defend_R","Strike_R"]},{"damage_healed":0.0,"max_hp_gain":0.0,"max_hp_loss":18.0,"gold_gain":2.0,"event_name":"betterStone:BetterStone","player_choice":"2","floor":20.0,"gold_loss":0.0,"damage_taken":0.0},{"damage_healed":0.0,"max_hp_gain":0.0,"max_hp_loss":0.0,"gold_gain":0.0,"event_name":"Ghosts","player_choice":"Ignored","floor":21.0,"gold_loss":0.0,"damage_taken":0.0},{"damage_healed":0.0,"max_hp_gain":41.0,"max_hp_loss":40.0,"gold_gain":0.0,"event_name":"betterAltar:BetterAltar","player_choice":" GoldIdol ","floor":24.0,"potions_obtained":[],"relics_lost":["Golden Idol"],"gold_loss":0.0,"damage_taken":1.0,"relics_obtained":["Bloody Idol"]},{"damage_healed":0.0,"max_hp_gain":0.0,"max_hp_loss":0.0,"gold_gain":0.0,"event_name":"Cursed Tome","player_choice":"Obtained Book","floor":25.0,"gold_loss":0.0,"damage_taken":21.0}],"is_beta":false,"boss_relics":[{"not_picked":["Velvet Choker","Sozu"],"picked":"Calling Bell"}],"items_purged_floors":[],"is_endless":false,"potions_floor_spawned":[1,13,14,18,19,22],"killed_by":"Book of Stabbing","ascension_level":19}}