{"host":"p7j7o00jacnw7qzt","time":1612143404,"event":{"mods":["BaseMod","Colored Map","Colored Powertips","DeckTracker","Highlight Path","Minty Spire (QoL Compilation)","Relic Stats"],"gold_per_floor":[110,110,124,124,94,135,156,81,81,102,136,151,151,175,175,268,268,289,289,309,209,230,273,273,314,314,353,68,93,127,148,148,246,246,260,285,135,155,179,212,212,37,37,37,112,147,170,206,206,206,206,206,206,41,81,81],"floor_reached":57,"language":"ZHS","playtime":3505,"items_purged":["Strike_G","Decay","Poisoned Stab","Skewer","Flechettes"],"score":3535,"play_id":"21ea941a-c7f6-4510-85d1-63a87b528986","local_time":"20210131203644","is_ascension_mode":true,"campfire_choices":[{"data":"Neutralize","floor":13.0,"key":"SMITH"},{"data":"Acrobatics","floor":15.0,"key":"SMITH"},{"data":"Well Laid Plans","floor":24.0,"key":"SMITH"},{"data":"Acrobatics","floor":32.0,"key":"SMITH"},{"data":"Terror","floor":41.0,"key":"SMITH"},{"floor":49,"key":"RECALL"},{"data":"Venomology","floor":53,"key":"SMITH"}],"circlet_count":0,"master_deck":["AscendersBane","Survivor","Neutralize+1","Noxious Fumes","Acrobatics+1","Venomology+1","PiercingWail","Adrenaline+1","Noxious Fumes","Grand Finale","Envenom","Acrobatics+1","Deflect","Terror+1","Deadly Poison+1","Calculated Gamble","Well Laid Plans+1","Prepared+1"],"relics":["Ring of the Snake","NeowsBlessing","Golden Idol","Kunai","Oddly Smooth Stone","Toy Ornithopter","Pandora\u0027s Box","Regal Pillow","Snake Skull","Sundial","Bag of Preparation","Bronze Scales","War Paint","SlaversCollar","CeramicFish","Omamori","Eternal Feather","Akabeko","Anchor","Medical Kit","Thread and Needle"],"acts_visited":["Exordium","TheCity","TheBeyond","TheEnding"],"potions_floor_usage":[48,50,55,56,56,56],"damage_taken":[{"damage":0.0,"enemies":"Jaw Worm","floor":1.0,"turns":1.0},{"damage":0.0,"enemies":"Small Slimes","floor":3.0,"turns":1.0},{"damage":0.0,"enemies":"Lagavulin","floor":6.0,"turns":1.0},{"damage":0.0,"enemies":"Cultist","floor":7.0,"turns":3.0},{"damage":4.0,"enemies":"Exordium Thugs","floor":10.0,"turns":6.0},{"damage":32.0,"enemies":"Gremlin Nob","floor":11.0,"turns":6.0},{"damage":0.0,"enemies":"2 Fungi Beasts","floor":12.0,"turns":5.0},{"damage":1.0,"enemies":"Lots of Slimes","floor":14.0,"turns":3.0},{"damage":10.0,"enemies":"Hexaghost","floor":16.0,"turns":10.0},{"damage":0.0,"enemies":"Spheric Guardian","floor":18.0,"turns":3.0},{"damage":0.0,"enemies":"3 Byrds","floor":20.0,"turns":4.0},{"damage":0.0,"enemies":"Cultist and Chosen","floor":22.0,"turns":3.0},{"damage":28.0,"enemies":"Gremlin Leader","floor":23.0,"turns":5.0},{"damage":0.0,"enemies":"Slavers","floor":25.0,"turns":1.0},{"damage":8.0,"enemies":"Book of Stabbing","floor":27.0,"turns":4.0},{"damage":2.0,"enemies":"Slavers","floor":30.0,"turns":2.0},{"damage":0.0,"enemies":"Snecko","floor":31.0,"turns":2.0},{"damage":0.0,"enemies":"Automaton","floor":33.0,"turns":2.0},{"damage":5.0,"enemies":"3 Shapes","floor":35.0,"turns":2.0},{"damage":0.0,"enemies":"3 Darklings","floor":36.0,"turns":2.0},{"damage":0.0,"enemies":"Transient","floor":38.0,"turns":3.0},{"damage":0.0,"enemies":"Spire Growth","floor":39.0,"turns":2.0},{"damage":19.0,"enemies":"Nemesis","floor":40.0,"turns":3.0},{"damage":0.0,"enemies":"Giant Head","floor":46.0,"turns":2.0},{"damage":0.0,"enemies":"3 Darklings","floor":47.0,"turns":1.0},{"damage":0,"enemies":"Nemesis","floor":48,"turns":3},{"damage":0,"enemies":"Awakened One","floor":50,"turns":3},{"damage":0,"enemies":"Time Eater","floor":51,"turns":2},{"damage":0,"enemies":"Shield and Spear","floor":55,"turns":1},{"damage":49,"enemies":"The Heart","floor":56,"turns":5}],"seed_played":"-9080420719380911425","potions_obtained":[{"floor":5.0,"key":"Strength Potion"},{"floor":5.0,"key":"BlessingOfTheForge"},{"floor":10.0,"key":"AttackPotion"},{"floor":12.0,"key":"Fire Potion"},{"floor":20.0,"key":"Swift Potion"},{"floor":25.0,"key":"Weak Potion"},{"floor":31.0,"key":"Swift Potion"},{"floor":40.0,"key":"SneckoOil"}],"is_trial":false,"path_per_floor":["M","?","M","?","?","E","M","$","T","M","E","M","R","M","R","B",null,"M","?","M","$","M","E","R","E","T","E","$","T","E","M","R","B",null,"M","M","$","M","M","E","R","$","T","?","T","E","M","E","R","B","B",null,"R","$","E","B",null],"character_chosen":"THE_SILENT","items_purchased":["Bag of Preparation","Medical Kit"],"campfire_rested":0,"item_purchase_floors":[28,54],"current_hp_per_floor":[59,59,59,59,59,59,59,59,59,55,23,23,23,27,27,22,51,56,56,60,60,60,41,41,41,41,38,38,38,41,46,46,51,58,58,60,60,60,60,41,41,41,41,53,53,58,58,60,60,60,60,60,60,60,60,36],"gold":81,"neow_bonus":"THREE_ENEMY_KILL","is_daily":false,"chose_seed":false,"campfire_upgraded":6,"win_rate":0.0,"timestamp":1612143404,"path_taken":["M","?","M","?","?","E","?","?","T","M","E","M","R","M","R","BOSS","M","?","M","$","M","E","R","E","T","E","$","?","E","?","R","BOSS","M","M","?","M","M","E","R","?","T","?","?","E","?","E","R","BOSS","BOSS","R","$","E","BOSS"],"items_purchased_type":["Relic","Relic"],"build_version":"2020-12-22","purchased_purges":5,"victory":true,"max_hp_per_floor":[66,60,60,60,60,60,60,60,60,60,60,60,60,60,60,60,60,60,60,60,60,60,60,60,60,60,60,60,60,60,60,60,60,60,60,60,60,60,60,60,60,60,60,60,60,60,60,60,60,60,60,60,60,60,60,60],"relic_stats":{"Regal Pillow":0,"counters":[30,91],"Golden Idol":229,"CeramicFish":0,"Eternal Feather":0,"Snake Skull":[76],"Bag of Preparation":[30],"War Paint":["Deadly Poison","Adrenaline"],"Medical Kit":[2],"Sundial":[104],"Bronze Scales":[86],"Pandora\u0027s Box":["Envenom","Acrobatics","Skewer","Deflect","Poisoned Stab","Terror","Flechettes","Deadly Poison"],"Kunai":[30],"obtain_stats":[{"Regal Pillow":23,"NeowsBlessing":0,"Golden Idol":2,"CeramicFish":40,"Oddly Smooth Stone":9,"Eternal Feather":45,"Thread and Needle":55,"Snake Skull":25,"Bag of Preparation":28,"Omamori":43,"War Paint":30,"Medical Kit":54,"Akabeko":46,"SlaversCollar":34,"Anchor":48,"Sundial":27,"Bronze Scales":29,"Pandora\u0027s Box":17,"Kunai":6,"Toy Ornithopter":11,"Ring of the Snake":0},{"Regal Pillow":13,"NeowsBlessing":0,"Golden Idol":1,"CeramicFish":23,"Oddly Smooth Stone":4,"Eternal Feather":23,"Thread and Needle":29,"Snake Skull":14,"Bag of Preparation":15,"Omamori":23,"War Paint":16,"Medical Kit":28,"Akabeko":24,"SlaversCollar":18,"Anchor":26,"Sundial":15,"Bronze Scales":15,"Pandora\u0027s Box":9,"Kunai":3,"Toy Ornithopter":6,"Ring of the Snake":0},{"Regal Pillow":51,"NeowsBlessing":0,"Golden Idol":1,"CeramicFish":74,"Oddly Smooth Stone":6,"Eternal Feather":74,"Thread and Needle":86,"Snake Skull":52,"Bag of Preparation":56,"Omamori":74,"War Paint":58,"Medical Kit":85,"Akabeko":76,"SlaversCollar":62,"Anchor":80,"Sundial":56,"Bronze Scales":56,"Pandora\u0027s Box":36,"Kunai":3,"Toy Ornithopter":18,"Ring of the Snake":0}],"Toy Ornithopter":72,"Ring of the Snake":[60]},"card_choices":[{"not_picked":["Underhanded Strike","Dodge and Roll"],"picked":"Noxious Fumes","floor":1.0},{"not_picked":["Deadly Poison","Dagger Spray"],"picked":"Acrobatics","floor":3.0},{"not_picked":["Accuracy","Prepared"],"picked":"Venomology","floor":6.0},{"not_picked":["Leg Sweep","Masterful Stab","Poisoned Stab"],"picked":"SKIP","floor":7.0},{"not_picked":["Slice","Leg Sweep"],"picked":"PiercingWail","floor":10.0},{"not_picked":["Cloak And Dagger","Acrobatics"],"picked":"Adrenaline","floor":11.0},{"not_picked":["Catalyst","Backflip"],"picked":"Noxious Fumes","floor":12.0},{"not_picked":["Blur","Cloak And Dagger","Dagger Throw"],"picked":"SKIP","floor":14.0},{"not_picked":["Venomology","Burst"],"picked":"Grand Finale","floor":16.0},{"not_picked":["Skewer","Sucker Punch","Prepared"],"picked":"SKIP","floor":18.0},{"not_picked":["Cloak And Dagger","Sucker Punch","Deflect"],"picked":"SKIP","floor":20.0},{"not_picked":["Catalyst","Backflip"],"picked":"Calculated Gamble","floor":22.0},{"not_picked":["Acrobatics","Noxious Fumes"],"picked":"Well Laid Plans","floor":23.0},{"not_picked":["Flechettes","Poisoned Stab"],"picked":"Prepared+1","floor":25.0},{"not_picked":["Blade Dance","Dash","Cloak And Dagger"],"picked":"SKIP","floor":27.0},{"not_picked":["Dodge and Roll","Backflip","Skewer+1"],"picked":"SKIP","floor":30.0},{"not_picked":["Blade Dance","Bouncing Flask","Poisoned Stab+1"],"picked":"SKIP","floor":31.0},{"not_picked":["Footwork","Skewer","PiercingWail"],"picked":"SKIP","floor":35.0},{"not_picked":["Finisher","Sucker Punch","Skewer"],"picked":"SKIP","floor":36.0},{"not_picked":["Underhanded Strike+1","Sucker Punch","Endless Agony"],"picked":"SKIP","floor":38.0},{"not_picked":["Backflip","Underhanded Strike+1","Deflect"],"picked":"SKIP","floor":39.0},{"not_picked":["Deadly Poison","Crippling Poison","Prepared"],"picked":"SKIP","floor":40.0},{"not_picked":["Flying Knee","Riddle With Holes+1","Endless Agony"],"picked":"SKIP","floor":46.0},{"not_picked":["Flying Knee","Masterful Stab","Backflip"],"picked":"SKIP","floor":47.0},{"not_picked":["Deadly Poison","Bane","Blade Dance"],"picked":"SKIP","floor":48},{"not_picked":["Slice","Caltrops","Venomology"],"picked":"SKIP","floor":55}],"player_experience":1060034,"relics_obtained":[{"floor":6.0,"key":"Kunai"},{"floor":9.0,"key":"Oddly Smooth Stone"},{"floor":11.0,"key":"Toy Ornithopter"},{"floor":23.0,"key":"Regal Pillow"},{"floor":25.0,"key":"Snake Skull"},{"floor":27.0,"key":"Sundial"},{"floor":29.0,"key":"Bronze Scales"},{"floor":30.0,"key":"War Paint"},{"floor":40.0,"key":"CeramicFish"},{"floor":43.0,"key":"Omamori"},{"floor":45.0,"key":"Eternal Feather"},{"floor":46.0,"key":"Akabeko"},{"floor":48,"key":"Anchor"},{"floor":55,"key":"Thread and Needle"}],"event_choices":[{"damage_healed":0.0,"max_hp_gain":0.0,"max_hp_loss":6.0,"gold_gain":0.0,"event_name":"Golden Idol","player_choice":"Lose Max HP","floor":2.0,"gold_loss":0.0,"damage_taken":0.0,"relics_obtained":["Golden Idol"]},{"cards_removed":["Strike_G"],"damage_healed":0.0,"max_hp_gain":0.0,"max_hp_loss":0.0,"gold_gain":0.0,"event_name":"Living Wall","player_choice":"Forget","floor":4.0,"gold_loss":0.0,"damage_taken":0.0},{"damage_healed":0.0,"max_hp_gain":0.0,"max_hp_loss":0.0,"gold_gain":0.0,"event_name":"The Woman in Blue","player_choice":"Bought 2 Potions","floor":5.0,"gold_loss":0.0,"damage_taken":0.0},{"damage_healed":0.0,"max_hp_gain":0.0,"max_hp_loss":0.0,"gold_gain":0.0,"event_name":"Wheel of Change","player_choice":"Cursed","floor":19.0,"gold_loss":0.0,"damage_taken":0.0,"cards_obtained":["Decay"]},{"damage_healed":12.0,"max_hp_gain":0.0,"max_hp_loss":0.0,"gold_gain":0.0,"event_name":"Winding Halls","player_choice":"Writhe","floor":44.0,"gold_loss":0.0,"damage_taken":0.0,"cards_obtained":["Writhe"]}],"is_beta":false,"boss_relics":[{"not_picked":["Fusion Hammer","Snecko Eye"],"picked":"Pandora\u0027s Box"},{"not_picked":["Velvet Choker","Cursed Key"],"picked":"SlaversCollar"}],"items_purged_floors":[8,21,28,37,42],"is_endless":false,"potions_floor_spawned":[6,7,10,12,18,20,25,31,35,38,40],"ascension_level":20}}