{"host":"3498uni0c31c9bdm","time":1612198226,"event":{"mods":["BaseMod","Better Third Choice","Minty Spire (QoL Compilation)","Replay The Spire","StSLib"],"gold_per_floor":[114,114,114,114,114,171,171,189,189,208,244,271,271,296,296,415,415,438,537,537,537],"floor_reached":20,"language":"ENG","playtime":850,"items_purged":[],"score":272,"play_id":"82e81788-bc34-47ed-8e8a-5796d989c256","local_time":"20210202035026","is_ascension_mode":true,"campfire_choices":[{"floor":7,"key":"REST"},{"floor":13,"key":"REST"},{"floor":15,"key":"REST"}],"circlet_count":0,"master_deck":["AscendersBane","Strike_P","Strike_P","Strike_P","Strike_P","Defend_P","Defend_P","Defend_P","Defend_P","Eruption","Vigilance","Replay:AllIn","SashWhip+1","Injury","Creative AI+1","Apotheosis+1","Replay:DivineShield","Perseverance","Pot Of Greed","Pot Of Greed","SpiritShield","WindmillStrike","MasterReality","ReachHeaven"],"relics":["PureWater","Golden Idol","Tiny Chest","Mercury Hourglass","Grinning Jar","Potion Belt","Ring of Chaos"],"acts_visited":["Exordium","TheCity"],"potions_floor_usage":[11,16,16,20,20],"damage_taken":[{"damage":4,"enemies":"2 Louse","floor":1,"turns":3},{"damage":4,"enemies":"Small Slimes","floor":8,"turns":3},{"damage":2,"enemies":"Jaw Worm","floor":10,"turns":4},{"damage":37,"enemies":"3 Sentries","floor":11,"turns":13},{"damage":0,"enemies":"Blue Slaver","floor":14,"turns":4},{"damage":48,"enemies":"Fading Forest","floor":16,"turns":11},{"damage":23,"enemies":"Chosen","floor":18,"turns":7},{"damage":44,"enemies":"Masked Bandits","floor":20,"turns":3}],"seed_played":"1050416589647140521","potions_obtained":[{"floor":1,"key":"BottledMiracle"},{"floor":8,"key":"Dexterity Potion"},{"floor":14,"key":"Fire Potion"},{"floor":16,"key":"Swift Potion"},{"floor":18,"key":"Swift Potion"}],"is_trial":false,"path_per_floor":["M","?","?","?","?","?","R","M","T","M","E","T","R","M","R","B",null,"M","?","?"],"character_chosen":"WATCHER","items_purchased":[],"campfire_rested":3,"item_purchase_floors":[],"current_hp_per_floor":[61,61,38,38,38,38,59,55,55,53,16,16,37,37,58,16,58,35,35,0,0],"gold":537,"neow_bonus":"ONE_RANDOM_RARE_CARD","is_daily":false,"chose_seed":false,"campfire_upgraded":0,"win_rate":0.0,"timestamp":1612198226,"path_taken":["M","?","?","?","?","?","R","M","T","M","E","?","R","?","R","BOSS","M","?","?"],"items_purchased_type":[],"build_version":"2020-12-22","purchased_purges":0,"victory":false,"max_hp_per_floor":[72,72,72,72,72,72,72,72,72,72,72,72,72,72,72,72,72,72,72,72,72],"card_choices":[{"not_picked":["BattleHymn","Replay:Anticipation"],"picked":"SashWhip","floor":1},{"not_picked":["Indignation","Nirvana"],"picked":"Replay:DivineShield","floor":8},{"not_picked":["Protect","Adaptation"],"picked":"Perseverance","floor":10},{"not_picked":["Replay:AtTheReady","CutThroughFate"],"picked":"SpiritShield","floor":11},{"not_picked":["ThirdEye","FollowUp"],"picked":"WindmillStrike","floor":14},{"not_picked":["LessonLearned","Establishment"],"picked":"MasterReality","floor":16},{"not_picked":["Meditate","Evaluate+1"],"picked":"ReachHeaven","floor":18}],"player_experience":795862,"relics_obtained":[{"floor":9,"key":"Mercury Hourglass"},{"floor":11,"key":"Grinning Jar"},{"floor":12,"key":"Potion Belt"}],"event_choices":[{"damage_healed":0,"gold_gain":0,"player_choice":"Take Wound","damage_taken":0,"relics_obtained":["Golden Idol"],"max_hp_gain":0,"max_hp_loss":0,"event_name":"Golden Idol","floor":2,"gold_loss":0,"cards_obtained":["Injury"]},{"damage_healed":0,"gold_gain":0,"player_choice":"Grow","damage_taken":0,"max_hp_gain":0,"max_hp_loss":0,"event_name":"Living Wall","floor":4,"gold_loss":0,"cards_upgraded":["SashWhip"]},{"damage_healed":38,"gold_gain":0,"player_choice":"Embrace","damage_taken":0,"max_hp_gain":0,"max_hp_loss":72,"event_name":"betterThird:BetterShining","floor":5,"gold_loss":0},{"damage_healed":0,"gold_gain":57,"player_choice":"Gained Gold","damage_taken":0,"max_hp_gain":0,"max_hp_loss":0,"event_name":"Golden Wing","floor":6,"gold_loss":0},{"damage_healed":0,"gold_gain":99,"player_choice":"Steal","damage_taken":0,"max_hp_gain":0,"max_hp_loss":0,"event_name":"betterThird:BetterNest","floor":19,"gold_loss":0},{"damage_healed":0,"gold_gain":0,"player_choice":"Fought Bandits","damage_taken":0,"max_hp_gain":0,"max_hp_loss":0,"event_name":"Masked Bandits","floor":20,"gold_loss":0}],"is_beta":false,"boss_relics":[{"not_picked":["Ectoplasm","Replay:Drink Me"],"picked":"Ring of Chaos"}],"items_purged_floors":[],"is_endless":false,"potions_floor_spawned":[1,8,14,16,18],"killed_by":"Masked Bandits","ascension_level":12}}