{"host":"qje7bge8e4rv32w4","time":1612174420,"event":{"mods":["Act Like it!","BaseMod","Gensokyo","KinomotoSakuraMod(ƒæ÷Æ±æ”£)","Marisa£®ÏF”Í°°ƒß¿Ì…≥£©","Minty Spire (QoL Compilation)","Remilia£®¿Ÿ√◊¿Ú—«£©","StSLib","The Bug Knight","The Servant 0.9.4","Youmu£®ªÍ∆«—˝√Œ£©"],"gold_per_floor":[369,369,392,407,180,214,214,214,214,214,239,259,282,318,318,449,449,473,489,135,135,154,154,172,211,261,261,282,282,4,25,25,153,153,153,153],"floor_reached":35,"language":"ZHS","playtime":3300,"items_purged":["HollowMod:NailStrikeStart","HollowMod:NewGlowingWomb","HollowMod:GreatSlash"],"score":414,"play_id":"2fa89f95-ce58-430e-bb82-8ef5f65deba7","local_time":"20210201181340","is_ascension_mode":false,"campfire_choices":[{"data":"HollowMod:PureNailStrike","floor":7.0,"key":"SMITH"},{"data":"HollowMod:SoulStrike","floor":10.0,"key":"SMITH"},{"data":"HollowMod:CycloneSlash","floor":15.0,"key":"SMITH"},{"data":"HollowMod:SoulEater","floor":23.0,"key":"SMITH"},{"data":"HollowMod:VoidDash","floor":29.0,"key":"SMITH"},{"data":"HollowMod:AwokenDreamNail","floor":32,"key":"SMITH"}],"circlet_count":0,"master_deck":["HollowMod:FocusHealStart","HollowMod:PogoStrike","HollowMod:PureNailStrike+1","HollowMod:SoulStrike+1","HollowMod:CycloneSlash+1","HollowMod:CrystalDash","HollowMod:FastStrike+1","HollowMod:Weaversong","HollowMod:SoulEater+1","HollowMod:SoulMaster","HollowMod:AwokenDreamNail+1","HollowMod:SoulVessel","HollowMod:CrystalDash+1","HollowMod:MantisMark","HollowMod:BaldurShell","HollowMod:PureNailStrike","HollowMod:NewJinnsSoul+1","HollowMod:SoulEater+1"],"relics":["HollowMod:VesselMask","Golden Idol","ClockworkSouvenir","Unceasing Top","Singing Bowl","Mercury Hourglass","Whetstone","Pandora\u0027s Box","Lee\u0027s Waffle","Du-Vu Doll","Potion Belt","DollysMirror","Empty Cage"],"acts_visited":["TheBeyond"],"potions_floor_usage":[33],"damage_taken":[{"damage":1.0,"enemies":"Cultist","floor":1.0,"turns":4.0},{"damage":0.0,"enemies":"Small Slimes","floor":3.0,"turns":4.0},{"damage":2.0,"enemies":"2 Louse","floor":4.0,"turns":3.0},{"damage":26.0,"enemies":"Lagavulin","floor":6.0,"turns":7.0},{"damage":0.0,"enemies":"Looter","floor":11.0,"turns":5.0},{"damage":6.0,"enemies":"Lots of Slimes","floor":12.0,"turns":3.0},{"damage":2.0,"enemies":"3 Louse","floor":13.0,"turns":3.0},{"damage":8.0,"enemies":"3 Sentries","floor":14.0,"turns":7.0},{"damage":25.0,"enemies":"The Guardian","floor":16.0,"turns":11.0},{"damage":37.0,"enemies":"3 Byrds","floor":18.0,"turns":4.0},{"damage":24.0,"enemies":"Shell Parasite","floor":19.0,"turns":9.0},{"damage":8.0,"enemies":"Snecko","floor":22.0,"turns":9.0},{"damage":9.0,"enemies":"Centurion and Healer","floor":24.0,"turns":6.0},{"damage":30.0,"enemies":"HollowMod:Nosk","floor":25.0,"turns":8.0},{"damage":0.0,"enemies":"Snake Plant","floor":28.0,"turns":4.0},{"damage":8.0,"enemies":"Snecko","floor":31.0,"turns":10.0},{"damage":107,"enemies":"Automaton","floor":33,"turns":16},{"damage":9,"enemies":"3 Darklings","floor":35,"turns":2}],"seed_played":"-4416014032278082905","potions_obtained":[{"floor":1.0,"key":"CultistPotion"},{"floor":3.0,"key":"EssenceOfSteel"},{"floor":11.0,"key":"GamblersBrew"},{"floor":13.0,"key":"Explosive Potion"},{"floor":16.0,"key":"FairyPotion"},{"floor":22.0,"key":"FearPotion"},{"floor":31.0,"key":"Strength Potion"}],"is_trial":false,"path_per_floor":["M","?","M","M","$","E","R","?","T","R","M","M","M","E","R","B",null,"M","M","$","?","M","R","M","E","T","?","M","R","$","M","R","B",null,"M"],"character_chosen":"THE_BUGKNIGHT","items_purchased":["ClockworkSouvenir","Lee\u0027s Waffle","HollowMod:MantisMark","HollowMod:BaldurShell","DollysMirror"],"campfire_rested":0,"item_purchase_floors":[5,20,20,20,30],"current_hp_per_floor":[68,51,61,65,65,39,39,39,39,39,51,53,57,61,61,36,74,43,21,83,83,85,85,78,50,50,50,50,50,50,56,56,12,93,84,84],"gold":153,"neow_bonus":"TWO_FIFTY_GOLD","is_daily":false,"chose_seed":false,"campfire_upgraded":6,"win_rate":0.0,"timestamp":1612174420,"path_taken":["M","?","M","M","$","E","R","?","T","R","?","M","M","E","R","BOSS","M","?","$","?","M","R","M","E","T","?","?","R","$","M","R","BOSS","M"],"items_purchased_type":["Relic","Relic","Card","Card","Relic"],"build_version":"2020-12-22","purchased_purges":3,"victory":false,"max_hp_per_floor":[68,68,68,68,68,68,68,68,68,68,70,72,72,74,74,74,74,74,76,83,83,85,85,87,89,89,89,89,89,89,91,91,93,93,93,93],"card_choices":[{"not_picked":["HollowMod:GreatSlash","HollowMod:DreamGate"],"picked":"HollowMod:PureNailStrike","floor":1.0},{"not_picked":["HollowMod:RecoilStrike","HollowMod:InfectionAssault"],"picked":"HollowMod:SoulStrike","floor":3.0},{"not_picked":["HollowMod:DescendingDark","HollowMod:ShadowDash"],"picked":"HollowMod:CycloneSlash","floor":4.0},{"not_picked":["HollowMod:HornetsHelp","HollowMod:HuntersJournal"],"picked":"HollowMod:CrystalDash","floor":6.0},{"not_picked":["HollowMod:FallenFury","HollowMod:PerfectDash","HollowMod:DoubleDash"],"picked":"Singing Bowl","floor":11.0},{"not_picked":["HollowMod:VengefulVoid","HollowMod:CycloneSlash","HollowMod:DescendingDark"],"picked":"Singing Bowl","floor":12.0},{"not_picked":["HollowMod:ShadowDash","HollowMod:DesolateDive"],"picked":"HollowMod:FastStrike","floor":13.0},{"not_picked":["HollowMod:HowlingWraiths","HollowMod:SoulShaman","HollowMod:SharpenedShadows"],"picked":"Singing Bowl","floor":14.0},{"not_picked":["HollowMod:Hiveblood","HollowMod:theNailsmith"],"picked":"HollowMod:Weaversong","floor":16.0},{"not_picked":["HollowMod:VengefulVoid","HollowMod:MonarchWings"],"picked":"HollowMod:CrystalDash+1","floor":18.0},{"not_picked":["HollowMod:AbyssShriek","HollowMod:WraithStrike","HollowMod:DoubleDash"],"picked":"Singing Bowl","floor":19.0},{"not_picked":["HollowMod:ShadowDash","HollowMod:GoodIntentions","HollowMod:DoubleDash"],"picked":"Singing Bowl","floor":22.0},{"not_picked":["HollowMod:DashSlash","HollowMod:DoubleDash+1","HollowMod:GoodIntentions"],"picked":"Singing Bowl","floor":24.0},{"not_picked":["HollowMod:NewLittleFool","HollowMod:SiblingsShadow","HollowMod:Hiveblood"],"picked":"Singing Bowl","floor":25.0},{"not_picked":["HollowMod:HowlingWraiths","HollowMod:CloakDash"],"picked":"HollowMod:NewJinnsSoul+1","floor":28.0},{"not_picked":["HollowMod:CloakDash+1","HollowMod:TaintedHusks","HollowMod:InfectedCysts"],"picked":"Singing Bowl","floor":31.0},{"not_picked":["HollowMod:MidwifesHunger","HollowMod:ElderbugsWisdom","HollowMod:theNailsmith"],"picked":"Singing Bowl","floor":33}],"player_experience":1014423,"relics_obtained":[{"floor":6.0,"key":"Unceasing Top"},{"floor":9.0,"key":"Mercury Hourglass"},{"floor":14.0,"key":"Whetstone"},{"floor":25.0,"key":"Du-Vu Doll"},{"floor":26.0,"key":"Potion Belt"}],"event_choices":[{"damage_healed":0.0,"max_hp_gain":0.0,"max_hp_loss":0.0,"gold_gain":0.0,"event_name":"Golden Idol","player_choice":"Take Damage","floor":2.0,"gold_loss":0.0,"damage_taken":17.0,"relics_obtained":["Golden Idol"]},{"damage_healed":0.0,"max_hp_gain":0.0,"max_hp_loss":0.0,"gold_gain":0.0,"event_name":"WeMeetAgain","player_choice":"Gave Potion","floor":8.0,"gold_loss":0.0,"damage_taken":0.0,"relics_obtained":["Singing Bowl"]},{"damage_healed":0.0,"max_hp_gain":0.0,"max_hp_loss":0.0,"gold_gain":0.0,"event_name":"The Library","player_choice":"Read","floor":21.0,"gold_loss":0.0,"damage_taken":0.0,"cards_obtained":["HollowMod:PureNailStrike"]},{"damage_healed":0.0,"max_hp_gain":0.0,"max_hp_loss":0.0,"gold_gain":0.0,"event_name":"Wheel of Change","player_choice":"Cursed","floor":27.0,"gold_loss":0.0,"damage_taken":0.0,"cards_obtained":["Decay"]}],"is_beta":false,"boss_relics":[{"not_picked":["Runic Pyramid","Snecko Eye"],"picked":"Pandora\u0027s Box"},{"not_picked":["SlaversCollar","SacredBark"],"picked":"Empty Cage"}],"items_purged_floors":[5,20,30],"is_endless":false,"potions_floor_spawned":[1,3,11,13,16,18,22,31],"killed_by":"3 Darklings","ascension_level":0}}