{"host":"0fmi5fguj5lvt8pf","time":1612208414,"event":{"mods":["BaseMod","Colored Map","Curses Come First","Downfall","Minty Spire (QoL Compilation)","Permanent Neow","StSLib"],"gold_per_floor":[99,112,122,422,522,206,206,219,219,244,262,295,315,55,73,168,168,168,188,206,206,38,38,38,347,363,363,382,393,409,409,425,525,575,275,290,310,320,320,320,395,117,127,147,159,159,159,170,185,185,185,220,19,19,19,19,19],"floor_reached":55,"language":"ENG","playtime":3910,"items_purged":["downfall:Icky","Guardian:Strike_Guardian","Guardian:Strike_Guardian","downfall:Aged"],"score":762,"play_id":"3d3f587f-5311-4409-977a-c8e0c48cebe4","local_time":"20210201114014","is_ascension_mode":false,"campfire_choices":[{"data":"The Bomb","floor":1.0,"key":"SMITH"},{"floor":18.0,"key":"RECALL"},{"data":"Guardian:Suspension","floor":23.0,"key":"SMITH"},{"data":"Guardian:BaubleBeam","floor":35.0,"key":"SMITH"},{"data":"Guardian:DecasProtection","floor":47.0,"key":"SMITH"},{"floor":54,"key":"REST"}],"circlet_count":0,"master_deck":["Guardian:Strike_Guardian","Guardian:Strike_Guardian","Guardian:Defend_Guardian","Guardian:Defend_Guardian","Guardian:Defend_Guardian+1","Guardian:CurlUp","The Bomb+1","Guardian:ChargeCore","Guardian:Planning","Guardian:StasisField","Guardian:ShieldCharger","Guardian:ChargeCore","Guardian:ShieldCharger","Guardian:Incinerate","Guardian:TemporalShield+1","Guardian:Suspension+1","Guardian:GemFinder","Guardian:DecasProtection+1","Guardian:FloatingOrbs+1","Guardian:TimeBomb+1","Guardian:PiercingHide","Guardian:TimeBomb+1","Guardian:BaubleBeam+1","Guardian:Recover","Guardian:Reroute","Guardian:DecasProtection+1","Slimebound:Prepare+1"],"relics":["Guardian:ModeShifter","Lantern","Vajra","Du-Vu Doll","Lee\u0027s Waffle","SacredBark","Letter Opener","Tiny House","downfall:HeartBlessingRed","downfall:HeartBlessingBlue","downfall:HeartBlessingGreen","White Beast Statue","PrismaticShard","Guardian:StasisEgg","Unceasing Top"],"acts_visited":["Exordium","TheCity","TheBeyond","TheEnding"],"potions_floor_usage":[50,52],"damage_taken":[{"damage":2.0,"enemies":"2 Louse","floor":2.0,"turns":3.0},{"damage":0.0,"enemies":"Small Slimes","floor":3.0,"turns":3.0},{"damage":5.0,"enemies":"downfall:FleeingMerchant","floor":6.0,"turns":4.0},{"damage":1.0,"enemies":"Cultist","floor":8.0,"turns":3.0},{"damage":0.0,"enemies":"Lagavulin","floor":10.0,"turns":5.0},{"damage":8.0,"enemies":"Red Slaver","floor":11.0,"turns":3.0},{"damage":0.0,"enemies":"Gremlin Nob","floor":12.0,"turns":4.0},{"damage":5.0,"enemies":"Exordium Thugs","floor":13.0,"turns":4.0},{"damage":5.0,"enemies":"downfall:FleeingMerchant","floor":14.0,"turns":4.0},{"damage":14.0,"enemies":"Blue Slaver","floor":15.0,"turns":3.0},{"damage":24.0,"enemies":"IC_STATUS_ARCHETYPE","floor":16.0,"turns":9.0},{"damage":5.0,"enemies":"Chosen","floor":19.0,"turns":5.0},{"damage":8.0,"enemies":"Centurion and Healer","floor":20.0,"turns":7.0},{"damage":10.0,"enemies":"downfall:FleeingMerchant","floor":22.0,"turns":4.0},{"damage":12.0,"enemies":"downfall:FleeingMerchant","floor":25.0,"turns":4.0},{"damage":0.0,"enemies":"Snecko","floor":26.0,"turns":6.0},{"damage":25.0,"enemies":"Shelled Parasite and Fungi","floor":28.0,"turns":5.0},{"damage":0.0,"enemies":"Sentry and Sphere","floor":29.0,"turns":3.0},{"damage":14.0,"enemies":"Snake Plant","floor":30.0,"turns":5.0},{"damage":12.0,"enemies":"Cultist and Chosen","floor":32.0,"turns":6.0},{"damage":12.0,"enemies":"DF_ARCHETYPE_CLAW","floor":33.0,"turns":7.0},{"damage":0.0,"enemies":"3 Shapes","floor":36.0,"turns":3.0},{"damage":16.0,"enemies":"3 Darklings","floor":37.0,"turns":3.0},{"damage":14.0,"enemies":"Maw","floor":38.0,"turns":8.0},{"damage":11.0,"enemies":"Transient","floor":43.0,"turns":5.0},{"damage":0.0,"enemies":"3 Darklings","floor":44.0,"turns":3.0},{"damage":5.0,"enemies":"Spire Growth","floor":45.0,"turns":6.0},{"damage":8.0,"enemies":"Maw","floor":48.0,"turns":8.0},{"damage":11.0,"enemies":"4 Shapes","floor":49.0,"turns":7.0},{"damage":37,"enemies":"WA_ARCHETYPE_DIVINITY","floor":50,"turns":14},{"damage":48,"enemies":"downfall:CharBossMerchant","floor":52,"turns":14},{"damage":12,"enemies":"downfall:NeowBoss","floor":55,"turns":4}],"seed_played":"-3053233115579754345","potions_obtained":[{"floor":2.0,"key":"BlessingOfTheForge"},{"floor":8.0,"key":"SteroidPotion"},{"floor":11.0,"key":"SteroidPotion"},{"floor":16.0,"key":"Guardian:DefensiveModePotion"},{"floor":19.0,"key":"SpeedPotion"},{"floor":26.0,"key":"BlessingOfTheForge"},{"floor":30.0,"key":"ColorlessPotion"},{"floor":31.0,"key":"CultistPotion"},{"floor":34.0,"key":"Explosive Potion"},{"floor":36.0,"key":"hexamod:SoulburnPotion"},{"floor":38.0,"key":"Block Potion"},{"floor":43.0,"key":"PowerPotion"},{"floor":44.0,"key":"Guardian:BlockOnCardUsePotion"},{"floor":45.0,"key":"Ancient Potion"},{"floor":52,"key":"Dexterity Potion"}],"is_trial":false,"path_per_floor":["R","M","M","?","?","$","T","M","?","E","M","E","M","$","M","B",null,"R","M","M","?","$","R","T","$","M","?","M","M","M","?","M","B",null,"R","M","M","M","?","?","T","$","M","M","M","?","R","M","M","B",null,"E","$","R","B"],"character_chosen":"GUARDIAN","items_purchased":["Guardian:ShieldCharger","Guardian:ChargeCore","Lantern","Lee\u0027s Waffle","Fruit Juice","SteroidPotion","Guardian:DecasProtection","PrismaticShard","Strength Potion"],"campfire_rested":1,"item_purchase_floors":[6,6,6,14,22,22,25,42,53],"current_hp_per_floor":[72,70,70,70,70,65,65,64,64,64,56,56,51,79,65,41,79,79,74,66,89,79,79,89,77,77,77,52,52,38,38,26,14,104,114,114,98,84,84,84,84,84,73,73,68,68,68,60,49,12,114,66,66,100,88,88,88],"gold":19,"neow_bonus":"RANDOM_COLORLESS_2","is_daily":false,"chose_seed":false,"campfire_upgraded":4,"win_rate":0.0,"timestamp":1612208414,"path_taken":["R","M","M","?","?","$","T","M","?","E","?","E","M","$","M","BOSS","R","M","M","?","?","R","T","$","M","?","M","M","?","?","M","BOSS","R","M","M","M","?","?","T","$","M","M","M","?","R","M","M","BOSS","E","$","R","BOSS"],"items_purchased_type":["Card","Card","Relic","Relic","Potion","Potion","Card","Relic","Potion"],"build_version":"2020-12-22","purchased_purges":4,"victory":false,"max_hp_per_floor":[72,72,72,72,72,72,72,72,72,72,72,72,72,79,79,79,79,79,79,79,89,89,89,99,99,99,99,99,99,99,99,99,99,104,114,114,114,114,114,114,114,114,114,114,114,114,114,114,114,114,114,114,114,114,114,114,114],"card_choices":[{"not_picked":["Apotheosis","Secret Weapon"],"picked":"The Bomb","floor":0.0},{"not_picked":["Guardian:CrystalBeam","Guardian:RollAttack"],"picked":"Guardian:ChargeCore","floor":2.0},{"not_picked":["Guardian:Reroute","Guardian:CrystalBeam"],"picked":"Guardian:Planning","floor":3.0},{"not_picked":["Guardian:DonusPower","Guardian:Gem_Cyan"],"picked":"Guardian:StasisField","floor":6.0},{"not_picked":["Guardian:Gem_Blue","Guardian:CrystalBeam","Guardian:FuturePlans"],"picked":"SKIP","floor":8.0},{"not_picked":["Guardian:Reroute","Guardian:Incinerate"],"picked":"Guardian:ShieldCharger","floor":10.0},{"not_picked":["Guardian:Suspension","Guardian:Gem_Red"],"picked":"Guardian:Incinerate","floor":11.0},{"not_picked":["Guardian:PrimingBeam","Guardian:PrismaticBeam","Guardian:Reroute"],"picked":"SKIP","floor":12.0},{"not_picked":["Guardian:PiercingHide","Guardian:Gem_Red","Guardian:VentSteam"],"picked":"SKIP","floor":13.0},{"not_picked":["Guardian:PolyBeam","Guardian:GatlingBeam","Guardian:CrystalBeam"],"picked":"SKIP","floor":14.0},{"not_picked":["Guardian:PrimingBeam","Guardian:FloatingOrbs","Guardian:CrystalBeam"],"picked":"SKIP","floor":15.0},{"not_picked":["Guardian:RevengeProtocol","Guardian:FierceBash"],"picked":"Guardian:CompilePackage","floor":16.0},{"not_picked":["Guardian:PolyBeam","Guardian:Gem_Crimson"],"picked":"Guardian:Gem_Cyan","floor":19.0},{"not_picked":["Guardian:ChargeCore","Guardian:PrismaticBarrier"],"picked":"Guardian:TemporalShield+1","floor":20.0},{"not_picked":["Guardian:Incinerate","Guardian:GuardianWhirl"],"picked":"Guardian:Suspension","floor":22.0},{"not_picked":["Guardian:VentSteam","Guardian:Gem_Lightblue"],"picked":"Guardian:GemFinder","floor":25.0},{"not_picked":["Guardian:Gem_Red","Guardian:Gem_Lightblue"],"picked":"Guardian:Gem_Cyan","floor":26.0},{"not_picked":["Guardian:Incinerate","Guardian:ShieldCharger"],"picked":"Guardian:FloatingOrbs+1","floor":26.0},{"not_picked":["Guardian:Gem_Red","Guardian:Gem_Green"],"picked":"Guardian:Gem_Cyan","floor":28.0},{"not_picked":["Guardian:ChargeCore","Guardian:GatlingBeam","Guardian:EvasiveProtocol"],"picked":"SKIP","floor":28.0},{"not_picked":["Guardian:DecasProtection","Guardian:TemporalStrike+1"],"picked":"Guardian:TimeBomb+1","floor":29.0},{"not_picked":["Guardian:Gem_Red","Guardian:Gem_Lightblue"],"picked":"Guardian:Gem_Cyan","floor":30.0},{"not_picked":["Guardian:Incinerate+1","Guardian:VentSteam"],"picked":"Guardian:PiercingHide","floor":30.0},{"not_picked":["Guardian:AncientConstruct","Guardian:PrismaticBarrier+1"],"picked":"Guardian:TimeBomb+1","floor":32.0},{"not_picked":["Guardian:HyperBeam_Guardian","Guardian:GemFinder"],"picked":"Guardian:BaubleBeam","floor":33.0},{"not_picked":["Guardian:Gem_Red","Guardian:Gem_Lightblue"],"picked":"Guardian:Gem_Green","floor":33.0},{"not_picked":["Guardian:PrismaticBeam+1","Guardian:Gem_Blue"],"picked":"Guardian:Gem_Green","floor":34.0},{"not_picked":["Guardian:RollAttack","Guardian:VentSteam"],"picked":"Guardian:Recover","floor":36.0},{"not_picked":["Guardian:Gem_Green","Guardian:PrismaticBeam"],"picked":"Guardian:Reroute","floor":37.0},{"not_picked":["Guardian:FuturePlans+1","Guardian:Suspension+1"],"picked":"Guardian:DecasProtection+1","floor":38.0},{"not_picked":["Guardian:TemporalStrike","hexamod:ThermalTransfer","Sadistic Nature"],"picked":"SKIP","floor":43.0},{"not_picked":["bronze:Flail+1","Static Discharge+1","hexamod:FlamesFromBeyond"],"picked":"SKIP","floor":44.0},{"not_picked":["Slimebound:ServeAndProtect+1","hexamod:HauntingEcho+1","Guardian:TemporalShield"],"picked":"SKIP","floor":45.0},{"not_picked":["Headbutt+1","champ:FancyFootwork"],"picked":"Slimebound:Prepare+1","floor":48.0},{"not_picked":["Guardian:WalkerClaw+1","Headbutt","sneckomod:ImprovisedAttack"],"picked":"SKIP","floor":49.0},{"not_picked":["hexamod:BurningTouch","hexamod:HauntingEcho+1","sneckomod:UnknownUncommonSkill"],"picked":"SKIP","floor":52}],"player_experience":1481855,"relics_obtained":[{"floor":10.0,"key":"Vajra"},{"floor":12.0,"key":"Du-Vu Doll"},{"floor":24.0,"key":"Letter Opener"},{"floor":41.0,"key":"White Beast Statue"},{"floor":52,"key":"Unceasing Top"}],"event_choices":[{"cards_removed":["downfall:Icky"],"damage_healed":0.0,"max_hp_gain":0.0,"max_hp_loss":0.0,"gold_gain":0.0,"event_name":"Wheel of Change","player_choice":"Card Removal","floor":9.0,"gold_loss":0.0,"damage_taken":0.0},{"cards_removed":["Guardian:CompilePackage"],"damage_healed":13.0,"max_hp_gain":10.0,"max_hp_loss":0.0,"gold_gain":0.0,"event_name":"Bonfire Elementals","player_choice":"Offered Rare","floor":21.0,"gold_loss":0.0,"damage_taken":0.0},{"cards_removed":["Guardian:TwinSlam"],"damage_healed":0.0,"max_hp_gain":0.0,"max_hp_loss":0.0,"gold_gain":0.0,"event_name":"Falling","player_choice":"Removed Attack","floor":39.0,"gold_loss":0.0,"damage_taken":0.0}],"is_beta":false,"boss_relics":[{"not_picked":["Coffee Dripper","Philosopher\u0027s Stone"],"picked":"SacredBark"},{"not_picked":["Cursed Key","Calling Bell"],"picked":"Tiny House"}],"items_purged_floors":[6,14,42,53],"is_endless":false,"potions_floor_spawned":[2,8,11,16,19,26,30,32,36,38,43,44,45,48,49,52],"killed_by":"downfall:NeowBoss","ascension_level":0}}