{"host":"bbvmu6yleqps41w7","time":1612191914,"event":{"mods":["BaseMod","Colored Map","Colored Powertips","Downfall","Hermit","Marisa????????","Minty Spire (QoL Compilation)","StSLib","The Bug Knight","The Cursed","The Servant 0.9.4"],"gold_per_floor":[99,112,112,112,112,112,112,128,128,153,166,182,182,107,123,224,224,174,187,187,48,64,319,369,403,253,273,293,310,260,271,290,386,386,336,350,350,368,379,329,376,396,346,346,378,11,28,43,55,55],"floor_reached":51,"language":"ENG","playtime":3566,"items_purged":["Slimebound:Chomp"],"score":778,"play_id":"4a72907e-9543-484e-b54a-3b4e9818fdf8","local_time":"20210201080514","is_ascension_mode":false,"campfire_choices":[{"data":"Slimebound:OozeBath","floor":1.0,"key":"SMITH"},{"data":"Pain","floor":6.0,"key":"PURGE"},{"data":"Regret","floor":9.0,"key":"PURGE"},{"data":"Slimebound:AcidTongue","floor":18.0,"key":"SMITH"},{"data":"Slimebound:AcidTongue","floor":26.0,"key":"SMITH"},{"data":"Slimebound:CheckThePlaybook","floor":30.0,"key":"PURGE"},{"data":"Slimebound:ProtectTheBoss","floor":35,"key":"PURGE"},{"data":"Slimebound:MinionMaster","floor":40,"key":"PURGE"},{"data":"Parasite","floor":43,"key":"PURGE"}],"circlet_count":0,"master_deck":["Slimebound:CorrosiveSpit","Slimebound:LeechEnergy","Slimebound:OozeBath+1","Slimebound:AcidTongue+1","Slimebound:RallyTheTroops+1","Slimebound:Schlurp","Slimebound:SamplingLick","Slimebound:AcidTongue+1","Slimebound:GoopSpray","Slimebound:HauntingLick","Slimebound:LeechLife","Slimebound:ViciousTackle","Slimebound:ViciousTackle+1","Slimebound:Schlurp+1","Slimebound:RainOfGoop","CurseOfTheBell","Slimebound:RejuvenatingLick+1","Slimebound:HauntingLick+1","Slimebound:FormOfPuddle+1","Slimebound:Gluttony"],"relics":["Pandora\u0027s Box","Peace Pipe","Thread and Needle","The Courier","Strawberry","Slimebound:GreedOozeRelic","Slimebound:TarBlob","Whetstone","Regal Pillow","Pear","downfall:HeartBlessingGreen","Calling Bell","Blood Vial","Blue Candle","Du-Vu Doll","Art of War","Pantograph","Toolbox","Dead Branch"],"acts_visited":["Exordium","TheCity","TheBeyond"],"potions_floor_usage":[33,50,50,50],"damage_taken":[{"damage":13.0,"enemies":"2 Louse","floor":2.0,"turns":2.0},{"damage":9.0,"enemies":"Jaw Worm","floor":8.0,"turns":3.0},{"damage":11.0,"enemies":"HollowMod:MossKnight","floor":10.0,"turns":4.0},{"damage":0.0,"enemies":"Small Slimes","floor":11.0,"turns":3.0},{"damage":6.0,"enemies":"Exordium Wildlife","floor":12.0,"turns":4.0},{"damage":0.0,"enemies":"3 Louse","floor":15.0,"turns":3.0},{"damage":0.0,"enemies":"DF_ARCHETYPE_STREAMLINE","floor":16.0,"turns":8.0},{"damage":3.0,"enemies":"Spheric Guardian","floor":19.0,"turns":3.0},{"damage":18.0,"enemies":"downfall:FleeingMerchant","floor":21.0,"turns":4.0},{"damage":25.0,"enemies":"Centurion and Healer","floor":22.0,"turns":4.0},{"damage":26.0,"enemies":"downfall:FleeingMerchant","floor":23.0,"turns":4.0},{"damage":14.0,"enemies":"Gremlin Leader","floor":25.0,"turns":6.0},{"damage":6.0,"enemies":"Cultist and Chosen","floor":27.0,"turns":4.0},{"damage":0.0,"enemies":"Snake Plant","floor":28.0,"turns":3.0},{"damage":1.0,"enemies":"3 Cultists","floor":29.0,"turns":4.0},{"damage":9.0,"enemies":"Centurion and Healer","floor":31.0,"turns":4.0},{"damage":3.0,"enemies":"Chosen and Byrds","floor":32.0,"turns":3.0},{"damage":14,"enemies":"SI_MIRROR_ARCHETYPE","floor":33,"turns":8},{"damage":7,"enemies":"Orb Walker","floor":36,"turns":3},{"damage":18,"enemies":"3 Darklings","floor":38,"turns":6},{"damage":4,"enemies":"Writhing Mass","floor":39,"turns":4},{"damage":27,"enemies":"Maw","floor":42,"turns":4},{"damage":47,"enemies":"Nemesis","floor":45,"turns":5},{"damage":30,"enemies":"3 Darklings","floor":47,"turns":6},{"damage":16,"enemies":"Transient","floor":48,"turns":5},{"damage":4,"enemies":"Spire Growth","floor":49,"turns":2},{"damage":57,"enemies":"IC_BLOCK_ARCHETYPE","floor":50,"turns":7}],"seed_played":"-726990316877349232","potions_obtained":[{"floor":2.0,"key":"Slimebound:SlimyTonguePotion"},{"floor":8.0,"key":"DistilledChaos"},{"floor":10.0,"key":"Slimebound:SlimedPotion"},{"floor":19.0,"key":"Fire Potion"},{"floor":27.0,"key":"Swift Potion"},{"floor":28.0,"key":"SteroidPotion"},{"floor":29.0,"key":"Slimebound:SlimedPotion"},{"floor":39,"key":"ColorlessPotion"},{"floor":45,"key":"hexamod:SoulburnPotion"}],"is_trial":false,"path_per_floor":["R","M","?","T","?","R","T","M","R","E","M","M","?","?","M","B",null,"R","M","?","$","M","$","T","E","R","M","M","M","R","M","M","B",null,"R","M","?","M","M","R","T","M","R","?","E","$","M","M","M","B",null],"character_chosen":"SLIMEBOUND","items_purchased":["Whetstone","Toolbox","Dead Branch"],"campfire_rested":0,"item_purchase_floors":[21,46,46],"current_hp_per_floor":[65,52,52,52,52,52,52,43,43,39,39,33,33,33,33,33,72,72,69,69,59,72,46,46,51,51,45,45,82,82,79,76,62,82,82,75,75,82,78,78,78,82,79,79,71,71,43,75,73,22],"gold":55,"neow_bonus":"BOSS_RELIC","is_daily":false,"chose_seed":false,"campfire_upgraded":3,"win_rate":0.0,"timestamp":1612191914,"path_taken":["R","M","?","?","?","R","T","?","R","E","M","M","?","?","M","BOSS","R","M","?","$","M","?","T","E","R","M","M","M","R","?","M","BOSS","R","M","?","M","M","R","T","M","R","?","E","$","M","?","M","BOSS"],"items_purchased_type":["Relic","Relic","Relic"],"build_version":"2020-12-22","purchased_purges":1,"victory":true,"max_hp_per_floor":[65,65,65,65,65,65,65,65,65,72,72,72,72,72,72,72,72,72,72,72,72,72,72,72,82,82,82,82,82,82,82,82,82,82,82,82,82,82,82,82,82,82,79,79,79,79,79,79,79,79],"card_choices":[{"not_picked":["Slimebound:SlimeTap","Slimebound:RollThrough"],"picked":"Slimebound:LeechingTouch","floor":2.0},{"not_picked":["Slimebound:GoopSpray","Slimebound:SlimeSpikes"],"picked":"Slimebound:SamplingLick","floor":8.0},{"not_picked":["Slimebound:LivingWall","Slimebound:GoopTackle"],"picked":"Slimebound:AcidTongue","floor":10.0},{"not_picked":["Slimebound:SelfFormingGoo","Slimebound:PressTheAttack"],"picked":"Slimebound:GoopSpray","floor":11.0},{"not_picked":["Slimebound:GoopTackle","Slimebound:SplitMire","Slimebound:SplitBruiser"],"picked":"SKIP","floor":12.0},{"not_picked":["Slimebound:ItLooksTasty","Slimebound:FormOfPuddle"],"picked":"Slimebound:HauntingLick","floor":15.0},{"not_picked":["Slimebound:MinionMaster","Slimebound:OneTwoCombo"],"picked":"Slimebound:LeechLife","floor":16.0},{"not_picked":["Slimebound:RollThrough","Slimebound:Chomp+1"],"picked":"Slimebound:ViciousTackle","floor":19.0},{"not_picked":["Slimebound:SplitAcid","Slimebound:SelfFormingGoo"],"picked":"Slimebound:ViciousTackle","floor":21.0},{"not_picked":["Slimebound:LevelUp+1","Slimebound:DivideAndConquer","Slimebound:Prepare"],"picked":"SKIP","floor":22.0},{"not_picked":["Slimebound:PressTheAttack+1","Slimebound:ComboTackle"],"picked":"Slimebound:Schlurp+1","floor":23.0},{"not_picked":["Slimebound:FirmFortitude","Slimebound:SpikyOuterGoop"],"picked":"Slimebound:RainOfGoop","floor":25.0},{"not_picked":["Slimebound:GoopSpray","Slimebound:RollThrough","Slimebound:DisruptingSlam"],"picked":"SKIP","floor":27.0},{"not_picked":["Slimebound:ComboTackle","Slimebound:PressTheAttack","Slimebound:RollThrough"],"picked":"SKIP","floor":28.0},{"not_picked":["Slimebound:ItLooksTasty","Slimebound:DisruptingSlam","Slimebound:GrowthPunch+1"],"picked":"SKIP","floor":29.0},{"not_picked":["Slimebound:GoopTackle+1","Slimebound:ProtectTheBoss","Slimebound:Grow"],"picked":"SKIP","floor":31.0},{"not_picked":["Slimebound:LeechingTouch","Slimebound:ServeAndProtect","Slimebound:Nibble"],"picked":"SKIP","floor":32.0},{"not_picked":["Slimebound:LeechLife","Slimebound:RallyTheTroops"],"picked":"Slimebound:MinionMaster","floor":33},{"not_picked":["Slimebound:FinishingTackle","Slimebound:Repurpose","Slimebound:SplitLeeching"],"picked":"SKIP","floor":36},{"not_picked":["Slimebound:SelfFormingGoo","Slimebound:Chomp+1"],"picked":"Slimebound:RejuvenatingLick+1","floor":38},{"not_picked":["Slimebound:SplitBruiser","Slimebound:LeechingTouch+1"],"picked":"Slimebound:HauntingLick+1","floor":39},{"not_picked":["Slimebound:Equalize","Slimebound:GoopTackle","Slimebound:SplitMire+1"],"picked":"SKIP","floor":42},{"not_picked":["Slimebound:DivideAndConquer+1","Slimebound:ComboTackle"],"picked":"Slimebound:FormOfPuddle+1","floor":45},{"not_picked":["Slimebound:DivideAndConquer","Slimebound:LevelUp+1","Slimebound:ProtectTheBoss"],"picked":"SKIP","floor":47},{"not_picked":["Slimebound:SplitMire+1","Slimebound:MegaLick+1"],"picked":"Slimebound:Gluttony","floor":48},{"not_picked":["Slimebound:ForwardTackle+1","Slimebound:SplitBruiser","Slimebound:ProtectTheBoss+1"],"picked":"SKIP","floor":49}],"player_experience":621344,"relics_obtained":[{"floor":4.0,"key":"Thread and Needle"},{"floor":7.0,"key":"The Courier"},{"floor":10.0,"key":"Strawberry"},{"floor":24.0,"key":"Regal Pillow"},{"floor":25.0,"key":"Pear"},{"floor":34,"key":"Blood Vial"},{"floor":34,"key":"Blue Candle"},{"floor":34,"key":"Du-Vu Doll"},{"floor":41,"key":"Art of War"},{"floor":45,"key":"Pantograph"}],"event_choices":[{"damage_healed":0.0,"max_hp_gain":0.0,"max_hp_loss":0.0,"gold_gain":0.0,"event_name":"Big Fish","player_choice":"Box","floor":3.0,"gold_loss":0.0,"damage_taken":0.0,"relics_obtained":["Peace Pipe"],"cards_obtained":["Regret"]},{"cards_removed":["Slimebound:Repurpose"],"damage_healed":0.0,"max_hp_gain":0.0,"max_hp_loss":0.0,"gold_gain":0.0,"event_name":"The Cleric","player_choice":"Card Removal","floor":13.0,"gold_loss":0.0,"damage_taken":0.0},{"damage_healed":0.0,"max_hp_gain":0.0,"max_hp_loss":0.0,"gold_gain":0.0,"event_name":"Ghosts","player_choice":"Ignored","floor":20.0,"gold_loss":0.0,"damage_taken":0.0},{"cards_removed":["Slimebound:LeechingTouch"],"damage_healed":0,"gold_gain":0,"player_choice":"Removed Attack","damage_taken":0,"max_hp_gain":0,"max_hp_loss":0,"event_name":"Falling","floor":44,"gold_loss":0}],"is_beta":false,"boss_relics":[{"not_picked":["Busted Crown","SacredBark"],"picked":"Slimebound:TarBlob"},{"not_picked":["Black Star","Empty Cage"],"picked":"Calling Bell"}],"items_purged_floors":[23],"is_endless":false,"potions_floor_spawned":[2,8,10,15,19,27,28,29,32,39,45,48],"ascension_level":0}}