{"host":"ln38befi3ugo1bsw","time":1612163160,"event":{"mods":["BaseMod","BetterRewards","Colored Map","Colored Powertips","Downfall","Hermit","Jorbs\u0027s Wanderer Trilogy","Lobotomy","Minty Spire (QoL Compilation)","StSLib","SuperFastMode"],"gold_per_floor":[119,47,47,62,75,103,113,139,139,170,187,187,187,198,198,299,299,316,316,331,344,364,364,392,392,392,392,407,407,438,448,448,553,553,567,582,401,416,326,326,358,374,398,412,412,430,430,455,455,455,455],"floor_reached":50,"language":"ENG","playtime":4132,"items_purged":["Cold Snap"],"score":644,"play_id":"fb5d5583-f433-4251-9b6b-87a69d30a12d","local_time":"20210201020600","is_ascension_mode":true,"campfire_choices":[{"floor":13,"key":"REST"},{"data":"Rainbow","floor":15,"key":"SMITH"},{"data":"Defragment","floor":23,"key":"SMITH"},{"floor":25,"key":"RECALL"},{"data":"Seek","floor":32,"key":"SMITH"},{"floor":40,"key":"REST"},{"floor":45,"key":"REST"},{"floor":47,"key":"REST"},{"floor":49,"key":"REST"}],"circlet_count":0,"master_deck":["Strike_B","Strike_B","Strike_B","Defend_B","Defend_B+1","Defend_B+1","Defend_B+1","Zap","Dualcast","Rainbow+1","Go for the Eyes","Defragment+1","Conserve Battery","BootSequence","Doom and Gloom","Cold Snap","Seek+1","Ball Lightning+1","Coolheaded","Machine Learning","Sweeping Beam+1","Hologram+1","Ball Lightning+1","Conserve Battery","Defragment","Core Surge","Cold Snap","Conserve Battery","Barrage+1","Buffer","Go for the Eyes","Aggregate","White Noise","Doom and Gloom+1","Rainbow","Go for the Eyes","Melter","Barrage+1","Recycle","Conserve Battery"],"relics":["Cracked Core","Darkstone Periapt","War Paint","Toy Ornithopter","Eternal Feather","HornCleat","Velvet Choker","Dream Catcher","Vajra","Fusion Hammer","Membership Card","Juzu Bracelet","Whetstone","Unceasing Top"],"acts_visited":["Exordium","TheCity","TheBeyond"],"potions_floor_usage":[10,22,33,42,42],"damage_taken":[{"damage":0,"enemies":"Small Slimes","floor":1,"turns":2},{"damage":0,"enemies":"Cultist","floor":4,"turns":3},{"damage":4,"enemies":"Jaw Worm","floor":5,"turns":4},{"damage":13,"enemies":"Lagavulin","floor":6,"turns":6},{"damage":9,"enemies":"2 Fungi Beasts","floor":7,"turns":3},{"damage":10,"enemies":"3 Sentries","floor":8,"turns":5},{"damage":6,"enemies":"Gremlin Nob","floor":10,"turns":4},{"damage":9,"enemies":"Gremlin Gang","floor":11,"turns":3},{"damage":6,"enemies":"Red Slaver","floor":14,"turns":4},{"damage":15,"enemies":"Slime Boss","floor":16,"turns":10},{"damage":0,"enemies":"Spheric Guardian","floor":18,"turns":5},{"damage":1,"enemies":"Chosen","floor":20,"turns":4},{"damage":6,"enemies":"Snake Plant","floor":21,"turns":3},{"damage":8,"enemies":"Centurion and Healer","floor":22,"turns":7},{"damage":5,"enemies":"Book of Stabbing","floor":24,"turns":5},{"damage":4,"enemies":"Shelled Parasite and Fungi","floor":28,"turns":6},{"damage":4,"enemies":"Gremlin Leader","floor":30,"turns":8},{"damage":1,"enemies":"3 Cultists","floor":31,"turns":5},{"damage":44,"enemies":"Collector","floor":33,"turns":10},{"damage":0,"enemies":"3 Shapes","floor":35,"turns":4},{"damage":0,"enemies":"Orb Walker","floor":36,"turns":3},{"damage":18,"enemies":"3 Darklings","floor":38,"turns":5},{"damage":32,"enemies":"Nemesis","floor":41,"turns":7},{"damage":19,"enemies":"Jaw Worm Horde","floor":42,"turns":5},{"damage":0,"enemies":"Spire Growth","floor":44,"turns":5},{"damage":0,"enemies":"Transient","floor":46,"turns":5},{"damage":58,"enemies":"Giant Head","floor":48,"turns":11},{"damage":59,"enemies":"Donu and Deca","floor":50,"turns":8}],"seed_played":"3394084397390737354","potions_obtained":[{"floor":4,"key":"Swift Potion"},{"floor":5,"key":"hexamod:SoulburnPotion"},{"floor":11,"key":"hexamod:SoulburnPotion"},{"floor":14,"key":"ColorlessPotion"},{"floor":28,"key":"PotionOfCapacity"},{"floor":35,"key":"Energy Potion"}],"is_trial":false,"path_per_floor":["M","$","?","M","M","E","M","E","T","E","M","T","R","M","R","B",null,"M","$","M","M","M","R","E","R","T","?","M","?","E","M","R","B",null,"M","M","$","M","?","R","E","M","T","M","R","M","R","E","R","B"],"character_chosen":"DEFECT","items_purchased":["Defragment","Membership Card"],"campfire_rested":5,"item_purchase_floors":[2,37],"current_hp_per_floor":[68,68,68,68,64,51,42,32,32,31,22,22,51,45,57,42,68,68,68,67,61,58,68,63,68,68,68,64,64,60,59,68,29,68,68,68,68,50,50,68,36,27,27,27,68,68,68,10,54,0,0],"gold":455,"neow_bonus":"THREE_RARE_CARDS","is_daily":false,"chose_seed":false,"campfire_upgraded":3,"win_rate":0.0,"timestamp":1612163160,"path_taken":["M","$","?","M","M","E","M","E","T","E","?","?","R","M","R","BOSS","M","$","M","M","M","R","E","R","T","?","M","?","E","M","R","BOSS","M","M","$","M","?","R","E","M","T","M","R","M","R","E","R","BOSS"],"items_purchased_type":["Card","Relic"],"build_version":"2020-12-22","purchased_purges":1,"victory":false,"max_hp_per_floor":[68,68,68,68,68,68,68,68,68,68,68,68,68,68,68,68,68,68,68,68,68,68,68,68,68,68,68,68,68,68,68,68,68,68,68,68,68,68,68,68,68,68,68,68,68,68,68,68,68,68,68],"card_choices":[{"not_picked":["Reboot","Machine Learning"],"picked":"Rainbow","floor":0},{"not_picked":["Compile Driver","Fusion"],"picked":"Go for the Eyes","floor":1},{"not_picked":["Rebound","Stack"],"picked":"Conserve Battery","floor":4},{"not_picked":["Go for the Eyes","Gash"],"picked":"BootSequence","floor":5},{"not_picked":["Barrage","Gash"],"picked":"Doom and Gloom","floor":6},{"not_picked":["Streamline","Barrage"],"picked":"Cold Snap","floor":7},{"not_picked":["Beam Cell","BootSequence"],"picked":"Seek","floor":8},{"not_picked":["Go for the Eyes","Chaos"],"picked":"Cold Snap","floor":10},{"not_picked":["Redo","Rebound"],"picked":"Ball Lightning","floor":11},{"not_picked":["Turbo","Streamline"],"picked":"Coolheaded","floor":14},{"not_picked":["Biased Cognition","Hyperbeam"],"picked":"Machine Learning","floor":16},{"not_picked":["Leap","Lockon"],"picked":"Sweeping Beam+1","floor":18},{"not_picked":["Beam Cell","Cold Snap"],"picked":"Hologram+1","floor":20},{"not_picked":["Turbo","Undo"],"picked":"Ball Lightning","floor":21},{"not_picked":["Hologram","Coolheaded+1"],"picked":"Conserve Battery","floor":22},{"not_picked":["BootSequence","Stack"],"picked":"Defragment","floor":24},{"not_picked":["Rebound","Streamline"],"picked":"Cold Snap","floor":28},{"not_picked":["Melter","Coolheaded"],"picked":"Conserve Battery","floor":30},{"not_picked":["Compile Driver","Hello World"],"picked":"Barrage+1","floor":31},{"not_picked":["Reboot","Amplify"],"picked":"Buffer","floor":33},{"not_picked":["Stack","Reinforced Body"],"picked":"Go for the Eyes","floor":35},{"not_picked":["Glacier+1","Stack+1"],"picked":"Cold Snap","floor":36},{"not_picked":["Gash","Rebound"],"picked":"Aggregate","floor":38},{"not_picked":["Hello World","Sunder"],"picked":"White Noise","floor":40},{"not_picked":["Gash+1","FTL+1"],"picked":"Doom and Gloom+1","floor":41},{"not_picked":["BootSequence+1","Lockon+1"],"picked":"Rainbow","floor":42},{"not_picked":["Sunder+1","Auto Shields+1"],"picked":"Go for the Eyes","floor":44},{"not_picked":["Barrage","Ball Lightning+1"],"picked":"Melter","floor":45},{"not_picked":["Rebound","Redo+1"],"picked":"Barrage+1","floor":46},{"not_picked":["Gash+1","Rebound+1"],"picked":"Recycle","floor":47},{"not_picked":["Beam Cell","Skim"],"picked":"Conserve Battery","floor":48}],"player_experience":67378,"relics_obtained":[{"floor":6,"key":"Darkstone Periapt"},{"floor":8,"key":"War Paint"},{"floor":9,"key":"Toy Ornithopter"},{"floor":10,"key":"Eternal Feather"},{"floor":12,"key":"HornCleat"},{"floor":24,"key":"Dream Catcher"},{"floor":30,"key":"Vajra"},{"floor":41,"key":"Juzu Bracelet"},{"floor":43,"key":"Whetstone"},{"floor":48,"key":"Unceasing Top"}],"event_choices":[{"cards_removed":["Strike_B"],"damage_healed":0,"gold_gain":0,"player_choice":"Purged","damage_taken":0,"max_hp_gain":0,"max_hp_loss":0,"event_name":"Purifier","floor":3,"gold_loss":0},{"damage_healed":0,"gold_gain":0,"player_choice":"Read","damage_taken":0,"max_hp_gain":0,"max_hp_loss":0,"event_name":"The Library","floor":27,"gold_loss":0,"cards_obtained":["Core Surge"]},{"cards_removed":["Cold Snap"],"damage_healed":0,"gold_gain":0,"player_choice":"Upgrade and Remove","damage_taken":0,"max_hp_gain":0,"max_hp_loss":0,"event_name":"Designer","floor":39,"gold_loss":90,"cards_upgraded":["Defend_B"]}],"is_beta":false,"boss_relics":[{"not_picked":["Cursed Key","Runic Pyramid"],"picked":"Velvet Choker"},{"not_picked":["Tiny House","Snecko Eye"],"picked":"Fusion Hammer"}],"items_purged_floors":[37],"is_endless":false,"potions_floor_spawned":[4,5,11,14,16,18,20,21,28,30,35,36],"killed_by":"Donu and Deca","ascension_level":1}}