{"host":"czyddnh1ekzxzhp2","time":1612163761,"event":{"mods":["BaseMod","Better Third Choice","BetterRewards","Hermit","Minty Spire (QoL Compilation)","StSLib"],"gold_per_floor":[109,124,49,49,59,93,93,107,107,124,137,166,166,180,180,280,280,296,296,296],"floor_reached":19,"language":"ENG","playtime":2036,"items_purged":["hermit:Strike_Hermit"],"score":254,"play_id":"9037eb48-599d-4662-a3e2-c4cdf627ad4a","local_time":"20210201021601","is_ascension_mode":true,"campfire_choices":[{"data":"hermit:HeroicBravado","floor":7,"key":"SMITH"},{"floor":13,"key":"REST"},{"floor":15,"key":"REST"}],"circlet_count":0,"master_deck":["hermit:Strike_Hermit","hermit:Strike_Hermit","hermit:Strike_Hermit","hermit:Defend_Hermit","hermit:Defend_Hermit","hermit:Defend_Hermit","hermit:Defend_Hermit","hermit:Snapshot","hermit:Covet","hermit:GhostlyPresence","hermit:PistolWhip","hermit:Feint","hermit:HeroicBravado+1","hermit:NoHoldsBarred","hermit:Glare+1","hermit:FatalDesire","CurseOfTheBell"],"relics":["hermit:Momento","Pen Nib","Toxic Egg 2","Kunai","Calling Bell","Nunchaku","HornCleat","Du-Vu Doll"],"acts_visited":["Exordium","TheCity"],"potions_floor_usage":[11,16,16,18],"damage_taken":[{"damage":2,"enemies":"2 Louse","floor":1,"turns":2},{"damage":4,"enemies":"Cultist","floor":2,"turns":4},{"damage":2,"enemies":"Small Slimes","floor":5,"turns":3},{"damage":14,"enemies":"Lagavulin","floor":6,"turns":11},{"damage":27,"enemies":"Gremlin Gang","floor":8,"turns":8},{"damage":8,"enemies":"3 Louse","floor":10,"turns":4},{"damage":0,"enemies":"Large Slime","floor":11,"turns":4},{"damage":2,"enemies":"3 Sentries","floor":12,"turns":7},{"damage":2,"enemies":"2 Fungi Beasts","floor":14,"turns":2},{"damage":0,"enemies":"The Guardian","floor":16,"turns":12},{"damage":56,"enemies":"3 Byrds","floor":18,"turns":6},{"damage":22,"enemies":"Spheric Guardian","floor":19,"turns":7}],"seed_played":"-298398627897552511","potions_obtained":[{"floor":6,"key":"hermit:BlackBile"},{"floor":8,"key":"Energy Potion"},{"floor":10,"key":"Fire Potion"},{"floor":12,"key":"hermit:BlackBile"},{"floor":18,"key":"PowerPotion"}],"is_trial":false,"path_per_floor":["M","M","$","?","M","E","R","M","T","M","M","E","R","M","R","B",null,"M","M"],"character_chosen":"HERMIT","items_purchased":[],"campfire_rested":2,"item_purchase_floors":[],"current_hp_per_floor":[80,76,76,76,74,60,60,33,33,25,25,23,47,45,69,69,82,26,4,4],"gold":296,"neow_bonus":"TEN_PERCENT_HP_BONUS","is_daily":false,"chose_seed":false,"campfire_upgraded":1,"win_rate":0.0,"timestamp":1612163761,"path_taken":["M","M","$","?","M","E","R","M","T","M","?","E","R","M","R","BOSS","M","M"],"items_purchased_type":[],"build_version":"2020-12-22","purchased_purges":1,"victory":false,"max_hp_per_floor":[82,82,82,82,82,82,82,82,82,82,82,82,82,82,82,82,82,82,82,82],"card_choices":[{"not_picked":["hermit:BodyArmor","hermit:Headshot"],"picked":"hermit:GhostlyPresence","floor":1},{"not_picked":["hermit:Quickdraw","hermit:Enervate"],"picked":"hermit:PistolWhip","floor":2},{"not_picked":["hermit:TrackingShot","hermit:LowProfile"],"picked":"hermit:HeroicBravado","floor":5},{"not_picked":["hermit:Coalescence","hermit:BigShot","hermit:WideOpen"],"picked":"SKIP","floor":6},{"not_picked":["hermit:CalledShot","hermit:Roulette","hermit:Coalescence"],"picked":"SKIP","floor":8},{"not_picked":["hermit:SprayPray","hermit:Adapt","hermit:HighCaliber"],"picked":"SKIP","floor":10},{"not_picked":["hermit:Showdown","hermit:TakeCover+1"],"picked":"hermit:NoHoldsBarred","floor":11},{"not_picked":["hermit:Quickdraw","hermit:FullyLoaded+1","hermit:Enervate"],"picked":"SKIP","floor":12},{"not_picked":["hermit:Dive+1","hermit:Malice"],"picked":"hermit:Glare+1","floor":14},{"not_picked":["hermit:FinalCanter","hermit:Dissolve+1"],"picked":"hermit:FatalDesire","floor":16},{"not_picked":["hermit:ItchyTrigger","hermit:BodyArmor+1","hermit:Vantage+1"],"picked":"SKIP","floor":18}],"player_experience":890809,"relics_obtained":[{"floor":6,"key":"Pen Nib"},{"floor":9,"key":"Toxic Egg 2"},{"floor":12,"key":"Kunai"},{"floor":17,"key":"Nunchaku"},{"floor":17,"key":"HornCleat"},{"floor":17,"key":"Du-Vu Doll"}],"event_choices":[{"damage_healed":0,"gold_gain":0,"player_choice":"1 cards matched","damage_taken":0,"max_hp_gain":0,"max_hp_loss":0,"event_name":"Match and Keep!","floor":4,"gold_loss":0,"cards_obtained":["hermit:Feint"]}],"is_beta":false,"boss_relics":[{"not_picked":["Runic Pyramid","Empty Cage"],"picked":"Calling Bell"}],"items_purged_floors":[3],"is_endless":false,"potions_floor_spawned":[6,8,10,12,18],"killed_by":"Spheric Guardian","ascension_level":2}}