{"host":"2vm9o2fc5crca06n","time":1612220895,"event":{"mods":["AchievementEnabler","BaseMod","Bestiary","Googly Eyes","Minty Spire (QoL Compilation)","SuperFastMode"],"gold_per_floor":[109,109,124,138,63,63,89,100,100,100,159,15,15,31,31,130,130,149,149,49,68,81,96,196,213,237,256,285,285,285,302,302,404,404,421,437,169,189,206,231,231,231,231,265,277,307,105,138,138,138],"floor_reached":51,"language":"ENG","playtime":3765,"items_purged":["FlurryOfBlows","EmptyBody","ThirdEye","LessonLearned+1"],"score":864,"play_id":"b7664408-eb26-482d-a00c-089874d120ae","local_time":"20210201230815","daily_mods":["Draft"],"is_ascension_mode":false,"campfire_choices":[{"data":"LikeWater","floor":6,"key":"SMITH"},{"data":"Evaluate","floor":10,"key":"SMITH"},{"data":"LessonLearned","floor":15,"key":"SMITH"},{"data":"Perseverance","floor":30,"key":"SMITH"},{"data":"Protect","floor":32,"key":"SMITH"},{"floor":41,"key":"REST"},{"floor":49,"key":"REST"}],"circlet_count":0,"master_deck":["PathToVictory+1","Evaluate+1","LikeWater+1","Sanctity+1","PathToVictory+1","Meditate+1","PathToVictory+1","Evaluate+1","Protect+1","Protect+1","Protect+1","Evaluate+1","DeusExMachina+1","CurseOfTheBell","Perseverance+1","SignatureMove+1"],"relics":["PureWater","Ancient Tea Set","Mercury Hourglass","Yang","ClockworkSouvenir","NlothsMask","Calling Bell","Boot","Molten Egg 2","Mango","Gremlin Horn","Fusion Hammer","Anchor","Meat on the Bone","HornCleat","Shuriken","Bottled Flame","Ornamental Fan"],"acts_visited":["Exordium","TheCity","TheBeyond"],"potions_floor_usage":[14,16,18,28,50,50,50],"damage_taken":[{"damage":0,"enemies":"Small Slimes","floor":1,"turns":4},{"damage":0,"enemies":"2 Louse","floor":3,"turns":3},{"damage":0,"enemies":"Cultist","floor":4,"turns":3},{"damage":14,"enemies":"3 Sentries","floor":7,"turns":8},{"damage":1,"enemies":"Gremlin Gang","floor":8,"turns":4},{"damage":0,"enemies":"Gremlin Nob","floor":11,"turns":2},{"damage":0,"enemies":"Exordium Wildlife","floor":14,"turns":6},{"damage":5,"enemies":"Hexaghost","floor":16,"turns":6},{"damage":0,"enemies":"Shell Parasite","floor":18,"turns":4},{"damage":0,"enemies":"Chosen","floor":21,"turns":4},{"damage":0,"enemies":"Snecko","floor":22,"turns":4},{"damage":0,"enemies":"Centurion and Healer","floor":23,"turns":5},{"damage":0,"enemies":"Shelled Parasite and Fungi","floor":25,"turns":6},{"damage":1,"enemies":"Chosen and Byrds","floor":27,"turns":12},{"damage":25,"enemies":"Slavers","floor":28,"turns":6},{"damage":0,"enemies":"Snecko","floor":31,"turns":5},{"damage":23,"enemies":"Champ","floor":33,"turns":11},{"damage":8,"enemies":"3 Darklings","floor":35,"turns":4},{"damage":0,"enemies":"Orb Walker","floor":36,"turns":4},{"damage":0,"enemies":"Spire Growth","floor":38,"turns":6},{"damage":0,"enemies":"4 Shapes","floor":39,"turns":7},{"damage":0,"enemies":"Giant Head","floor":40,"turns":5},{"damage":0,"enemies":"Nemesis","floor":44,"turns":3},{"damage":0,"enemies":"Sphere and 2 Shapes","floor":45,"turns":6},{"damage":0,"enemies":"Giant Head","floor":46,"turns":6},{"damage":33,"enemies":"Reptomancer","floor":48,"turns":4},{"damage":10,"enemies":"Awakened One","floor":50,"turns":11}],"seed_played":"-7978982776394882683","potions_obtained":[{"floor":8,"key":"ColorlessPotion"},{"floor":11,"key":"Weak Potion"},{"floor":16,"key":"Regen Potion"},{"floor":18,"key":"Fruit Juice"},{"floor":22,"key":"DistilledChaos"},{"floor":38,"key":"SteroidPotion"},{"floor":39,"key":"SkillPotion"},{"floor":45,"key":"Weak Potion"}],"is_trial":true,"path_per_floor":["M","?","M","M","$","R","E","M","T","R","?","$","?","M","R","B",null,"M","?","$","M","M","M","?","M","T","M","E","?","R","M","R","B",null,"M","M","$","M","M","E","R","?","T","E","M","E","$","E","R","B",null],"character_chosen":"WATCHER","items_purchased":["ClockworkSouvenir","Anchor","Dexterity Potion"],"campfire_rested":2,"item_purchase_floors":[12,37,47],"current_hp_per_floor":[72,65,65,65,65,65,51,50,50,50,50,50,50,50,50,45,86,91,91,91,91,91,91,91,91,91,90,65,65,65,65,65,42,91,83,83,83,83,83,83,91,91,91,91,91,91,91,58,85,84],"gold":138,"neow_bonus":"","is_daily":false,"chose_seed":false,"campfire_upgraded":5,"win_rate":0.0,"timestamp":1612220895,"path_taken":["M","?","M","M","$","R","E","M","T","R","?","$","?","M","R","BOSS","M","?","$","M","M","?","?","M","T","?","E","?","R","M","R","BOSS","M","M","$","M","M","E","R","?","T","E","M","E","$","E","R","BOSS"],"items_purchased_type":["Relic","Relic","Potion"],"build_version":"2020-12-22","purchased_purges":4,"victory":true,"max_hp_per_floor":[72,72,72,72,72,72,72,72,72,72,72,72,72,72,72,72,86,91,91,91,91,91,91,91,91,91,91,91,91,91,91,91,91,91,91,91,91,91,91,91,91,91,91,91,91,91,91,91,91,91],"card_choices":[{"not_picked":["EmptyFist","Wallop"],"picked":"PathToVictory","floor":0},{"not_picked":["CrushJoints","Collect"],"picked":"FlurryOfBlows","floor":0},{"not_picked":["EmptyFist","Crescendo"],"picked":"Evaluate","floor":0},{"not_picked":["Consecrate","Pray"],"picked":"EmptyBody","floor":0},{"not_picked":["ReachHeaven","Nirvana"],"picked":"Halt","floor":0},{"not_picked":["WreathOfFlame","Tantrum"],"picked":"LikeWater","floor":0},{"not_picked":["FlurryOfBlows","EmptyBody"],"picked":"Sanctity","floor":0},{"not_picked":["CarveReality","Halt"],"picked":"PathToVictory","floor":0},{"not_picked":["SashWhip","ThirdEye"],"picked":"Meditate","floor":0},{"not_picked":["Evaluate","Weave"],"picked":"PathToVictory","floor":0},{"not_picked":["BowlingBash","WheelKick"],"picked":"ThirdEye","floor":0},{"not_picked":["SashWhip","FlyingSleeves"],"picked":"Evaluate","floor":0},{"not_picked":["EmptyBody","ClearTheMind"],"picked":"Protect","floor":0},{"not_picked":["CutThroughFate","MentalFortress"],"picked":"Protect","floor":0},{"not_picked":["FollowUp","WheelKick"],"picked":"Protect","floor":0},{"not_picked":["BowlingBash","SandsOfTime","JustLucky"],"picked":"SKIP","floor":1},{"not_picked":["FollowUp","ClearTheMind","SashWhip"],"picked":"SKIP","floor":3},{"not_picked":["SignatureMove","SandsOfTime"],"picked":"Evaluate","floor":4},{"not_picked":["FlyingSleeves","Vengeance","EmptyFist"],"picked":"SKIP","floor":7},{"not_picked":["JustLucky","FlurryOfBlows","FollowUp"],"picked":"SKIP","floor":8},{"not_picked":["ForeignInfluence","FlyingSleeves"],"picked":"LessonLearned","floor":11},{"not_picked":["Halt","CrushJoints","InnerPeace"],"picked":"SKIP","floor":14},{"not_picked":["Alpha","Judgement"],"picked":"DeusExMachina","floor":16},{"not_picked":["EmptyBody","MentalFortress","Omniscience"],"picked":"SKIP","floor":18},{"not_picked":["Weave+1","Evaluate+1","ThirdEye"],"picked":"SKIP","floor":21},{"not_picked":["SashWhip+1","Protect","ThirdEye"],"picked":"SKIP","floor":22},{"not_picked":["Adaptation","ClearTheMind","Nirvana"],"picked":"SKIP","floor":23},{"not_picked":["Crescendo+1","Protect"],"picked":"Perseverance","floor":25},{"not_picked":["ReachHeaven+1","Scrawl","Swivel"],"picked":"SKIP","floor":27},{"not_picked":["CrushJoints+1","WaveOfTheHand","Prostrate"],"picked":"SKIP","floor":28},{"not_picked":["Perseverance","Protect+1","CrushJoints+1"],"picked":"SKIP","floor":31},{"not_picked":["PathToVictory","ThirdEye","SashWhip+1"],"picked":"SKIP","floor":35},{"not_picked":["Evaluate+1","JustLucky+1","EmptyFist+1"],"picked":"SKIP","floor":36},{"not_picked":["SashWhip+1","CrushJoints+1","Indignation+1"],"picked":"SKIP","floor":38},{"not_picked":["Evaluate+1","Conclude+1","EmptyFist+1"],"picked":"SKIP","floor":39},{"not_picked":["Wish","Evaluate","WaveOfTheHand"],"picked":"SKIP","floor":40},{"not_picked":["Vengeance","Crescendo+1","Conclude+1"],"picked":"SKIP","floor":44},{"not_picked":["FollowUp+1","FlurryOfBlows+1","Consecrate+1"],"picked":"SKIP","floor":45},{"not_picked":["Consecrate+1","ThirdEye"],"picked":"SignatureMove+1","floor":46},{"not_picked":["Pray","MentalFortress+1","SashWhip+1"],"picked":"SKIP","floor":48}],"player_experience":355523,"relics_obtained":[{"floor":7,"key":"Ancient Tea Set"},{"floor":9,"key":"Mercury Hourglass"},{"floor":11,"key":"Yang"},{"floor":17,"key":"Boot"},{"floor":17,"key":"Molten Egg 2"},{"floor":17,"key":"Mango"},{"floor":28,"key":"Gremlin Horn"},{"floor":40,"key":"Meat on the Bone"},{"floor":43,"key":"HornCleat"},{"floor":44,"key":"Shuriken"},{"floor":46,"key":"Bottled Flame"},{"floor":48,"key":"Ornamental Fan"}],"event_choices":[{"cards_removed":["Halt"],"damage_healed":0,"gold_gain":0,"player_choice":"Card Removal","damage_taken":7,"max_hp_gain":0,"max_hp_loss":0,"event_name":"Golden Wing","floor":2,"gold_loss":0},{"damage_healed":0,"gold_gain":30,"player_choice":"Searched \u00272\u0027 times","damage_taken":0,"max_hp_gain":0,"max_hp_loss":0,"event_name":"Dead Adventurer","floor":11,"gold_loss":0},{"damage_healed":0,"gold_gain":0,"player_choice":"Trade","damage_taken":0,"relics_obtained":["NlothsMask"],"max_hp_gain":0,"max_hp_loss":0,"event_name":"FaceTrader","floor":13,"gold_loss":0},{"damage_healed":0,"gold_gain":0,"player_choice":"Bought 0 Potions","damage_taken":0,"max_hp_gain":0,"max_hp_loss":0,"event_name":"The Woman in Blue","floor":19,"gold_loss":0},{"damage_healed":0,"gold_gain":100,"player_choice":"Pray","damage_taken":0,"max_hp_gain":0,"max_hp_loss":0,"event_name":"Golden Shrine","floor":24,"gold_loss":0},{"damage_healed":0,"gold_gain":0,"player_choice":"Ignored","damage_taken":0,"max_hp_gain":0,"max_hp_loss":0,"event_name":"Vampires","floor":29,"gold_loss":0},{"damage_healed":0,"gold_gain":0,"player_choice":"Ignored","damage_taken":0,"max_hp_gain":0,"max_hp_loss":0,"event_name":"Tomb of Lord Red Mask","floor":42,"gold_loss":0}],"is_beta":false,"boss_relics":[{"not_picked":["Runic Dome","Ectoplasm"],"picked":"Calling Bell"},{"not_picked":["SacredBark","SlaversCollar"],"picked":"Fusion Hammer"}],"items_purged_floors":[5,20,37,47],"is_endless":false,"potions_floor_spawned":[8,11,16,18,22,38,39,45],"ascension_level":0}}