{"host":"y0avvqzsetgmdwfn","time":1612155981,"event":{"mods":["AchievementEnabler","BaseMod","Better Third Choice","Downfall","Minty Spire (QoL Compilation)","Red Circlet Mod","Reliquary","Replay The Spire","Spicy Shops","StSLib"],"gold_per_floor":[99,113,129,129,129,140,166,166,177,14,14,75,90,121,133,231,231,231,250,350,48,48,63,88,127,147,147,167,206,206,242,263,371,371,371,430,439,449,476,476,476,476,514,524,567,267,267,295,319,319,319,319],"floor_reached":50,"language":"ENG","playtime":4436,"items_purged":["downfall:Malfunctioning","downfall:Haunted"],"score":718,"play_id":"96d7f0b2-5352-4e8b-949e-3da3f4c0402b","local_time":"20210201130621","is_ascension_mode":true,"campfire_choices":[{"data":"champ:Strike","floor":1.0,"key":"PURGE"},{"data":"champ:StanceDance","floor":8.0,"key":"SMITH"},{"data":"Discovery","floor":11.0,"key":"SMITH"},{"data":"Replay:SS_forest_2","floor":18.0,"key":"SMITH"},{"data":"champ:BerserkerStyle","floor":30.0,"key":"SMITH"},{"floor":42.0,"key":"RECALL"},{"floor":46.0,"key":"REST"}],"circlet_count":0,"master_deck":["champ:Strike","champ:Strike+1","champ:Strike","champ:Defend+1","champ:Defend","champ:Defend","champ:Defend","champ:Execute","champ:Taunt+1","champ:StanceDance+1","champ:GladiatorStyle","champ:FocusedBerserking","champ:Backstep","champ:Endure","Replay:SS_forest_2+1","Sadistic Nature","Enlightenment","Discovery+1","champ:DefensiveStyle","champ:BerserkerStyle+1","champ:RapidStrikes","champ:Circumvent","champ:TripleStrike+1","champ:BringItOn","Parasite","Hallucinations","champ:SteelEdge+1","champ:FancyFootwork+1","champ:IronFortress+1","champ:AdrenalArmor","champ:StanceDance+1","champ:Lariat","champ:FocusedDefense","champ:CalledShot","champ:CheapShot+1","champ:SkillfulDodge+1","champ:Improvising+1","champ:FanOfKnives+1","champ:StrikeOfGenius+1","champ:FalseCounter+1","champ:StrikeOfGenius+1","champ:MurderStrike+1","champ:RisingSlash+1","champ:ViciousMockery+1"],"relics":["champ:ChampionCrown","Nunchaku","ReplayTheSpireMod:ShopPack","hexamod:BolsterEngine","Golden Egg","bronze:MakeshiftBattery","Darkstone Periapt","Toy Ornithopter","CeramicFish","Gremlin Horn","Bottled Lightning","Empty Cage","Girya","Onion Ring","reliquary:PorcupineQuills","reliquary:ExpiredCoupon","downfall:HeartBlessingGreen","downfall:HeartBlessingRed","downfall:HeartBlessingBlue","Replay:Towering Pillar of Hats"],"acts_visited":["Exordium","TheCity","TheBeyond"],"potions_floor_usage":[50],"damage_taken":[{"damage":30.0,"enemies":"Jaw Worm","floor":2.0,"turns":5.0},{"damage":15.0,"enemies":"Cultist","floor":3.0,"turns":3.0},{"damage":22.0,"enemies":"Small Slimes","floor":6.0,"turns":5.0},{"damage":22.0,"enemies":"Blue Slaver","floor":9.0,"turns":4.0},{"damage":15.0,"enemies":"downfall:FleeingMerchant","floor":10.0,"turns":4.0},{"damage":21.0,"enemies":"Gremlin Nob","floor":12.0,"turns":5.0},{"damage":7.0,"enemies":"3 Louse","floor":13.0,"turns":4.0},{"damage":51.0,"enemies":"Lagavulin","floor":14.0,"turns":8.0},{"damage":40.0,"enemies":"Exordium Thugs","floor":15.0,"turns":4.0},{"damage":26.0,"enemies":"IC_STATUS_ARCHETYPE","floor":16.0,"turns":8.0},{"damage":0.0,"enemies":"3 Byrds","floor":19.0,"turns":5.0},{"damage":30.0,"enemies":"downfall:FleeingMerchant","floor":21.0,"turns":4.0},{"damage":19.0,"enemies":"Shell Parasite","floor":23.0,"turns":7.0},{"damage":30.0,"enemies":"Slavers","floor":25.0,"turns":5.0},{"damage":47.0,"enemies":"Centurion and Healer","floor":26.0,"turns":5.0},{"damage":54.0,"enemies":"3 Cultists","floor":28.0,"turns":6.0},{"damage":32.0,"enemies":"Book of Stabbing","floor":29.0,"turns":6.0},{"damage":50.0,"enemies":"Gremlin Leader","floor":31.0,"turns":11.0},{"damage":49.0,"enemies":"Cultist and Chosen","floor":32.0,"turns":6.0},{"damage":136.0,"enemies":"SI_MIRROR_ARCHETYPE","floor":33.0,"turns":10.0},{"damage":57.0,"enemies":"SI_MIRROR_ARCHETYPE","floor":36.0,"turns":6.0},{"damage":14.0,"enemies":"3 Shapes","floor":38.0,"turns":4.0},{"damage":27.0,"enemies":"Orb Walker","floor":39.0,"turns":5.0},{"damage":87.0,"enemies":"Giant Head","floor":43.0,"turns":6.0},{"damage":127.0,"enemies":"Maw","floor":44.0,"turns":6.0},{"damage":111.0,"enemies":"Reptomancer","floor":45.0,"turns":7.0},{"damage":25.0,"enemies":"Transient","floor":48.0,"turns":5.0},{"damage":19.0,"enemies":"Writhing Mass","floor":49.0,"turns":4.0},{"damage":166,"enemies":"WA_ARCHETYPE_DIVINITY","floor":50,"turns":11}],"seed_played":"-6488086183986192726","potions_obtained":[{"floor":5.0,"key":"downfall:CursedFountainPotion"},{"floor":9.0,"key":"Energy Potion"},{"floor":13.0,"key":"EssenceOfSteel"},{"floor":15.0,"key":"Regen Potion"},{"floor":22.0,"key":"Block Potion"},{"floor":22.0,"key":"Guardian:BlockOnCardUsePotion"},{"floor":23.0,"key":"AttackPotion"},{"floor":25.0,"key":"FearPotion"},{"floor":26.0,"key":"Elixir"},{"floor":29.0,"key":"Doom Potion"},{"floor":35.0,"key":"DuplicationPotion"},{"floor":35.0,"key":"LifebloodPotion"},{"floor":38.0,"key":"Languid Potion"},{"floor":43.0,"key":"DuplicationPotion"},{"floor":48.0,"key":"Fire Potion"}],"is_trial":false,"path_per_floor":["R","M","M","?","?","M","T","R","M","$","R","?","M","E","M","B",null,"R","M","?","$","?","M","T","E","M","?","M","E","R","E","M","B",null,"R","?","?","M","M","?","T","R","E","M","E","R","T","M","M","B"],"character_chosen":"THE_CHAMP","items_purchased":["ReplayTheSpireMod:ShopPack","Replay:SS_forest_2","Toy Ornithopter","champ:IronFortress"],"campfire_rested":1,"item_purchase_floors":[10,10,21,21],"current_hp_per_floor":[99,89,89,89,89,82,82,82,80,80,80,69,67,54,45,48,99,99,99,134,134,134,125,125,134,123,94,84,86,86,81,77,71,139,139,139,139,139,133,133,133,133,130,123,60,114,114,96,91,0,0,0],"gold":319,"neow_bonus":"TEN_PERCENT_HP_BONUS","is_daily":false,"chose_seed":false,"campfire_upgraded":4,"win_rate":0.0,"timestamp":1612155981,"path_taken":["R","M","M","?","?","?","T","R","M","$","R","?","M","E","M","BOSS","R","M","?","$","?","M","T","E","?","?","M","E","R","E","M","BOSS","R","?","?","?","M","?","T","R","E","M","E","R","?","M","M","BOSS"],"items_purchased_type":["Relic","Card","Relic","Card"],"build_version":"2020-12-22","purchased_purges":2,"victory":false,"max_hp_per_floor":[99,99,99,99,99,99,99,99,99,99,99,99,99,99,99,99,99,99,99,134,134,134,134,134,134,134,139,139,139,139,139,139,139,139,139,139,139,139,139,139,139,139,139,139,139,149,149,149,149,149,149,149],"card_choices":[{"not_picked":["champ:SetATrap","champ:GutPunch"],"picked":"champ:StanceDance","floor":2.0},{"not_picked":["champ:FanOfKnives","champ:Parry"],"picked":"champ:GladiatorStyle","floor":3.0},{"not_picked":["champ:BladeFlurry","champ:PerfectedStrike"],"picked":"champ:FocusedBerserking","floor":6.0},{"not_picked":["champ:DefensiveShout","champ:EnGarde"],"picked":"champ:Backstep","floor":9.0},{"not_picked":["champ:PerfectedStrike","champ:TornadoPunch"],"picked":"champ:Endure","floor":10.0},{"not_picked":["HandOfGreed","Master of Strategy"],"picked":"Sadistic Nature","floor":10.0},{"not_picked":["Replay:Sssssssssstrike","Panacea"],"picked":"Enlightenment","floor":10.0},{"not_picked":["Dramatic Entrance","Replay:Parry"],"picked":"Discovery","floor":10.0},{"not_picked":["champ:Backstep","champ:FancyFootwork"],"picked":"champ:DefensiveStyle","floor":12.0},{"not_picked":["champ:PerfectedStrike","champ:GutPunch"],"picked":"champ:BerserkerStyle","floor":13.0},{"not_picked":["champ:FocusedBerserking","champ:CalledShot"],"picked":"champ:RapidStrikes","floor":14.0},{"not_picked":["champ:DefensiveShout","champ:CalledShot"],"picked":"champ:Circumvent","floor":15.0},{"not_picked":["champ:Devastate","champ:ShieldThrow"],"picked":"champ:TripleStrike","floor":16.0},{"not_picked":["champ:BerserkersShout+1","champ:TornadoPunch"],"picked":"champ:BringItOn","floor":19.0},{"not_picked":["champ:BerserkersShout","champ:DefensiveShout"],"picked":"champ:FancyFootwork+1","floor":21.0},{"not_picked":["champ:Circumvent+1","champ:GutPunch+1"],"picked":"champ:AdrenalArmor","floor":23.0},{"not_picked":["champ:BladeFlurry+1","champ:FocusedBerserking+1"],"picked":"champ:StanceDance+1","floor":25.0},{"not_picked":["champ:GutPunch","champ:PerfectedStrike"],"picked":"champ:Lariat","floor":26.0},{"not_picked":["champ:PerfectedStrike+1","champ:SetATrap"],"picked":"champ:FocusedDefense","floor":28.0},{"not_picked":["champ:Shatter+1","champ:GutPunch"],"picked":"champ:CalledShot","floor":29.0},{"not_picked":["champ:DeathBlow","champ:PerfectedStrike"],"picked":"champ:CheapShot","floor":31.0},{"not_picked":["champ:FocusedBerserking","champ:PerfectedStrike"],"picked":"champ:SkillfulDodge+1","floor":32.0},{"not_picked":["champ:UltimateStance","champ:VampiricStrike"],"picked":"champ:Improvising","floor":33.0},{"not_picked":["champ:PreciseThrust","champ:SkillfulDodge"],"picked":"champ:FanOfKnives+1","floor":36.0},{"not_picked":["champ:FlashCut","champ:PerfectedStrike","champ:SkillfulDodge+1"],"picked":"SKIP","floor":38.0},{"not_picked":["champ:PreemptiveStrike+1","champ:BerserkersShout+1"],"picked":"champ:FalseCounter+1","floor":39.0},{"not_picked":["champ:BerserkersShout","champ:StanceDance"],"picked":"champ:StrikeOfGenius","floor":43.0},{"not_picked":["champ:BerserkersShout+1","champ:DefensiveStyle","champ:Backstep+1"],"picked":"SKIP","floor":44.0},{"not_picked":["champ:CrownThrow+1","champ:Parry"],"picked":"champ:MurderStrike","floor":45.0},{"not_picked":["champ:SkillfulDodge+1","champ:EnGarde+1"],"picked":"champ:RisingSlash+1","floor":48.0},{"not_picked":["champ:CrownThrow","champ:HeartStrike"],"picked":"champ:ViciousMockery+1","floor":49.0}],"player_experience":1993597,"relics_obtained":[{"floor":7.0,"key":"Nunchaku"},{"floor":12.0,"key":"hexamod:BolsterEngine"},{"floor":14.0,"key":"Golden Egg"},{"floor":25.0,"key":"CeramicFish"},{"floor":29.0,"key":"Gremlin Horn"},{"floor":31.0,"key":"Bottled Lightning"},{"floor":36.0,"key":"Girya"},{"floor":41.0,"key":"Onion Ring"},{"floor":43.0,"key":"reliquary:PorcupineQuills"},{"floor":45.0,"key":"reliquary:ExpiredCoupon"},{"floor":47.0,"key":"Replay:Towering Pillar of Hats"}],"event_choices":[{"damage_healed":0.0,"max_hp_gain":0.0,"max_hp_loss":0.0,"gold_gain":0.0,"event_name":"Lab","player_choice":"Got Potions","floor":22.0,"gold_loss":0.0,"damage_taken":0.0}],"is_beta":false,"boss_relics":[{"not_picked":["Abe\u0027s Treasure","SacredBark"],"picked":"bronze:MakeshiftBattery"},{"not_picked":["Replay:Grab Bag","Honey Jar"],"picked":"Empty Cage"}],"items_purged_floors":[21,21],"is_endless":false,"potions_floor_spawned":[9,13,15,23,25,26,29,38,43,48],"killed_by":"WA_ARCHETYPE_DIVINITY","ascension_level":1}}