{"host":"8962ghaoa8fyttvy","time":1612178091,"event":{"mods":["2.2 Compatiblity","AchievementEnabler","BaseMod","Bestiary","Colored Map","Colored Powertips","Curses Come First","Highlight Path","Keyboard Shortcuts","Minty Spire (QoL Compilation)","Relic Stats","Slay the Relics Exporter","StSLib","SuperFastMode"],"gold_per_floor":[113,113,113,188,153,178,103,120,120,120,120,120,133,133,133,233,233,251,251,251,265,276,601,615,615,615],"floor_reached":25,"language":"ENG","playtime":649,"items_purged":["Defend_G"],"score":244,"play_id":"fe774c61-0ea8-4e00-ba8a-3cf3856f640a","local_time":"20210201061451","is_ascension_mode":false,"campfire_choices":[{"data":"Dagger Spray","floor":12,"key":"SMITH"},{"data":"Blade Dance","floor":15,"key":"SMITH"}],"circlet_count":0,"master_deck":["Strike_G","Strike_G","Strike_G","Strike_G","Strike_G","Defend_G","Defend_G+1","Defend_G","Survivor","Neutralize+1","Dagger Spray+1","Flying Knee","Blade Dance+1","Riddle With Holes","Envenom","Bane","Backstab","Crippling Poison+1","Flying Knee"],"relics":["Ring of the Snake","NeowsBlessing","Orichalcum","Question Card","Letter Opener","Sozu","Potion Belt","MutagenicStrength","Old Coin"],"acts_visited":["Exordium","TheCity"],"potions_floor_usage":[23],"damage_taken":[{"damage":0,"enemies":"2 Louse","floor":1,"turns":1},{"damage":0,"enemies":"Gremlin Nob","floor":6,"turns":1},{"damage":0,"enemies":"Small Slimes","floor":8,"turns":1},{"damage":5,"enemies":"Jaw Worm","floor":13,"turns":3},{"damage":28,"enemies":"Slime Boss","floor":16,"turns":8},{"damage":14,"enemies":"Spheric Guardian","floor":18,"turns":4},{"damage":4,"enemies":"Chosen","floor":21,"turns":3},{"damage":6,"enemies":"Centurion and Healer","floor":22,"turns":4},{"damage":20,"enemies":"Gremlin Leader","floor":23,"turns":5},{"damage":2,"enemies":"3 Cultists","floor":24,"turns":4},{"damage":24,"enemies":"Snake Plant","floor":25,"turns":3}],"seed_played":"1142068564369021448","potions_obtained":[{"floor":6,"key":"Block Potion"}],"is_trial":false,"path_per_floor":["M","?","?","?","?","E","$","M","T","$","?","R","M","T","R","B",null,"M","?","?","M","M","E","M","M"],"character_chosen":"THE_SILENT","items_purchased":[],"campfire_rested":0,"item_purchase_floors":[],"current_hp_per_floor":[70,63,63,52,69,69,69,69,69,69,55,55,50,50,50,22,70,56,56,56,52,46,26,24,0,0],"gold":615,"neow_bonus":"THREE_ENEMY_KILL","is_daily":false,"chose_seed":false,"campfire_upgraded":2,"win_rate":0.0,"timestamp":1612178091,"path_taken":["M","?","?","?","?","E","$","M","T","$","?","R","M","?","R","BOSS","M","?","?","M","M","E","M","M"],"items_purchased_type":[],"build_version":"2020-12-22","purchased_purges":1,"victory":false,"max_hp_per_floor":[70,70,70,70,70,70,70,70,70,70,70,70,70,70,70,70,70,70,70,70,70,70,70,70,70,70],"relic_stats":{"Sozu":2,"counters":[11,37],"Letter Opener":[0],"Orichalcum":[102],"Question Card":7,"obtain_stats":[{"Sozu":17,"Potion Belt":19,"NeowsBlessing":0,"MutagenicStrength":20,"Letter Opener":14,"Orichalcum":6,"Question Card":9,"Ring of the Snake":0,"Old Coin":23},{"Sozu":5,"Potion Belt":6,"NeowsBlessing":0,"MutagenicStrength":6,"Letter Opener":4,"Orichalcum":2,"Question Card":3,"Ring of the Snake":0,"Old Coin":9},{"Sozu":14,"Potion Belt":18,"NeowsBlessing":0,"MutagenicStrength":18,"Letter Opener":6,"Orichalcum":2,"Question Card":3,"Ring of the Snake":0,"Old Coin":30}],"Ring of the Snake":[22]},"card_choices":[{"not_picked":["Dagger Throw","Poisoned Stab"],"picked":"Dagger Spray","floor":1},{"not_picked":["Quick Slash","Envenom"],"picked":"Flying Knee","floor":6},{"not_picked":["Sucker Punch","Quick Slash"],"picked":"Blade Dance","floor":8},{"not_picked":["Caltrops","Catalyst","Underhanded Strike"],"picked":"Riddle With Holes","floor":13},{"not_picked":["Glass Knife","Venomology","Tools of the Trade"],"picked":"Envenom","floor":16},{"not_picked":["Blur","Tactician","Masterful Stab","Dagger Throw"],"picked":"SKIP","floor":18},{"not_picked":["Underhanded Strike","Dash","PiercingWail+1"],"picked":"Bane","floor":21},{"not_picked":["Poisoned Stab","Outmaneuver","Expertise"],"picked":"Backstab","floor":22},{"not_picked":["Distraction","Expertise","Envenom"],"picked":"Crippling Poison+1","floor":23},{"not_picked":["Dagger Throw+1","Acrobatics+1","Eviscerate"],"picked":"Flying Knee","floor":24}],"player_experience":15925,"relics_obtained":[{"floor":6,"key":"Orichalcum"},{"floor":9,"key":"Question Card"},{"floor":14,"key":"Letter Opener"},{"floor":23,"key":"Old Coin"}],"event_choices":[{"cards_removed":["Defend_G"],"damage_healed":0,"gold_gain":0,"player_choice":"Card Removal","damage_taken":7,"max_hp_gain":0,"max_hp_loss":0,"event_name":"Golden Wing","floor":2,"gold_loss":0},{"damage_healed":0,"gold_gain":0,"player_choice":"Ignored","damage_taken":0,"max_hp_gain":0,"max_hp_loss":0,"event_name":"Liars Game","floor":3,"gold_loss":0},{"damage_healed":0,"gold_gain":75,"player_choice":"Gather Gold","damage_taken":11,"max_hp_gain":0,"max_hp_loss":0,"event_name":"World of Goop","floor":4,"gold_loss":0},{"damage_healed":17,"gold_gain":0,"player_choice":"Healed","damage_taken":0,"max_hp_gain":0,"max_hp_loss":0,"event_name":"The Cleric","floor":5,"gold_loss":35},{"damage_healed":0,"gold_gain":0,"player_choice":"Entered Light","damage_taken":14,"max_hp_gain":0,"max_hp_loss":0,"event_name":"Shining Light","floor":11,"gold_loss":0,"cards_upgraded":["Defend_G","Neutralize"]},{"damage_healed":0,"gold_gain":0,"player_choice":"Opened","damage_taken":0,"relics_obtained":["Potion Belt"],"max_hp_gain":0,"max_hp_loss":0,"event_name":"The Mausoleum","floor":19,"gold_loss":0},{"damage_healed":0,"gold_gain":0,"player_choice":"Inject Mutagens","damage_taken":0,"relics_obtained":["MutagenicStrength"],"max_hp_gain":0,"max_hp_loss":0,"event_name":"Drug Dealer","floor":20,"gold_loss":0}],"is_beta":false,"boss_relics":[{"not_picked":["Runic Pyramid","SlaversCollar"],"picked":"Sozu"}],"items_purged_floors":[7],"is_endless":false,"potions_floor_spawned":[6,18,22],"killed_by":"Snake Plant","ascension_level":0}}