{"host":"u0qetpmu4y58k1tf","time":1612189367,"event":{"mods":["AchievementEnabler","BaseMod","Colored Map","Colored Powertips","Hermit","Marisa£¨Ùöéë¡¡Øª×âÞÞ£©","Minty Spire (QoL Compilation)","Replay The Spire","StSLib","SuperFastMode","The Bug Knight","The Cursed","The Hierophant","The Runesmith"],"gold_per_floor":[116,116,45,220,145,145,173,185,185,185,220,220,234,234,234,331,331,349,368,10,10,21,21,54,54,54,86,185,197,197,216,216,216,216],"floor_reached":33,"language":"KOR","playtime":1268,"items_purged":["Doubt","Strike_B"],"score":360,"play_id":"a56b84ec-a9b5-410f-bc4b-cd4f9cd7b4b5","local_time":"20210201232247","is_ascension_mode":true,"campfire_choices":[{"data":"Dualcast","floor":6,"key":"SMITH"},{"data":"Buffer","floor":10,"key":"SMITH"},{"data":"Storm","floor":12,"key":"SMITH"},{"floor":15,"key":"DIG"},{"data":"Blizzard","floor":23,"key":"SMITH"},{"floor":30,"key":"RECALL"},{"data":"Storm","floor":32,"key":"SMITH"}],"circlet_count":0,"master_deck":["Strike_B","Strike_B","Strike_B","Defend_B","Defend_B","Defend_B","Defend_B","Zap+1","Dualcast+1","White Noise+1","Buffer+1","Blizzard+1","Cold Snap","Storm+1","Glacier","Mirror Shield","Static Discharge","White Noise+1","Skim","Panic Button","Storm+1"],"relics":["FrozenCore","Replay:PocketPolymizer","Bronze Scales","Replay:Ringing Soul","Runesmith:AutoHammer","Bag of Marbles","Matryoshka","Ring of Shattering","ReplayTheSpireMod:Ring of Addiction","Potion Belt","Chameleon Ring","Smiling Mask","Counterbalance","ReplayTheSpireMod:Lightbulb","Molten Egg 2"],"acts_visited":["Exordium","TheCity"],"potions_floor_usage":[24,27,27,33,33],"damage_taken":[{"damage":1,"enemies":"Small Slimes","floor":1,"turns":3},{"damage":25,"enemies":"3 Sentries","floor":7,"turns":8},{"damage":7,"enemies":"Jaw Worm","floor":8,"turns":3},{"damage":16,"enemies":"Gremlin Nob","floor":11,"turns":4},{"damage":0,"enemies":"2 Louse","floor":13,"turns":1},{"damage":10,"enemies":"Slime Boss","floor":16,"turns":12},{"damage":19,"enemies":"Shell Parasite","floor":18,"turns":5},{"damage":10,"enemies":"Chosen","floor":19,"turns":5},{"damage":0,"enemies":"Snecko","floor":22,"turns":5},{"damage":12,"enemies":"Book of Stabbing","floor":24,"turns":5},{"damage":29,"enemies":"Slavers","floor":27,"turns":6},{"damage":4,"enemies":"Cultist and Chosen","floor":29,"turns":5},{"damage":0,"enemies":"Snake Plant","floor":31,"turns":3},{"damage":62,"enemies":"Automaton","floor":33,"turns":12}],"seed_played":"-5282955848374136415","potions_obtained":[{"floor":1,"key":"Energy Potion"},{"floor":16,"key":"BlessingOfTheForge"},{"floor":18,"key":"Strength Potion"},{"floor":21,"key":"Fire Potion"},{"floor":21,"key":"Adrenaline Potion"},{"floor":21,"key":"Dexterity Potion"},{"floor":24,"key":"Regen Potion"},{"floor":27,"key":"Swift Potion"}],"is_trial":false,"path_per_floor":["M","?","$","?","$","R","E","M","T","R","E","R","M","?","R_BF","B",null,"M","M","$","?","M","R","E","?","T","E","?","M","R","M","R_BF","B"],"character_chosen":"DEFECT","items_purchased":["Buffer","Matryoshka"],"campfire_rested":0,"item_purchase_floors":[3,20],"current_hp_per_floor":[74,74,74,74,74,74,49,42,42,42,29,29,32,32,32,25,84,65,58,58,61,61,61,52,52,52,51,51,50,50,53,53,0,0],"gold":216,"neow_bonus":"UPGRADE_CARD","is_daily":false,"chose_seed":false,"campfire_upgraded":5,"win_rate":0.0,"timestamp":1612189367,"path_taken":["M","?","$","?","$","R","E","M","T","R","E","R","M","?","R_BF","BOSS","M","?","$","?","M","R","E","?","T","E","?","M","R","M","R_BF","BOSS"],"items_purchased_type":["Card","Relic"],"build_version":"2020-12-22","purchased_purges":2,"victory":false,"max_hp_per_floor":[75,75,75,75,75,75,75,75,75,75,78,78,81,81,81,84,84,84,87,87,90,90,90,93,93,93,96,96,99,99,100,100,100,100],"card_choices":[{"not_picked":["Go for the Eyes","Cold Snap"],"picked":"White Noise","floor":1},{"not_picked":["Stack","Mirror Shield"],"picked":"Blizzard","floor":7},{"not_picked":["Panic Button","Double Energy"],"picked":"Cold Snap","floor":8},{"not_picked":["Self Repair","Go for the Eyes"],"picked":"Storm","floor":11},{"not_picked":["Consume","Panic Button"],"picked":"Glacier","floor":13},{"not_picked":["Fission","Meteor Strike"],"picked":"Mirror Shield","floor":16},{"not_picked":["Stack","Barrage","Rebound"],"picked":"SKIP","floor":18},{"not_picked":["Auto Shields+1","Streamline+1"],"picked":"Static Discharge","floor":19},{"not_picked":["Ball Lightning","Streamline","Compile Driver"],"picked":"SKIP","floor":22},{"not_picked":["Rainbow","Redo+1"],"picked":"White Noise+1","floor":24},{"not_picked":["Stack","Go for the Eyes+1"],"picked":"Skim","floor":27},{"not_picked":["Auto Shields","Redo"],"picked":"Panic Button","floor":29},{"not_picked":["Reinforced Body","Chaos"],"picked":"Storm","floor":31}],"player_experience":67805,"relics_obtained":[{"floor":7,"key":"Replay:PocketPolymizer"},{"floor":9,"key":"Bronze Scales"},{"floor":11,"key":"Replay:Ringing Soul"},{"floor":15,"key":"Bag of Marbles"},{"floor":21,"key":"Ring of Shattering"},{"floor":21,"key":"ReplayTheSpireMod:Ring of Addiction"},{"floor":21,"key":"Potion Belt"},{"floor":21,"key":"Chameleon Ring"},{"floor":24,"key":"Smiling Mask"},{"floor":26,"key":"Counterbalance"},{"floor":26,"key":"ReplayTheSpireMod:Lightbulb"},{"floor":27,"key":"Molten Egg 2"}],"event_choices":[{"damage_healed":0,"gold_gain":0,"player_choice":"Grow","damage_taken":0,"max_hp_gain":0,"max_hp_loss":0,"event_name":"Living Wall","floor":2,"gold_loss":0,"cards_upgraded":["White Noise"]},{"damage_healed":0,"gold_gain":175,"player_choice":"AGREE","damage_taken":0,"max_hp_gain":0,"max_hp_loss":0,"event_name":"Liars Game","floor":4,"gold_loss":0,"cards_obtained":["Doubt"]},{"damage_healed":0,"gold_gain":0,"player_choice":"Gave Potion","damage_taken":0,"relics_obtained":["Runesmith:AutoHammer"],"max_hp_gain":0,"max_hp_loss":0,"event_name":"WeMeetAgain","floor":14,"gold_loss":0},{"cards_removed":["Looming Evil"],"damage_healed":0,"gold_gain":0,"player_choice":"Elegance","damage_taken":0,"max_hp_gain":0,"max_hp_loss":0,"event_name":"Back to Basics","floor":25,"gold_loss":0},{"damage_healed":0,"gold_gain":99,"player_choice":"Stole From Cult","damage_taken":0,"max_hp_gain":0,"max_hp_loss":0,"event_name":"Nest","floor":28,"gold_loss":0}],"is_beta":false,"boss_relics":[{"not_picked":["Tiny House","SacredBark"],"picked":"FrozenCore"}],"items_purged_floors":[5,20],"is_endless":false,"potions_floor_spawned":[1,16,18,24,27],"killed_by":"Automaton","ascension_level":3}}