{"host":"fuszjwm6fqgjjp4d","time":1612158910,"event":{"mods":["BaseMod","Bestiary","Colored Map","DeckTracker","Minty Spire (QoL Compilation)","Permanent Neow","Relic Sorter","Relic Stats","StSLib"],"gold_per_floor":[119,136,148,73,73,85,85,10,10,10,25,0,32,46,46,120,120,133,153,153,203,222,254,254,285,285,285,304,304,274,274,274,352,352,366,386,386,386,406,433,433,2,50,70,70,70,70,95,95,95,95,95],"floor_reached":51,"language":"ENG","playtime":1144,"items_purged":["Shame","Strike_G"],"score":1601,"play_id":"1748fd21-1c7e-457d-b2d8-90007cc198ef","local_time":"20210131235510","is_ascension_mode":true,"campfire_choices":[{"data":"Cloak And Dagger","floor":7.0,"key":"SMITH"},{"data":"Cloak And Dagger","floor":10.0,"key":"SMITH"},{"data":"A Thousand Cuts","floor":15.0,"key":"SMITH"},{"data":"Envenom","floor":24.0,"key":"SMITH"},{"data":"Adrenaline","floor":27.0,"key":"SMITH"},{"floor":32,"key":"REST"},{"floor":41,"key":"REST"},{"floor":45,"key":"RECALL"},{"data":"Panache","floor":49,"key":"SMITH"}],"circlet_count":0,"master_deck":["AscendersBane","Strike_G","Defend_G","Defend_G","Defend_G","Defend_G","Defend_G","Survivor","Neutralize","Panache+1","Cloak And Dagger+1","Blade Dance+1","Blade Dance","Cloak And Dagger+1","Blur","Sucker Punch","A Thousand Cuts+1","Blade Dance","Envenom+1","Cloak And Dagger+1","Cloak And Dagger","Adrenaline+1","Accuracy+1","Blade Dance","Writhe"],"relics":["Ring of the Snake","Juzu Bracelet","Singing Bowl","Empty Cage","MutagenicStrength","Meat on the Bone","Bottled Lightning","Prayer Wheel","Cursed Key","Bag of Preparation","Sling","Oddly Smooth Stone","Anchor","Ginger"],"acts_visited":["Exordium","TheCity","TheBeyond"],"potions_floor_usage":[28,33,50],"damage_taken":[{"damage":14.0,"enemies":"Cultist","floor":1.0,"turns":5.0},{"damage":3.0,"enemies":"Jaw Worm","floor":2.0,"turns":4.0},{"damage":5.0,"enemies":"2 Louse","floor":3.0,"turns":3.0},{"damage":0.0,"enemies":"Exordium Wildlife","floor":6.0,"turns":3.0},{"damage":10.0,"enemies":"Exordium Thugs","floor":11.0,"turns":5.0},{"damage":15.0,"enemies":"Lagavulin","floor":13.0,"turns":7.0},{"damage":1.0,"enemies":"Large Slime","floor":14.0,"turns":3.0},{"damage":0.0,"enemies":"Slime Boss","floor":16.0,"turns":6.0},{"damage":12.0,"enemies":"Spheric Guardian","floor":18.0,"turns":4.0},{"damage":19.0,"enemies":"Chosen","floor":19.0,"turns":5.0},{"damage":2.0,"enemies":"3 Cultists","floor":22.0,"turns":4.0},{"damage":0.0,"enemies":"Gremlin Leader","floor":23.0,"turns":5.0},{"damage":3.0,"enemies":"Slavers","floor":25.0,"turns":7.0},{"damage":1,"enemies":"Sentry and Sphere","floor":28,"turns":3},{"damage":28,"enemies":"Collector","floor":33,"turns":5},{"damage":0,"enemies":"3 Shapes","floor":35,"turns":3},{"damage":0,"enemies":"Orb Walker","floor":36,"turns":1},{"damage":23,"enemies":"Maw","floor":39,"turns":5},{"damage":22,"enemies":"Giant Head","floor":40,"turns":5},{"damage":0,"enemies":"Sphere and 2 Shapes","floor":44,"turns":1},{"damage":0,"enemies":"Mind Bloom Boss Battle","floor":48,"turns":3},{"damage":95,"enemies":"Awakened One","floor":50,"turns":7},{"damage":44,"enemies":"Time Eater","floor":51,"turns":5}],"seed_played":"9061234978337166005","potions_obtained":[{"floor":1.0,"key":"ColorlessPotion"},{"floor":11.0,"key":"Explosive Potion"},{"floor":13.0,"key":"CultistPotion"},{"floor":18.0,"key":"FairyPotion"},{"floor":23.0,"key":"FearPotion"},{"floor":25.0,"key":"Fire Potion"},{"floor":30,"key":"GamblersBrew"},{"floor":30,"key":"Strength Potion"},{"floor":33,"key":"Poison Potion"},{"floor":40,"key":"DistilledChaos"}],"is_trial":false,"path_per_floor":["M","M","M","$","?","M","R","?","T","R","M","$","E","M","R","B",null,"M","M","?","?","M","E","R","E","T","R","M","?","?","?","R","B",null,"M","M","?","?","M","E","R","$","T","M","R","?","$","?","R","B","B"],"character_chosen":"THE_SILENT","items_purchased":["Sucker Punch","Sling","Oddly Smooth Stone"],"campfire_rested":2,"item_purchase_floors":[12,42,42],"current_hp_per_floor":[45,42,37,37,37,37,37,37,37,37,27,27,12,11,11,11,52,40,21,21,21,21,21,21,32,32,32,43,43,43,23,45,31,66,70,74,74,74,55,47,74,74,74,78,78,78,78,80,80,39,0,0],"gold":95,"neow_bonus":"RANDOM_COLORLESS_2","is_daily":false,"chose_seed":false,"campfire_upgraded":6,"win_rate":0.0,"timestamp":1612158910,"path_taken":["M","M","?","$","?","M","R","?","T","R","M","?","E","M","R","BOSS","M","M","?","?","M","E","R","E","T","R","M","?","?","?","R","BOSS","M","M","?","?","M","E","R","$","T","M","R","?","$","?","R","BOSS","BOSS"],"items_purchased_type":["Card","Relic","Relic"],"build_version":"2020-12-22","purchased_purges":2,"victory":false,"max_hp_per_floor":[66,66,66,66,66,66,66,66,66,66,66,66,66,66,66,66,66,66,66,66,66,68,68,68,70,70,70,70,70,70,75,75,77,77,81,85,85,85,89,91,91,91,91,95,95,90,90,92,92,92,92,92],"relic_stats":{"Singing Bowl":26,"counters":[23,99],"Prayer Wheel":5,"Juzu Bracelet":2,"Bag of Preparation":[8],"Ginger":[2],"Cursed Key":1,"obtain_stats":[{"Singing Bowl":13,"Oddly Smooth Stone":42,"Juzu Bracelet":9,"Bag of Preparation":40,"Ginger":48,"Empty Cage":17,"Cursed Key":34,"Sling":42,"Anchor":43,"MutagenicStrength":20,"Prayer Wheel":26,"Bottled Lightning":25,"Ring of the Snake":0,"Meat on the Bone":23},{"Singing Bowl":6,"Oddly Smooth Stone":19,"Juzu Bracelet":4,"Bag of Preparation":19,"Ginger":21,"Empty Cage":8,"Cursed Key":15,"Sling":19,"Anchor":19,"MutagenicStrength":10,"Prayer Wheel":13,"Bottled Lightning":13,"Ring of the Snake":0,"Meat on the Bone":12},{"Singing Bowl":27,"Oddly Smooth Stone":83,"Juzu Bracelet":15,"Bag of Preparation":83,"Ginger":87,"Empty Cage":36,"Cursed Key":69,"Sling":83,"Anchor":83,"MutagenicStrength":45,"Prayer Wheel":61,"Bottled Lightning":61,"Ring of the Snake":0,"Meat on the Bone":54}],"Ring of the Snake":[46],"Meat on the Bone":60},"card_choices":[{"not_picked":["Violence","The Bomb"],"picked":"Panache","floor":0.0},{"not_picked":["Predator","Deadly Poison"],"picked":"Cloak And Dagger","floor":1.0},{"not_picked":["Choke","Eviscerate"],"picked":"Blade Dance","floor":2.0},{"not_picked":["Reflex","Sucker Punch"],"picked":"Blade Dance","floor":3.0},{"not_picked":["Backflip","Blur"],"picked":"Cloak And Dagger","floor":6.0},{"not_picked":["Dash","Quick Slash"],"picked":"Blur","floor":11.0},{"not_picked":["Riddle With Holes","Dagger Throw"],"picked":"A Thousand Cuts","floor":13.0},{"not_picked":["Deflect","Finisher"],"picked":"Blade Dance","floor":14.0},{"not_picked":["Bullet Time","Unload"],"picked":"Envenom","floor":16.0},{"not_picked":["PiercingWail+1","Quick Slash"],"picked":"Cloak And Dagger+1","floor":18.0},{"not_picked":["Quick Slash","Calculated Gamble"],"picked":"Cloak And Dagger","floor":19.0},{"not_picked":["Blur","Backstab","Finisher+1"],"picked":"Singing Bowl","floor":22.0},{"not_picked":["Deflect","Slice"],"picked":"Adrenaline","floor":23.0},{"not_picked":["Slice","Backflip","Flying Knee"],"picked":"Singing Bowl","floor":25.0},{"not_picked":["Slice","Dagger Throw"],"picked":"Accuracy+1","floor":28},{"not_picked":["Bouncing Flask","Deadly Poison"],"picked":"Blade Dance","floor":28},{"not_picked":["Doppelganger","Venomology","A Thousand Cuts"],"picked":"Singing Bowl","floor":33},{"not_picked":["Dagger Throw","Dagger Spray","Concentrate"],"picked":"Singing Bowl","floor":35},{"not_picked":["Prepared","Calculated Gamble","Heel Hook"],"picked":"Singing Bowl","floor":35},{"not_picked":["Poisoned Stab","Masterful Stab","Dagger Throw+1"],"picked":"Singing Bowl","floor":36},{"not_picked":["Quick Slash","Backstab","Setup"],"picked":"Singing Bowl","floor":36},{"not_picked":["Poisoned Stab","Sucker Punch","Noxious Fumes"],"picked":"Singing Bowl","floor":39},{"not_picked":["Unload","Bouncing Flask","Setup"],"picked":"Singing Bowl","floor":39},{"not_picked":["Leg Sweep+1","Caltrops+1","Endless Agony"],"picked":"Singing Bowl","floor":40},{"not_picked":["Acrobatics+1","Noxious Fumes","Caltrops+1"],"picked":"Singing Bowl","floor":44},{"not_picked":["Outmaneuver","Endless Agony","Terror"],"picked":"Singing Bowl","floor":44},{"not_picked":["Flying Knee","Finisher","Leg Sweep"],"picked":"Singing Bowl","floor":48}],"player_experience":1413303,"relics_obtained":[{"floor":9.0,"key":"Juzu Bracelet"},{"floor":13.0,"key":"Singing Bowl"},{"floor":23.0,"key":"Meat on the Bone"},{"floor":25.0,"key":"Bottled Lightning"},{"floor":26.0,"key":"Prayer Wheel"},{"floor":40,"key":"Bag of Preparation"},{"floor":43,"key":"Anchor"},{"floor":48,"key":"Ginger"}],"event_choices":[{"damage_healed":0.0,"max_hp_gain":0.0,"max_hp_loss":0.0,"gold_gain":0.0,"event_name":"Living Wall","player_choice":"Grow","floor":5.0,"gold_loss":0.0,"damage_taken":0.0,"cards_upgraded":["Blade Dance"]},{"cards_removed":["Strike_G"],"damage_healed":0.0,"max_hp_gain":0.0,"max_hp_loss":0.0,"gold_gain":0.0,"event_name":"The Cleric","player_choice":"Card Removal","floor":8.0,"gold_loss":75.0,"damage_taken":0.0},{"damage_healed":0.0,"max_hp_gain":0.0,"max_hp_loss":0.0,"gold_gain":0.0,"event_name":"Drug Dealer","player_choice":"Inject Mutagens","floor":20.0,"gold_loss":0.0,"damage_taken":0.0,"relics_obtained":["MutagenicStrength"]},{"damage_healed":0.0,"max_hp_gain":0.0,"max_hp_loss":0.0,"gold_gain":50.0,"event_name":"Nest","player_choice":"Stole From Cult","floor":21.0,"gold_loss":0.0,"damage_taken":0.0},{"damage_healed":0,"gold_gain":0,"player_choice":"Ignored","damage_taken":0,"max_hp_gain":0,"max_hp_loss":0,"event_name":"Cursed Tome","floor":29,"gold_loss":0},{"damage_healed":0,"gold_gain":0,"player_choice":"Bought 2 Potions","damage_taken":0,"max_hp_gain":0,"max_hp_loss":0,"event_name":"The Woman in Blue","floor":30,"gold_loss":0},{"damage_healed":0,"gold_gain":0,"player_choice":"Shed Blood","damage_taken":25,"max_hp_gain":5,"max_hp_loss":0,"event_name":"Forgotten Altar","floor":31,"gold_loss":0},{"damage_healed":0,"gold_gain":0,"player_choice":"Ignored","damage_taken":0,"max_hp_gain":0,"max_hp_loss":0,"event_name":"Tomb of Lord Red Mask","floor":37,"gold_loss":0},{"damage_healed":0,"gold_gain":0,"player_choice":"Got Potions","damage_taken":0,"max_hp_gain":0,"max_hp_loss":0,"event_name":"Lab","floor":38,"gold_loss":0},{"damage_healed":0,"gold_gain":0,"player_choice":"Max HP","damage_taken":0,"max_hp_gain":0,"max_hp_loss":5,"event_name":"Winding Halls","floor":46,"gold_loss":0},{"damage_healed":0,"gold_gain":0,"player_choice":"Fight","damage_taken":0,"max_hp_gain":0,"max_hp_loss":0,"event_name":"MindBloom","floor":48,"gold_loss":0}],"is_beta":false,"boss_relics":[{"not_picked":["Snecko Eye","Philosopher\u0027s Stone"],"picked":"Empty Cage"},{"not_picked":["Ring of the Serpent","Fusion Hammer"],"picked":"Cursed Key"}],"items_purged_floors":[4,42],"is_endless":false,"potions_floor_spawned":[1,11,13,14,18,23,25,33,39,40,44],"killed_by":"Time Eater","ascension_level":20}}