{"host":"rjfefv2ruvigm2gb","time":1612203547,"event":{"mods":["AlwaysNeverKeys","BaseMod","Better Third Choice","BetterRewards","Block Reminder","CCEM2","Colored Map","Colored Powertips","Conspire","Curses Come First","Displayed Cursed Tome","Downfall","Fox Events","Friendly Minions","Gold Saver","Googly Eyes","HexUI Lib","Highlight Path","Hubris","Minty Spire (QoL Compilation)","Monster B Gone","Permanent Neow","Poor People Problems","Quick Restart","Relic Stats","Reliquary","Replay The Spire","Shop Mod","Small Relic Pack","StS++","StSLib","SuperFastMode","The Disciple","The Gatherer","Transform Curses","Uncapped","Virulent Crown","Yohane!"],"gold_per_floor":[423,423,436,202,202,202,127,127,152,180,180,28,47,63,63,159,159,173,173,100,100,100,100,128,128,128,128,128,128,128,139,139,139,139],"floor_reached":33,"language":"ENG","playtime":1461,"items_purged":["hubris:Despair"],"score":282,"play_id":"fb9017a9-0a46-4137-872e-b5ba4ddbd2ed","local_time":"20210201121907","is_ascension_mode":false,"campfire_choices":[{"data":"Yohane:Little_Demon_Chika","floor":6.0,"key":"SMITH"},{"data":"Seeing Red","floor":8.0,"key":"SMITH"},{"floor":11.0,"key":"REST"},{"floor":15.0,"key":"REST"},{"data":"Yohane:Little_Demon_Hanamaru","floor":23,"key":"SMITH"},{"floor":27,"key":"REST"},{"data":"Yohane:Snow_Halation","floor":30,"key":"SMITH"},{"data":"Yohane:Little_Demon_Lily","floor":32,"key":"SMITH"}],"circlet_count":0,"master_deck":["Yohane:Strike_Grey","Yohane:Strike_Grey","Yohane:Strike_Grey","Yohane:Strike_Grey+1","Yohane:Defend_Grey+1","Yohane:Defend_Grey","Yohane:Defend_Grey","Yohane:Defend_Grey","Yohane:Little_Demon_Lily+1","Yohane:Well_Laid_Ambush","Yohane:Kowareyasuki+1","Seeing Red+1","Yohane:Little_Demon_Chika+1","Yohane:Prideful_Crash+1","Yohane:Grand_Entrance+1","Yohane:Backfoot","Yohane:Snow_Halation+1","Yohane:Little_Demon_Ruby+1","Yohane:Little_Demon_Hanamaru+1","SwitchConfidence"],"relics":["Yohane:AngelWings","hubris:DisguiseKit","ClockworkSouvenir","Pen Nib","Boot","champ:Barbells","Cursed Key","reliquary:Stiletto","CCEMRelics:PorcelainBowl"],"acts_visited":["Exordium","TheCity"],"potions_floor_usage":[24,24],"damage_taken":[{"damage":9.0,"enemies":"2 Louse","floor":1.0,"turns":3.0},{"damage":9.0,"enemies":"Small Slimes","floor":3.0,"turns":3.0},{"damage":30.0,"enemies":"3 Sentries","floor":10.0,"turns":10.0},{"damage":7.0,"enemies":"Jaw Worm","floor":13.0,"turns":3.0},{"damage":0.0,"enemies":"3 Louse","floor":14.0,"turns":2.0},{"damage":27.0,"enemies":"The Guardian","floor":16.0,"turns":11.0},{"damage":10,"enemies":"Spheric Guardian","floor":18,"turns":3},{"damage":14,"enemies":"Book of Stabbing","floor":24,"turns":6},{"damage":0,"enemies":"Shell Parasite","floor":31,"turns":3},{"damage":59,"enemies":"Automaton","floor":33,"turns":11}],"seed_played":"836788498809885650","potions_obtained":[{"floor":0.0,"key":"CultistPotion"},{"floor":0.0,"key":"Doom Potion"},{"floor":0.0,"key":"champ:CounterPotion"}],"is_trial":false,"path_per_floor":["M","?","M","$","?","R","$","R","T","E","R","$","M","M","R","B",null,"M","?","$","?","?","R","E","?","T","R","?","$","R","M","R","B"],"character_chosen":"FallenAngel","items_purchased":["ClockworkSouvenir","Yohane:Little_Demon_Chika","champ:Barbells","Yohane:Little_Demon_Hanamaru"],"campfire_rested":3,"item_purchase_floors":[4,4,12,20],"current_hp_per_floor":[51,51,42,42,42,42,42,42,42,12,30,30,23,23,41,14,60,50,50,50,50,50,50,36,36,36,54,54,54,54,54,54,0,0],"gold":139,"neow_bonus":"THREE_SMALL_POTIONS","is_daily":false,"chose_seed":false,"campfire_upgraded":5,"win_rate":0.0,"timestamp":1612203547,"path_taken":["M","?","M","$","?","R","$","R","T","E","R","$","M","M","R","BOSS","M","?","$","?","?","R","E","?","T","R","?","?","R","M","R","BOSS"],"items_purchased_type":["Relic","Card","Relic","Card"],"build_version":"2020-12-22","purchased_purges":1,"victory":false,"max_hp_per_floor":[60,60,60,60,60,60,60,60,60,60,60,60,60,60,60,60,60,60,60,60,60,60,60,60,60,60,60,60,60,60,60,60,60,60],"relic_stats":{"counters":[10,54],"Pen Nib":[6],"Boot":[15],"Cursed Key":1,"obtain_stats":[{"hubris:DisguiseKit":2,"champ:Barbells":12,"CCEMRelics:PorcelainBowl":26,"Pen Nib":9,"reliquary:Stiletto":24,"Yohane:AngelWings":0,"Boot":10,"Cursed Key":17,"ClockworkSouvenir":4},{"hubris:DisguiseKit":1,"champ:Barbells":3,"CCEMRelics:PorcelainBowl":8,"Pen Nib":2,"reliquary:Stiletto":8,"Yohane:AngelWings":0,"Boot":3,"Cursed Key":6,"ClockworkSouvenir":2},{"hubris:DisguiseKit":3,"champ:Barbells":16,"CCEMRelics:PorcelainBowl":40,"Pen Nib":6,"reliquary:Stiletto":40,"Yohane:AngelWings":0,"Boot":16,"Cursed Key":31,"ClockworkSouvenir":6}]},"card_choices":[{"not_picked":["Yohane:Miracle_Wave","Yohane:Lailapse"],"picked":"Yohane:Kowareyasuki","floor":1.0},{"not_picked":["Yohane:Lailapse","Yohane:Envious","Yohane:Hell_Zone"],"picked":"Seeing Red","floor":3.0},{"not_picked":["Yohane:Accelerator","Yohane:Hakodate","StSpp:MuscleMemory"],"picked":"Yohane:Prideful_Crash","floor":10.0},{"not_picked":["Yohane:Backfoot","Yohane:Little_Demon_Ruby","Thunderclap"],"picked":"Yohane:Grand_Entrance","floor":13.0},{"not_picked":["Yohane:Livestream_Donation","Yohane:Inspiration","Seeing Red"],"picked":"Yohane:Backfoot","floor":14.0},{"not_picked":["Yohane:Energetic_Performance","Yohane:Prideful_Crash","Offering"],"picked":"Yohane:Snow_Halation","floor":16.0},{"not_picked":["Yohane:Dark_Shield","Yohane:Ice_Cream_Assault+1","Flex"],"picked":"Yohane:Little_Demon_Ruby+1","floor":18},{"not_picked":["Yohane:Livestream_Donation","Yohane:Misfortune","Yohane:Blazing","Whirlwind"],"picked":"SKIP","floor":24},{"not_picked":["Yohane:Gluttony","Yohane:Inspiration+1","Yohane:Kowareyasuki","Rupture"],"picked":"SKIP","floor":31}],"player_experience":1097050,"relics_obtained":[{"floor":9.0,"key":"Pen Nib"},{"floor":10.0,"key":"Boot"},{"floor":24,"key":"reliquary:Stiletto"},{"floor":26,"key":"CCEMRelics:PorcelainBowl"}],"event_choices":[{"damage_healed":0,"gold_gain":0,"player_choice":"Ignored","damage_taken":0,"max_hp_gain":0,"max_hp_loss":0,"event_name":"Cursed Tome","floor":22,"gold_loss":0},{"damage_healed":0,"gold_gain":0,"player_choice":"Leave","damage_taken":0,"max_hp_gain":0,"max_hp_loss":0,"event_name":"conspire:Investor","floor":28,"gold_loss":0}],"is_beta":false,"boss_relics":[{"not_picked":["conspire:SlowCooker","Ectoplasm"],"picked":"Cursed Key"}],"items_purged_floors":[7],"is_endless":false,"potions_floor_spawned":[1,3,14],"killed_by":"Automaton","ascension_level":0}}