{"host":"qheym18ww6mhskxf","time":1612178105,"event":{"mods":["100% Spire Juice","BaseMod","CapriCore","Friendly Minions","GungeonMod","KOR Keyword Fix","Kiyohime£¨?ýï£©","Minty Spire (QoL Compilation)","Prisma Mod","Quick Restart","RRrroohrrRGHHhhh!!","Rare Cards Sparkle","Shop Mod","Spicy Shops","StSLib","Td1madao Mod","The Dragon Tamer","Username Fix"],"gold_per_floor":[112,28,28,28,44,44,44,78,104,123,142,174,174,203,203,303,303,316,71,84,84,84],"floor_reached":21,"language":"KOR","playtime":644,"items_purged":[],"score":467,"play_id":"3e6917d6-842d-4f27-85e5-2d2355dd7ba4","local_time":"20210201201505","daily_mods":["Time Dilation","DeadlyEvents","Elite Swarm"],"is_ascension_mode":true,"campfire_choices":[{"data":"DemoMod:RustySidearm","floor":6,"key":"SMITH"},{"floor":13,"key":"REST"},{"data":"DemoMod:ManualReload","floor":15,"key":"SMITH"}],"circlet_count":0,"master_deck":["DemoMod:Strike_Huntress","DemoMod:Strike_Huntress","DemoMod:Strike_Huntress","DemoMod:Defend_Huntress+1","DemoMod:Defend_Huntress","DemoMod:Defend_Huntress","DemoMod:Defend_Huntress","DemoMod:Roll+1","DemoMod:ManualReload+1","DemoMod:RustySidearm+1","DemoMod:CrossBow","Trip+1","DemoMod:MachoBrace","DemoMod:Gungine","PrismaMod:ChloeGaeBolg"],"relics":["DemoMod:Dog","Potion Belt","CaptainsWheel","Omamori","DemoMod:Wolf","MerchantsRug","rorgmod:Ceramic Fish"],"acts_visited":["Exordium","TheCity"],"potions_floor_usage":[12,12,16],"damage_taken":[{"damage":0,"enemies":"Cultist","floor":1,"turns":4},{"damage":13,"enemies":"Jaw Worm","floor":5,"turns":4},{"damage":20,"enemies":"Gremlin Nob","floor":8,"turns":3},{"damage":2,"enemies":"Small Slimes","floor":10,"turns":2},{"damage":6,"enemies":"Looter","floor":11,"turns":4},{"damage":10,"enemies":"3 Sentries","floor":12,"turns":8},{"damage":0,"enemies":"Gremlin Nob","floor":14,"turns":4},{"damage":16,"enemies":"Slime Boss","floor":16,"turns":10},{"damage":6,"enemies":"Shell Parasite","floor":18,"turns":4},{"damage":21,"enemies":"2 Thieves","floor":20,"turns":3},{"damage":32,"enemies":"Snake Plant","floor":21,"turns":2}],"seed_played":"-1848199720658591682","potions_obtained":[{"floor":10,"key":"Strength Potion"},{"floor":11,"key":"GamblersBrew"},{"floor":14,"key":"DuplicationPotion"},{"floor":16,"key":"SkillPotion"},{"floor":18,"key":"DuplicationPotion"},{"floor":20,"key":"SkillPotion"}],"is_trial":true,"path_per_floor":["M","$","?","$","M","R","$","E","T","M","M","E","R","E","R","B",null,"M","$","M","M"],"character_chosen":"HUNTRESS","items_purchased":["Trip","MerchantsRug","rorgmod:Ceramic Fish"],"campfire_rested":1,"item_purchase_floors":[2,19,19],"current_hp_per_floor":[63,63,63,63,50,50,50,30,30,28,22,12,33,33,33,17,57,51,51,30,0,0],"gold":84,"neow_bonus":"","is_daily":false,"chose_seed":false,"campfire_upgraded":2,"win_rate":0.0,"timestamp":1612178105,"path_taken":["M","?","?","$","?","R","$","?","T","?","M","E","R","E","R","BOSS","M","$","M","M"],"items_purchased_type":["Card","Relic","Relic"],"build_version":"2020-12-22","purchased_purges":0,"victory":false,"max_hp_per_floor":[70,70,70,70,70,70,70,70,70,70,70,70,70,70,70,70,70,70,70,70,70,70],"card_choices":[{"not_picked":["DemoMod:JK47","DemoMod:Replace","DemoMod:PotionOfGunFriendShip"],"picked":"SKIP","floor":1},{"not_picked":["DemoMod:SAA","DemoMod:HungryBullets","PrismaMod:ChloeCheapDefendTwo"],"picked":"SKIP","floor":5},{"not_picked":["PrismaMod:ChloeAnyAttackTrace","DemoMod:Elimentaler","PrismaMod:ChloeReshuffleDiscard"],"picked":"SKIP","floor":8},{"not_picked":["DemoMod:HuntsMan","DemoMod:Replace"],"picked":"DemoMod:MachoBrace","floor":10},{"not_picked":["DemoMod:MachoBrace","PrismaMod:ChloeCheapDefend","DemoMod:ZorGun"],"picked":"SKIP","floor":11},{"not_picked":["PrismaMod:ChloeGreatTracePools","PrismaMod:ChloeAnyRareTrace","DemoMod:FullFirepower"],"picked":"SKIP","floor":12},{"not_picked":["PrismaMod:ChloeCarnivalAttack","DemoMod:GunslingerForm","DemoMod:BalloonGun"],"picked":"SKIP","floor":14},{"not_picked":["PrismaMod:ChloeHalloween","DemoMod:DarkMarker"],"picked":"DemoMod:Gungine","floor":16},{"not_picked":["DemoMod:AC15+1","DemoMod:FastSwitch+1","DemoMod:Unmoved"],"picked":"SKIP","floor":18},{"not_picked":["DemoMod:Unity","DemoMod:AC15"],"picked":"PrismaMod:ChloeGaeBolg","floor":20}],"player_experience":465386,"relics_obtained":[{"floor":8,"key":"War Paint"},{"floor":9,"key":"Potion Belt"},{"floor":12,"key":"CaptainsWheel"},{"floor":14,"key":"Omamori"}],"event_choices":[{"damage_healed":0,"gold_gain":0,"player_choice":"Forge","damage_taken":0,"max_hp_gain":0,"max_hp_loss":0,"event_name":"Accursed Blacksmith","floor":3,"gold_loss":0,"cards_upgraded":["Trip"]}],"is_beta":false,"boss_relics":[{"not_picked":["DemoMod:ElasticCartridgeClip","DemoMod:Test1"],"picked":"DemoMod:Wolf"}],"items_purged_floors":[],"is_endless":true,"potions_floor_spawned":[10,11,14,16,18,20],"killed_by":"Snake Plant","ascension_level":9}}