{"host":"nnw06giuvlwk603n","time":1612152218,"event":{"mods":["Act Like it!","Aspiration","BaseMod","Better Altar","Better Match","Better Note","Better Sensory Stone","Better Skull","Better Third Choice","Better Vampires","BetterRewards","Dio Mod","Downfall","Elementarium","GifTheSpireLib","Hermit","Hubris","Infinite Spire","Ironclad Rager","Marisa????????","Minty Spire (QoL Compilation)","Rare Cards Sparkle","Replay The Spire","Spicy Shops","StSLib","Stuff the Spire","The Cursed","The Marked"],"gold_per_floor":[118,131,131,131,131,158,168,168,168],"floor_reached":8,"language":"ENG","playtime":187,"items_purged":[],"score":97,"play_id":"79bd36dc-7fc9-4ed0-97ae-b119d7b0e952","local_time":"20210131230338","is_ascension_mode":true,"campfire_choices":[],"circlet_count":0,"master_deck":["dioMod:Strike","dioMod:Strike","dioMod:Strike","dioMod:Strike","Bite","dioMod:Defend","dioMod:Defend","dioMod:Defend+1","dioMod:Defend","dioMod:DaggerToss","dioMod:CautiousMuda","StuffTheSpire:CuriosityCurse","Burn","dioMod:StreetSign","dioMod:BloodShield"],"relics":["dioMod:VampireBlood","NeowsBlessing","hubris:TinFlute","StuffTheSpire:EmeraldSignet"],"acts_visited":["Exordium"],"potions_floor_usage":[8],"damage_taken":[{"damage":0,"enemies":"infinitespire:Voidling","floor":1,"turns":1},{"damage":0,"enemies":"Jaw Worm","floor":2,"turns":1},{"damage":0,"enemies":"3 Sentries","floor":6,"turns":2},{"damage":16,"enemies":"Small Slimes","floor":7,"turns":4},{"damage":83,"enemies":"Lagavulin","floor":8,"turns":8}],"seed_played":"831681869924164244","potions_obtained":[{"floor":7,"key":"Adrenaline Potion"}],"is_trial":false,"path_per_floor":["M","M","?","?","?","E","M","E"],"character_chosen":"THE_DEFAULT","items_purchased":[],"campfire_rested":0,"item_purchase_floors":[],"current_hp_per_floor":[75,75,75,75,75,75,64,0,0],"gold":168,"neow_bonus":"THREE_ENEMY_KILL","is_daily":false,"chose_seed":false,"campfire_upgraded":0,"win_rate":0.0,"timestamp":1612152218,"path_taken":["M","?","?","?","?","E","M","E"],"items_purchased_type":[],"build_version":"2020-12-22","purchased_purges":0,"victory":false,"max_hp_per_floor":[75,75,75,75,75,75,75,75,75],"card_choices":[{"not_picked":["dioMod:StreetSign","dioMod:CautiousMuda"],"picked":"dioMod:DaggerToss","floor":1},{"not_picked":["dioMod:TripleThreat","dioMod:Roundabout"],"picked":"dioMod:CautiousMuda","floor":2},{"not_picked":["dioMod:ComposedMuda","dioMod:BloodSplash"],"picked":"dioMod:StreetSign","floor":6},{"not_picked":["dioMod:Refresh","dioMod:DisarmingVoice"],"picked":"dioMod:BloodShield","floor":7}],"player_experience":1291006,"relics_obtained":[{"floor":6,"key":"StuffTheSpire:EmeraldSignet"}],"event_choices":[{"damage_healed":75,"gold_gain":0,"player_choice":"Embrace Burn","damage_taken":0,"max_hp_gain":0,"max_hp_loss":75,"event_name":"betterThird:BetterShining","floor":5,"gold_loss":0}],"is_beta":false,"boss_relics":[],"items_purged_floors":[],"is_endless":false,"potions_floor_spawned":[7],"killed_by":"Lagavulin","ascension_level":4}}