{"host":"6pfj0wha12yu6wq3","time":1612213652,"event":{"mods":["AchievementEnabler","BaseMod","Colored Map","Colored Powertips","Curses Come First","DeckTracker","Minty Spire (QoL Compilation)","RNG Fix","Relic Sorter","Relic Stats","StSLib","UnlockEverythingMod","ojb\u0027s Better Paths Mod","ojb\u0027s Info Mod"],"gold_per_floor":[215,215,215,215,1,1,1,1],"floor_reached":7,"language":"ENG","playtime":406,"items_purged":[],"score":74,"play_id":"a3f1146c-e151-4dbe-b23f-617d164b94ac","local_time":"20210201160732","is_ascension_mode":true,"campfire_choices":[{"data":"Riddle With Holes","floor":6,"key":"SMITH"}],"circlet_count":0,"master_deck":["AscendersBane","Strike_G","Strike_G","Strike_G+1","Strike_G","Strike_G","Defend_G","Defend_G","Defend_G","Defend_G","Defend_G","Survivor","Neutralize+1","Riddle With Holes+1","Flying Knee"],"relics":["Ring of the Snake","Golden Idol","Nunchaku"],"acts_visited":["Exordium"],"potions_floor_usage":[],"damage_taken":[{"damage":1,"enemies":"2 Louse","floor":1,"turns":3},{"damage":39,"enemies":"3 Sentries","floor":7,"turns":8}],"seed_played":"-8906613696985768932","potions_obtained":[{"floor":1,"key":"FearPotion"}],"is_trial":false,"path_per_floor":["M","?","$","?","$","R","E"],"character_chosen":"THE_SILENT","items_purchased":["Nunchaku","Flying Knee"],"campfire_rested":0,"item_purchase_floors":[5,5],"current_hp_per_floor":[58,38,38,38,38,38,0,0],"gold":1,"neow_bonus":"HUNDRED_GOLD","is_daily":false,"chose_seed":false,"campfire_upgraded":1,"win_rate":0.0,"timestamp":1612213652,"path_taken":["M","?","?","?","$","R","E"],"items_purchased_type":["Relic","Card"],"build_version":"2020-12-22","purchased_purges":0,"victory":false,"max_hp_per_floor":[66,66,66,60,60,60,60,60],"relic_stats":{"Nunchaku":[1],"counters":[2,11],"Golden Idol":0,"obtain_stats":[{"Nunchaku":5,"Golden Idol":4,"Ring of the Snake":0},{"Nunchaku":1,"Golden Idol":1,"Ring of the Snake":0},{"Nunchaku":3,"Golden Idol":3,"Ring of the Snake":0}],"Ring of the Snake":[4]},"card_choices":[{"not_picked":["Heel Hook","Tactician"],"picked":"Riddle With Holes","floor":1}],"player_experience":597144,"relics_obtained":[],"event_choices":[{"damage_healed":0,"gold_gain":0,"player_choice":"Entered Light","damage_taken":20,"max_hp_gain":0,"max_hp_loss":0,"event_name":"Shining Light","floor":2,"gold_loss":0,"cards_upgraded":["Strike_G","Neutralize"]},{"damage_healed":0,"gold_gain":0,"player_choice":"Lose Max HP","damage_taken":0,"relics_obtained":["Golden Idol"],"max_hp_gain":0,"max_hp_loss":6,"event_name":"Golden Idol","floor":4,"gold_loss":0}],"is_beta":false,"boss_relics":[],"items_purged_floors":[],"is_endless":false,"potions_floor_spawned":[1],"killed_by":"3 Sentries","ascension_level":20}}