{"host":"7jl348xfsxr8glry","time":1612162757,"event":{"mods":["AchievementEnabler","BaseMod","Colored Map","Minty Spire (QoL Compilation)","Random Character Button","Unceasing Turn Reminder"],"gold_per_floor":[110,18,32,46,46,46,75,75,75,93,105,105,134,134,134,234,234,250,267,286,201,221,221,234,234,234,234,247,267,267,147,147,244,244,256,269,269,269,319,319,319,319],"floor_reached":41,"language":"ENG","playtime":7857,"items_purged":["Strike_R"],"score":513,"play_id":"a203951a-92c3-44d5-97a8-3e001da40a92","local_time":"20210201175917","is_ascension_mode":true,"campfire_choices":[{"data":"Armaments","floor":6,"key":"SMITH"},{"floor":8,"key":"REST"},{"data":"Seeing Red","floor":12,"key":"SMITH"},{"floor":15,"key":"REST"},{"floor":23,"key":"REST"},{"floor":25,"key":"RECALL"},{"data":"Demon Form","floor":27,"key":"SMITH"},{"floor":32,"key":"REST"},{"floor":40,"key":"REST"}],"circlet_count":0,"master_deck":["Strike_R","Strike_R","Strike_R","Strike_R","Defend_R","Defend_R","Defend_R","Defend_R","Bash","Feed","Pommel Strike","Shrug It Off","Armaments+1","Iron Wave","Seeing Red+1","Headbutt","Demon Form+1","Spot Weakness+1","Pommel Strike","Flex+1","Infernal Blade+1","Infernal Blade+1"],"relics":["Burning Blood","Singing Bowl","Vajra","Toxic Egg 2","Mark of Pain","Art of War","Shuriken","Black Star","TungstenRod"],"acts_visited":["Exordium","TheCity","TheBeyond"],"potions_floor_usage":[7,16,20,22,33,33,36],"damage_taken":[{"damage":6,"enemies":"Cultist","floor":1,"turns":3},{"damage":12,"enemies":"Small Slimes","floor":3,"turns":3},{"damage":0,"enemies":"2 Louse","floor":4,"turns":3},{"damage":27,"enemies":"Gremlin Nob","floor":7,"turns":4},{"damage":3,"enemies":"Blue Slaver","floor":10,"turns":4},{"damage":6,"enemies":"Looter","floor":11,"turns":3},{"damage":36,"enemies":"Lagavulin","floor":13,"turns":6},{"damage":75,"enemies":"Hexaghost","floor":16,"turns":10},{"damage":15,"enemies":"2 Thieves","floor":18,"turns":3},{"damage":23,"enemies":"Shell Parasite","floor":19,"turns":5},{"damage":16,"enemies":"Chosen and Byrds","floor":20,"turns":5},{"damage":4,"enemies":"Snake Plant","floor":22,"turns":4},{"damage":22,"enemies":"3 Cultists","floor":24,"turns":5},{"damage":58,"enemies":"Chosen and Byrds","floor":28,"turns":6},{"damage":32,"enemies":"Centurion and Healer","floor":29,"turns":5},{"damage":80,"enemies":"Automaton","floor":33,"turns":10},{"damage":23,"enemies":"3 Shapes","floor":35,"turns":5},{"damage":70,"enemies":"3 Darklings","floor":36,"turns":7},{"damage":25,"enemies":"Mind Bloom Boss Battle","floor":39,"turns":7},{"damage":69,"enemies":"Spire Growth","floor":41,"turns":6}],"seed_played":"-1128370487782569899","potions_obtained":[{"floor":4,"key":"Fire Potion"},{"floor":10,"key":"Fire Potion"},{"floor":16,"key":"EssenceOfSteel"},{"floor":20,"key":"SkillPotion"},{"floor":24,"key":"Dexterity Potion"},{"floor":28,"key":"GamblersBrew"},{"floor":29,"key":"LiquidMemories"},{"floor":39,"key":"Ancient Potion"}],"is_trial":false,"path_per_floor":["M","$","M","M","$","R","E","R","T","M","M","R","E","T","R","B",null,"M","M","M","?","M","R","M","R","T","R","M","M","?","$","R","B",null,"M","M","?","?","?","R","M"],"character_chosen":"IRONCLAD","items_purchased":["Pommel Strike","Shrug It Off","Flex+1"],"campfire_rested":5,"item_purchase_floors":[2,2,31],"current_hp_per_floor":[80,80,77,86,86,86,70,91,91,91,94,94,66,66,94,27,98,94,77,69,69,73,105,92,92,92,92,46,24,64,64,100,28,122,110,46,46,48,29,67,0,0],"gold":319,"neow_bonus":"ONE_RANDOM_RARE_CARD","is_daily":false,"chose_seed":false,"campfire_upgraded":3,"win_rate":0.0,"timestamp":1612162757,"path_taken":["M","?","M","M","?","R","E","R","T","M","?","R","E","?","R","BOSS","M","M","M","?","M","R","M","R","T","R","M","M","?","$","R","BOSS","M","M","?","?","?","R","M"],"items_purchased_type":["Card","Card","Card"],"build_version":"2020-12-22","purchased_purges":1,"victory":false,"max_hp_per_floor":[80,80,83,86,86,86,91,91,91,91,94,94,96,96,96,98,98,103,103,105,105,107,107,110,110,110,110,116,120,120,120,120,122,122,127,127,127,129,129,129,129,129],"card_choices":[{"not_picked":["Body Slam","Bloodletting","Anger"],"picked":"SKIP","floor":1},{"not_picked":["Pummel","Rupture"],"picked":"Armaments","floor":3},{"not_picked":["Evolve","Warcry"],"picked":"Iron Wave","floor":4},{"not_picked":["Carnage","Clash","Juggernaut"],"picked":"Singing Bowl","floor":7},{"not_picked":["Carnage","Armaments"],"picked":"Seeing Red","floor":10},{"not_picked":["Sword Boomerang","Havoc"],"picked":"Headbutt","floor":11},{"not_picked":["Searing Blow","Clash","Sword Boomerang"],"picked":"Singing Bowl","floor":13},{"not_picked":["Double Tap+1","Brutality","Bludgeon"],"picked":"Singing Bowl","floor":16},{"not_picked":["Clothesline+1","Havoc+1","Warcry+1"],"picked":"Singing Bowl","floor":18},{"not_picked":["Wild Strike+1","Rage+1"],"picked":"Demon Form","floor":19},{"not_picked":["Intimidate+1","Flame Barrier+1","Sword Boomerang"],"picked":"Singing Bowl","floor":20},{"not_picked":["Second Wind+1","Perfected Strike+1","Searing Blow"],"picked":"Singing Bowl","floor":22},{"not_picked":["Pommel Strike","Dark Embrace"],"picked":"Spot Weakness+1","floor":24},{"not_picked":["Perfected Strike","Body Slam","Clash+1"],"picked":"Singing Bowl","floor":28},{"not_picked":["Body Slam","Headbutt"],"picked":"Pommel Strike","floor":29},{"not_picked":["Feed","Reaper","Brutality"],"picked":"Singing Bowl","floor":33},{"not_picked":["Pommel Strike","Headbutt","Wild Strike"],"picked":"Singing Bowl","floor":35},{"not_picked":["Second Wind+1","Body Slam"],"picked":"Infernal Blade+1","floor":36},{"not_picked":["Purity+1","Dark Shackles+1","Deep Breath+1"],"picked":"Singing Bowl","floor":38},{"not_picked":["Anger+1","Clash+1"],"picked":"Infernal Blade+1","floor":39}],"player_experience":187874,"relics_obtained":[{"floor":7,"key":"Singing Bowl"},{"floor":13,"key":"Vajra"},{"floor":14,"key":"Toxic Egg 2"},{"floor":26,"key":"Shuriken"},{"floor":39,"key":"TungstenRod"}],"event_choices":[{"damage_healed":0,"gold_gain":0,"player_choice":"Obtained Relic","damage_taken":0,"relics_obtained":["Art of War"],"max_hp_gain":0,"max_hp_loss":0,"event_name":"Addict","floor":21,"gold_loss":85},{"damage_healed":40,"gold_gain":0,"player_choice":"Heal","damage_taken":0,"max_hp_gain":0,"max_hp_loss":0,"event_name":"The Library","floor":30,"gold_loss":0},{"damage_healed":0,"gold_gain":0,"player_choice":"Ignored","damage_taken":0,"max_hp_gain":0,"max_hp_loss":0,"event_name":"Mysterious Sphere","floor":37,"gold_loss":0},{"damage_healed":0,"gold_gain":0,"player_choice":"Memory 1","damage_taken":0,"max_hp_gain":0,"max_hp_loss":0,"event_name":"SensoryStone","floor":38,"gold_loss":0},{"damage_healed":0,"gold_gain":0,"player_choice":"Fight","damage_taken":0,"max_hp_gain":0,"max_hp_loss":0,"event_name":"MindBloom","floor":39,"gold_loss":0}],"is_beta":false,"boss_relics":[{"not_picked":["Fusion Hammer","Pandora\u0027s Box"],"picked":"Mark of Pain"},{"not_picked":["SlaversCollar","Empty Cage"],"picked":"Black Star"}],"items_purged_floors":[31],"is_endless":false,"potions_floor_spawned":[4,10,16,20,24,28,29,39],"killed_by":"Spire Growth","ascension_level":3}}