{"host":"h1qktzcccqnez8tx","time":1612148987,"event":{"mods":["AchievementEnabler","BaseMod","Bestiary","Better Note","Block Reminder","Colored Map","Colored Powertips","Curses Come First","Downfall","Highlight Path","Infinite Spire","Minty Spire (QoL Compilation)","Permanent Neow","Quick Restart","Relic Stats","Replay The Spire","Say the Spire","StSLib","The Cursed","UnlockEverythingMod"],"gold_per_floor":[119,119,139,153,27,43,43,75,127,127,141,160,177,209,209,313,313,325,325,338,353,333,358,358,392,461,461,489,507,522,536,536,536,536,536],"floor_reached":33,"language":"ENG","playtime":2267,"items_purged":["bronze:Strike"],"score":346,"play_id":"d579ee5b-3fa2-45c6-a4a5-f8cfc1ca5523","local_time":"20210201040947","is_ascension_mode":false,"campfire_choices":[{"data":"bronze:Separator","floor":7,"key":"SMITH"},{"data":"bronze:InfiniteBeams","floor":10,"key":"SMITH"},{"floor":15,"key":"REST"},{"data":"bronze:BugBarrage","floor":24,"key":"SMITH"},{"data":"bronze:Mutator","floor":27,"key":"SMITH"},{"floor":32,"key":"REST"}],"circlet_count":0,"master_deck":["bronze:Strike","bronze:Strike","bronze:Defend","bronze:Defend","bronze:Defend","bronze:Defend","bronze:Replicate","bronze:Constructor","bronze:MaxOutput","bronze:Iterate","bronze:Separator+1","bronze:InfiniteBeams+1","bronze:Repair","bronze:Separator","bronze:Backtrace","bronze:FindAndReplace","bronze:BugBarrage+1","bronze:BitShift","bronze:DelayedSlice+1","bronze:BugBarrage+1","bronze:Mutator+1","bronze:Turbo","bronze:Terminator","bronze:BugBarrage"],"relics":["bronze:BronzeCore","InkBottle","Oddly Smooth Stone","Bag of Preparation","sneckomod:SneckoTalon","Counterbalance","ReplayFunnel","Darkstone Periapt","Replay:WaspNest"],"acts_visited":["Exordium","TheCity"],"potions_floor_usage":[28,28],"damage_taken":[{"damage":1,"enemies":"2 Louse","floor":1,"turns":4},{"damage":2,"enemies":"Small Slimes","floor":3,"turns":4},{"damage":1,"enemies":"Jaw Worm","floor":4,"turns":4},{"damage":7,"enemies":"Large Slime","floor":6,"turns":5},{"damage":12,"enemies":"Replay:BlueRogue","floor":8,"turns":4},{"damage":6,"enemies":"Blue Slaver","floor":11,"turns":2},{"damage":0,"enemies":"3 Louse","floor":12,"turns":3},{"damage":6,"enemies":"Looter","floor":13,"turns":4},{"damage":9,"enemies":"Gremlin Nob","floor":14,"turns":4},{"damage":43,"enemies":"Fading Forest","floor":16,"turns":11},{"damage":0,"enemies":"3 Byrds","floor":18,"turns":5},{"damage":2,"enemies":"Shell Parasite","floor":20,"turns":3},{"damage":15,"enemies":"Snake Plant","floor":21,"turns":3},{"damage":0,"enemies":"Gremlin Leader","floor":23,"turns":4},{"damage":17,"enemies":"Nightmare","floor":25,"turns":6},{"damage":19,"enemies":"Gremlin Leader","floor":28,"turns":3},{"damage":4,"enemies":"Centurion and Healer","floor":29,"turns":5},{"damage":4,"enemies":"Snecko","floor":30,"turns":4},{"damage":23,"enemies":"Snake Plant","floor":31,"turns":2},{"damage":42,"enemies":"Automaton","floor":33,"turns":4}],"seed_played":"5483453880776307331","potions_obtained":[{"floor":6,"key":"CultistPotion"},{"floor":8,"key":"Strength Potion"},{"floor":11,"key":"SneckoOil"},{"floor":16,"key":"DistilledChaos"},{"floor":18,"key":"AttackPotion"},{"floor":21,"key":"LifebloodPotion"},{"floor":31,"key":"SpeedPotion"}],"is_trial":false,"path_per_floor":["M","?","M","M","$","M","R","E","T","R","M","M","M","E","R","B",null,"M","?","M","M","?","E","R","NM","T","R","E","M","M","M","R_BF","B"],"character_chosen":"THE_AUTOMATON","items_purchased":["bronze:Iterate"],"campfire_rested":2,"item_purchase_floors":[5],"current_hp_per_floor":[69,62,60,59,59,52,52,40,40,40,34,34,35,33,54,28,70,70,70,68,55,55,55,55,45,45,45,26,29,32,9,30,0,0,0],"gold":536,"neow_bonus":"REMOVE_CARD","is_daily":false,"chose_seed":false,"campfire_upgraded":4,"win_rate":0.0,"timestamp":1612148987,"path_taken":["M","?","M","M","$","M","R","E","T","R","M","M","M","E","R","BOSS","M","?","M","M","?","E","R","NM","T","R","E","M","M","M","R_BF","BOSS"],"items_purchased_type":["Card"],"build_version":"2020-12-22","purchased_purges":1,"victory":false,"max_hp_per_floor":[70,70,70,70,70,70,70,70,70,70,70,70,70,70,70,70,70,70,70,70,70,70,70,70,70,70,70,70,70,70,70,70,70,70,70],"relic_stats":{"Darkstone Periapt":0,"counters":[20,84],"Bag of Preparation":[22],"obtain_stats":[{"ReplayFunnel":25,"Darkstone Periapt":26,"bronze:BronzeCore":0,"Counterbalance":23,"Oddly Smooth Stone":9,"Replay:WaspNest":28,"Bag of Preparation":14,"sneckomod:SneckoTalon":17,"InkBottle":8},{"ReplayFunnel":15,"Darkstone Periapt":15,"bronze:BronzeCore":0,"Counterbalance":14,"Oddly Smooth Stone":5,"Replay:WaspNest":16,"Bag of Preparation":9,"sneckomod:SneckoTalon":10,"InkBottle":5},{"ReplayFunnel":66,"Darkstone Periapt":66,"bronze:BronzeCore":0,"Counterbalance":60,"Oddly Smooth Stone":21,"Replay:WaspNest":69,"Bag of Preparation":34,"sneckomod:SneckoTalon":45,"InkBottle":21}],"InkBottle":[30]},"card_choices":[{"not_picked":["bronze:Refactor","bronze:CloningBeam"],"picked":"bronze:OilSpill","floor":1},{"not_picked":["bronze:NullPointer","bronze:Flail"],"picked":"bronze:Constructor","floor":3},{"not_picked":["bronze:Flail","bronze:Return"],"picked":"bronze:MaxOutput","floor":4},{"not_picked":["bronze:GetLatest","bronze:BronzeArmor"],"picked":"bronze:Separator","floor":6},{"not_picked":["bronze:NullPointer","bronze:DarkDash"],"picked":"bronze:InfiniteBeams","floor":8},{"not_picked":["bronze:OilSpill","bronze:Philosophize","bronze:Safeguard"],"picked":"SKIP","floor":11},{"not_picked":["bronze:FineTuning","bronze:MaxOutput"],"picked":"bronze:Repair","floor":12},{"not_picked":["bronze:Shield","bronze:CutThrough"],"picked":"bronze:Separator","floor":13},{"not_picked":["bronze:BitShift","bronze:Assembly"],"picked":"bronze:Backtrace","floor":14},{"not_picked":["bronze:CleanCode","bronze:Library"],"picked":"bronze:FindAndReplace","floor":16},{"not_picked":["bronze:Frontload","bronze:Invalidate"],"picked":"bronze:BugBarrage+1","floor":18},{"not_picked":["bronze:Boost","bronze:Frontload"],"picked":"bronze:DelayedSlice+1","floor":20},{"not_picked":["bronze:DelayedGuard","bronze:Constructor"],"picked":"bronze:BugBarrage","floor":21},{"not_picked":["bronze:Fortify","bronze:BitShift","bronze:RecursiveStrike"],"picked":"SKIP","floor":23},{"not_picked":["bronze:Overheat","bronze:Shell"],"picked":"bronze:Mutator","floor":25},{"not_picked":["bronze:Repulsor","bronze:WildBeam"],"picked":"bronze:Turbo","floor":28},{"not_picked":["bronze:Refactor","bronze:Backtrace"],"picked":"bronze:Terminator","floor":29},{"not_picked":["bronze:WildBeam","bronze:Shell+1"],"picked":"bronze:BugBarrage","floor":30},{"not_picked":["bronze:Flail+1","bronze:Repulsor+1","bronze:Deprecate"],"picked":"SKIP","floor":31}],"player_experience":352984,"relics_obtained":[{"floor":8,"key":"InkBottle"},{"floor":9,"key":"Oddly Smooth Stone"},{"floor":14,"key":"Bag of Preparation"},{"floor":23,"key":"Counterbalance"},{"floor":25,"key":"ReplayFunnel"},{"floor":26,"key":"Darkstone Periapt"},{"floor":28,"key":"Replay:WaspNest"}],"event_choices":[{"cards_removed":["bronze:Strike"],"damage_healed":0,"gold_gain":0,"player_choice":"Card Removal","damage_taken":7,"max_hp_gain":0,"max_hp_loss":0,"event_name":"Golden Wing","floor":2,"gold_loss":0},{"damage_healed":0,"gold_gain":0,"cards_transformed":["bronze:OilSpill"],"player_choice":"Transformed","damage_taken":0,"max_hp_gain":0,"max_hp_loss":0,"event_name":"Transmorgrifier","floor":19,"gold_loss":0,"cards_obtained":["bronze:BitShift"]},{"damage_healed":0,"gold_gain":0,"player_choice":"Bought 1 Potion","damage_taken":0,"max_hp_gain":0,"max_hp_loss":0,"event_name":"The Woman in Blue","floor":22,"gold_loss":0}],"is_beta":false,"boss_relics":[{"not_picked":["infinitespire:Cupcake","Astrolabe"],"picked":"sneckomod:SneckoTalon"}],"items_purged_floors":[5],"is_endless":true,"potions_floor_spawned":[6,8,11,16,18,21,25,31],"killed_by":"Automaton","ascension_level":0}}