{"host":"4gr5irrdjh39ysed","time":1612197482,"event":{"mods":["AchievementEnabler","BaseMod","Colored Map","Downfall","Hermit","Minty Spire (QoL Compilation)","Random Character Button","StSLib","The Construct","The Cursed","The Disciple","The Hierophant","The Mystic","The Necromancer","The Runesmith"],"gold_per_floor":[110,125,10,27,102,116,116,116,186,220,232,267,323,351,363,471,546,574,295,315,315,329,329,349,349,373,373,415,415,63,90,90,198,207,227,250,259,74,101,146,146,171,194,194,232,263,277,317,317,317,317,317,22,74,74],"floor_reached":56,"language":"ENG","playtime":2782,"items_purged":["Defend_G","Defend_G","Defend_G","Terror"],"score":2024,"play_id":"3856678f-d9fa-4e99-9182-033b6b2316a6","local_time":"20210201093802","is_ascension_mode":true,"campfire_choices":[{"floor":7,"key":"RECALL"},{"data":"Bouncing Flask","floor":15,"key":"SMITH"},{"data":"J.A.X.","floor":23,"key":"SMITH"},{"data":"Blade Dance","floor":25,"key":"SMITH"},{"data":"Blade Dance","floor":27,"key":"SMITH"},{"data":"Caltrops","floor":29,"key":"SMITH"},{"data":"Apotheosis","floor":32,"key":"SMITH"},{"data":"Pandemic","floor":44,"key":"SMITH"},{"data":"Summon_Lich","floor":49,"key":"SMITH"},{"data":"Noxious Fumes","floor":52,"key":"SMITH"}],"circlet_count":0,"master_deck":["AscendersBane","Defend_G","Neutralize+1","Blade Dance+1","Riddle With Holes","Bouncing Flask+1","Accuracy+1","Finisher","Quick Slash+1","Blade Dance+1","Terror","Unload","Endless Agony","Dagger Throw+1","Infinite Blades","Caltrops+1","J.A.X.+1","All Out Attack","Outmaneuver+1","Noxious Fumes+1","Bane","Caltrops","Apotheosis+1","Slimebound:Tackle+1","Slimebound:Tackle+1","Slimebound:Tackle+1","Burst","CurseOfTheBell","Setup+1","Reflex","Noxious Fumes","Pandemic+1","Allegro+1","Summon_Lich+1","Guardian:Gem_Synthetic","bronze:BugBarrage"],"relics":["Ring of the Snake","Golden Idol","MawBank","Lizard Tail","Tiny House","HandDrill","Bag of Preparation","CeramicFish","Calling Bell","Runesmith:AutoHammer","Kunai","CaptainsWheel","PrismaticShard","Sundial","MealTicket","Bottled Tornado","Pen Nib","Bag of Marbles","Whetstone"],"acts_visited":["Exordium","TheCity","TheBeyond","TheEnding"],"potions_floor_usage":[16,18,20,20,33,47,50,55],"damage_taken":[{"damage":11,"enemies":"Jaw Worm","floor":1,"turns":4},{"damage":0,"enemies":"Small Slimes","floor":2,"turns":2},{"damage":0,"enemies":"Cultist","floor":4,"turns":3},{"damage":22,"enemies":"Exordium Wildlife","floor":6,"turns":4},{"damage":29,"enemies":"Gremlin Nob","floor":10,"turns":4},{"damage":9,"enemies":"Blue Slaver","floor":12,"turns":2},{"damage":50,"enemies":"3 Sentries","floor":13,"turns":8},{"damage":21,"enemies":"3 Louse","floor":14,"turns":3},{"damage":85,"enemies":"The Guardian","floor":16,"turns":6},{"damage":57,"enemies":"2 Thieves","floor":18,"turns":4},{"damage":12,"enemies":"3 Byrds","floor":20,"turns":4},{"damage":13,"enemies":"Snecko","floor":22,"turns":3},{"damage":51,"enemies":"Snake Plant","floor":24,"turns":3},{"damage":73,"enemies":"Gremlin Leader","floor":28,"turns":6},{"damage":114,"enemies":"Champ","floor":33,"turns":6},{"damage":65,"enemies":"3 Darklings","floor":35,"turns":4},{"damage":24,"enemies":"3 Shapes","floor":36,"turns":2},{"damage":57,"enemies":"Maw","floor":39,"turns":6},{"damage":80,"enemies":"Giant Head","floor":40,"turns":7},{"damage":30,"enemies":"3 Darklings","floor":42,"turns":2},{"damage":46,"enemies":"Transient","floor":45,"turns":5},{"damage":84,"enemies":"Nemesis","floor":46,"turns":7},{"damage":104,"enemies":"Jaw Worm Horde","floor":47,"turns":5},{"damage":112,"enemies":"Reptomancer","floor":48,"turns":4},{"damage":178,"enemies":"Donu and Deca","floor":50,"turns":8},{"damage":198,"enemies":"Shield and Spear","floor":54,"turns":7},{"damage":286,"enemies":"The Heart","floor":55,"turns":9}],"seed_played":"1340040661716767846","potions_obtained":[{"floor":4,"key":"EntropicBrew"},{"floor":10,"key":"Fire Potion"},{"floor":16,"key":"AttackPotion"},{"floor":24,"key":"construct:ShiftPotion"},{"floor":28,"key":"CunningPotion"},{"floor":36,"key":"Block Potion"},{"floor":47,"key":"BlessingOfTheForge"},{"floor":54,"key":"DuplicationPotion"}],"is_trial":false,"path_per_floor":["M","M","$","M","?","M","R","?","T","E","?","M","E","M","R","B",null,"M","$","M","?","M","R","M","R","T","R","E","R","$","?","R","B",null,"M","M","?","$","M","E","$","M","T","R","M","E","M","E","R","B",null,"R","$","E","B",null],"character_chosen":"THE_SILENT","items_purchased":["Bouncing Flask","Infinite Blades","HandDrill","Bane","Caltrops","Apotheosis","PrismaticShard","Noxious Fumes","Bag of Marbles"],"campfire_rested":0,"item_purchase_floors":[3,19,19,30,30,30,38,38,53],"current_hp_per_floor":[2048,2048,2048,2048,2037,2015,2015,1860,1860,1831,1824,1815,1765,1744,1744,1659,1815,1758,1758,1746,1746,1733,1733,1682,1682,1682,1682,1609,1609,1609,1609,1609,1495,1773,1708,1684,1684,1684,1627,1547,1547,1517,1517,1517,1471,1387,1283,1171,1171,993,1647,1647,1662,1464,1178],"gold":74,"neow_bonus":"UPGRADE_CARD","is_daily":false,"chose_seed":false,"campfire_upgraded":9,"win_rate":0.0,"timestamp":1612197482,"path_taken":["M","M","$","M","?","M","R","?","T","E","?","M","E","M","R","BOSS","M","$","M","?","M","R","M","R","T","R","E","R","$","?","R","BOSS","M","M","?","$","M","E","$","M","T","R","M","E","M","E","R","BOSS","R","$","E","BOSS"],"items_purchased_type":["Card","Card","Relic","Card","Card","Card","Relic","Card","Relic"],"build_version":"2020-12-22","purchased_purges":4,"victory":true,"max_hp_per_floor":[2066,2066,2066,2066,2066,2066,2066,1860,1860,1860,1860,1860,1860,1860,1860,1860,1865,1865,1865,1865,1865,1865,1865,1865,1865,1865,1865,1865,1865,1865,1865,1865,1865,1865,1865,1865,1865,1865,1865,1865,1865,1865,1865,1865,1865,1865,1865,1865,1865,1865,1865,1865,1865,1865,1865],"card_choices":[{"not_picked":["Underhanded Strike","Flying Knee"],"picked":"Blade Dance","floor":1},{"not_picked":["Sucker Punch","Acrobatics"],"picked":"Riddle With Holes","floor":2},{"not_picked":["Footwork","Blade Dance"],"picked":"Accuracy","floor":4},{"not_picked":["Backflip","Distraction"],"picked":"Finisher","floor":6},{"not_picked":["Expertise","Outmaneuver"],"picked":"Quick Slash","floor":10},{"not_picked":["Dodge and Roll","Deadly Poison"],"picked":"Blade Dance","floor":12},{"not_picked":["Distraction","Choke"],"picked":"Terror","floor":13},{"not_picked":["Dagger Spray","Sucker Punch"],"picked":"Terror","floor":14},{"not_picked":["Tools of the Trade","Malaise"],"picked":"Unload","floor":16},{"not_picked":["Cloak And Dagger","Dagger Spray"],"picked":"Endless Agony","floor":17},{"not_picked":["PiercingWail","Outmaneuver"],"picked":"Dagger Throw","floor":18},{"not_picked":["Prepared","Masterful Stab"],"picked":"Caltrops","floor":20},{"not_picked":["Cloak And Dagger","Dodge and Roll"],"picked":"All Out Attack","floor":22},{"not_picked":["All Out Attack","Underhanded Strike"],"picked":"Outmaneuver+1","floor":24},{"not_picked":["Deadly Poison","Dagger Throw"],"picked":"Noxious Fumes","floor":28},{"not_picked":["Grand Finale","After Image"],"picked":"Burst","floor":33},{"not_picked":["Dodge and Roll","PiercingWail","Quick Slash"],"picked":"SKIP","floor":35},{"not_picked":["Expertise","Blade Dance+1"],"picked":"Setup+1","floor":36},{"not_picked":["mysticmod:SuddenClarity+1","SandsOfTime+1"],"picked":"Pandemic","floor":39},{"not_picked":["Runesmith:MakeshiftArmor","Predator"],"picked":"Tempo+1","floor":40},{"not_picked":["Guardian:VentSteam+1","TheCursedMod:WearCloak","construct:Anticipate"],"picked":"SKIP","floor":42},{"not_picked":["sneckomod:UnknownClassHEXA_GHOST_PURPLE","EmptyBody"],"picked":"Summon_Lich","floor":45},{"not_picked":["bronze:Flail","bronze:Overheat","LockedThread"],"picked":"SKIP","floor":46},{"not_picked":["Capacitor","Dark Embrace+1","champ:Lariat"],"picked":"SKIP","floor":47},{"not_picked":["hierophant:FaithHealing","champ:IronFortress+1"],"picked":"Guardian:Gem_Synthetic","floor":48},{"not_picked":["Body Slam+1","PiercingWail"],"picked":"bronze:BugBarrage","floor":54}],"player_experience":279729,"relics_obtained":[{"floor":10,"key":"MawBank"},{"floor":13,"key":"Lizard Tail"},{"floor":26,"key":"Bag of Preparation"},{"floor":28,"key":"CeramicFish"},{"floor":34,"key":"Runesmith:AutoHammer"},{"floor":34,"key":"Kunai"},{"floor":34,"key":"CaptainsWheel"},{"floor":40,"key":"Sundial"},{"floor":43,"key":"MealTicket"},{"floor":46,"key":"Bottled Tornado"},{"floor":48,"key":"Pen Nib"},{"floor":54,"key":"Whetstone"}],"event_choices":[{"damage_healed":0,"gold_gain":75,"player_choice":"Gather Gold","damage_taken":11,"max_hp_gain":0,"max_hp_loss":0,"event_name":"World of Goop","floor":5,"gold_loss":0},{"damage_healed":0,"gold_gain":0,"player_choice":"Lose Max HP","damage_taken":0,"relics_obtained":["Golden Idol"],"max_hp_gain":0,"max_hp_loss":206,"event_name":"Golden Idol","floor":8,"gold_loss":0},{"cards_removed":["Defend_G"],"damage_healed":0,"gold_gain":0,"player_choice":"Card Removal","damage_taken":7,"max_hp_gain":0,"max_hp_loss":0,"event_name":"Golden Wing","floor":11,"gold_loss":0},{"damage_healed":0,"gold_gain":0,"player_choice":"Obtain J.A.X.","damage_taken":0,"max_hp_gain":0,"max_hp_loss":0,"event_name":"Drug Dealer","floor":21,"gold_loss":0,"cards_obtained":["J.A.X."]},{"damage_healed":0,"gold_gain":0,"cards_transformed":["Survivor"],"player_choice":"Transformed","damage_taken":0,"max_hp_gain":0,"max_hp_loss":0,"event_name":"Transmorgrifier","floor":37,"gold_loss":0,"cards_obtained":["Reflex"]}],"is_beta":false,"boss_relics":[{"not_picked":["bronze:MakeshiftBattery","Fusion Hammer"],"picked":"Tiny House"},{"not_picked":["Velvet Choker","Pandora\u0027s Box"],"picked":"Calling Bell"}],"items_purged_floors":[3,19,30,53],"is_endless":false,"potions_floor_spawned":[4,10,13,16,24,28,36,42,45,47,54],"ascension_level":15}}