{"host":"f0gpob8hq9vgebej","time":1612179489,"event":{"mods":["AchievementEnabler","BaseMod","Minty Spire (QoL Compilation)","Quick Restart","SuperFastMode"],"gold_per_floor":[15,26,26,36,48,48,81,81,81,97,111,126,137,137,137,208,208,221,232,38,56,56,56,66,79,129,129,129,140,168,185,185,262,262,275,275,11,36,46,46,46,46,121,134,134,151,36,52,52,52],"floor_reached":51,"language":"KOR","playtime":1795,"items_purged":["Predator","Deadly Poison+1","Dagger Throw"],"score":1188,"play_id":"2ddf690b-976f-409c-b8b7-1c589c0a34fb","local_time":"20210201203809","is_ascension_mode":true,"campfire_choices":[{"data":"Deadly Poison","floor":6.0,"key":"SMITH"},{"floor":8.0,"key":"REST"},{"floor":15.0,"key":"REST"},{"data":"Tactician","floor":23.0,"key":"SMITH"},{"data":"Phantasmal Killer","floor":28.0,"key":"SMITH"},{"data":"Accuracy","floor":32,"key":"SMITH"},{"data":"Prepared","floor":40,"key":"SMITH"},{"data":"Reflex","floor":42,"key":"SMITH"},{"data":"Blade Dance","floor":49,"key":"SMITH"}],"circlet_count":0,"master_deck":["AscendersBane","Survivor","Neutralize","Tactician+1","PiercingWail","Tactician","Prepared+1","Acrobatics","Phantasmal Killer+1","Finisher","Reflex+1","Crippling Poison","Well Laid Plans","Accuracy+1","Blade Dance+1","Blade Dance+1","Storm of Steel","Acrobatics","Flash of Steel","Backflip+1","Prepared+1"],"relics":["Ring of the Snake","Mummified Hand","Gremlin Horn","Pandora\u0027s Box","Membership Card","Lizard Tail","Blood Vial","Pantograph","Empty Cage","Shovel","Du-Vu Doll","Toxic Egg 2"],"acts_visited":["Exordium","TheCity","TheBeyond"],"potions_floor_usage":[33,46,50],"damage_taken":[{"damage":1.0,"enemies":"2 Louse","floor":1.0,"turns":3.0},{"damage":2.0,"enemies":"Cultist","floor":2.0,"turns":5.0},{"damage":5.0,"enemies":"Jaw Worm","floor":4.0,"turns":7.0},{"damage":0.0,"enemies":"Red Slaver","floor":5.0,"turns":5.0},{"damage":42.0,"enemies":"Gremlin Nob","floor":7.0,"turns":5.0},{"damage":6.0,"enemies":"3 Louse","floor":10.0,"turns":4.0},{"damage":0.0,"enemies":"Looter","floor":11.0,"turns":5.0},{"damage":3.0,"enemies":"Blue Slaver","floor":12.0,"turns":4.0},{"damage":13.0,"enemies":"Large Slime","floor":13.0,"turns":9.0},{"damage":27.0,"enemies":"The Guardian","floor":16.0,"turns":13.0},{"damage":0.0,"enemies":"Chosen","floor":18.0,"turns":3.0},{"damage":20.0,"enemies":"3 Byrds","floor":19.0,"turns":4.0},{"damage":36.0,"enemies":"Snecko","floor":21.0,"turns":4.0},{"damage":18.0,"enemies":"Snake Plant","floor":24.0,"turns":3.0},{"damage":0.0,"enemies":"3 Cultists","floor":25.0,"turns":4.0},{"damage":2.0,"enemies":"Centurion and Healer","floor":29.0,"turns":2.0},{"damage":35.0,"enemies":"Book of Stabbing","floor":30.0,"turns":5.0},{"damage":0,"enemies":"Sentry and Sphere","floor":31,"turns":2},{"damage":28,"enemies":"Champ","floor":33,"turns":5},{"damage":9,"enemies":"3 Darklings","floor":35,"turns":2},{"damage":10,"enemies":"Mind Bloom Boss Battle","floor":38,"turns":5},{"damage":0,"enemies":"Orb Walker","floor":39,"turns":1},{"damage":0,"enemies":"Transient","floor":44,"turns":4},{"damage":4,"enemies":"Maw","floor":46,"turns":3},{"damage":0,"enemies":"Sphere and 2 Shapes","floor":48,"turns":2},{"damage":42,"enemies":"Awakened One","floor":50,"turns":4}],"seed_played":"-3899997674608978969","potions_obtained":[{"floor":2.0,"key":"SkillPotion"},{"floor":4.0,"key":"LiquidMemories"},{"floor":10.0,"key":"Regen Potion"},{"floor":14.0,"key":"Strength Potion"},{"floor":18.0,"key":"FairyPotion"},{"floor":19.0,"key":"GamblersBrew"},{"floor":25.0,"key":"Explosive Potion"},{"floor":31,"key":"Dexterity Potion"},{"floor":38,"key":"Block Potion"}],"is_trial":false,"path_per_floor":["M","M","?","M","M","R","E","R","T","M","M","M","M","?","R","B",null,"M","M","$","M","T","R","M","M","T","?","R","M","E","M","R","B",null,"M","?","$","?","M","R","?","R","T","M","?","M","$","M","R","B",null],"character_chosen":"THE_SILENT","items_purchased":["Membership Card","Shovel","LiquidBronze","Fire Potion","BlessingOfTheForge","Prepared+1"],"campfire_rested":2,"item_purchase_floors":[20,37,37,37,47,47],"current_hp_per_floor":[58,56,56,51,51,51,9,28,28,22,22,19,6,6,25,13,53,53,33,33,19,19,19,1,1,1,14,14,14,18,20,20,19,54,47,47,47,56,58,58,58,58,58,60,60,58,58,60,60,21],"gold":52,"neow_bonus":"REMOVE_TWO","is_daily":false,"chose_seed":false,"campfire_upgraded":7,"win_rate":0.0,"timestamp":1612179489,"path_taken":["M","M","?","M","M","R","E","R","T","?","M","M","M","?","R","BOSS","M","M","$","M","?","R","M","M","T","?","R","M","E","M","R","BOSS","M","?","$","?","M","R","?","R","T","M","?","M","?","M","R","BOSS"],"items_purchased_type":["Relic","Relic","Potion","Potion","Potion","Card"],"build_version":"2020-12-22","purchased_purges":3,"victory":true,"max_hp_per_floor":[66,66,66,66,66,66,66,66,66,66,66,66,66,66,66,66,66,66,66,66,66,66,66,66,66,66,66,66,66,66,66,66,66,66,66,66,66,66,66,66,63,63,63,63,63,63,63,63,63,63],"card_choices":[{"not_picked":["Quick Slash","Escape Plan"],"picked":"Tactician","floor":1.0},{"not_picked":["Deflect","Calculated Gamble"],"picked":"PiercingWail","floor":2.0},{"not_picked":["Flechettes","Concentrate"],"picked":"Deadly Poison","floor":4.0},{"not_picked":["Cloak And Dagger","PiercingWail"],"picked":"Tactician","floor":5.0},{"not_picked":["Endless Agony","All Out Attack","Riddle With Holes"],"picked":"SKIP","floor":7.0},{"not_picked":["Poisoned Stab","Calculated Gamble"],"picked":"Prepared","floor":10.0},{"not_picked":["Caltrops","Outmaneuver"],"picked":"Unload","floor":11.0},{"not_picked":["Endless Agony","Dagger Throw","Poisoned Stab"],"picked":"SKIP","floor":12.0},{"not_picked":["Cloak And Dagger","Caltrops"],"picked":"Acrobatics","floor":13.0},{"not_picked":["Storm of Steel","Venomology"],"picked":"Phantasmal Killer","floor":16.0},{"not_picked":["PiercingWail","Catalyst+1","Setup"],"picked":"SKIP","floor":18.0},{"not_picked":["Dagger Spray+1","Sucker Punch","Deadly Poison+1"],"picked":"SKIP","floor":19.0},{"not_picked":["Noxious Fumes","Skewer","Deadly Poison"],"picked":"SKIP","floor":21.0},{"not_picked":["Phantasmal Killer","Acrobatics"],"picked":"Blade Dance+1","floor":24.0},{"not_picked":["Deadly Poison","Skewer","Eviscerate"],"picked":"SKIP","floor":25.0},{"not_picked":["Bouncing Flask","Blur+1"],"picked":"Blade Dance","floor":29.0},{"not_picked":["Deadly Poison","Well Laid Plans","Underhanded Strike"],"picked":"SKIP","floor":30.0},{"not_picked":["Underhanded Strike","Bane","Outmaneuver"],"picked":"SKIP","floor":31},{"not_picked":["Doppelganger","Bullet Time"],"picked":"Storm of Steel","floor":33},{"not_picked":["Infinite Blades","Well Laid Plans+1"],"picked":"Acrobatics","floor":35},{"not_picked":["HandOfGreed","Dark Shackles"],"picked":"Flash of Steel","floor":36},{"not_picked":["Backstab","Noxious Fumes","Blur"],"picked":"SKIP","floor":39},{"not_picked":["Cloak And Dagger+1","Dagger Spray"],"picked":"Backflip+1","floor":44},{"not_picked":["Underhanded Strike","Distraction+1","Backstab"],"picked":"SKIP","floor":46},{"not_picked":["Sucker Punch","Catalyst+1","Prepared+1"],"picked":"SKIP","floor":48}],"player_experience":343308,"relics_obtained":[{"floor":7.0,"key":"Mummified Hand"},{"floor":9.0,"key":"Gremlin Horn"},{"floor":22.0,"key":"Lizard Tail"},{"floor":26.0,"key":"Blood Vial"},{"floor":30.0,"key":"Pantograph"},{"floor":38,"key":"Du-Vu Doll"},{"floor":43,"key":"Toxic Egg 2"}],"event_choices":[{"damage_healed":0.0,"max_hp_gain":0.0,"max_hp_loss":0.0,"gold_gain":0.0,"event_name":"Match and Keep!","player_choice":"0 cards matched","floor":3.0,"gold_loss":0.0,"damage_taken":0.0,"cards_obtained":[]},{"damage_healed":0.0,"max_hp_gain":0.0,"max_hp_loss":0.0,"gold_gain":0.0,"event_name":"Lab","player_choice":"Got Potions","floor":14.0,"gold_loss":0.0,"damage_taken":0.0},{"damage_healed":13.0,"max_hp_gain":0.0,"max_hp_loss":0.0,"gold_gain":0.0,"event_name":"The Library","player_choice":"Heal","floor":27.0,"gold_loss":0.0,"damage_taken":0.0},{"damage_healed":0,"gold_gain":0,"player_choice":"Memory 1","damage_taken":0,"max_hp_gain":0,"max_hp_loss":0,"event_name":"SensoryStone","floor":36,"gold_loss":0},{"damage_healed":0,"gold_gain":0,"player_choice":"Fight","damage_taken":0,"max_hp_gain":0,"max_hp_loss":0,"event_name":"MindBloom","floor":38,"gold_loss":0},{"damage_healed":0,"gold_gain":0,"player_choice":"Max HP","damage_taken":0,"max_hp_gain":0,"max_hp_loss":3,"event_name":"Winding Halls","floor":41,"gold_loss":0},{"damage_healed":0,"gold_gain":0,"player_choice":"Ignored","damage_taken":0,"max_hp_gain":0,"max_hp_loss":0,"event_name":"Mysterious Sphere","floor":45,"gold_loss":0}],"is_beta":false,"boss_relics":[{"not_picked":["Black Star","Ring of the Serpent"],"picked":"Pandora\u0027s Box"},{"not_picked":["Runic Dome","Cursed Key"],"picked":"Empty Cage"}],"items_purged_floors":[20,37,47],"is_endless":false,"potions_floor_spawned":[2,4,10,13,18,19,25,31,38,39,48],"ascension_level":15}}