{"host":"gl5rgsfncjl28cj1","time":1612144946,"event":{"mods":["BaseMod","Colored Map","Highlight Path","Minty Spire (QoL Compilation)","Permanent Neow","StSLib"],"gold_per_floor":[113,113,126,12,12,43,43,59,112,112,122,133,133,153,153,226,226,239,239,15,32,32,32,62,62,62],"floor_reached":25,"language":"KOR","playtime":681,"items_purged":["Strike_G","Setup+1"],"score":492,"play_id":"6e5f46c1-6be7-4e30-87b0-41ede2ce5e9c","local_time":"20210201110226","is_ascension_mode":true,"campfire_choices":[{"data":"Blade Dance","floor":7.0,"key":"SMITH"},{"data":"Neutralize","floor":10.0,"key":"SMITH"},{"data":"Cloak And Dagger","floor":13.0,"key":"SMITH"},{"data":"Envenom","floor":15.0,"key":"SMITH"},{"data":"Catalyst","floor":23,"key":"SMITH"}],"circlet_count":0,"master_deck":["AscendersBane","Strike_G","Strike_G","Defend_G","Defend_G","Defend_G","Defend_G","Survivor","Neutralize+1","Dagger Spray+1","Blur","Blade Dance+1","Escape Plan","Cloak And Dagger+1","Backstab","Envenom+1","Wraith Form v2","Envenom+1","Die Die Die+1","Blade Dance","Footwork","Catalyst+1","Dagger Throw","Noxious Fumes"],"relics":["Ring of the Snake","NeowsBlessing","Centennial Puzzle","Vajra","Astrolabe","Lantern"],"acts_visited":["Exordium","TheCity"],"potions_floor_usage":[16,24],"damage_taken":[{"damage":0.0,"enemies":"2 Louse","floor":1.0,"turns":1.0},{"damage":0.0,"enemies":"Small Slimes","floor":3.0,"turns":1.0},{"damage":0.0,"enemies":"Gremlin Nob","floor":6.0,"turns":1.0},{"damage":1.0,"enemies":"Jaw Worm","floor":8.0,"turns":6.0},{"damage":0.0,"enemies":"Looter","floor":11.0,"turns":3.0},{"damage":8.0,"enemies":"Exordium Thugs","floor":12.0,"turns":4.0},{"damage":0.0,"enemies":"2 Fungi Beasts","floor":14.0,"turns":3.0},{"damage":15,"enemies":"Slime Boss","floor":16,"turns":6},{"damage":1,"enemies":"3 Byrds","floor":18,"turns":3},{"damage":11,"enemies":"Shell Parasite","floor":21,"turns":4},{"damage":36,"enemies":"Gremlin Leader","floor":24,"turns":5},{"damage":16,"enemies":"Snake Plant","floor":25,"turns":2}],"seed_played":"3737704277953280632","potions_obtained":[{"floor":3.0,"key":"GamblersBrew"},{"floor":16,"key":"Weak Potion"},{"floor":18,"key":"GamblersBrew"}],"is_trial":false,"path_per_floor":["M","?","M","$","?","E","R","M","T","R","M","M","R","M","R","B",null,"M","?","$","M","$","R","E","M"],"character_chosen":"THE_SILENT","items_purchased":["Blur","Footwork","Catalyst"],"campfire_rested":0,"item_purchase_floors":[4,20,20],"current_hp_per_floor":[59,59,59,59,64,64,64,63,63,63,63,55,55,55,55,40,63,62,62,62,51,51,51,15,0,0],"gold":62,"neow_bonus":"THREE_ENEMY_KILL","is_daily":false,"chose_seed":false,"campfire_upgraded":5,"win_rate":0.0,"timestamp":1612144946,"path_taken":["M","?","M","$","?","E","R","?","T","R","M","M","R","M","R","BOSS","M","?","?","M","$","R","E","M"],"items_purchased_type":["Card","Card","Card"],"build_version":"2020-12-22","purchased_purges":2,"victory":false,"max_hp_per_floor":[66,66,66,66,71,71,71,71,71,71,71,71,71,71,71,71,71,71,71,71,71,71,71,71,71,71],"card_choices":[{"not_picked":["Dagger Throw","Backflip"],"picked":"Dagger Spray","floor":1.0},{"not_picked":["Flying Knee","Prepared","Outmaneuver"],"picked":"SKIP","floor":3.0},{"not_picked":["Calculated Gamble","Flying Knee"],"picked":"Blade Dance","floor":6.0},{"not_picked":["Underhanded Strike","Reflex"],"picked":"Escape Plan","floor":8.0},{"not_picked":["Flying Knee","Dagger Spray"],"picked":"Cloak And Dagger","floor":11.0},{"not_picked":["Underhanded Strike","Quick Slash"],"picked":"Backstab","floor":12.0},{"not_picked":["Deadly Poison","Flying Knee"],"picked":"Envenom","floor":14.0},{"not_picked":["Venomology","A Thousand Cuts"],"picked":"Wraith Form v2","floor":16},{"not_picked":["Acrobatics","Flying Knee","Poisoned Stab"],"picked":"SKIP","floor":18},{"not_picked":["Poisoned Stab","Quick Slash"],"picked":"Dagger Throw","floor":21},{"not_picked":["Masterful Stab","Flechettes"],"picked":"Noxious Fumes","floor":24}],"player_experience":1004073,"relics_obtained":[{"floor":6.0,"key":"Centennial Puzzle"},{"floor":9.0,"key":"Vajra"},{"floor":24,"key":"Lantern"}],"event_choices":[{"damage_healed":0.0,"max_hp_gain":0.0,"max_hp_loss":0.0,"gold_gain":0.0,"event_name":"Living Wall","player_choice":"Grow","floor":2.0,"gold_loss":0.0,"damage_taken":0.0,"cards_upgraded":["Dagger Spray"]},{"damage_healed":0.0,"max_hp_gain":5.0,"max_hp_loss":0.0,"gold_gain":0.0,"event_name":"Big Fish","player_choice":"Donut","floor":5.0,"gold_loss":0.0,"damage_taken":0.0},{"damage_healed":0,"gold_gain":0,"player_choice":"1 cards matched","damage_taken":0,"max_hp_gain":0,"max_hp_loss":0,"event_name":"Match and Keep!","floor":19,"gold_loss":0,"cards_obtained":["Blade Dance"]}],"is_beta":false,"boss_relics":[{"not_picked":["Calling Bell","Pandora\u0027s Box"],"picked":"Astrolabe"}],"items_purged_floors":[4,20],"is_endless":false,"potions_floor_spawned":[3,16,18],"killed_by":"Snake Plant","ascension_level":20}}