{"host":"gtv41eena9h15rk5","time":1612188044,"event":{"mods":["BaseMod","Colored Powertips","Downfall","Marisa£®ÏF”Í°°ƒß¿Ì…≥£©","Minty Spire (QoL Compilation)","Replay The Spire","Shop Mod","StSLib","The Bug Knight","The Construct","The Cursed","The Runesmith","The Servant 0.9.4","[IsaacMod]“‘»ˆº‚À˛"],"gold_per_floor":[118,138,138,138,88,121,141,158,233,233,233,264,11,26,26,149,149,168,93,113,127,141,185,185,185,185],"floor_reached":25,"language":"ZHS","playtime":905,"items_purged":["Injury"],"score":340,"play_id":"51a698f7-fce1-453a-a8e0-a4f9d7e00348","local_time":"20210201220044","is_ascension_mode":true,"campfire_choices":[{"floor":11,"key":"DIG"},{"floor":15,"key":"DIG"},{"floor":24,"key":"REST"}],"circlet_count":0,"master_deck":["Strike_R","Strike_R","Strike_R","Strike_R","Defend_R","Defend_R","Defend_R","Bash","Cleave","Bomb","Inflame","Bloodletting","Offering","Pummel","True Grit+1","Heavy Blade","Twin Strike","Barricade"],"relics":["Burning Blood","HushsDoor","Leech","Shovel","Centennial Puzzle","PillsDrop","Golden Idol","Pear","GuppysHead","Replay:Wax Seal","MerchantsRug","Red Skull","Replay:Ancient Bell","PreservedInsect","Bag of Marbles"],"acts_visited":["Exordium","TheCity"],"potions_floor_usage":[23],"damage_taken":[{"damage":5,"enemies":"Small Slimes","floor":1,"turns":3},{"damage":0,"enemies":"Cultist","floor":2,"turns":2},{"damage":26,"enemies":"Replay:BlueRogue","floor":6,"turns":5},{"damage":7,"enemies":"Jaw Worm","floor":7,"turns":2},{"damage":22,"enemies":"3 Louse","floor":8,"turns":2},{"damage":16,"enemies":"Gremlin Nob","floor":12,"turns":3},{"damage":9,"enemies":"Exordium Wildlife","floor":14,"turns":3},{"damage":63,"enemies":"Fading Forest","floor":16,"turns":11},{"damage":21,"enemies":"Chosen","floor":18,"turns":4},{"damage":18,"enemies":"3 Byrds","floor":20,"turns":3},{"damage":29,"enemies":"Snecko","floor":21,"turns":4},{"damage":42,"enemies":"Shelled Parasite and Fungi","floor":22,"turns":4},{"damage":11,"enemies":"Book of Stabbing","floor":23,"turns":2},{"damage":0,"enemies":"Cultist and Chosen","floor":25,"turns":1}],"seed_played":"7837952119472253209","potions_obtained":[{"floor":2,"key":"ColorlessPotion"},{"floor":7,"key":"Fire Potion"},{"floor":12,"key":"construct:ShiftPotion"},{"floor":21,"key":"Guardian:BlockOnCardUsePotion"},{"floor":23,"key":"Fire Potion"}],"is_trial":false,"path_per_floor":["M","M","?","?","?","E","M","M","T","?","R","E","$","M","R","B",null,"M","?","M","M","M","E","R","M"],"character_chosen":"IRONCLAD","items_purchased":["Replay:Wax Seal","MerchantsRug"],"campfire_rested":1,"item_purchase_floors":[13,13],"current_hp_per_floor":[83,88,88,81,81,65,66,51,51,51,61,54,54,56,56,27,83,71,71,62,45,12,8,39,39,39],"gold":185,"neow_bonus":"TEN_PERCENT_HP_BONUS","is_daily":false,"chose_seed":false,"campfire_upgraded":0,"win_rate":0.0,"timestamp":1612188044,"path_taken":["M","M","?","?","?","E","?","M","T","?","R","E","$","M","R","BOSS","M","?","M","?","M","E","R","M"],"items_purchased_type":["Relic","Relic"],"build_version":"2020-12-22","purchased_purges":1,"victory":false,"max_hp_per_floor":[88,88,88,88,88,88,88,88,88,88,98,98,98,101,101,101,101,101,101,101,104,104,104,104,104,104],"card_choices":[{"not_picked":["Dark Embrace","Perfected Strike","Twin Strike"],"picked":"SKIP","floor":1},{"not_picked":["Life Link","Pommel Strike","Infernal Blade"],"picked":"SKIP","floor":2},{"not_picked":["Warcry","Rage"],"picked":"Cleave","floor":6},{"not_picked":["Anger","Heavy Blade"],"picked":"Bomb","floor":7},{"not_picked":["Pommel Strike","Rampage","Iron Wave"],"picked":"SKIP","floor":8},{"not_picked":["Life Link","Pummel"],"picked":"Inflame","floor":12},{"not_picked":["Reckless Charge","Blood for Blood"],"picked":"Bloodletting","floor":14},{"not_picked":["Hemogenesis","Replay:Many Hands"],"picked":"Offering","floor":16},{"not_picked":["Blood for Blood+1","Body Slam"],"picked":"Pummel","floor":18},{"not_picked":["Feel No Pain+1","Run Through"],"picked":"True Grit+1","floor":20},{"not_picked":["Defy Death","True Grit"],"picked":"Heavy Blade","floor":21},{"not_picked":["Thunderclap","Iron Wave"],"picked":"Twin Strike","floor":22},{"not_picked":["Clash","Shrug It Off"],"picked":"Barricade","floor":23}],"player_experience":227222,"relics_obtained":[{"floor":6,"key":"Centennial Puzzle"},{"floor":9,"key":"PillsDrop"},{"floor":11,"key":"Pear"},{"floor":12,"key":"GuppysHead"},{"floor":15,"key":"Red Skull"},{"floor":23,"key":"Bag of Marbles"}],"event_choices":[{"damage_healed":0,"gold_gain":0,"player_choice":"Success","damage_taken":7,"relics_obtained":["Shovel"],"max_hp_gain":0,"max_hp_loss":0,"event_name":"Scrap Ooze","floor":4,"gold_loss":0},{"cards_removed":["Defend_R"],"damage_healed":0,"gold_gain":0,"player_choice":"Card Removal","damage_taken":0,"max_hp_gain":0,"max_hp_loss":0,"event_name":"The Cleric","floor":5,"gold_loss":50},{"damage_healed":0,"gold_gain":0,"player_choice":"Take Wound","damage_taken":0,"relics_obtained":["Golden Idol"],"max_hp_gain":0,"max_hp_loss":0,"event_name":"Golden Idol","floor":10,"gold_loss":0,"cards_obtained":["Injury"]},{"cards_removed":["Strike_R"],"damage_healed":0,"gold_gain":0,"player_choice":"Gave Gold","damage_taken":0,"max_hp_gain":0,"max_hp_loss":0,"event_name":"Beggar","floor":19,"gold_loss":75}],"is_beta":false,"boss_relics":[{"not_picked":["Ring of Chaos","Calling Bell"],"picked":"Replay:Ancient Bell"},{"not_picked":["Strawberry","BelialBook"],"picked":"PreservedInsect"},{"not_picked":[]}],"items_purged_floors":[13],"is_endless":false,"potions_floor_spawned":[2,7,12,21,23],"killed_by":"Cultist and Chosen","ascension_level":7}}