{"host":"Qube","time":1612153669,"event":{"mods":["AchievementEnabler","BaseMod","Colored Map","Colored Powertips","Highlight Path","Minty Spire (QoL Compilation)","Permanent Neow","Quick Restart","Random Character Button","StSLib"],"gold_per_floor":[111,124,124,138,158,158,158,158],"floor_reached":7,"language":"ENG","playtime":270,"items_purged":[],"score":86,"play_id":"ed527049-224e-451d-9ff0-ed85c2e439a5","local_time":"20210131202749","is_ascension_mode":true,"campfire_choices":[{"data":"Weave","floor":6.0,"key":"SMITH"}],"circlet_count":0,"master_deck":["AscendersBane","Strike_P","Strike_P","Strike_P","Strike_P","Defend_P","Defend_P","Defend_P","Eruption","Vigilance","Wireheading","Weave+1","EmptyFist","FollowUp"],"relics":["PureWater","Bird Faced Urn"],"acts_visited":["Exordium"],"potions_floor_usage":[],"damage_taken":[{"damage":3.0,"enemies":"2 Louse","floor":1.0,"turns":5.0},{"damage":7.0,"enemies":"Jaw Worm","floor":2.0,"turns":3.0},{"damage":0.0,"enemies":"Small Slimes","floor":4.0,"turns":2.0},{"damage":0.0,"enemies":"2 Fungi Beasts","floor":5.0,"turns":2.0},{"damage":55,"enemies":"Gremlin Nob","floor":7,"turns":4}],"seed_played":"6278170636432452394","potions_obtained":[{"floor":1.0,"key":"ColorlessPotion"}],"is_trial":false,"path_per_floor":["M","M","?","M","M","R","E"],"character_chosen":"WATCHER","items_purchased":[],"campfire_rested":0,"item_purchase_floors":[],"current_hp_per_floor":[58,53,46,46,46,46,0,0],"gold":158,"neow_bonus":"ONE_RARE_RELIC","is_daily":false,"chose_seed":false,"campfire_upgraded":1,"win_rate":0.0,"timestamp":1612153669,"path_taken":["M","M","?","M","M","R","E"],"items_purchased_type":[],"build_version":"2020-12-18","purchased_purges":0,"victory":false,"max_hp_per_floor":[62,62,62,62,62,62,62,62],"card_choices":[{"not_picked":["Study","JustLucky"],"picked":"Wireheading","floor":1.0},{"not_picked":["FlyingSleeves","Tantrum"],"picked":"Weave","floor":2.0},{"not_picked":["Consecrate","PathToVictory"],"picked":"EmptyFist","floor":4.0},{"not_picked":["Halt","FlurryOfBlows"],"picked":"FollowUp","floor":5.0}],"player_experience":1036975,"relics_obtained":[],"event_choices":[{"cards_removed":["Defend_P"],"damage_healed":0.0,"max_hp_gain":0.0,"max_hp_loss":0.0,"gold_gain":0.0,"event_name":"Golden Wing","player_choice":"Card Removal","floor":3.0,"gold_loss":0.0,"damage_taken":7.0}],"is_beta":true,"boss_relics":[],"items_purged_floors":[],"is_endless":false,"potions_floor_spawned":[1],"killed_by":"Gremlin Nob","ascension_level":20}}