{"host":"5jyeqch4fosnsiz2","time":1612190956,"event":{"mods":["BaseMod","Bestiary","Colored Map","Colored Powertips","Filter the Spire","Minty Spire (QoL Compilation)","Relic Stats","StSLib","Waifu the Spire","ojb\u0027s Better Paths Mod","ojb\u0027s Info Mod"],"gold_per_floor":[114,114,126,139,139,173,173,191,245,261,3,13,13,13,13,13,13],"floor_reached":16,"language":"ENG","playtime":678,"items_purged":[],"score":102,"play_id":"6971c02e-0641-4abd-9867-6f0bf7a4d808","local_time":"20210201094916","is_ascension_mode":false,"campfire_choices":[{"floor":7,"key":"REST"},{"floor":13,"key":"REST"},{"data":"Well Laid Plans","floor":15,"key":"SMITH"}],"circlet_count":0,"master_deck":["Strike_G","Strike_G","Strike_G+1","Strike_G+1","Defend_G","Defend_G","Defend_G","Defend_G","Defend_G","Survivor","Neutralize","Deflect","Heel Hook","Defend_G","Quick Slash","Acrobatics","Deadly Poison","Escape Plan","Backflip","Outmaneuver","Blade Dance","Backstab","Well Laid Plans+1","Escape Plan","Leg Sweep"],"relics":["Ring of the Snake","Whetstone","Sundial","Boot","Orrery"],"acts_visited":["Exordium"],"potions_floor_usage":[10,12,16],"damage_taken":[{"damage":0,"enemies":"2 Louse","floor":1,"turns":2},{"damage":5,"enemies":"Small Slimes","floor":3,"turns":3},{"damage":0,"enemies":"Cultist","floor":4,"turns":3},{"damage":49,"enemies":"3 Sentries","floor":6,"turns":20},{"damage":2,"enemies":"Blue Slaver","floor":8,"turns":4},{"damage":16,"enemies":"Large Slime","floor":10,"turns":7},{"damage":8,"enemies":"3 Louse","floor":12,"turns":3},{"damage":29,"enemies":"Slime Boss","floor":16,"turns":8}],"seed_played":"-3190021866375909754","potions_obtained":[{"floor":6,"key":"Swift Potion"},{"floor":8,"key":"Poison Potion"},{"floor":10,"key":"Poison Potion"}],"is_trial":false,"path_per_floor":["M","?","M","M","?","E","R","M","T","M","$","M","R","$","R","B"],"character_chosen":"THE_SILENT","items_purchased":["Orrery","Well Laid Plans","Escape Plan"],"campfire_rested":2,"item_purchase_floors":[11,11,11],"current_hp_per_floor":[70,63,58,58,58,9,30,28,28,12,12,4,25,25,25,0,0],"gold":13,"neow_bonus":"RANDOM_COMMON_RELIC","is_daily":false,"chose_seed":false,"campfire_upgraded":1,"win_rate":0.0,"timestamp":1612190956,"path_taken":["M","?","M","M","?","E","R","M","T","M","$","?","R","$","R","BOSS"],"items_purchased_type":["Relic","Card","Card"],"build_version":"2020-12-22","purchased_purges":0,"victory":false,"max_hp_per_floor":[70,70,70,70,70,70,70,70,70,70,70,70,70,70,70,70,70],"relic_stats":{"counters":[8,50],"Sundial":[4],"Whetstone":["Strike_G","Strike_G"],"Boot":[33],"obtain_stats":[{"Sundial":6,"Orrery":11,"Whetstone":0,"Boot":9,"Ring of the Snake":0},{"Sundial":4,"Orrery":6,"Whetstone":0,"Boot":5,"Ring of the Snake":0},{"Sundial":28,"Orrery":39,"Whetstone":0,"Boot":32,"Ring of the Snake":0}],"Ring of the Snake":[16]},"card_choices":[{"not_picked":["Acrobatics","Sucker Punch"],"picked":"Dagger Spray","floor":1},{"not_picked":["Bane","PiercingWail"],"picked":"Deflect","floor":3},{"not_picked":["Deflect","Riddle With Holes"],"picked":"Heel Hook","floor":4},{"not_picked":["Bane","Burst"],"picked":"Quick Slash","floor":6},{"not_picked":["Reflex","Cloak And Dagger"],"picked":"Acrobatics","floor":8},{"not_picked":["Dodge and Roll","Slice"],"picked":"Deadly Poison","floor":10},{"not_picked":["A Thousand Cuts","Deflect"],"picked":"Escape Plan","floor":11},{"not_picked":["Riddle With Holes","Acrobatics"],"picked":"Backflip","floor":11},{"not_picked":["Flying Knee","Poisoned Stab"],"picked":"Outmaneuver","floor":11},{"not_picked":["Endless Agony","Dash"],"picked":"Blade Dance","floor":11},{"not_picked":["Dodge and Roll","Deadly Poison"],"picked":"Backstab","floor":11},{"not_picked":["Prepared","Dodge and Roll"],"picked":"Leg Sweep","floor":12}],"player_experience":365289,"relics_obtained":[{"floor":6,"key":"Sundial"},{"floor":9,"key":"Boot"}],"event_choices":[{"cards_removed":["Strike_G"],"damage_healed":0,"gold_gain":0,"player_choice":"Card Removal","damage_taken":7,"max_hp_gain":0,"max_hp_loss":0,"event_name":"Golden Wing","floor":2,"gold_loss":0},{"cards_removed":["Dagger Spray"],"damage_healed":0,"gold_gain":0,"player_choice":"Took Card","damage_taken":0,"max_hp_gain":0,"max_hp_loss":0,"event_name":"NoteForYourself","floor":5,"gold_loss":0,"cards_obtained":["Defend_G"]}],"is_beta":false,"boss_relics":[],"items_purged_floors":[],"is_endless":false,"potions_floor_spawned":[6,8,10],"killed_by":"Slime Boss","ascension_level":0}}