{"host":"eemx8njkng76fu5x","time":1612210836,"event":{"mods":["2.2 Compatiblity","BaseMod","Colored Map","Downfall","Minty Spire (QoL Compilation)","Permanent Neow","StSLib","Unceasing Turn Reminder","Unknown Chances"],"gold_per_floor":[99,113,129,149,166,3,29,29,39,56,81,81,81,18,38,143,143,43,57,76,89,89,89,89,99,99,130,147,47,32,32,50,50,50,50],"floor_reached":33,"language":"ENG","playtime":1611,"items_purged":["Guardian:Strike_Guardian"],"score":420,"play_id":"260e76e8-f80d-47ae-b1d9-c8230dab82b5","local_time":"20210202042036","is_ascension_mode":true,"campfire_choices":[{"floor":1.0,"key":"RECALL"},{"data":"Guardian:ExploitGems","floor":8.0,"key":"SMITH"},{"data":"Guardian:SentryBeam","floor":12.0,"key":"SMITH"},{"data":"Guardian:Planning","floor":18,"key":"SMITH"},{"data":"Guardian:TimeSifter","floor":23,"key":"SMITH"},{"data":"Guardian:VentSteam","floor":26,"key":"SMITH"},{"data":"Guardian:PiercingHide","floor":29,"key":"SMITH"}],"circlet_count":0,"master_deck":["AscendersBane","Guardian:Strike_Guardian","Guardian:Strike_Guardian","Guardian:Strike_Guardian","Guardian:Defend_Guardian","Guardian:Defend_Guardian","Guardian:Defend_Guardian","Guardian:Defend_Guardian","Guardian:CurlUp","Guardian:TwinSlam","Guardian:ExploitGems+1","Guardian:CrystalBeam","Guardian:SentryBeam+1","Guardian:Recover","Guardian:Planning+1","Guardian:TimeSifter+1","Guardian:VentSteam+1","Guardian:PiercingHide+1","Shame","Guardian:TemporalShield","Shame","Guardian:Gem_Green"],"relics":["Guardian:ModeShifter","Bag of Preparation","Bag of Marbles","Cursed Key","downfall:HeartBlessingRed","Guardian:DefensiveModeMoreBlock","Bottled Lightning","downfall:HeartBlessingGreen"],"acts_visited":["Exordium","TheCity"],"potions_floor_usage":[27,30,30],"damage_taken":[{"damage":2.0,"enemies":"Small Slimes","floor":2.0,"turns":5.0},{"damage":6.0,"enemies":"Cultist","floor":3.0,"turns":5.0},{"damage":4.0,"enemies":"Jaw Worm","floor":4.0,"turns":5.0},{"damage":9.0,"enemies":"Large Slime","floor":5.0,"turns":7.0},{"damage":0.0,"enemies":"downfall:FleeingMerchant","floor":6.0,"turns":4.0},{"damage":4.0,"enemies":"Exordium Wildlife","floor":9.0,"turns":4.0},{"damage":4.0,"enemies":"Red Slaver","floor":10.0,"turns":4.0},{"damage":16.0,"enemies":"Gremlin Nob","floor":11.0,"turns":4.0},{"damage":0.0,"enemies":"downfall:FleeingMerchant","floor":14.0,"turns":4.0},{"damage":1.0,"enemies":"Exordium Thugs","floor":15.0,"turns":3.0},{"damage":24.0,"enemies":"WA_ARCHETYPE_RETAIN","floor":16.0,"turns":10.0},{"damage":2,"enemies":"3 Byrds","floor":19,"turns":4},{"damage":0,"enemies":"Chosen","floor":20,"turns":3},{"damage":15,"enemies":"Centurion and Healer","floor":21,"turns":5},{"damage":0,"enemies":"3 Cultists","floor":25,"turns":6},{"damage":13,"enemies":"Book of Stabbing","floor":27,"turns":7},{"damage":8,"enemies":"Shelled Parasite and Fungi","floor":28,"turns":5},{"damage":13,"enemies":"downfall:FleeingMerchant","floor":30,"turns":4},{"damage":4,"enemies":"Snake Plant","floor":32,"turns":3},{"damage":47,"enemies":"IC_MUSHROOM_ARCHETYPE","floor":33,"turns":12}],"seed_played":"-659582138960934202","potions_obtained":[{"floor":5.0,"key":"Energy Potion"},{"floor":9.0,"key":"ColorlessPotion"},{"floor":11.0,"key":"Block Potion"},{"floor":15.0,"key":"Guardian:DefensiveModePotion"},{"floor":19,"key":"EssenceOfSteel"},{"floor":21,"key":"Weak Potion"},{"floor":28,"key":"champ:CounterPotion"}],"is_trial":false,"path_per_floor":["R","M","M","M","M","$","T","R","M","M","E","R","?","$","M","B",null,"R","M","M","M","?","R","T","M","R","E","M","R","$","T","M","B"],"character_chosen":"GUARDIAN","items_purchased":["Guardian:Gem_Yellow","Guardian:Planning"],"campfire_rested":0,"item_purchase_floors":[6,14],"current_hp_per_floor":[72,70,64,60,51,51,51,51,47,43,27,27,27,27,26,2,61,61,59,59,44,80,80,80,80,80,67,59,59,46,46,42,0,0,0],"gold":50,"neow_bonus":"ONE_RANDOM_RARE_CARD","is_daily":false,"chose_seed":false,"campfire_upgraded":6,"win_rate":0.0,"timestamp":1612210836,"path_taken":["R","M","M","M","M","$","T","R","M","M","E","R","?","?","M","BOSS","R","M","M","M","?","R","T","M","R","E","M","R","$","?","M","BOSS"],"items_purchased_type":["Card","Card"],"build_version":"2020-12-22","purchased_purges":1,"victory":false,"max_hp_per_floor":[80,80,80,80,80,80,80,80,80,80,80,80,80,80,80,80,80,80,80,80,80,80,80,80,80,80,80,80,80,80,80,80,80,80,80],"card_choices":[{"not_picked":["Guardian:WalkerClaw","Guardian:ChargeCore"],"picked":"Guardian:CrystalBeam","floor":2.0},{"not_picked":["Guardian:TimeCapacitor","Guardian:Planning"],"picked":"Guardian:Gem_Crimson","floor":3.0},{"not_picked":["Guardian:FuturePlans","Guardian:PrimingBeam"],"picked":"Guardian:SentryBeam","floor":4.0},{"not_picked":["Guardian:MultiBeam","Guardian:Orbwalk"],"picked":"Guardian:Recover","floor":5.0},{"not_picked":["Guardian:TimeCapacitor","Guardian:PrimingBeam"],"picked":"Guardian:Gem_Blue","floor":6.0},{"not_picked":["Guardian:Suspension","Guardian:WalkerClaw"],"picked":"Guardian:Gem_Cyan","floor":9.0},{"not_picked":["Guardian:HyperBeam_Guardian","Guardian:Repulse"],"picked":"Guardian:BronzeOrb","floor":10.0},{"not_picked":["Guardian:Incinerate","Guardian:Recover"],"picked":"Guardian:Gem_White","floor":11.0},{"not_picked":["Guardian:ShieldCharger","Guardian:WalkerClaw","Guardian:Suspension"],"picked":"SKIP","floor":14.0},{"not_picked":["Guardian:FuturePlans","Guardian:Planning","Guardian:Recover"],"picked":"SKIP","floor":15.0},{"not_picked":["Guardian:ConstructionForm","Guardian:SphericShield"],"picked":"Guardian:TimeSifter","floor":16.0},{"not_picked":["Guardian:FuturePlans","Guardian:Planning"],"picked":"Guardian:VentSteam","floor":19},{"not_picked":["Guardian:DecasProtection","Guardian:Reroute","Guardian:PrimingBeam+1"],"picked":"SKIP","floor":20},{"not_picked":["Guardian:BronzeArmor+1","Guardian:Incinerate"],"picked":"Guardian:PiercingHide","floor":21},{"not_picked":["Guardian:RefractedBeam","Guardian:FierceBash","Guardian:ChargeCore"],"picked":"SKIP","floor":25},{"not_picked":["Guardian:RollAttack","Guardian:SpikerProtocol"],"picked":"Guardian:TemporalShield","floor":27},{"not_picked":["Guardian:AncientConstruct","Guardian:RollAttack","Guardian:Reroute"],"picked":"SKIP","floor":28},{"not_picked":["Guardian:ChargeCore","Guardian:HyperBeam_Guardian","Guardian:ShieldCharger"],"picked":"SKIP","floor":30},{"not_picked":["Guardian:VentSteam+1","Guardian:Gem_Crimson"],"picked":"Guardian:Gem_Green","floor":32}],"player_experience":526382,"relics_obtained":[{"floor":7.0,"key":"Bag of Preparation"},{"floor":11.0,"key":"Bag of Marbles"},{"floor":24,"key":"Guardian:DefensiveModeMoreBlock"},{"floor":27,"key":"Bottled Lightning"}],"event_choices":[{"cards_removed":["Guardian:BronzeOrb"],"damage_healed":36,"gold_gain":0,"player_choice":"Offered Uncommon","damage_taken":0,"max_hp_gain":0,"max_hp_loss":0,"event_name":"Bonfire Elementals","floor":22,"gold_loss":0}],"is_beta":false,"boss_relics":[{"not_picked":["SacredBark","Tiny House"],"picked":"Cursed Key"}],"items_purged_floors":[6],"is_endless":false,"potions_floor_spawned":[5,9,10,11,15,19,21,25,28],"killed_by":"IC_MUSHROOM_ARCHETYPE","ascension_level":11}}