{"host":"vyjryxuuuxkt43k4","time":1612191897,"event":{"mods":["AchievementEnabler","BaseMod","Colored Map","DeckTracker","Keyboard Shortcuts","Minty Spire (QoL Compilation)","Permanent Neow","Quick Restart","Rare Cards Sparkle","Relic Stats","StSLib","SuperFastMode","everything is the same but u backflip on backflip"],"gold_per_floor":[14,28,46,65,115,115,149,149,149,181,181,31,48,48,48,125,125,136,146,146,146,161,161,189,189,213,65,65,65,128,178,178,178,178],"floor_reached":33,"language":"KOR","playtime":1216,"items_purged":["Strike_G"],"score":565,"play_id":"43644f7d-194c-4739-9583-79d72f11fc43","local_time":"20210202000457","is_ascension_mode":true,"campfire_choices":[{"data":"Deadly Poison","floor":6.0,"key":"SMITH"},{"data":"Dagger Spray","floor":8.0,"key":"SMITH"},{"floor":11.0,"key":"REST"},{"data":"Noxious Fumes","floor":15.0,"key":"SMITH"},{"floor":23.0,"key":"REST"},{"floor":25.0,"key":"REST"},{"data":"Well Laid Plans","floor":28.0,"key":"SMITH"},{"floor":32,"key":"REST"}],"circlet_count":0,"master_deck":["AscendersBane","Strike_G","Strike_G","Strike_G","Defend_G","Defend_G","Defend_G","Defend_G","Survivor","Neutralize","Flying Knee","Dagger Throw","Cloak And Dagger","Caltrops","Dash","Deadly Poison+1","Dagger Spray+1","Noxious Fumes+1","Well Laid Plans+1","Backflip","Grand Finale","Dodge and Roll+1","Prepared+1","Quick Slash"],"relics":["Ring of the Snake","Snake Skull","Anchor","Bottled Flame","HoveringKite","Mummified Hand","Orichalcum","Tiny Chest","Medical Kit","SsserpentHead"],"acts_visited":["Exordium","TheCity"],"potions_floor_usage":[],"damage_taken":[{"damage":1.0,"enemies":"Small Slimes","floor":1.0,"turns":4.0},{"damage":0.0,"enemies":"Cultist","floor":2.0,"turns":3.0},{"damage":1.0,"enemies":"2 Louse","floor":3.0,"turns":3.0},{"damage":2.0,"enemies":"Exordium Wildlife","floor":4.0,"turns":6.0},{"damage":25.0,"enemies":"3 Sentries","floor":7.0,"turns":9.0},{"damage":22.0,"enemies":"Lagavulin","floor":10.0,"turns":6.0},{"damage":0.0,"enemies":"2 Fungi Beasts","floor":13.0,"turns":3.0},{"damage":0.0,"enemies":"Hexaghost","floor":16.0,"turns":7.0},{"damage":17.0,"enemies":"2 Thieves","floor":18.0,"turns":4.0},{"damage":15.0,"enemies":"Chosen","floor":19.0,"turns":5.0},{"damage":39.0,"enemies":"Sentry and Sphere","floor":22.0,"turns":5.0},{"damage":14.0,"enemies":"Gremlin Leader","floor":24.0,"turns":6.0},{"damage":8.0,"enemies":"Snake Plant","floor":30.0,"turns":3.0},{"damage":6,"enemies":"Colosseum Slavers","floor":31,"turns":5},{"damage":40,"enemies":"Automaton","floor":33,"turns":8}],"seed_played":"-9147566628993749318","potions_obtained":[{"floor":3.0,"key":"SkillPotion"},{"floor":7.0,"key":"Poison Potion"},{"floor":10.0,"key":"FairyPotion"},{"floor":14.0,"key":"CultistPotion"},{"floor":19.0,"key":"Poison Potion"},{"floor":22.0,"key":"Weak Potion"},{"floor":24.0,"key":"AttackPotion"}],"is_trial":false,"path_per_floor":["M","M","M","M","?","R","E","R","T","E","R","$","M","?","R","B",null,"M","M","?","T","M","R","E","R","T","$","R","?","M","?","R","B"],"character_chosen":"THE_SILENT","items_purchased":["Well Laid Plans","Medical Kit"],"campfire_rested":4,"item_purchase_floors":[12,27],"current_hp_per_floor":[58,58,57,55,55,55,30,30,30,8,27,27,27,27,27,27,56,39,24,24,24,11,30,16,35,35,35,35,35,27,21,40,0,0],"gold":178,"neow_bonus":"TRANSFORM_TWO_CARDS","is_daily":false,"chose_seed":false,"campfire_upgraded":4,"win_rate":0.0,"timestamp":1612191897,"path_taken":["M","M","M","M","?","R","E","R","T","E","R","$","?","?","R","BOSS","M","?","?","?","M","R","E","R","T","$","R","?","?","?","R","BOSS"],"items_purchased_type":["Card","Relic"],"build_version":"2020-12-22","purchased_purges":1,"victory":false,"max_hp_per_floor":[66,66,66,66,66,66,66,66,66,66,66,66,66,66,66,66,66,66,66,66,66,66,66,66,66,66,66,66,66,66,66,66,66,66],"relic_stats":{"SsserpentHead":100,"counters":[15,77],"Mummified Hand":[14],"HoveringKite":[16],"Tiny Chest":0,"Snake Skull":[73],"Orichalcum":[0],"Medical Kit":[0],"obtain_stats":[{"SsserpentHead":29,"Anchor":9,"Bottled Flame":10,"Mummified Hand":21,"HoveringKite":17,"Tiny Chest":26,"Snake Skull":7,"Orichalcum":24,"Medical Kit":27,"Ring of the Snake":0},{"SsserpentHead":12,"Anchor":5,"Bottled Flame":6,"Mummified Hand":10,"HoveringKite":8,"Tiny Chest":12,"Snake Skull":5,"Orichalcum":12,"Medical Kit":12,"Ring of the Snake":0},{"SsserpentHead":61,"Anchor":25,"Bottled Flame":31,"Mummified Hand":50,"HoveringKite":41,"Tiny Chest":61,"Snake Skull":25,"Orichalcum":61,"Medical Kit":61,"Ring of the Snake":0}],"Ring of the Snake":[30]},"card_choices":[{"not_picked":["Prepared","Flying Knee"],"picked":"Cloak And Dagger","floor":1.0},{"not_picked":["Bane","Concentrate"],"picked":"Caltrops","floor":2.0},{"not_picked":["Calculated Gamble","Distraction"],"picked":"Dash","floor":3.0},{"not_picked":["Prepared","Acrobatics"],"picked":"Deadly Poison","floor":4.0},{"not_picked":["Slice","Expertise"],"picked":"Dagger Spray","floor":7.0},{"not_picked":["Cloak And Dagger","Crippling Poison"],"picked":"Noxious Fumes","floor":10.0},{"not_picked":["Cloak And Dagger","Expertise"],"picked":"Backflip","floor":13.0},{"not_picked":["Wraith Form v2","Unload"],"picked":"Grand Finale","floor":16.0},{"not_picked":["Slice","Flying Knee","Masterful Stab"],"picked":"SKIP","floor":18.0},{"not_picked":["Poisoned Stab","Quick Slash","Cloak And Dagger"],"picked":"SKIP","floor":19.0},{"not_picked":["Slice","Cloak And Dagger"],"picked":"Dodge and Roll+1","floor":22.0},{"not_picked":["Dagger Spray+1","Bouncing Flask"],"picked":"Prepared+1","floor":24.0},{"not_picked":["Underhanded Strike","Dagger Spray"],"picked":"Quick Slash","floor":30.0}],"player_experience":586407,"relics_obtained":[{"floor":7.0,"key":"Snake Skull"},{"floor":9.0,"key":"Anchor"},{"floor":10.0,"key":"Bottled Flame"},{"floor":21.0,"key":"Mummified Hand"},{"floor":24.0,"key":"Orichalcum"},{"floor":26.0,"key":"Tiny Chest"}],"event_choices":[{"damage_healed":0.0,"max_hp_gain":0.0,"max_hp_loss":0.0,"gold_gain":50.0,"event_name":"Golden Shrine","player_choice":"Pray","floor":5.0,"gold_loss":0.0,"damage_taken":0.0},{"damage_healed":0.0,"max_hp_gain":0.0,"max_hp_loss":0.0,"gold_gain":0.0,"event_name":"Lab","player_choice":"Got Potions","floor":14.0,"gold_loss":0.0,"damage_taken":0.0},{"damage_healed":0.0,"max_hp_gain":0.0,"max_hp_loss":0.0,"gold_gain":0.0,"event_name":"Ghosts","player_choice":"Ignored","floor":20.0,"gold_loss":0.0,"damage_taken":0.0},{"damage_healed":0.0,"max_hp_gain":0.0,"max_hp_loss":0.0,"gold_gain":0.0,"event_name":"FaceTrader","player_choice":"Trade","floor":29.0,"gold_loss":0.0,"damage_taken":0.0,"relics_obtained":["SsserpentHead"]},{"damage_healed":0,"gold_gain":0,"player_choice":"Fight","damage_taken":0,"max_hp_gain":0,"max_hp_loss":0,"event_name":"Colosseum","floor":31,"gold_loss":0},{"damage_healed":0,"gold_gain":0,"player_choice":"Fled From Nobs","damage_taken":0,"max_hp_gain":0,"max_hp_loss":0,"event_name":"Colosseum","floor":31,"gold_loss":0}],"is_beta":false,"boss_relics":[{"not_picked":["Runic Pyramid","Black Star"],"picked":"HoveringKite"}],"items_purged_floors":[12],"is_endless":false,"potions_floor_spawned":[3,7,10,19,22,24],"killed_by":"Automaton","ascension_level":15}}