{"host":"nwd160me4iqdtr8u","time":1612164735,"event":{"mods":["AchievementEnabler","Act Like it!","BaseMod","Colored Map","DeckTracker","Keyboard Shortcuts","Minty Spire (QoL Compilation)","Quick Restart","Rare Cards Sparkle","StSLib","SuperFastMode","everything is the same but u backflip on backflip"],"gold_per_floor":[119,119,119,134,149,149,74,93,116,128,128,147,147,147,147,147,147],"floor_reached":16,"language":"KOR","playtime":524,"items_purged":[],"score":179,"play_id":"e4623491-d4b3-4c33-9cfc-0e54948b31c6","local_time":"20210201163215","is_ascension_mode":true,"campfire_choices":[{"data":"Acrobatics","floor":6.0,"key":"SMITH"},{"data":"Malaise","floor":11.0,"key":"SMITH"},{"floor":13,"key":"REST"},{"data":"Neutralize","floor":15,"key":"SMITH"}],"circlet_count":0,"master_deck":["AscendersBane","Strike_G","Strike_G","Strike_G","Strike_G","Defend_G","Defend_G","Defend_G","Defend_G","Defend_G","Survivor","Neutralize+1","Malaise+1","Acrobatics+1","Backflip","Flying Knee","Escape Plan","Prepared","Finisher"],"relics":["Ring of the Snake","Lantern","Orichalcum","Golden Idol"],"acts_visited":["Exordium"],"potions_floor_usage":[12,16],"damage_taken":[{"damage":1.0,"enemies":"2 Louse","floor":1.0,"turns":4.0},{"damage":1.0,"enemies":"Jaw Worm","floor":4.0,"turns":5.0},{"damage":1.0,"enemies":"Small Slimes","floor":5.0,"turns":6.0},{"damage":7.0,"enemies":"3 Louse","floor":8.0,"turns":4.0},{"damage":6.0,"enemies":"2 Fungi Beasts","floor":10.0,"turns":4.0},{"damage":21,"enemies":"Exordium Wildlife","floor":12,"turns":8},{"damage":41,"enemies":"Hexaghost","floor":16,"turns":16}],"seed_played":"-3444225958854300650","potions_obtained":[{"floor":4.0,"key":"Poison Potion"},{"floor":5.0,"key":"SpeedPotion"},{"floor":12,"key":"Explosive Potion"}],"is_trial":false,"path_per_floor":["M","?","?","M","M","R","?","M","T","M","R","M","R","?","R","B"],"character_chosen":"THE_SILENT","items_purchased":[],"campfire_rested":1,"item_purchase_floors":[],"current_hp_per_floor":[58,58,58,57,56,56,56,49,49,43,43,22,41,41,41,0,0],"gold":147,"neow_bonus":"ONE_RANDOM_RARE_CARD","is_daily":false,"chose_seed":false,"campfire_upgraded":3,"win_rate":0.0,"timestamp":1612164735,"path_taken":["M","?","?","M","M","R","?","M","T","M","R","M","R","?","R","BOSS"],"items_purchased_type":[],"build_version":"2020-12-22","purchased_purges":0,"victory":false,"max_hp_per_floor":[66,66,66,66,66,66,66,66,66,66,66,66,66,60,60,60,60],"card_choices":[{"not_picked":["Quick Slash","Catalyst"],"picked":"Acrobatics","floor":1.0},{"not_picked":["PiercingWail","Dagger Throw"],"picked":"Backflip","floor":4.0},{"not_picked":["Outmaneuver","Acrobatics"],"picked":"Flying Knee","floor":5.0},{"not_picked":["Tactician","Cloak And Dagger"],"picked":"Escape Plan","floor":8.0},{"not_picked":["Venomology","Catalyst"],"picked":"Prepared","floor":10.0},{"not_picked":["Bane","Caltrops"],"picked":"Finisher","floor":12}],"player_experience":358530,"relics_obtained":[{"floor":9.0,"key":"Orichalcum"}],"event_choices":[{"damage_healed":0.0,"max_hp_gain":0.0,"max_hp_loss":0.0,"gold_gain":0.0,"event_name":"Big Fish","player_choice":"Box","floor":2.0,"gold_loss":0.0,"damage_taken":0.0,"relics_obtained":["Lantern"],"cards_obtained":["Regret"]},{"cards_removed":["Regret"],"damage_healed":0.0,"max_hp_gain":0.0,"max_hp_loss":0.0,"gold_gain":0.0,"event_name":"Living Wall","player_choice":"Forget","floor":3.0,"gold_loss":0.0,"damage_taken":0.0},{"cards_removed":["Strike_G"],"damage_healed":0.0,"max_hp_gain":0.0,"max_hp_loss":0.0,"gold_gain":0.0,"event_name":"The Cleric","player_choice":"Card Removal","floor":7.0,"gold_loss":75.0,"damage_taken":0.0},{"damage_healed":0,"gold_gain":0,"player_choice":"Lose Max HP","damage_taken":0,"relics_obtained":["Golden Idol"],"max_hp_gain":0,"max_hp_loss":6,"event_name":"Golden Idol","floor":14,"gold_loss":0}],"is_beta":false,"boss_relics":[],"items_purged_floors":[],"is_endless":false,"potions_floor_spawned":[4,5,12],"killed_by":"Hexaghost","ascension_level":19}}