{"host":"h5acbxt0wmjo1kpm","time":1612177515,"event":{"mods":["2.2 Compatiblity","Act Like it!","AlwaysNeverKeys","Aspiration","Bard","Bartender","BaseMod","Better Third Choice","Colored Map","Downfall","Elementarium","Gensokyo","GifTheSpireLib","Hallownest","Marisa????????","Menagerie","Minty Spire (QoL Compilation)","Permanent Neow","Potionbrewer","Quick Restart","Relic Filter","Reliquary","Replay The Spire","Robot Space Explorer","RumiaBox-????????","Shade Mod","Spicy Shops","StSLib","Strawberry Spire","The Blackbeard","The Dragon Tamer","The Gatherer","The Hayseed","The Problem Sleuth","The Servant 0.9.4","Wandering Minibosses","Wide Potions"],"gold_per_floor":[99,113,113,113,123,138,138,165,184,184,184,1,1,16,31,126,126,126,140,154,154,170,304,330,330,7,7,34,52,62,62,110,214,214,114,114,114,114],"floor_reached":36,"language":"ENG","playtime":2463,"items_purged":["Strike_G"],"score":449,"play_id":"31fa14e2-9932-4e2a-9b4e-4dbb59b1891f","local_time":"20210201030515","is_ascension_mode":true,"campfire_choices":[{"data":"bronze:Goto","floor":1,"key":"SMITH"},{"data":"bronze:Invalidate","floor":13,"key":"SMITH"},{"data":"bronze:Format","floor":18,"key":"SMITH"},{"data":"bronze:Optimize","floor":27,"key":"SMITH"},{"data":"bronze:Hardcode","floor":35,"key":"SMITH"}],"circlet_count":0,"master_deck":["bronze:Defend","bronze:Defend","bronze:Defend","bronze:Defend","bronze:Replicate","bronze:Goto+1","bronze:Branch","bronze:RecursiveStrike+1","strawberrySpire:Fastroyer","Dash","bronze:Invalidate+1","bronze:Separator","bronze:Optimize+1","bronze:Repair","bronze:FineTuning","bronze:CutThrough","bronze:FollowUp","bronze:GetLatest","bronze:Constructor","bronze:Format+1","bronze:ClassDefault","bronze:CutThrough","bronze:Flail","bronze:Overheat+1","bronze:DelayedGuard+1","bronze:Backtrace","bronze:Branch","bronze:CleanCode","bronze:Hardcode+1"],"relics":["reliquary:KinkedSpring","Replay:Bottled Eggs","Juzu Bracelet","Runic Pyramid","Anchor","Medical Kit","aspiration:HatOfInfinitePower","StrikeDummy","bronze:ProtectiveGoggles","Snecko Eye","downfall:HeartBlessingBlue"],"acts_visited":["Hallownest:Greenpath","TheCity","TheBeyond"],"potions_floor_usage":[15,22,29,32],"damage_taken":[{"damage":8,"enemies":"Hallownest:monsterHuskGuard","floor":2,"turns":5},{"damage":0,"enemies":"Hallownest:2_MossCreeps","floor":5,"turns":2},{"damage":0,"enemies":"Hallownest:monsterHuskWarrior","floor":6,"turns":3},{"damage":0,"enemies":"Hallownest:eliteVengeflyKing","floor":8,"turns":4},{"damage":4,"enemies":"Hallownest:monsterFoolEater","floor":9,"turns":3},{"damage":0,"enemies":"Hallownest:monsterAspidMother","floor":11,"turns":2},{"damage":0,"enemies":"downfall:FleeingMerchant","floor":12,"turns":5},{"damage":17,"enemies":"Hallownest:2_Tiktiks_1_Baldur_1_Crawlid","floor":14,"turns":4},{"damage":0,"enemies":"Hallownest:1_Ooma_and_2_Uuma","floor":15,"turns":3},{"damage":56,"enemies":"DF_ARCHETYPE_STREAMLINE","floor":16,"turns":8},{"damage":0,"enemies":"Spheric Guardian","floor":19,"turns":3},{"damage":5,"enemies":"Shell Parasite","floor":20,"turns":3},{"damage":4,"enemies":"Snake Plant","floor":22,"turns":3},{"damage":5,"enemies":"downfall:FleeingMerchant","floor":23,"turns":6},{"damage":4,"enemies":"downfall:FleeingMerchant","floor":26,"turns":4},{"damage":24,"enemies":"Slavers","floor":28,"turns":3},{"damage":1,"enemies":"3 Cultists","floor":29,"turns":3},{"damage":0,"enemies":"Chosen and Byrds","floor":30,"turns":4},{"damage":0,"enemies":"Snake Plant","floor":32,"turns":3},{"damage":5,"enemies":"WA_ARCHETYPE_CALM","floor":33,"turns":7},{"damage":0,"enemies":"Orb Walker","floor":36,"turns":3}],"seed_played":"2439570110845108820","potions_obtained":[{"floor":2,"key":"sneckomod:MuddlingPotion"},{"floor":14,"key":"Fire Potion"},{"floor":16,"key":"champ:CounterPotion"},{"floor":28,"key":"potionbrewer:FreezingPotion"},{"floor":32,"key":"potionbrewer:AcidPotion"},{"floor":33,"key":"champ:CounterPotion"}],"is_trial":false,"path_per_floor":["R","M","?","?","M","?","T","E","M","?","M","$","R","M","M","B",null,"R","M","M","?","M","$","T","?","$","R","E","M","M","?","M","B",null,"R","M"],"character_chosen":"THE_AUTOMATON","items_purchased":["bronze:CutThrough","bronze:FollowUp","Medical Kit","aspiration:HatOfInfinitePower"],"campfire_rested":0,"item_purchase_floors":[12,12,23,26],"current_hp_per_floor":[70,62,62,62,62,62,62,62,58,49,49,56,56,47,57,13,70,70,70,65,58,64,65,65,65,61,61,44,50,60,60,67,62,70,80,80,80,80],"gold":114,"neow_bonus":"BOSS_RELIC","is_daily":false,"chose_seed":false,"campfire_upgraded":5,"win_rate":0.0,"timestamp":1612177515,"path_taken":["R","M","?","?","?","?","T","E","M","?","M","$","R","M","M","BOSS","R","M","M","?","M","$","T","?","$","R","E","M","M","?","M","BOSS","R","M"],"items_purchased_type":["Card","Card","Relic","Relic"],"build_version":"2020-12-22","purchased_purges":1,"victory":false,"max_hp_per_floor":[70,70,70,70,70,70,70,70,70,70,70,70,70,70,70,70,70,70,70,70,70,70,70,70,70,70,70,70,70,70,70,70,70,70,80,80,80,80],"card_choices":[{"not_picked":["bronze:Allocate","bronze:WildBeam"],"picked":"bronze:Branch","floor":2},{"not_picked":["bronze:OilSpill","bronze:FineTuning"],"picked":"bronze:Invalidate","floor":5},{"not_picked":["bronze:DelayedSlice","bronze:ForceShield"],"picked":"bronze:Separator","floor":6},{"not_picked":["bronze:Branch","bronze:Return"],"picked":"bronze:Optimize","floor":8},{"not_picked":["bronze:CutThrough","bronze:Frontload"],"picked":"bronze:Repulsor","floor":9},{"not_picked":["bronze:Frontload","bronze:BugBarrage"],"picked":"bronze:Repair","floor":11},{"not_picked":["bronze:NullPointer","bronze:Invalidate"],"picked":"bronze:FineTuning","floor":12},{"not_picked":["bronze:FineTuning","bronze:DelayedGuard"],"picked":"bronze:GetLatest","floor":14},{"not_picked":["bronze:OilSpill","bronze:BitShift"],"picked":"bronze:Constructor","floor":15},{"not_picked":["bronze:Virus","bronze:InfiniteLoop"],"picked":"bronze:Format","floor":16},{"not_picked":["bronze:Invalidate","bronze:DelayedGuard"],"picked":"bronze:ClassDefault","floor":19},{"not_picked":["bronze:Boost","bronze:WildBeam"],"picked":"bronze:CutThrough","floor":20},{"not_picked":["bronze:BitShift","bronze:FineTuning"],"picked":"bronze:Flail","floor":22},{"not_picked":["bronze:Safeguard","bronze:CutThrough"],"picked":"bronze:Overheat+1","floor":23},{"not_picked":["bronze:Fortify+1","bronze:Shield"],"picked":"bronze:DelayedGuard+1","floor":26},{"not_picked":["bronze:ForLoop","bronze:OilSpill"],"picked":"bronze:Backtrace","floor":28},{"not_picked":["bronze:Shield","bronze:BugBarrage","bronze:WildBeam"],"picked":"SKIP","floor":29},{"not_picked":["bronze:DelayedSlice","bronze:GetLatest"],"picked":"bronze:Branch","floor":30},{"not_picked":["bronze:BronzeOrb","bronze:ChildClass"],"picked":"bronze:CleanCode","floor":32},{"not_picked":["bronze:HardenedForm","bronze:Break"],"picked":"bronze:Hardcode","floor":33}],"player_experience":2651335,"relics_obtained":[{"floor":7,"key":"Replay:Bottled Eggs"},{"floor":8,"key":"Juzu Bracelet"},{"floor":28,"key":"StrikeDummy"}],"event_choices":[{"damage_healed":0,"gold_gain":0,"player_choice":"Anchor","damage_taken":0,"relics_obtained":["Anchor"],"max_hp_gain":0,"max_hp_loss":0,"event_name":"blackbeard:ShipwreckEvent","floor":21,"gold_loss":0}],"is_beta":false,"boss_relics":[{"not_picked":["strawberrySpire:Dictionifier","Replay:Bronze Core"],"picked":"Runic Pyramid"},{"not_picked":["Abe\u0027s Treasure","aspiration:IroncladSkillbook"],"picked":"Snecko Eye"}],"items_purged_floors":[12],"is_endless":false,"potions_floor_spawned":[2,14,16,20,22,28,32,33],"killed_by":"Orb Walker","ascension_level":2}}