{"host":"r53pw7z744tg3fxg","time":1612214582,"event":{"mods":["AchievementEnabler","BaseMod","Colored Map","Colored Powertips","Highlight Path","Minty Spire (QoL Compilation)","Quick Restart","Transform Curses"],"gold_per_floor":[114,124,140,140,215,215,240,240,240,275,275,12,39,59,59,137,137,137,172,189,207,207,207,207,207],"floor_reached":24,"language":"ENG","playtime":4593,"items_purged":["Regret"],"score":407,"play_id":"a3be6ece-4fde-4e5f-853d-4b6e3209c178","local_time":"20210201142302","is_ascension_mode":true,"campfire_choices":[{"floor":6.0,"key":"REST"},{"floor":8.0,"key":"REST"},{"floor":11.0,"key":"REST"},{"floor":15.0,"key":"REST"},{"floor":23,"key":"REST"}],"circlet_count":0,"master_deck":["AscendersBane","Strike_P","Strike_P","Strike_P","Strike_P","Defend_P","Defend_P","Defend_P","Defend_P","Eruption+1","Vigilance","LikeWater","EmptyBody","CarveReality","Conclude","Wallop","Good Instincts","CutThroughFate","Devotion","ForeignInfluence","Evaluate","FollowUp"],"relics":["PureWater","WingedGreaves","Potion Belt","Bottled Flame","Akabeko","GoldenEye","SlaversCollar","Red Mask"],"acts_visited":["Exordium","TheCity"],"potions_floor_usage":[24],"damage_taken":[{"damage":0.0,"enemies":"Small Slimes","floor":1.0,"turns":2.0},{"damage":3.0,"enemies":"2 Louse","floor":2.0,"turns":5.0},{"damage":0.0,"enemies":"Jaw Worm","floor":3.0,"turns":4.0},{"damage":47.0,"enemies":"Lagavulin","floor":7.0,"turns":8.0},{"damage":9.0,"enemies":"Gremlin Nob","floor":10.0,"turns":3.0},{"damage":13.0,"enemies":"3 Sentries","floor":13.0,"turns":3.0},{"damage":0.0,"enemies":"Blue Slaver","floor":14.0,"turns":3.0},{"damage":48.0,"enemies":"The Guardian","floor":16.0,"turns":10.0},{"damage":0.0,"enemies":"3 Byrds","floor":18.0,"turns":1.0},{"damage":0.0,"enemies":"Masked Bandits","floor":19.0,"turns":2.0},{"damage":21.0,"enemies":"Spheric Guardian","floor":20.0,"turns":6.0},{"damage":3,"enemies":"Centurion and Healer","floor":21,"turns":6},{"damage":53,"enemies":"Slavers","floor":24,"turns":4}],"seed_played":"8057449356511410936","potions_obtained":[{"floor":2.0,"key":"SmokeBomb"},{"floor":3.0,"key":"ColorlessPotion"},{"floor":7.0,"key":"Swift Potion"},{"floor":10.0,"key":"Strength Potion"},{"floor":16.0,"key":"AttackPotion"},{"floor":21,"key":"PowerPotion"}],"is_trial":false,"path_per_floor":["M","M","M","?","?","R","E","R","T","E","R","$","E","M","R","B",null,"M","?","M","M","?","R","E"],"character_chosen":"WATCHER","items_purchased":["Wallop","Good Instincts"],"campfire_rested":5,"item_purchase_floors":[12,12],"current_hp_per_floor":[61,58,58,58,47,67,20,40,40,31,51,51,38,38,58,10,54,54,54,33,30,30,50,0,0],"gold":207,"neow_bonus":"UPGRADE_CARD","is_daily":false,"chose_seed":false,"campfire_upgraded":0,"win_rate":0.0,"timestamp":1612214582,"path_taken":["M","M","M","?","?","R","E","R","T","E","R","?","E","M","R","BOSS","M","?","M","M","?","R","E"],"items_purchased_type":["Card","Card"],"build_version":"2020-12-22","purchased_purges":1,"victory":false,"max_hp_per_floor":[68,68,68,68,68,68,68,68,68,68,68,68,68,68,68,68,68,68,68,68,68,68,68,68,68],"card_choices":[{"not_picked":["JustLucky","Prostrate"],"picked":"LikeWater","floor":1.0},{"not_picked":["JustLucky","Perseverance"],"picked":"EmptyBody","floor":2.0},{"not_picked":["Meditate","JustLucky","FlyingSleeves"],"picked":"SKIP","floor":3.0},{"not_picked":["FollowUp","Halt"],"picked":"CarveReality","floor":7.0},{"not_picked":["CarveReality","Adaptation"],"picked":"Conclude","floor":10.0},{"not_picked":["JustLucky","Wallop","SashWhip"],"picked":"SKIP","floor":13.0},{"not_picked":["Indignation","JustLucky"],"picked":"CutThroughFate","floor":14.0},{"not_picked":["Scrawl","Alpha"],"picked":"Devotion","floor":16.0},{"not_picked":["ClearTheMind","Conclude"],"picked":"ForeignInfluence","floor":19.0},{"not_picked":["FlyingSleeves","ThirdEye"],"picked":"Evaluate","floor":20.0},{"not_picked":["ClearTheMind","Wallop"],"picked":"FollowUp","floor":21}],"player_experience":1407398,"relics_obtained":[{"floor":7.0,"key":"Potion Belt"},{"floor":9.0,"key":"Bottled Flame"},{"floor":10.0,"key":"Akabeko"},{"floor":13.0,"key":"GoldenEye"},{"floor":19.0,"key":"Red Mask"}],"event_choices":[{"damage_healed":0.0,"max_hp_gain":0.0,"max_hp_loss":0.0,"gold_gain":0.0,"event_name":"Big Fish","player_choice":"Box","floor":4.0,"gold_loss":0.0,"damage_taken":0.0,"relics_obtained":["WingedGreaves"],"cards_obtained":["Regret"]},{"damage_healed":0.0,"max_hp_gain":0.0,"max_hp_loss":0.0,"gold_gain":75.0,"event_name":"World of Goop","player_choice":"Gather Gold","floor":5.0,"gold_loss":0.0,"damage_taken":11.0},{"damage_healed":0.0,"max_hp_gain":0.0,"max_hp_loss":0.0,"gold_gain":0.0,"event_name":"Masked Bandits","player_choice":"Fought Bandits","floor":19.0,"gold_loss":0.0,"damage_taken":0.0},{"damage_healed":0,"gold_gain":0,"player_choice":"Ignored","damage_taken":0,"max_hp_gain":0,"max_hp_loss":0,"event_name":"Vampires","floor":22,"gold_loss":0}],"is_beta":false,"boss_relics":[{"not_picked":["Philosopher\u0027s Stone","Empty Cage"],"picked":"SlaversCollar"}],"items_purged_floors":[12],"is_endless":false,"potions_floor_spawned":[2,3,7,10,16,18,21],"killed_by":"Slavers","ascension_level":18}}