{"host":"6rz02yiipefhcw4r","time":1612151837,"event":{"mods":["2.2 Compatiblity","Arknights","BaseMod","Better Match","Better Third Choice","Better Vampires","BetterRewards","Block Reminder","Colored Map","Curses Come First","DeckTracker","Googly Eyes","Hubris","Minty Spire (QoL Compilation)","Quick Restart","Rare Cards Sparkle","Reliquary","Replay The Spire","Shade Mod","Spicy Shops","StSLib","The Bladedancer","The Cursed","The Marked","The Necromancer","The Runesmith"],"gold_per_floor":[113,113,36,36,36,36,67,80,80,80,95,127,127,154,154,154,154],"floor_reached":16,"language":"ENG","playtime":512,"items_purged":[],"score":282,"play_id":"7ac72c3c-9cde-47d1-b9cb-041735b9db18","local_time":"20210201015717","is_ascension_mode":true,"campfire_choices":[{"data":"Neutralize","floor":6,"key":"SMITH"},{"data":"Deadly Poison","floor":10,"key":"SMITH"},{"floor":13,"key":"REST"},{"data":"ReplayTheSpireMod:Necrosis","floor":15,"key":"SMITH"}],"circlet_count":0,"master_deck":["AscendersBane","Strike_G+1","Strike_G","Strike_G","Strike_G","Strike_G","Defend_G","Defend_G","Defend_G","Defend_G","Defend_G","Survivor","Neutralize+1","Dagger Throw","Deadly Poison+1","Deadly Poison+1","Escape Plan","Backflip","ReplayTheSpireMod:Necrosis+1"],"relics":["Ring of the Snake","NeowsBlessing","Gremlin Food","Replay:Bottled Flurry","hubris:AncientText","hubris:MedicalManual"],"acts_visited":["Exordium"],"potions_floor_usage":[12,14,16],"damage_taken":[{"damage":0,"enemies":"2 Louse","floor":1,"turns":1},{"damage":0,"enemies":"3 Sentries","floor":7,"turns":2},{"damage":0,"enemies":"Small Slimes","floor":8,"turns":1},{"damage":2,"enemies":"Jaw Worm","floor":11,"turns":4},{"damage":16,"enemies":"Lagavulin","floor":12,"turns":6},{"damage":14,"enemies":"3 Sentries","floor":14,"turns":10},{"damage":45,"enemies":"Slime Boss","floor":16,"turns":8}],"seed_played":"-8169020770711202223","potions_obtained":[{"floor":1,"key":"LiquidMemories"},{"floor":7,"key":"ColorlessPotion"},{"floor":12,"key":"CunningPotion"}],"is_trial":false,"path_per_floor":["M","?","$","?","?","R","E","M","T","R","M","E","R","E","R","B"],"character_chosen":"THE_SILENT","items_purchased":["Deadly Poison"],"campfire_rested":1,"item_purchase_floors":[3],"current_hp_per_floor":[59,64,64,64,64,64,64,64,64,64,62,46,67,53,53,8,8],"gold":154,"neow_bonus":"THREE_ENEMY_KILL","is_daily":false,"chose_seed":false,"campfire_upgraded":3,"win_rate":0.0,"timestamp":1612151837,"path_taken":["M","?","$","?","?","R","E","M","T","R","?","E","R","E","R","BOSS"],"items_purchased_type":["Card"],"build_version":"2020-12-22","purchased_purges":0,"victory":false,"max_hp_per_floor":[66,71,71,71,71,71,71,71,71,71,71,71,71,71,71,71,71],"card_choices":[{"not_picked":["ReplayTheSpireMod:Shiv Toss","Flying Knee"],"picked":"Dagger Throw","floor":1},{"not_picked":["Masterful Stab","Quick Slash"],"picked":"Deadly Poison","floor":7},{"not_picked":["ReplayTheSpireMod:Exploit Weakness","Dodge and Roll"],"picked":"Escape Plan","floor":8},{"not_picked":["Deflect","Calculated Gamble"],"picked":"Backflip","floor":11},{"not_picked":["Terror","Fluid Movement"],"picked":"ReplayTheSpireMod:Necrosis","floor":12},{"not_picked":["Deflect","Terror","hubris:SlightOfHand"],"picked":"SKIP","floor":14}],"player_experience":784228,"relics_obtained":[{"floor":7,"key":"Gremlin Food"},{"floor":9,"key":"Replay:Bottled Flurry"},{"floor":12,"key":"hubris:AncientText"},{"floor":14,"key":"hubris:MedicalManual"}],"event_choices":[{"damage_healed":0,"gold_gain":0,"player_choice":"Donut","damage_taken":0,"max_hp_gain":5,"max_hp_loss":0,"event_name":"Big Fish","floor":2,"gold_loss":0},{"damage_healed":64,"gold_gain":0,"player_choice":"Leave","damage_taken":0,"max_hp_gain":0,"max_hp_loss":71,"event_name":"betterThird:BetterShining","floor":4,"gold_loss":0},{"damage_healed":0,"gold_gain":0,"player_choice":"Grow","damage_taken":0,"max_hp_gain":0,"max_hp_loss":0,"event_name":"Living Wall","floor":5,"gold_loss":0,"cards_upgraded":["Deadly Poison"]}],"is_beta":false,"boss_relics":[],"items_purged_floors":[],"is_endless":false,"potions_floor_spawned":[1,7,12],"killed_by":"Slime Boss","ascension_level":20}}