{"host":"rzvepkyh9344fbo1","time":1612162603,"event":{"mods":["AchievementEnabler","Act Like it!","BaseMod","Colored Map","Colored Powertips","Curses Come First","Downfall","Hermit","Highlight Path","Minty Spire (QoL Compilation)","Replay The Spire","Shop Mod","StS++","StSLib","The Cursed","The Necromancer"],"gold_per_floor":[109,125,16,16,84,115,8,21,48,80,98,117,65,170,170,275,275,292,342,307,33,83,83,83],"floor_reached":23,"language":"ENG","playtime":1736,"items_purged":["Defend_P","Strike_P"],"score":271,"play_id":"f0580c66-c778-4cb6-b39b-2ec58ffe0a55","local_time":"20210201175643","is_ascension_mode":true,"campfire_choices":[{"floor":15,"key":"REST"}],"circlet_count":0,"master_deck":["Strike_P","Strike_P","Strike_P+1","Defend_P","Defend_P","Defend_P","Eruption","Vigilance","Halt","Protect","FlurryOfBlows","FlurryOfBlows+1","FearNoEvil","Perseverance","Replay:AtTheReady","Replay:Vibes","FearNoEvil","Indignation","ReplayTheSpireMod:IOU","ReplayTheSpireMod:IOU","Tantrum","Replay:LoomingThreat","DeceiveReality+1","RitualDagger","downfall:Bewildered"],"relics":["PureWater","SsserpentHead","Ancient Tea Set","Replay:Wax Seal","Cursed Key","MerchantsRug","Replay:PocketPolymizer","sneckomod:BabySnecko"],"acts_visited":["Exordium","TheCity"],"potions_floor_usage":[10,16],"damage_taken":[{"damage":7,"enemies":"Cultist","floor":1,"turns":3},{"damage":4,"enemies":"2 Louse","floor":2,"turns":2},{"damage":7,"enemies":"Small Slimes","floor":5,"turns":2},{"damage":27,"enemies":"3 Sentries","floor":6,"turns":8},{"damage":9,"enemies":"Exordium Wildlife","floor":8,"turns":4},{"damage":0,"enemies":"Lagavulin","floor":10,"turns":4},{"damage":3,"enemies":"2 Fungi Beasts","floor":11,"turns":2},{"damage":3,"enemies":"Large Slime","floor":12,"turns":5},{"damage":39,"enemies":"The Guardian","floor":16,"turns":7},{"damage":0,"enemies":"Spheric Guardian","floor":18,"turns":1},{"damage":85,"enemies":"Slavers","floor":23,"turns":6}],"seed_played":"3232657814336521181","potions_obtained":[{"floor":8,"key":"ColorlessPotion"},{"floor":11,"key":"Venom Potion"},{"floor":12,"key":"SpeedPotion"},{"floor":16,"key":"Strength Potion"}],"is_trial":false,"path_per_floor":["M","M","$","?","M","E","$","M","T","E","M","M","$","T","R","B",null,"M","?","?","$","?","E"],"character_chosen":"WATCHER","items_purchased":["FlurryOfBlows","Whetstone","Replay:Wax Seal","Tantrum","MerchantsRug","Replay:PocketPolymizer"],"campfire_rested":1,"item_purchase_floors":[3,7,13,13,21,21],"current_hp_per_floor":[72,68,68,68,61,34,34,25,25,25,22,19,19,19,42,3,79,79,73,73,73,73,0,0],"gold":83,"neow_bonus":"TEN_PERCENT_HP_BONUS","is_daily":false,"chose_seed":false,"campfire_upgraded":0,"win_rate":0.0,"timestamp":1612162603,"path_taken":["M","M","$","?","?","E","?","M","T","E","M","M","$","?","R","BOSS","M","?","?","?","?","E"],"items_purchased_type":["Card","Relic","Relic","Card","Relic","Relic"],"build_version":"2020-12-22","purchased_purges":2,"victory":false,"max_hp_per_floor":[79,79,79,79,79,79,79,79,79,79,79,79,79,79,79,79,79,79,79,79,79,79,79,79],"card_choices":[{"not_picked":["FlyingSleeves","Replay:BluntJabs"],"picked":"Halt","floor":1},{"not_picked":["Worship","SashWhip"],"picked":"Protect","floor":2},{"not_picked":["Replay:ManipulateFuture","BowlingBash"],"picked":"FearNoEvil","floor":5},{"not_picked":["Replay:AtTheReady","Protect"],"picked":"Perseverance","floor":6},{"not_picked":["Meditate","Perseverance"],"picked":"Replay:AtTheReady","floor":8},{"not_picked":["Indignation","Swivel"],"picked":"Replay:Vibes","floor":10},{"not_picked":["InnerPeace","Blasphemy"],"picked":"FearNoEvil","floor":11},{"not_picked":["EmptyBody","WaveOfTheHand"],"picked":"Indignation","floor":12},{"not_picked":["Vault","Scrawl"],"picked":"Replay:LoomingThreat","floor":16},{"not_picked":["Protect","Evaluate"],"picked":"DeceiveReality+1","floor":18}],"player_experience":264658,"relics_obtained":[{"floor":6,"key":"Ancient Tea Set"},{"floor":9,"key":"Akabeko"},{"floor":10,"key":"Orichalcum"}],"event_choices":[{"damage_healed":0,"gold_gain":0,"player_choice":"Trade","damage_taken":0,"relics_obtained":["SsserpentHead"],"max_hp_gain":0,"max_hp_loss":0,"event_name":"FaceTrader","floor":4,"gold_loss":0},{"damage_healed":0,"gold_gain":0,"player_choice":"Joined the Cult","damage_taken":6,"max_hp_gain":0,"max_hp_loss":0,"event_name":"Nest","floor":19,"gold_loss":0,"cards_obtained":["RitualDagger"]},{"damage_healed":0,"gold_gain":0,"player_choice":"Obtained Relic","damage_taken":0,"relics_obtained":["Oddly Smooth Stone"],"max_hp_gain":0,"max_hp_loss":0,"event_name":"Addict","floor":20,"gold_loss":85}],"is_beta":false,"boss_relics":[{"not_picked":["Black Star","Runic Dome"],"picked":"Cursed Key"}],"items_purged_floors":[3,13],"is_endless":false,"potions_floor_spawned":[8,11,12,16],"killed_by":"Slavers","ascension_level":2}}