{"host":"ml2ro5l6hu6y0pll","time":1612203408,"event":{"mods":["AchievementEnabler","BaseMod","Colored Map","Colored Powertips","Custom Start","Googly Eyes","Minty Spire (QoL Compilation)","Quick Restart","Rare Cards Sparkle","Relic Stats","Reliquary","StSLib","everything is the same but u backflip on backflip"],"gold_per_floor":[119,129,279,60,79,79,89,414,414,414,446,111,129,146,146,219,219,236,254,254,254,29,64,78,106,153,163,163,193,207,162,162,239,239,251,251,251,261,76,76,93,120,120,120,138,164,164,228,228,253,253,253,253,80,106,106],"floor_reached":57,"language":"ENG","playtime":3344,"items_purged":["Doubt"],"score":3514,"play_id":"4d1fcead-700a-45cd-866d-5251176fc004","local_time":"20210201181648","is_ascension_mode":true,"campfire_choices":[{"data":"TalkToTheHand","floor":6.0,"key":"SMITH"},{"data":"Meditate","floor":15.0,"key":"SMITH"},{"data":"Nirvana","floor":32.0,"key":"SMITH"},{"data":"Omniscience","floor":40.0,"key":"SMITH"},{"floor":44.0,"key":"RECALL"},{"data":"Fasting2","floor":49,"key":"SMITH"},{"data":"Wish","floor":53,"key":"SMITH"}],"circlet_count":0,"master_deck":["Meditate+1","EmptyMind","ThirdEye","ThirdEye","ThirdEye","Vigilance","Eruption","Tantrum","FearNoEvil","TalkToTheHand+1","Conclude","Weave","CutThroughFate","WheelKick","WaveOfTheHand","Adaptation","LikeWater","ClearTheMind","Nirvana+1","Omniscience+1","Crescendo","Wireheading","WindmillStrike+1","Wireheading","Omniscience","Fasting2+1","Vault","Wallop+1","Wish+1","MentalFortress+1","Wallop+1","Vault"],"relics":["PureWater","OrangePellets","Membership Card","Mummified Hand","reliquary:BoilingFlask","reliquary:PurpleTingedLeaf","Old Coin","Shuriken","reliquary:TridentHead","Mercury Hourglass","Chemical X","Calipers","Philosopher\u0027s Stone","ClockworkSouvenir","InkBottle","Pen Nib","Molten Egg 2","HornCleat","Shovel","VioletLotus","Bag of Preparation","DollysMirror","Art of War","Frozen Egg 2","Orrery","TeardropLocket"],"acts_visited":["Exordium","TheCity","TheBeyond","TheEnding"],"potions_floor_usage":[56],"damage_taken":[{"damage":0.0,"enemies":"Cultist","floor":1.0,"turns":2.0},{"damage":0.0,"enemies":"Jaw Worm","floor":2.0,"turns":4.0},{"damage":1.0,"enemies":"Small Slimes","floor":5.0,"turns":2.0},{"damage":0.0,"enemies":"Looter","floor":7.0,"turns":4.0},{"damage":0.0,"enemies":"Gremlin Nob","floor":8.0,"turns":2.0},{"damage":0.0,"enemies":"Lagavulin","floor":11.0,"turns":3.0},{"damage":0.0,"enemies":"2 Fungi Beasts","floor":13.0,"turns":2.0},{"damage":0.0,"enemies":"Exordium Thugs","floor":14.0,"turns":2.0},{"damage":0.0,"enemies":"The Guardian","floor":16.0,"turns":6.0},{"damage":9.0,"enemies":"2 Thieves","floor":18.0,"turns":2.0},{"damage":0.0,"enemies":"Spheric Guardian","floor":19.0,"turns":3.0},{"damage":0.0,"enemies":"Gremlin Leader","floor":23.0,"turns":4.0},{"damage":0.0,"enemies":"Shelled Parasite and Fungi","floor":24.0,"turns":2.0},{"damage":0.0,"enemies":"Book of Stabbing","floor":25.0,"turns":3.0},{"damage":4.0,"enemies":"Chosen and Byrds","floor":27.0,"turns":2.0},{"damage":0.0,"enemies":"Gremlin Leader","floor":29.0,"turns":3.0},{"damage":0.0,"enemies":"Sentry and Sphere","floor":30.0,"turns":2.0},{"damage":0.0,"enemies":"Champ","floor":33.0,"turns":6.0},{"damage":2.0,"enemies":"Orb Walker","floor":35.0,"turns":3.0},{"damage":2.0,"enemies":"3 Darklings","floor":38.0,"turns":2.0},{"damage":0.0,"enemies":"Jaw Worm Horde","floor":41.0,"turns":1.0},{"damage":19.0,"enemies":"Nemesis","floor":42.0,"turns":5.0},{"damage":0,"enemies":"4 Shapes","floor":45,"turns":1},{"damage":0,"enemies":"Giant Head","floor":46,"turns":2},{"damage":0,"enemies":"Transient","floor":48,"turns":7},{"damage":0,"enemies":"Donu and Deca","floor":50,"turns":4},{"damage":23,"enemies":"Time Eater","floor":51,"turns":7},{"damage":0,"enemies":"Shield and Spear","floor":55,"turns":4},{"damage":13,"enemies":"The Heart","floor":56,"turns":8}],"seed_played":"-6348102565678884326","potions_obtained":[{"floor":1.0,"key":"FearPotion"},{"floor":7.0,"key":"BottledMiracle"},{"floor":23.0,"key":"StancePotion"},{"floor":24.0,"key":"Energy Potion"},{"floor":45,"key":"EntropicBrew"},{"floor":48,"key":"Swift Potion"}],"is_trial":true,"path_per_floor":["M","M","?","$","M","R","M","E","T","?","E","$","M","M","R","B",null,"M","M","?","?","$","E","M","E","T","M","T","E","M","$","R","B",null,"M","?","?","M","$","R","M","E","T","R","M","E","?","M","R","B","B",null,"R","$","E","B",null],"character_chosen":"WATCHER","items_purchased":["reliquary:PurpleTingedLeaf","Adaptation","Mercury Hourglass","Nirvana","Chemical X","reliquary:FerryPass","ClockworkSouvenir","InkBottle","Wireheading","Bag of Preparation","DollysMirror","Fasting2","MentalFortress+1","Orrery","Wallop+1"],"campfire_rested":0,"item_purchase_floors":[4,4,12,12,12,12,22,22,31,39,39,39,54,54,54],"current_hp_per_floor":[61,61,61,61,64,64,68,68,68,73,73,73,73,73,73,73,73,66,69,69,69,69,72,73,73,73,71,71,72,72,72,72,73,73,72,72,69,69,69,69,69,54,54,54,54,59,59,69,69,69,49,64,64,64,65,60],"gold":106,"neow_bonus":"","is_daily":false,"chose_seed":false,"campfire_upgraded":6,"win_rate":0.0,"timestamp":1612203408,"path_taken":["M","?","?","$","M","R","M","E","T","?","E","?","M","?","R","BOSS","M","M","?","?","$","E","M","E","T","?","?","E","M","$","R","BOSS","M","?","?","M","$","R","M","E","T","R","M","E","?","M","R","BOSS","BOSS","R","$","E","BOSS"],"items_purchased_type":["Relic","Card","Relic","Card","Relic","Relic","Relic","Relic","Card","Relic","Relic","Card","Card","Relic","Card"],"build_version":"2020-12-22","purchased_purges":1,"victory":true,"max_hp_per_floor":[68,68,68,68,68,68,68,68,68,73,73,73,73,73,73,73,73,73,73,73,73,73,73,73,73,73,73,73,73,73,73,73,73,73,73,73,69,69,69,69,69,69,69,69,69,69,69,69,69,69,69,69,69,69,69,69],"relic_stats":{"counters":[29,98],"Pen Nib":[23],"Bag of Preparation":[18],"Mercury Hourglass":[272],"OrangePellets":[9],"Shovel":0,"Mummified Hand":[137],"Shuriken":[70],"VioletLotus":[24],"Art of War":[0],"Chemical X":[1],"obtain_stats":[{"Calipers":16,"reliquary:BoilingFlask":0,"Bag of Preparation":39,"TeardropLocket":55,"Old Coin":8,"reliquary:FerryPass":12,"ClockworkSouvenir":22,"reliquary:TridentHead":11,"HornCleat":28,"Shovel":29,"Mummified Hand":0,"DollysMirror":39,"Philosopher\u0027s Stone":17,"VioletLotus":34,"Chemical X":12,"InkBottle":22,"Pen Nib":23,"Frozen Egg 2":46,"Mercury Hourglass":12,"OrangePellets":0,"Shuriken":9,"Orrery":54,"Molten Egg 2":25,"Art of War":42,"Membership Card":0,"PureWater":0,"reliquary:PurpleTingedLeaf":4},{"Calipers":9,"reliquary:BoilingFlask":0,"Bag of Preparation":20,"TeardropLocket":28,"Old Coin":5,"reliquary:FerryPass":6,"ClockworkSouvenir":11,"reliquary:TridentHead":6,"HornCleat":15,"Shovel":16,"Mummified Hand":0,"DollysMirror":20,"Philosopher\u0027s Stone":9,"VioletLotus":18,"Chemical X":6,"InkBottle":11,"Pen Nib":12,"Frozen Egg 2":24,"Mercury Hourglass":6,"OrangePellets":0,"Shuriken":5,"Orrery":27,"Molten Egg 2":14,"Art of War":22,"Membership Card":0,"PureWater":0,"reliquary:PurpleTingedLeaf":2},{"Calipers":27,"reliquary:BoilingFlask":0,"Bag of Preparation":59,"TeardropLocket":90,"Old Coin":14,"reliquary:FerryPass":17,"ClockworkSouvenir":32,"reliquary:TridentHead":17,"HornCleat":43,"Shovel":46,"Mummified Hand":0,"DollysMirror":59,"Philosopher\u0027s Stone":27,"VioletLotus":54,"Chemical X":17,"InkBottle":32,"Pen Nib":36,"Frozen Egg 2":68,"Mercury Hourglass":17,"OrangePellets":0,"Shuriken":14,"Orrery":86,"Molten Egg 2":41,"Art of War":65,"Membership Card":0,"PureWater":0,"reliquary:PurpleTingedLeaf":6}],"InkBottle":[47]},"card_choices":[{"not_picked":["Vengeance","SashWhip"],"picked":"WheelKick","floor":1.0},{"not_picked":["SashWhip","FlyingSleeves"],"picked":"WaveOfTheHand","floor":2.0},{"not_picked":["Meditate","FlyingSleeves","PathToVictory"],"picked":"SKIP","floor":5.0},{"not_picked":["Indignation","Evaluate"],"picked":"LikeWater","floor":7.0},{"not_picked":["EmptyBody","ForeignInfluence"],"picked":"ClearTheMind","floor":8.0},{"not_picked":["Swivel","Consecrate","Evaluate"],"picked":"SKIP","floor":11.0},{"not_picked":["Consecrate","BowlingBash","JustLucky"],"picked":"SKIP","floor":13.0},{"not_picked":["ClearTheMind","Perseverance","ConjureBlade"],"picked":"SKIP","floor":14.0},{"not_picked":["Alpha","LessonLearned"],"picked":"Omniscience","floor":16.0},{"not_picked":["Protect","EmptyBody"],"picked":"Crescendo","floor":18.0},{"not_picked":["Evaluate","Tantrum"],"picked":"Wireheading","floor":19.0},{"not_picked":["JustLucky","Consecrate","EmptyBody"],"picked":"SKIP","floor":23.0},{"not_picked":["EmptyMind","BowlingBash","WindmillStrike"],"picked":"SKIP","floor":24.0},{"not_picked":["FollowUp+1","LikeWater","Consecrate+1"],"picked":"SKIP","floor":25.0},{"not_picked":["Evaluate+1","FollowUp+1","SandsOfTime+1"],"picked":"SKIP","floor":27.0},{"not_picked":["Ragnarok+1","ClearTheMind+1","ThirdEye"],"picked":"SKIP","floor":29.0},{"not_picked":["BattleHymn","Evaluate","WindmillStrike+1"],"picked":"SKIP","floor":30.0},{"not_picked":["BattleHymn","Evaluate"],"picked":"WindmillStrike+1","floor":30.0},{"not_picked":["Perseverance+1","CutThroughFate+1","ClearTheMind"],"picked":"SKIP","floor":35.0},{"not_picked":["Consecrate+1","Protect","ForeignInfluence"],"picked":"SKIP","floor":38.0},{"not_picked":["JustLucky+1","SashWhip+1","EmptyFist+1"],"picked":"SKIP","floor":41.0},{"not_picked":["CutThroughFate+1","CrushJoints+1"],"picked":"Vault","floor":42.0},{"not_picked":["FlyingSleeves+1","ClearTheMind"],"picked":"Wallop+1","floor":45},{"not_picked":["Crescendo","Indignation"],"picked":"Wish","floor":46},{"not_picked":["ClearTheMind+1","DeceiveReality","Crescendo"],"picked":"SKIP","floor":48},{"not_picked":["ClearTheMind+1","DeceiveReality","Crescendo"],"picked":"SKIP","floor":48},{"not_picked":["WaveOfTheHand+1","WreathOfFlame"],"picked":"Vault","floor":55}],"player_experience":890524,"relics_obtained":[{"floor":8.0,"key":"Old Coin"},{"floor":9.0,"key":"Shuriken"},{"floor":11.0,"key":"reliquary:TridentHead"},{"floor":16.0,"key":"Calipers"},{"floor":23.0,"key":"Pen Nib"},{"floor":25.0,"key":"Molten Egg 2"},{"floor":28.0,"key":"HornCleat"},{"floor":29.0,"key":"Shovel"},{"floor":42.0,"key":"Art of War"},{"floor":46,"key":"Frozen Egg 2"},{"floor":55,"key":"TeardropLocket"}],"event_choices":[{"damage_healed":0.0,"max_hp_gain":0.0,"max_hp_loss":0.0,"gold_gain":150.0,"event_name":"Liars Game","player_choice":"AGREE","floor":3.0,"gold_loss":0.0,"damage_taken":0.0,"cards_obtained":["Doubt"]},{"damage_healed":0.0,"max_hp_gain":5.0,"max_hp_loss":0.0,"gold_gain":0.0,"event_name":"Big Fish","player_choice":"Donut","floor":10.0,"gold_loss":0.0,"damage_taken":0.0},{"damage_healed":0.0,"max_hp_gain":0.0,"max_hp_loss":0.0,"gold_gain":0.0,"event_name":"Ghosts","player_choice":"Ignored","floor":20.0,"gold_loss":0.0,"damage_taken":0.0},{"damage_healed":0.0,"max_hp_gain":0.0,"max_hp_loss":0.0,"gold_gain":0.0,"event_name":"Match and Keep!","player_choice":"0 cards matched","floor":21.0,"gold_loss":0.0,"damage_taken":0.0,"cards_obtained":[]},{"damage_healed":0.0,"max_hp_gain":0.0,"max_hp_loss":0.0,"gold_gain":0.0,"event_name":"SensoryStone","player_choice":"Memory 1","floor":36.0,"gold_loss":0.0,"damage_taken":0.0},{"damage_healed":0.0,"max_hp_gain":0.0,"max_hp_loss":4.0,"gold_gain":0.0,"event_name":"Winding Halls","player_choice":"Max HP","floor":37.0,"gold_loss":0.0,"damage_taken":0.0},{"damage_healed":0,"gold_gain":0,"player_choice":"Ignored","damage_taken":0,"max_hp_gain":0,"max_hp_loss":0,"event_name":"Tomb of Lord Red Mask","floor":47,"gold_loss":0}],"is_beta":false,"boss_relics":[{"not_picked":["reliquary:KinkedSpring","Runic Dome"],"picked":"Philosopher\u0027s Stone"},{"not_picked":["Pandora\u0027s Box","Busted Crown"],"picked":"VioletLotus"}],"items_purged_floors":[4],"is_endless":false,"potions_floor_spawned":[1,7,11,13,14,23,24,27,30,38,42,45,48,55],"ascension_level":20}}