{"host":"2se5dq1do2gp0x9k","time":1612160645,"event":{"mods":["AchievementEnabler","BaseMod","Block Reminder","Colored Map","Colored Powertips","Minty Spire (QoL Compilation)","Relic Stats","StSLib","SuperFastMode"],"gold_per_floor":[111,121,135,135,135,175,190,190,190,190,209,233,71,86,86,180,180,201,126,47,47,47,47],"floor_reached":22,"language":"ENG","playtime":590,"items_purged":["Strike_B"],"score":372,"play_id":"679fe9e5-79d4-48aa-8d2f-a5bdfb8cd53d","local_time":"20210131222405","is_ascension_mode":true,"campfire_choices":[{"floor":8.0,"key":"REST"},{"data":"Streamline","floor":10.0,"key":"SMITH"},{"data":"Recycle","floor":15.0,"key":"SMITH"}],"circlet_count":0,"master_deck":["AscendersBane","Strike_B","Defend_B","Defend_B","Defend_B","Defend_B","Zap","Dualcast","Echo Form","Streamline+1","Coolheaded","Gash","Doom and Gloom","Steam","Coolheaded","Beam Cell","Recycle+1","Undo","Machine Learning","Go for the Eyes","Self Repair"],"relics":["Cracked Core","Golden Idol","Pocketwatch","Question Card","SlaversCollar"],"acts_visited":["Exordium","TheCity"],"potions_floor_usage":[],"damage_taken":[{"damage":12.0,"enemies":"Cultist","floor":1.0,"turns":5.0},{"damage":4.0,"enemies":"2 Louse","floor":2.0,"turns":3.0},{"damage":2.0,"enemies":"Small Slimes","floor":3.0,"turns":4.0},{"damage":12.0,"enemies":"Lagavulin","floor":6.0,"turns":6.0},{"damage":4.0,"enemies":"Red Slaver","floor":7.0,"turns":3.0},{"damage":5.0,"enemies":"Looter","floor":11.0,"turns":2.0},{"damage":14.0,"enemies":"Exordium Thugs","floor":12.0,"turns":4.0},{"damage":0.0,"enemies":"Large Slime","floor":14.0,"turns":4.0},{"damage":11.0,"enemies":"Hexaghost","floor":16.0,"turns":10.0},{"damage":25.0,"enemies":"3 Byrds","floor":18.0,"turns":5.0},{"damage":0,"enemies":"2 Thieves","floor":22,"turns":1}],"seed_played":"217105077776013589","potions_obtained":[{"floor":2.0,"key":"LiquidBronze"},{"floor":12.0,"key":"SmokeBomb"},{"floor":14.0,"key":"Dexterity Potion"},{"floor":18.0,"key":"LiquidBronze"}],"is_trial":false,"path_per_floor":["M","M","M","?","?","E","M","R","T","R","M","M","$","M","R","B",null,"M","?","$","?","M"],"character_chosen":"DEFECT","items_purchased":["Recycle","Self Repair"],"campfire_rested":1,"item_purchase_floors":[13,20],"current_hp_per_floor":[34,30,28,28,28,16,12,31,31,31,26,12,12,12,12,1,48,23,23,23,23,23,23],"gold":47,"neow_bonus":"THREE_RARE_CARDS","is_daily":false,"chose_seed":false,"campfire_upgraded":2,"win_rate":0.0,"timestamp":1612160645,"path_taken":["M","?","M","?","?","E","M","R","T","R","M","M","$","M","R","BOSS","M","?","$","?","?"],"items_purchased_type":["Card","Card"],"build_version":"2020-12-22","purchased_purges":1,"victory":false,"max_hp_per_floor":[71,71,71,64,64,64,64,64,64,64,64,64,64,64,64,64,64,64,64,64,64,64,64],"relic_stats":{"counters":[11,47],"Golden Idol":46,"Question Card":5,"obtain_stats":[{"SlaversCollar":17,"Golden Idol":4,"Cracked Core":0,"Question Card":9,"Pocketwatch":6},{"SlaversCollar":9,"Golden Idol":3,"Cracked Core":0,"Question Card":5,"Pocketwatch":4},{"SlaversCollar":41,"Golden Idol":12,"Cracked Core":0,"Question Card":21,"Pocketwatch":18}],"Pocketwatch":[24]},"card_choices":[{"not_picked":["Fission","Multi-Cast"],"picked":"Echo Form","floor":0.0},{"not_picked":["Rebound","Auto Shields"],"picked":"Streamline","floor":1.0},{"not_picked":["Fusion","Streamline"],"picked":"Coolheaded","floor":2.0},{"not_picked":["Beam Cell","Skim"],"picked":"Gash","floor":3.0},{"not_picked":["Tempest","Stack"],"picked":"Doom and Gloom","floor":6.0},{"not_picked":["Sweeping Beam","Stack"],"picked":"Steam","floor":7.0},{"not_picked":["Beam Cell","Leap","Machine Learning"],"picked":"Coolheaded","floor":11.0},{"not_picked":["BootSequence","Redo","Turbo"],"picked":"Beam Cell","floor":12.0},{"not_picked":["Go for the Eyes","Heatsinks","Capacitor"],"picked":"Undo","floor":14.0},{"not_picked":["Echo Form","Meteor Strike","Amplify"],"picked":"Machine Learning","floor":16.0},{"not_picked":["Scrape","Compile Driver","Storm"],"picked":"Go for the Eyes","floor":18.0}],"player_experience":4040273,"relics_obtained":[{"floor":6.0,"key":"Pocketwatch"},{"floor":9.0,"key":"Question Card"}],"event_choices":[{"damage_healed":0.0,"max_hp_gain":0.0,"max_hp_loss":7.0,"gold_gain":0.0,"event_name":"Golden Idol","player_choice":"Lose Max HP","floor":4.0,"gold_loss":0.0,"damage_taken":0.0,"relics_obtained":["Golden Idol"]},{"cards_removed":["Strike_B"],"damage_healed":0.0,"max_hp_gain":0.0,"max_hp_loss":0.0,"gold_gain":0.0,"event_name":"Bonfire Elementals","player_choice":"Offered Basic","floor":5.0,"gold_loss":0.0,"damage_taken":0.0},{"cards_removed":["Strike_B"],"damage_healed":0.0,"max_hp_gain":0.0,"max_hp_loss":0.0,"gold_gain":0.0,"event_name":"Beggar","player_choice":"Gave Gold","floor":19.0,"gold_loss":75.0,"damage_taken":0.0},{"damage_healed":0,"gold_gain":0,"player_choice":"Ignored","damage_taken":0,"max_hp_gain":0,"max_hp_loss":0,"event_name":"N\u0027loth","floor":21,"gold_loss":0}],"is_beta":false,"boss_relics":[{"not_picked":["Snecko Eye","FrozenCore"],"picked":"SlaversCollar"}],"items_purged_floors":[13],"is_endless":false,"potions_floor_spawned":[2,12,14,18],"killed_by":"2 Thieves","ascension_level":20}}