{"host":"mp3zbolja7t2zuvr","time":1612214980,"event":{"mods":["AchievementEnabler","BaseMod","Curses Come First","Minty Spire (QoL Compilation)","Permanent Neow","Relic Stats","StSLib","Synergy Search","Uncapped"],"gold_per_floor":[113,132,132,142,142,159,174,174,222,254,181,181,199,213,213,328,328,345,345,363,378,32,32,32,32],"floor_reached":24,"language":"ENG","playtime":1339,"items_purged":[],"score":200,"play_id":"fc0d0632-ed48-42cb-aaad-d3b95499097c","local_time":"20210201162940","is_ascension_mode":false,"campfire_choices":[{"data":"FlyingSleeves","floor":8,"key":"SMITH"},{"data":"WaveOfTheHand","floor":12,"key":"SMITH"},{"data":"Perseverance","floor":15,"key":"SMITH"},{"data":"TalkToTheHand","floor":23,"key":"SMITH"}],"circlet_count":0,"master_deck":["Strike_P","Strike_P","Strike_P","Strike_P","Defend_P","Defend_P+1","Defend_P","Defend_P","Eruption+1","Vigilance","ClearTheMind+1","WaveOfTheHand+1","Fasting2+1","EmptyFist","FlyingSleeves+1","Protect","Vengeance","Wireheading","Perseverance+1","Conclude","LessonLearned","TalkToTheHand+1","FlurryOfBlows","LessonLearned","Indignation","Flash of Steel"],"relics":["PureWater","Pantograph","Snecko Eye","Nilry\u0027s Codex"],"acts_visited":["Exordium","TheCity"],"potions_floor_usage":[13,16,21,24],"damage_taken":[{"damage":0,"enemies":"2 Louse","floor":1,"turns":2},{"damage":0,"enemies":"Cultist","floor":2,"turns":4},{"damage":0,"enemies":"Jaw Worm","floor":4,"turns":5},{"damage":0,"enemies":"2 Fungi Beasts","floor":6,"turns":2},{"damage":5,"enemies":"Looter","floor":7,"turns":4},{"damage":46,"enemies":"3 Sentries","floor":10,"turns":12},{"damage":3,"enemies":"Exordium Wildlife","floor":13,"turns":5},{"damage":1,"enemies":"Lots of Slimes","floor":14,"turns":7},{"damage":15,"enemies":"Slime Boss","floor":16,"turns":6},{"damage":2,"enemies":"3 Byrds","floor":18,"turns":5},{"damage":5,"enemies":"Shell Parasite","floor":20,"turns":5},{"damage":17,"enemies":"Centurion and Healer","floor":21,"turns":8},{"damage":17,"enemies":"Gremlin Leader","floor":24,"turns":3}],"seed_played":"-7103514637335361485","potions_obtained":[{"floor":1,"key":"GamblersBrew"},{"floor":10,"key":"Strength Potion"},{"floor":13,"key":"ColorlessPotion"},{"floor":14,"key":"EssenceOfSteel"},{"floor":16,"key":"Weak Potion"},{"floor":21,"key":"Energy Potion"}],"is_trial":false,"path_per_floor":["M","M","?","M","$","M","M","R","T","E","$","R","M","M","R","B",null,"M","?","M","M","$","R","E"],"character_chosen":"WATCHER","items_purchased":["Wireheading","FlurryOfBlows","LessonLearned","Indignation","Flash of Steel"],"campfire_rested":0,"item_purchase_floors":[11,22,22,22,22],"current_hp_per_floor":[72,72,72,72,72,72,67,67,67,21,21,21,18,17,17,27,72,70,54,49,32,32,32,15,15],"gold":32,"neow_bonus":"THREE_CARDS","is_daily":false,"chose_seed":false,"campfire_upgraded":4,"win_rate":0.0,"timestamp":1612214980,"path_taken":["M","M","?","?","$","M","M","R","T","E","$","R","M","M","R","BOSS","M","?","M","M","$","R","E"],"items_purchased_type":["Card","Card","Card","Card","Card"],"build_version":"2020-12-22","purchased_purges":0,"victory":false,"max_hp_per_floor":[72,72,72,72,72,72,72,72,72,72,72,72,72,72,72,72,72,72,72,72,72,72,72,72,72],"relic_stats":{"counters":[13,68],"Pantograph":25,"Snecko Eye":[46,28,42,38],"obtain_stats":[{"Nilry\u0027s Codex":19,"Pantograph":10,"Snecko Eye":17,"PureWater":0},{"Nilry\u0027s Codex":10,"Pantograph":6,"Snecko Eye":9,"PureWater":0},{"Nilry\u0027s Codex":52,"Pantograph":29,"Snecko Eye":47,"PureWater":0}]},"card_choices":[{"not_picked":["InnerPeace","Study"],"picked":"ClearTheMind","floor":0},{"not_picked":["FlyingSleeves","JustLucky"],"picked":"WaveOfTheHand","floor":1},{"not_picked":["ClearTheMind","Collect"],"picked":"Fasting2","floor":2},{"not_picked":["JustLucky","ThirdEye"],"picked":"EmptyFist","floor":4},{"not_picked":["Consecrate","Swivel"],"picked":"FlyingSleeves","floor":6},{"not_picked":["Halt","ThirdEye"],"picked":"Protect","floor":7},{"not_picked":["Establishment","CrushJoints"],"picked":"Vengeance","floor":10},{"not_picked":["WaveOfTheHand","Protect"],"picked":"Perseverance","floor":13},{"not_picked":["EmptyBody","FlyingSleeves"],"picked":"Conclude","floor":14},{"not_picked":["Ragnarok","Omniscience"],"picked":"LessonLearned","floor":16},{"not_picked":["BattleHymn","Prostrate","LikeWater"],"picked":"SKIP","floor":18},{"not_picked":["Halt","Study"],"picked":"TalkToTheHand","floor":20},{"not_picked":["BowlingBash+1","Wireheading","InnerPeace"],"picked":"SKIP","floor":21}],"player_experience":127939,"relics_obtained":[{"floor":10,"key":"Pantograph"},{"floor":19,"key":"Nilry\u0027s Codex"}],"event_choices":[{"damage_healed":0,"gold_gain":0,"player_choice":"Upgraded","damage_taken":0,"max_hp_gain":0,"max_hp_loss":0,"event_name":"Upgrade Shrine","floor":3,"gold_loss":0,"cards_upgraded":["Fasting2"]},{"damage_healed":0,"gold_gain":0,"player_choice":"Obtained Book","damage_taken":16,"max_hp_gain":0,"max_hp_loss":0,"event_name":"Cursed Tome","floor":19,"gold_loss":0}],"is_beta":false,"boss_relics":[{"not_picked":["Busted Crown","VioletLotus"],"picked":"Snecko Eye"}],"items_purged_floors":[],"is_endless":false,"potions_floor_spawned":[1,10,13,14,16,21],"killed_by":"Gremlin Leader","ascension_level":0}}