{"host":"clf2hd4adhiiw0zf","time":1612160259,"event":{"mods":["AchievementEnabler","BaseMod","Beaked The Cultist","Bestiary","Dark Map","Downfall","Gremlin Mod","Hermit","Jorbs\u0027s Wanderer Trilogy","Marisa????????","Minty Spire (QoL Compilation)","Shop Mod","StSLib","The Cursed","The Servant 0.9.4","Wide Potions"],"gold_per_floor":[99,113,113,113,127,138,185,285,285,185,197,182,182,217,235,335,335,335,364,385,435,280,320,345,345,345,345],"floor_reached":25,"language":"ENG","playtime":860,"items_purged":[],"score":254,"play_id":"3efcc9b0-8fcc-4615-b31c-14017d7080d2","local_time":"20210131231739","is_ascension_mode":true,"campfire_choices":[{"floor":1.0,"key":"RECALL"},{"data":"champ:PerfectedStrike","floor":10.0,"key":"SMITH"},{"data":"champ:TripleStrike","floor":13.0,"key":"SMITH"},{"data":"champ:MurderStrike","floor":18.0,"key":"SMITH"}],"circlet_count":0,"master_deck":["champ:Strike","champ:Strike","champ:Strike","champ:Strike","champ:Defend","champ:Defend","champ:Defend","champ:Defend","champ:Execute","champ:Taunt","champ:BladeFlurry","champ:Execute+1","champ:PerfectedStrike+1","champ:ShieldWall","champ:BladeFlurry","champ:TripleStrike+1","champ:Duel","champ:HeavySlash","champ:MurderStrike+1","CurseOfTheBell","champ:FlashCut","champ:TornadoPunch","champ:AdrenalArmor+1","champ:TripleStrike","champ:EnchantSword"],"relics":["champ:ChampionCrown","Calipers","champ:FightingForDummies","downfall:CloakOfManyFaces","CultistMask","FaceOfCleric","NlothsMask","GremlinMask","SsserpentHead","downfall:HeartBlessingRed","Smiling Mask","Calling Bell","CeramicFish","Pantograph","Bird Faced Urn","Lantern"],"acts_visited":["Exordium","TheCity"],"potions_floor_usage":[],"damage_taken":[{"damage":15.0,"enemies":"Jaw Worm","floor":2.0,"turns":6.0},{"damage":13.0,"enemies":"Small Slimes","floor":5.0,"turns":2.0},{"damage":10.0,"enemies":"Cultist","floor":6.0,"turns":2.0},{"damage":24.0,"enemies":"downfall:FaceTrader","floor":8.0,"turns":8.0},{"damage":0.0,"enemies":"Lots of Slimes","floor":9.0,"turns":1.0},{"damage":14.0,"enemies":"2 Fungi Beasts","floor":11.0,"turns":3.0},{"damage":20.0,"enemies":"downfall:FleeingMerchant","floor":12.0,"turns":4.0},{"damage":20.0,"enemies":"Gremlin Nob","floor":14.0,"turns":3.0},{"damage":4.0,"enemies":"Exordium Thugs","floor":15.0,"turns":4.0},{"damage":34.0,"enemies":"SI_SHIV_ARCHETYPE","floor":16.0,"turns":8.0},{"damage":13.0,"enemies":"Spheric Guardian","floor":19.0,"turns":4.0},{"damage":22.0,"enemies":"Chosen","floor":20.0,"turns":5.0},{"damage":14.0,"enemies":"downfall:FleeingMerchant","floor":22.0,"turns":4.0},{"damage":52.0,"enemies":"Gremlin Leader","floor":23.0,"turns":5.0},{"damage":37,"enemies":"Centurion and Healer","floor":25,"turns":3}],"seed_played":"6700392955736662056","potions_obtained":[{"floor":2.0,"key":"DuplicationPotion"},{"floor":5.0,"key":"SmokeBomb"},{"floor":14.0,"key":"BlessingOfTheForge"},{"floor":19.0,"key":"CultistPotion"}],"is_trial":false,"path_per_floor":["R","M","?","?","M","M","T","?","M","R","M","$","R","E","M","B",null,"R","M","M","?","$","E","T","M"],"character_chosen":"THE_CHAMP","items_purchased":["champ:TripleStrike"],"campfire_rested":0,"item_purchase_floors":[22],"current_hp_per_floor":[90,85,85,85,82,82,82,78,79,79,76,77,77,68,65,42,96,96,84,73,73,70,21,21,0,0,0],"gold":345,"neow_bonus":"ONE_RARE_RELIC","is_daily":false,"chose_seed":false,"campfire_upgraded":3,"win_rate":0.0,"timestamp":1612160259,"path_taken":["R","M","?","?","?","?","T","?","M","R","M","$","R","E","M","BOSS","R","M","M","?","$","E","T","M"],"items_purchased_type":["Card"],"build_version":"2020-12-22","purchased_purges":0,"victory":false,"max_hp_per_floor":[90,90,90,90,90,90,90,90,91,91,92,93,93,94,95,96,96,96,97,98,98,99,100,100,100,100,100],"card_choices":[{"not_picked":["champ:Shatter","champ:DefensiveStyle"],"picked":"champ:BladeFlurry","floor":2.0},{"not_picked":["champ:ShieldSlam","champ:FanOfKnives"],"picked":"champ:PerfectedStrike","floor":5.0},{"not_picked":["champ:CrownThrow","champ:IronFortress"],"picked":"champ:ShieldWall","floor":6.0},{"not_picked":["champ:CrownThrow","champ:BringItOn"],"picked":"champ:BladeFlurry","floor":8.0},{"not_picked":["champ:SwordSigil","champ:BerserkersShout"],"picked":"champ:TripleStrike","floor":11.0},{"not_picked":["champ:TornadoPunch","champ:BladeFlurry"],"picked":"champ:Duel","floor":12.0},{"not_picked":["champ:SetATrap","champ:StanceDance"],"picked":"champ:HeavySlash","floor":14.0},{"not_picked":["champ:Circumvent","champ:Shatter","champ:HeartStrike"],"picked":"SKIP","floor":15.0},{"not_picked":["champ:CheapShot","champ:UltimateStance"],"picked":"champ:MurderStrike","floor":16.0},{"not_picked":["champ:Shatter","champ:DefensiveShout"],"picked":"champ:FlashCut","floor":19.0},{"not_picked":["champ:Haymaker","champ:DefensiveShout"],"picked":"champ:TornadoPunch","floor":20.0},{"not_picked":["champ:Duel","champ:CrookedStrike"],"picked":"champ:AdrenalArmor+1","floor":22.0},{"not_picked":["champ:IronFortress","champ:Circumvent"],"picked":"champ:EnchantSword","floor":23.0}],"player_experience":164188,"relics_obtained":[{"floor":7.0,"key":"champ:FightingForDummies"},{"floor":8.0,"key":"downfall:CloakOfManyFaces"},{"floor":14.0,"key":"Smiling Mask"},{"floor":17.0,"key":"CeramicFish"},{"floor":17.0,"key":"Pantograph"},{"floor":17.0,"key":"Bird Faced Urn"},{"floor":23.0,"key":"Lantern"}],"event_choices":[{"cards_removed":["Writhe"],"damage_healed":0.0,"max_hp_gain":0.0,"max_hp_loss":0.0,"gold_gain":0.0,"event_name":"The Cleric","player_choice":"Card Removal","floor":3.0,"gold_loss":0.0,"damage_taken":0.0},{"damage_healed":0.0,"max_hp_gain":0.0,"max_hp_loss":0.0,"gold_gain":0.0,"event_name":"Accursed Blacksmith","player_choice":"Forge","floor":21.0,"gold_loss":0.0,"damage_taken":0.0,"cards_upgraded":["champ:Execute"]}],"is_beta":false,"boss_relics":[{"not_picked":["Coffee Dripper","beaked:MawFillet"],"picked":"Calling Bell"}],"items_purged_floors":[],"is_endless":false,"potions_floor_spawned":[2,5,14,19],"killed_by":"Centurion and Healer","ascension_level":3}}