{"host":"5h6e4l6hpn0p5lap","time":1612181996,"event":{"mods":["AchievementEnabler","BaseMod","Better Altar","Better Match","Better Sensory Stone","Better Skull","Better Third Choice","Filter the Spire","Highlight Path","Minty Spire (QoL Compilation)","StSLib"],"gold_per_floor":[214,231,244,263,15,15,31,62,132,132,146,146,146,146,146,251,251,266,285,304,72,72,72,124,124,151,186,226,166,166,180,180,282,282,294,36,86,86,86,114,114,114,114,152,163,201,46,46,46,66,66,66,38,38,38],"floor_reached":54,"language":"ENG","playtime":2861,"items_purged":["Pain","Strike_G+1","Normality"],"score":919,"play_id":"78ac0da7-0b23-4e2c-ba69-93ba3c4a4b4c","local_time":"20210201071956","is_ascension_mode":true,"campfire_choices":[{"data":"Skewer","floor":6.0,"key":"SMITH"},{"floor":10.0,"key":"REST"},{"data":"Calculated Gamble","floor":15.0,"key":"SMITH"},{"data":"Well Laid Plans","floor":23.0,"key":"SMITH"},{"data":"Accuracy","floor":25.0,"key":"SMITH"},{"floor":30.0,"key":"REST"},{"data":"Blade Dance","floor":32.0,"key":"SMITH"},{"data":"Sucker Punch","floor":42,"key":"SMITH"},{"floor":49,"key":"RECALL"},{"floor":52,"key":"REST"}],"circlet_count":0,"master_deck":["Strike_G","Strike_G+1","Strike_G","Defend_G","Defend_G","Defend_G","Defend_G","Defend_G","Survivor","Neutralize","Blade Dance+1","Footwork","Sucker Punch+1","Skewer+1","Backflip","Quick Slash","Calculated Gamble+1","Malaise","Deflect","Cloak And Dagger+1","Accuracy+1","Backstab+1","Blur+1","Cloak And Dagger+1","Well Laid Plans+1","Noxious Fumes","HandOfGreed","PiercingWail+1","Caltrops","Prepared+1","Phantasmal Killer","Clumsy","Blade Dance","Finisher","Infinite Blades"],"relics":["Ring of the Snake","Ornamental Fan","The Courier","Kunai","Incense Burner","Cursed Key","Orrery","Whetstone","Busted Crown","ClockworkSouvenir","WingedGreaves","Smiling Mask","Bottled Tornado","Lizard Tail"],"acts_visited":["Exordium","TheCity","TheBeyond","TheEnding"],"potions_floor_usage":[33,40,40],"damage_taken":[{"damage":2.0,"enemies":"Cultist","floor":1.0,"turns":4.0},{"damage":0.0,"enemies":"2 Louse","floor":2.0,"turns":2.0},{"damage":2.0,"enemies":"Small Slimes","floor":3.0,"turns":4.0},{"damage":4.0,"enemies":"Blue Slaver","floor":4.0,"turns":5.0},{"damage":3.0,"enemies":"2 Fungi Beasts","floor":7.0,"turns":4.0},{"damage":13.0,"enemies":"Lagavulin","floor":8.0,"turns":6.0},{"damage":8.0,"enemies":"Looter","floor":11.0,"turns":3.0},{"damage":13.0,"enemies":"The Guardian","floor":16.0,"turns":17.0},{"damage":2.0,"enemies":"3 Byrds","floor":18.0,"turns":6.0},{"damage":2.0,"enemies":"Shell Parasite","floor":19.0,"turns":6.0},{"damage":0.0,"enemies":"Shelled Parasite and Fungi","floor":20.0,"turns":8.0},{"damage":8.0,"enemies":"Book of Stabbing","floor":24.0,"turns":6.0},{"damage":10.0,"enemies":"Sentry and Sphere","floor":27.0,"turns":6.0},{"damage":5.0,"enemies":"Snake Plant","floor":28.0,"turns":6.0},{"damage":0.0,"enemies":"Cultist and Chosen","floor":31.0,"turns":6.0},{"damage":59,"enemies":"Collector","floor":33,"turns":13},{"damage":0,"enemies":"Orb Walker","floor":35,"turns":4},{"damage":0,"enemies":"Mind Bloom Boss Battle","floor":37,"turns":6},{"damage":8,"enemies":"Nemesis","floor":40,"turns":11},{"damage":13,"enemies":"3 Shapes","floor":44,"turns":4},{"damage":2,"enemies":"Sphere and 2 Shapes","floor":45,"turns":4},{"damage":23,"enemies":"3 Darklings","floor":46,"turns":6},{"damage":66,"enemies":"Donu and Deca","floor":50,"turns":14},{"damage":50,"enemies":"Shield and Spear","floor":54,"turns":3}],"seed_played":"6996801900162155231","potions_obtained":[{"floor":2.0,"key":"Energy Potion"},{"floor":7.0,"key":"BlessingOfTheForge"},{"floor":8.0,"key":"FairyPotion"},{"floor":19.0,"key":"Ancient Potion"},{"floor":24.0,"key":"SkillPotion"},{"floor":28.0,"key":"Weak Potion"},{"floor":33,"key":"EssenceOfSteel"},{"floor":35,"key":"EssenceOfSteel"},{"floor":44,"key":"SpeedPotion"}],"is_trial":false,"path_per_floor":["M","M","M","M","$","R","M","E","T","R","M","?","?","?","R","B",null,"M","M","M","$","?","R","E","R","T","M","M","$","R","M","R","B",null,"M","$","?","?","?","E","T","R","T","M","M","M","$","?","R","B",null,"R","$","E"],"character_chosen":"THE_SILENT","items_purchased":["Ornamental Fan","Accuracy","Orrery","Noxious Fumes","Phantasmal Killer","ClockworkSouvenir","Blade Dance","Finisher","Infinite Blades"],"campfire_rested":3,"item_purchase_floors":[5,21,21,21,36,36,47,47,53],"current_hp_per_floor":[61,61,59,55,55,55,52,39,39,60,52,52,52,49,49,36,62,60,58,58,58,58,58,50,50,50,40,35,35,56,56,56,21,58,58,58,58,58,58,50,50,50,50,37,35,12,12,61,61,30,53,61,61,11,11],"gold":38,"neow_bonus":"HUNDRED_GOLD","is_daily":false,"chose_seed":false,"campfire_upgraded":6,"win_rate":0.0,"timestamp":1612181996,"path_taken":["M","M","M","M","$","R","M","E","T","R","M","?","?","?","R","BOSS","M","M","M","$","?","R","E","R","T","M","M","$","R","M","R","BOSS","M","$","?","?","?","E","?","R","T","M","?","M","$","?","R","BOSS","R","$","E"],"items_purchased_type":["Relic","Card","Relic","Card","Card","Relic","Card","Card","Card"],"build_version":"2020-12-22","purchased_purges":3,"victory":false,"max_hp_per_floor":[70,70,70,70,70,70,70,70,70,70,70,70,70,70,70,70,70,70,70,70,70,70,70,70,70,70,70,70,70,70,70,70,70,70,70,70,70,70,70,70,70,70,70,70,70,70,70,61,61,61,61,61,61,61,61],"card_choices":[{"not_picked":["Reflex","Dodge and Roll"],"picked":"Blade Dance","floor":1.0},{"not_picked":["Underhanded Strike","Leg Sweep"],"picked":"Footwork","floor":2.0},{"not_picked":["Acrobatics","PiercingWail"],"picked":"Sucker Punch","floor":3.0},{"not_picked":["Quick Slash","Poisoned Stab"],"picked":"Skewer","floor":4.0},{"not_picked":["Dodge and Roll","Catalyst"],"picked":"Backflip","floor":7.0},{"not_picked":["Acrobatics","All Out Attack"],"picked":"Quick Slash","floor":8.0},{"not_picked":["Infinite Blades","Eviscerate"],"picked":"Calculated Gamble","floor":11.0},{"not_picked":["Bullet Time","Venomology"],"picked":"Malaise","floor":16.0},{"not_picked":["PiercingWail","Dagger Spray"],"picked":"Deflect","floor":18.0},{"not_picked":["Deflect+1","Caltrops"],"picked":"Cloak And Dagger+1","floor":19.0},{"not_picked":["Deflect","Cloak And Dagger","Sucker Punch"],"picked":"SKIP","floor":20.0},{"not_picked":["Glass Knife","Backflip"],"picked":"Backstab+1","floor":21.0},{"not_picked":["Flying Knee","Escape Plan"],"picked":"Blur+1","floor":21.0},{"not_picked":["Catalyst","Storm of Steel"],"picked":"Cloak And Dagger+1","floor":21.0},{"not_picked":["Skewer+1","All Out Attack"],"picked":"Well Laid Plans","floor":21.0},{"not_picked":["Master of Strategy","PanicButton"],"picked":"HandOfGreed","floor":22.0},{"not_picked":["Deflect+1","Predator+1"],"picked":"PiercingWail+1","floor":24.0},{"not_picked":["Reflex","Deflect"],"picked":"Caltrops","floor":27.0},{"not_picked":["Catalyst","Flying Knee","Flechettes"],"picked":"SKIP","floor":28.0},{"not_picked":["Underhanded Strike","Deflect+1"],"picked":"Prepared+1","floor":31.0},{"not_picked":["Well Laid Plans"],"picked":"SKIP","floor":35},{"not_picked":["Well Laid Plans"],"picked":"SKIP","floor":40},{"not_picked":["Flying Knee+1"],"picked":"SKIP","floor":44},{"not_picked":["Predator"],"picked":"SKIP","floor":45},{"not_picked":["Choke+1"],"picked":"SKIP","floor":46}],"player_experience":1033423,"relics_obtained":[{"floor":8.0,"key":"The Courier"},{"floor":9.0,"key":"Kunai"},{"floor":24.0,"key":"Whetstone"},{"floor":37,"key":"WingedGreaves"},{"floor":40,"key":"Smiling Mask"},{"floor":41,"key":"Bottled Tornado"},{"floor":43,"key":"Lizard Tail"}],"event_choices":[{"damage_healed":0.0,"max_hp_gain":0.0,"max_hp_loss":0.0,"gold_gain":0.0,"event_name":"betterThird:BetterSerpent","player_choice":"Ignored","floor":12.0,"gold_loss":0.0,"damage_taken":146.0},{"damage_healed":52.0,"max_hp_gain":0.0,"max_hp_loss":70.0,"gold_gain":0.0,"event_name":"betterThird:BetterShining","player_choice":"Leave","floor":13.0,"gold_loss":0.0,"damage_taken":0.0},{"damage_healed":0.0,"max_hp_gain":0.0,"max_hp_loss":0.0,"gold_gain":0.0,"event_name":"betterThird:BetterScrap","player_choice":"Relic ","floor":14.0,"gold_loss":0.0,"damage_taken":3.0,"cards_obtained":["Glacier"]},{"damage_healed":0.0,"max_hp_gain":0.0,"max_hp_loss":0.0,"gold_gain":2.0,"event_name":"betterStone:BetterStone","player_choice":"1","floor":22.0,"gold_loss":0.0,"damage_taken":0.0},{"damage_healed":0,"gold_gain":0,"player_choice":"Fight","damage_taken":0,"max_hp_gain":0,"max_hp_loss":0,"event_name":"MindBloom","floor":37,"gold_loss":0},{"damage_healed":0,"gold_gain":0,"player_choice":"Ignored","damage_taken":0,"max_hp_gain":0,"max_hp_loss":0,"event_name":"Tomb of Lord Red Mask","floor":38,"gold_loss":0},{"cards_removed":["Strike_G"],"damage_healed":0,"gold_gain":0,"player_choice":"Removed Attack","damage_taken":0,"max_hp_gain":0,"max_hp_loss":0,"event_name":"Falling","floor":39,"gold_loss":0},{"damage_healed":61,"gold_gain":0,"player_choice":"Heal","damage_taken":0,"max_hp_gain":0,"max_hp_loss":9,"event_name":"The Moai Head","floor":48,"gold_loss":0}],"is_beta":false,"boss_relics":[{"not_picked":["Ring of the Serpent","Coffee Dripper"],"picked":"Cursed Key"},{"not_picked":["Fusion Hammer","Astrolabe"],"picked":"Busted Crown"}],"items_purged_floors":[29,36,47],"is_endless":false,"potions_floor_spawned":[2,7,8,19,24,28,31,33,35,44],"killed_by":"Shield and Spear","ascension_level":7}}