{"host":"rtczl7o4e2em2rmi","time":1612219241,"event":{"mods":["AchievementEnabler","BaseMod","Bestiary","Block Reminder","Minty Spire (QoL Compilation)","Permanent Neow","Relic Filter","Relic Stats","StSLib"],"gold_per_floor":[110,35,35,55,71,71,32,46,46,75,93,93,123,140,140,238,238,254,266,299,313,327,327,327,327],"floor_reached":24,"language":"ZHS","playtime":1480,"items_purged":["Regret"],"score":376,"play_id":"fa23bd59-aa9a-4738-a009-fc7c0fd672ac","local_time":"20210201174041","is_ascension_mode":true,"campfire_choices":[{"data":"Zap","floor":6.0,"key":"SMITH"},{"data":"Streamline","floor":12.0,"key":"SMITH"},{"floor":15.0,"key":"REST"},{"floor":23,"key":"REST"}],"circlet_count":0,"master_deck":["AscendersBane","Strike_B","Strike_B","Defend_B","Defend_B","Defend_B","Defend_B","Zap+1","Dualcast","Force Field","BootSequence","Go for the Eyes","Pain","Hologram","Glacier","Chill","FTL","White Noise","Streamline+1","Loop","Doom and Gloom","Creative AI","Genetic Algorithm","Cold Snap+1","Sunder","Conserve Battery+1","Cold Snap"],"relics":["Cracked Core","WarpedTongs","Unceasing Top","CaptainsWheel","Lizard Tail","Black Star","Red Mask"],"acts_visited":["Exordium","TheCity"],"potions_floor_usage":[],"damage_taken":[{"damage":0.0,"enemies":"2 Louse","floor":1.0,"turns":3.0},{"damage":2.0,"enemies":"Cultist","floor":4.0,"turns":4.0},{"damage":4.0,"enemies":"Small Slimes","floor":5.0,"turns":3.0},{"damage":4.0,"enemies":"Blue Slaver","floor":8.0,"turns":6.0},{"damage":7.0,"enemies":"Lagavulin","floor":10.0,"turns":10.0},{"damage":4.0,"enemies":"Exordium Thugs","floor":11.0,"turns":7.0},{"damage":3.0,"enemies":"3 Sentries","floor":13.0,"turns":8.0},{"damage":2.0,"enemies":"2 Fungi Beasts","floor":14.0,"turns":4.0},{"damage":4.0,"enemies":"Slime Boss","floor":16.0,"turns":8.0},{"damage":5.0,"enemies":"Chosen","floor":18.0,"turns":4.0},{"damage":22,"enemies":"Shell Parasite","floor":19,"turns":6},{"damage":18,"enemies":"Masked Bandits","floor":20,"turns":7},{"damage":11,"enemies":"Chosen and Byrds","floor":21,"turns":7},{"damage":10,"enemies":"Snake Plant","floor":22,"turns":6},{"damage":84,"enemies":"Gremlin Leader","floor":24,"turns":6}],"seed_played":"4857253753829291133","potions_obtained":[{"floor":1.0,"key":"Explosive Potion"},{"floor":4.0,"key":"FearPotion"},{"floor":10.0,"key":"Swift Potion"},{"floor":13.0,"key":"Regen Potion"},{"floor":14.0,"key":"Fruit Juice"},{"floor":18.0,"key":"Dexterity Potion"},{"floor":20,"key":"Energy Potion"}],"is_trial":false,"path_per_floor":["M","$","?","M","M","R","$","M","T","E","M","R","E","M","R","B",null,"M","M","?","M","M","R","E"],"character_chosen":"DEFECT","items_purchased":["Chill"],"campfire_rested":2,"item_purchase_floors":[7],"current_hp_per_floor":[68,68,68,66,62,62,62,58,58,51,47,47,44,47,71,79,80,75,53,35,24,14,38,0,0],"gold":327,"neow_bonus":"TRANSFORM_TWO_CARDS","is_daily":false,"chose_seed":false,"campfire_upgraded":2,"win_rate":0.0,"timestamp":1612219241,"path_taken":["M","$","?","M","M","R","$","M","T","E","?","R","E","M","R","BOSS","M","M","?","M","M","R","E"],"items_purchased_type":["Card"],"build_version":"2020-12-22","purchased_purges":1,"victory":false,"max_hp_per_floor":[75,75,75,75,75,75,75,75,75,75,75,75,75,80,80,80,80,80,80,80,80,80,80,80,80],"relic_stats":{"Lizard Tail":40,"counters":[15,89],"Black Star":0,"obtain_stats":[{"CaptainsWheel":10,"Lizard Tail":13,"Black Star":17,"Red Mask":20,"Cracked Core":0,"Unceasing Top":9,"WarpedTongs":3},{"CaptainsWheel":5,"Lizard Tail":7,"Black Star":9,"Red Mask":12,"Cracked Core":0,"Unceasing Top":4,"WarpedTongs":1},{"CaptainsWheel":26,"Lizard Tail":41,"Black Star":53,"Red Mask":70,"Cracked Core":0,"Unceasing Top":16,"WarpedTongs":3}],"Unceasing Top":[2],"WarpedTongs":[86]},"card_choices":[{"not_picked":["Consume","Hologram"],"picked":"Go for the Eyes","floor":1.0},{"not_picked":["Force Field","Stack"],"picked":"Hologram","floor":4.0},{"not_picked":["Doom and Gloom","Go for the Eyes"],"picked":"Glacier","floor":5.0},{"not_picked":["Turbo","Scrape"],"picked":"FTL","floor":8.0},{"not_picked":["Compile Driver","Conserve Battery"],"picked":"White Noise","floor":10.0},{"not_picked":["Leap","Hologram"],"picked":"Streamline","floor":11.0},{"not_picked":["Reprogram","Go for the Eyes"],"picked":"Loop","floor":13.0},{"not_picked":["Recycle","Conserve Battery"],"picked":"Doom and Gloom","floor":14.0},{"not_picked":["Seek","Thunder Strike"],"picked":"Creative AI","floor":16.0},{"not_picked":["Turbo","Gash+1"],"picked":"Genetic Algorithm","floor":18.0},{"not_picked":["Ball Lightning","Leap"],"picked":"Cold Snap+1","floor":19},{"not_picked":["Stack","Hologram"],"picked":"Sunder","floor":20},{"not_picked":["Turbo","Barrage"],"picked":"Conserve Battery+1","floor":21},{"not_picked":["Turbo","Barrage"],"picked":"Cold Snap","floor":22}],"player_experience":526381,"relics_obtained":[{"floor":9.0,"key":"Unceasing Top"},{"floor":10.0,"key":"CaptainsWheel"},{"floor":13.0,"key":"Lizard Tail"},{"floor":20,"key":"Red Mask"}],"event_choices":[{"damage_healed":0.0,"max_hp_gain":0.0,"max_hp_loss":0.0,"gold_gain":0.0,"event_name":"Accursed Blacksmith","player_choice":"Rummage","floor":3.0,"gold_loss":0.0,"damage_taken":0.0,"relics_obtained":["WarpedTongs"],"cards_obtained":["Pain"]},{"damage_healed":0,"gold_gain":0,"player_choice":"Fought Bandits","damage_taken":0,"max_hp_gain":0,"max_hp_loss":0,"event_name":"Masked Bandits","floor":20,"gold_loss":0}],"is_beta":false,"boss_relics":[{"not_picked":["Cursed Key","Astrolabe"],"picked":"Black Star"}],"items_purged_floors":[2],"is_endless":false,"potions_floor_spawned":[1,4,10,13,14,18,20],"killed_by":"Gremlin Leader","ascension_level":12}}