{"host":"99l0i25nwwr6z99u","time":1612148361,"event":{"mods":["Act Like it!","BaseMod","Colored Map","Colored Powertips","Downfall","Googly Eyes","Minty Spire (QoL Compilation)","Quick Restart","StSLib"],"gold_per_floor":[199,349,449,460,476,510,510,510,526,332,332,332,349,384,394,491,491,491,501,512,47,132,157,181,193,193,203,218,252,252,284,297,392,392,392,403,189,200,200,235,258,258,313,327,327,377,377,397,414,414,414,414],"floor_reached":50,"language":"ENG","playtime":2182,"items_purged":["Doubt","bronze:Strike"],"score":620,"play_id":"b5b8ca28-4427-45a9-874f-74e23f5233a3","local_time":"20210131215921","is_ascension_mode":true,"campfire_choices":[{"data":"bronze:Replicate","floor":1.0,"key":"SMITH"},{"data":"bronze:AlphaBuild","floor":8.0,"key":"SMITH"},{"data":"bronze:Repulsor","floor":12.0,"key":"SMITH"},{"data":"bronze:BurnOut","floor":18.0,"key":"SMITH"},{"floor":30.0,"key":"REST"},{"data":"bronze:Safeguard","floor":35.0,"key":"SMITH"},{"floor":42.0,"key":"REST"},{"floor":47.0,"key":"REST"}],"circlet_count":0,"master_deck":["bronze:Strike","bronze:Strike","bronze:Strike","bronze:Defend","bronze:Defend","bronze:Defend","bronze:Defend","bronze:Replicate+1","bronze:Goto","CurseOfTheBell","CurseOfTheBell","bronze:Break+1","bronze:WildBeam","bronze:DarkDash","bronze:AlphaBuild+1","bronze:DelayedGuard+1","bronze:Safeguard","bronze:Repulsor+1","bronze:CutThrough","bronze:Safeguard+1","bronze:WhirlingStrike","bronze:ForceShield","bronze:BurnOut+1","bronze:Iterate+1","bronze:Frontload+1","bronze:SpaghettiCode+1","bronze:InfiniteBeams","bronze:Turbo+1","bronze:Repulsor+1","bronze:BuggyMess+1"],"relics":["bronze:BronzeCore","downfall:ExtraCursedBell","Bag of Marbles","StrikeDummy","Turnip","Eternal Feather","White Beast Statue","Unceasing Top","Busted Crown","Membership Card","Toxic Egg 2","Centennial Puzzle","Mercury Hourglass","Regal Pillow","Spirit Poop","sneckomod:BlankCard","Art of War","Sozu","Akabeko","Juzu Bracelet","Vajra","Toy Ornithopter","Du-Vu Doll","Bird Faced Urn"],"acts_visited":["Exordium","TheCity","TheBeyond"],"potions_floor_usage":[50,50],"damage_taken":[{"damage":8.0,"enemies":"2 Louse","floor":4.0,"turns":3.0},{"damage":0.0,"enemies":"Small Slimes","floor":5.0,"turns":1.0},{"damage":9.0,"enemies":"3 Sentries","floor":6.0,"turns":6.0},{"damage":0.0,"enemies":"Cultist","floor":9.0,"turns":1.0},{"damage":2.0,"enemies":"downfall:FleeingMerchant","floor":10.0,"turns":4.0},{"damage":0.0,"enemies":"Blue Slaver","floor":13.0,"turns":1.0},{"damage":5.0,"enemies":"Gremlin Nob","floor":14.0,"turns":4.0},{"damage":0.0,"enemies":"2 Fungi Beasts","floor":15.0,"turns":1.0},{"damage":33.0,"enemies":"SI_SHIV_ARCHETYPE","floor":16.0,"turns":10.0},{"damage":0.0,"enemies":"Chosen","floor":19.0,"turns":3.0},{"damage":2.0,"enemies":"Centurion and Healer","floor":20.0,"turns":7.0},{"damage":5.0,"enemies":"downfall:FleeingMerchant","floor":21.0,"turns":4.0},{"damage":7.0,"enemies":"Slavers","floor":23.0,"turns":7.0},{"damage":7.0,"enemies":"Cultist and Chosen","floor":25.0,"turns":4.0},{"damage":1.0,"enemies":"3 Cultists","floor":27.0,"turns":3.0},{"damage":0.0,"enemies":"Sentry and Sphere","floor":28.0,"turns":4.0},{"damage":17.0,"enemies":"Gremlin Leader","floor":29.0,"turns":5.0},{"damage":12.0,"enemies":"Slavers","floor":31.0,"turns":3.0},{"damage":0.0,"enemies":"Snecko","floor":32.0,"turns":2.0},{"damage":18.0,"enemies":"WA_ARCHETYPE_CALM","floor":33.0,"turns":11.0},{"damage":9.0,"enemies":"3 Shapes","floor":36.0,"turns":5.0},{"damage":12.0,"enemies":"downfall:FleeingMerchant","floor":37.0,"turns":4.0},{"damage":0.0,"enemies":"Orb Walker","floor":38.0,"turns":1.0},{"damage":27.0,"enemies":"Giant Head","floor":40.0,"turns":8.0},{"damage":23.0,"enemies":"2 Orb Walkers","floor":43.0,"turns":3.0},{"damage":14.0,"enemies":"Writhing Mass","floor":44.0,"turns":2.0},{"damage":0.0,"enemies":"Writhing Mass","floor":46.0,"turns":3.0},{"damage":0.0,"enemies":"3 Darklings","floor":48.0,"turns":1.0},{"damage":0.0,"enemies":"4 Shapes","floor":49.0,"turns":3.0},{"damage":86,"enemies":"IC_BLOCK_ARCHETYPE","floor":50,"turns":9}],"seed_played":"1340619878416967638","potions_obtained":[{"floor":5.0,"key":"bronze:CleanCodePotion"},{"floor":9.0,"key":"Ancient Potion"},{"floor":10.0,"key":"SteroidPotion"},{"floor":28.0,"key":"GamblersBrew"},{"floor":33.0,"key":"EntropicBrew"}],"is_trial":false,"path_per_floor":["R","?","?","M","M","E","T","R","M","$","?","R","M","E","M","B",null,"R","M","M","$","?","E","T","M","?","M","M","E","R","E","M","B",null,"R","M","$","M","?","E","T","R","?","M","?","?","R","M","M","B"],"character_chosen":"THE_AUTOMATON","items_purchased":["bronze:Repulsor","bronze:CutThrough","Membership Card","Toxic Egg 2","bronze:SpaghettiCode+1","Centennial Puzzle","bronze:InfiniteBeams","Akabeko","Juzu Bracelet"],"campfire_rested":3,"item_purchase_floors":[10,10,21,21,21,21,21,37,37],"current_hp_per_floor":[70,70,70,62,62,53,53,62,62,60,60,70,70,65,65,32,70,70,70,68,63,49,42,42,35,35,34,34,17,70,58,58,40,70,70,61,49,49,49,22,22,70,47,33,33,33,70,70,70,0,0,0],"gold":414,"neow_bonus":"HUNDRED_GOLD","is_daily":false,"chose_seed":false,"campfire_upgraded":5,"win_rate":0.0,"timestamp":1612148361,"path_taken":["R","?","?","M","M","E","T","R","M","$","?","R","M","E","M","BOSS","R","M","M","$","?","E","T","M","?","?","M","E","R","E","M","BOSS","R","M","$","M","?","E","T","R","?","M","?","?","R","M","M","BOSS"],"items_purchased_type":["Card","Card","Relic","Relic","Card","Relic","Card","Relic","Relic"],"build_version":"2020-12-22","purchased_purges":2,"victory":false,"max_hp_per_floor":[70,70,70,70,70,70,70,70,70,70,70,70,70,70,70,70,70,70,70,70,70,70,70,70,70,70,70,70,70,70,70,70,70,70,70,70,70,70,70,70,70,70,70,70,70,70,70,70,70,70,70,70],"card_choices":[{"not_picked":["bronze:Deprecate","bronze:DelayedSlice"],"picked":"bronze:WildBeam","floor":4.0},{"not_picked":["bronze:Constructor","bronze:FineTuning"],"picked":"bronze:DarkDash","floor":5.0},{"not_picked":["bronze:Safeguard","bronze:ForceShield"],"picked":"bronze:AlphaBuild","floor":6.0},{"not_picked":["bronze:FineTuning","bronze:CutThrough"],"picked":"bronze:DelayedGuard","floor":9.0},{"not_picked":["bronze:DigitalCarnage","bronze:BuggyMess"],"picked":"bronze:Safeguard","floor":10.0},{"not_picked":["bronze:CutThrough","bronze:DelayedGuard"],"picked":"bronze:Safeguard","floor":13.0},{"not_picked":["bronze:Deprecate","bronze:Refactor"],"picked":"bronze:WhirlingStrike","floor":14.0},{"not_picked":["bronze:DelayedGuard","bronze:Branch"],"picked":"bronze:ForceShield","floor":15.0},{"not_picked":["bronze:HardenedForm","bronze:Verify"],"picked":"bronze:BurnOut","floor":16.0},{"not_picked":[],"picked":"bronze:Iterate+1","floor":19.0},{"not_picked":["bronze:BitShift"],"picked":"SKIP","floor":20.0},{"not_picked":[],"picked":"bronze:Frontload","floor":21.0},{"not_picked":[],"picked":"bronze:Turbo+1","floor":23.0},{"not_picked":[],"picked":"bronze:Repulsor+1","floor":25.0},{"not_picked":["bronze:Overload+1"],"picked":"SKIP","floor":27.0},{"not_picked":["bronze:Refactor+1"],"picked":"SKIP","floor":28.0},{"not_picked":["bronze:WhirlingStrike+1"],"picked":"SKIP","floor":29.0},{"not_picked":["bronze:Flail"],"picked":"SKIP","floor":31.0},{"not_picked":["bronze:Constructor+1"],"picked":"SKIP","floor":32.0},{"not_picked":["bronze:OilSpill+1"],"picked":"SKIP","floor":36.0},{"not_picked":["bronze:Overheat+1"],"picked":"SKIP","floor":37.0},{"not_picked":["bronze:Invalidate+1"],"picked":"SKIP","floor":38.0},{"not_picked":["bronze:Branch"],"picked":"SKIP","floor":40.0},{"not_picked":["bronze:Turbo+1"],"picked":"SKIP","floor":44.0},{"not_picked":["bronze:Iterate"],"picked":"SKIP","floor":48.0},{"not_picked":[],"picked":"bronze:BuggyMess+1","floor":49.0}],"player_experience":968437,"relics_obtained":[{"floor":3.0,"key":"Bag of Marbles"},{"floor":3.0,"key":"StrikeDummy"},{"floor":3.0,"key":"Turnip"},{"floor":6.0,"key":"Eternal Feather"},{"floor":7.0,"key":"White Beast Statue"},{"floor":14.0,"key":"Unceasing Top"},{"floor":23.0,"key":"Mercury Hourglass"},{"floor":24.0,"key":"Regal Pillow"},{"floor":29.0,"key":"sneckomod:BlankCard"},{"floor":31.0,"key":"Art of War"},{"floor":40.0,"key":"Vajra"},{"floor":41.0,"key":"Toy Ornithopter"},{"floor":43.0,"key":"Du-Vu Doll"},{"floor":46.0,"key":"Bird Faced Urn"}],"event_choices":[{"cards_removed":["Doubt"],"damage_healed":0.0,"max_hp_gain":0.0,"max_hp_loss":0.0,"gold_gain":0.0,"event_name":"The Cleric","player_choice":"Card Removal","floor":11.0,"gold_loss":0.0,"damage_taken":0.0},{"cards_removed":["downfall:Icky"],"damage_healed":0.0,"max_hp_gain":0.0,"max_hp_loss":0.0,"gold_gain":0.0,"event_name":"Bonfire Elementals","player_choice":"Offered Curse","floor":26.0,"gold_loss":0.0,"damage_taken":0.0,"relics_obtained":["Spirit Poop"]},{"damage_healed":0.0,"max_hp_gain":0.0,"max_hp_loss":0.0,"gold_gain":0.0,"event_name":"Mysterious Sphere","player_choice":"Fight","floor":43.0,"gold_loss":0.0,"damage_taken":0.0}],"is_beta":false,"boss_relics":[{"not_picked":["SlaversCollar","Snecko Eye"],"picked":"Busted Crown"},{"not_picked":["Fusion Hammer","Velvet Choker"],"picked":"Sozu"}],"items_purged_floors":[10,37],"is_endless":false,"potions_floor_spawned":[5,9,10,13,14,15,16,19,20,21,23,25,27,28,29,31,32,33,36,37,38,40,43,44,46,48,49],"killed_by":"IC_BLOCK_ARCHETYPE","ascension_level":2}}