{"host":"9j472d1lqxyi8fmj","time":1612212455,"event":{"mods":["AchievementEnabler","Aspiration","BaseMod","Better Note","BetterRewards","Block Reminder","Colored Powertips","Downfall","Hermit","Hubris","Infinite Spire","Minty Spire (QoL Compilation)","Potion Indicator Mod","Rare Cards Sparkle","Relic Filter","Reliquary","Spicy Shops","StSLib","The Runesmith","Virulent Crown"],"gold_per_floor":[99,110,128,128,228,239,265,285,285,295,295,295,307,319,329,329,329,329],"floor_reached":16,"language":"ENG","playtime":654,"items_purged":[],"score":96,"play_id":"c83fd650-4481-4eed-bdc4-6bcf778c6f3b","local_time":"20210201154735","is_ascension_mode":false,"campfire_choices":[{"data":"Guardian:Reroute","floor":1,"key":"SMITH"}],"circlet_count":0,"master_deck":["Guardian:Strike_Guardian","Guardian:Strike_Guardian","Guardian:Strike_Guardian","Guardian:Strike_Guardian","Guardian:Defend_Guardian","Guardian:Defend_Guardian","Guardian:Defend_Guardian","Guardian:Defend_Guardian","Guardian:CurlUp","Guardian:TwinSlam","Guardian:Reroute+1","Guardian:FuturePlans","Guardian:SpikerProtocol+1","Guardian:SentryBeam","Guardian:TemporalStrike","Guardian:Gem_Blue","Guardian:Gem_Orange","Guardian:PrimingBeam","Guardian:TemporalShield","Guardian:Planning"],"relics":["Guardian:ModeShifter","Regal Pillow","Guardian:PickAxe","Blue Candle"],"acts_visited":["Exordium"],"potions_floor_usage":[16,16],"damage_taken":[{"damage":16,"enemies":"infinitespire:Voidling","floor":2,"turns":4},{"damage":0,"enemies":"Small Slimes","floor":3,"turns":4},{"damage":6,"enemies":"2 Louse","floor":6,"turns":4},{"damage":5,"enemies":"3 Louse","floor":8,"turns":3},{"damage":5,"enemies":"3 Louse","floor":9,"turns":5},{"damage":6,"enemies":"Exordium Wildlife","floor":10,"turns":6},{"damage":6,"enemies":"Large Slime","floor":13,"turns":6},{"damage":0,"enemies":"Blue Slaver","floor":14,"turns":4},{"damage":3,"enemies":"3 Louse","floor":15,"turns":2},{"damage":29,"enemies":"IC_STATUS_ARCHETYPE","floor":16,"turns":8}],"seed_played":"4827705630133908582","potions_obtained":[{"floor":3,"key":"Dexterity Potion"},{"floor":10,"key":"DuplicationPotion"},{"floor":14,"key":"Fire Potion"}],"is_trial":false,"path_per_floor":["R","M","M","?","?","M","T","M","?","M","R","T","M","M","M","B"],"character_chosen":"GUARDIAN","items_purchased":[],"campfire_rested":0,"item_purchase_floors":[],"current_hp_per_floor":[80,71,71,71,71,65,65,60,43,37,37,37,31,31,28,0,0,0],"gold":329,"neow_bonus":"THREE_CARDS","is_daily":false,"chose_seed":false,"campfire_upgraded":1,"win_rate":0.0,"timestamp":1612212455,"path_taken":["R","M","?","?","?","M","T","M","?","M","R","?","M","M","M","BOSS"],"items_purchased_type":[],"build_version":"2020-12-22","purchased_purges":0,"victory":false,"max_hp_per_floor":[80,80,80,80,80,80,80,80,80,80,80,80,80,80,80,80,80,80],"card_choices":[{"not_picked":["Guardian:Gem_Lightblue","Guardian:TemporalStrike"],"picked":"Guardian:Reroute","floor":0},{"not_picked":["Guardian:DonusPower","Guardian:ShieldSpikes"],"picked":"Guardian:FuturePlans","floor":2},{"not_picked":["Guardian:EvasiveProtocol","Guardian:RollAttack"],"picked":"Guardian:SpikerProtocol","floor":3},{"not_picked":["Guardian:Gem_Purple","Guardian:Recover"],"picked":"Guardian:SentryBeam","floor":6},{"not_picked":["Guardian:WalkerClaw","Guardian:PolyBeam"],"picked":"Guardian:TemporalStrike","floor":8},{"not_picked":["Guardian:VentSteam","Guardian:EvasiveProtocol"],"picked":"Guardian:Gem_Red","floor":10},{"not_picked":["Guardian:DecasProtection","Guardian:WalkerClaw"],"picked":"Guardian:PrimingBeam","floor":13},{"not_picked":["Guardian:Gem_Red","Guardian:Planning"],"picked":"Guardian:TemporalShield","floor":14},{"not_picked":["Guardian:GemFire","Guardian:WalkerClaw"],"picked":"Guardian:Planning","floor":15}],"player_experience":378766,"relics_obtained":[{"floor":7,"key":"Regal Pillow"},{"floor":12,"key":"Blue Candle"}],"event_choices":[],"is_beta":false,"boss_relics":[],"items_purged_floors":[],"is_endless":false,"potions_floor_spawned":[3,10,14],"killed_by":"IC_STATUS_ARCHETYPE","ascension_level":0}}