{"host":"vld99k9l4elccfy8","time":1612158480,"event":{"mods":["AchievementEnabler","BaseMod","Bestiary","Block Reminder","Colored Map","Colored Powertips","Custom Start","Highlight Path","Minty Spire (QoL Compilation)","Permanent Neow","Rare Cards Sparkle"],"gold_per_floor":[210,226,241,316,328,30,64,81,81,114,114,88,88,53,53,153,153,167,167,187,30,30,30,40,40,40,40,40,13,24,0,0,0,0],"floor_reached":33,"language":"ENG","playtime":2609,"items_purged":[],"score":303,"play_id":"964a2b8e-e7a3-4756-8084-af38440379f3","local_time":"20210131224800","is_ascension_mode":false,"campfire_choices":[{"floor":11,"key":"REST"},{"data":"Poisoned Stab","floor":15,"key":"SMITH"},{"floor":23,"key":"RECALL"},{"data":"Neutralize","floor":25,"key":"SMITH"},{"data":"Corpse Explosion","floor":32,"key":"SMITH"}],"circlet_count":0,"master_deck":["Strike_G","Strike_G","Strike_G","Strike_G","Strike_G","Defend_G","Defend_G","Defend_G","Defend_G","Defend_G","Survivor","Neutralize+1","Poisoned Stab+1","Leg Sweep","Outmaneuver","Backstab","Malaise+1","Infinite Blades","After Image","PiercingWail","Dagger Spray","Poisoned Stab","Corpse Explosion+1","Blur+1","Ghostly","Ghostly","Ghostly","Ghostly","Ghostly","Crippling Poison+1","Outmaneuver","Wraith Form v2","RitualDagger","Backflip","Slice"],"relics":["Ring of the Snake","MealTicket","Sundial","Letter Opener","Orichalcum","Black Star","ClockworkSouvenir"],"acts_visited":["Exordium","TheCity"],"potions_floor_usage":[7,33,33,33,33],"damage_taken":[{"damage":0.0,"enemies":"2 Louse","floor":1.0,"turns":4.0},{"damage":0.0,"enemies":"Jaw Worm","floor":2.0,"turns":4.0},{"damage":0.0,"enemies":"Small Slimes","floor":3.0,"turns":3.0},{"damage":0.0,"enemies":"Blue Slaver","floor":5.0,"turns":6.0},{"damage":16,"enemies":"Gremlin Nob","floor":7,"turns":5},{"damage":4,"enemies":"Looter","floor":8,"turns":4},{"damage":15,"enemies":"Lagavulin","floor":10,"turns":10},{"damage":69,"enemies":"Slime Boss","floor":16,"turns":15},{"damage":0,"enemies":"3 Byrds","floor":18,"turns":4},{"damage":0,"enemies":"Shell Parasite","floor":20,"turns":10},{"damage":4,"enemies":"Centurion and Healer","floor":24,"turns":8},{"damage":2,"enemies":"Snecko","floor":30,"turns":7},{"damage":50,"enemies":"Automaton","floor":33,"turns":14}],"seed_played":"7703411017133428796","potions_obtained":[{"floor":2.0,"key":"BlessingOfTheForge"},{"floor":7,"key":"Block Potion"},{"floor":10,"key":"EntropicBrew"},{"floor":20,"key":"AttackPotion"}],"is_trial":false,"path_per_floor":["M","M","M","?","M","$","E","M","T","E","R","$","?","?","R","B",null,"M","?","M","$","?","R","M","R","T","?","?","$","M","?","R","B"],"character_chosen":"THE_SILENT","items_purchased":["MealTicket","Malaise","Infinite Blades","Poisoned Stab","ClockworkSouvenir","Backflip"],"campfire_rested":1,"item_purchase_floors":[6,6,6,12,21,29],"current_hp_per_floor":[70,70,70,59,59,59,43,39,39,24,45,60,60,70,70,1,70,70,35,35,35,35,35,31,31,31,31,25,35,33,33,33,0,0],"gold":0,"neow_bonus":"HUNDRED_GOLD","is_daily":false,"chose_seed":false,"campfire_upgraded":3,"win_rate":0.0,"timestamp":1612158480,"path_taken":["M","M","M","?","M","$","E","M","T","E","R","$","?","?","R","BOSS","M","?","M","$","?","R","M","R","T","?","?","$","M","?","R","BOSS"],"items_purchased_type":["Relic","Card","Card","Card","Relic","Card"],"build_version":"2020-12-22","purchased_purges":0,"victory":false,"max_hp_per_floor":[70,70,70,70,70,70,70,70,70,70,70,70,70,70,70,70,70,70,35,35,35,35,35,35,35,35,35,35,35,35,35,35,35,35],"card_choices":[{"not_picked":["Heel Hook","Underhanded Strike"],"picked":"Poisoned Stab","floor":1.0},{"not_picked":["Bane","Underhanded Strike"],"picked":"Leg Sweep","floor":2.0},{"not_picked":["Deflect","Dash"],"picked":"Outmaneuver","floor":3.0},{"not_picked":["Outmaneuver","Cloak And Dagger"],"picked":"Backstab","floor":5.0},{"not_picked":["All Out Attack","Cloak And Dagger"],"picked":"After Image","floor":7},{"not_picked":["Underhanded Strike","Outmaneuver"],"picked":"PiercingWail","floor":8},{"not_picked":["Dodge and Roll","Choke"],"picked":"Dagger Spray","floor":10},{"not_picked":["Burst","Phantasmal Killer"],"picked":"Corpse Explosion","floor":16},{"not_picked":["All Out Attack","Dash"],"picked":"Blur+1","floor":18},{"not_picked":["Blade Dance+1","Bane"],"picked":"Crippling Poison+1","floor":20},{"not_picked":["Flying Knee","Dagger Spray"],"picked":"Outmaneuver","floor":24},{"not_picked":["Sucker Punch","Dagger Spray+1"],"picked":"Slice","floor":30}],"player_experience":360271,"relics_obtained":[{"floor":7,"key":"Sundial"},{"floor":9,"key":"Letter Opener"},{"floor":10,"key":"Orichalcum"}],"event_choices":[{"damage_healed":0.0,"max_hp_gain":0.0,"max_hp_loss":0.0,"gold_gain":75.0,"event_name":"World of Goop","player_choice":"Gather Gold","floor":4.0,"gold_loss":0.0,"damage_taken":11.0},{"damage_healed":0,"gold_gain":0,"player_choice":"Grow","damage_taken":0,"max_hp_gain":0,"max_hp_loss":0,"event_name":"Living Wall","floor":13,"gold_loss":0,"cards_upgraded":["Malaise"]},{"damage_healed":17,"gold_gain":0,"player_choice":"Healed","damage_taken":0,"max_hp_gain":0,"max_hp_loss":0,"event_name":"The Cleric","floor":14,"gold_loss":35},{"damage_healed":0,"gold_gain":0,"player_choice":"Became a Ghost","damage_taken":0,"max_hp_gain":0,"max_hp_loss":35,"event_name":"Ghosts","floor":19,"gold_loss":0,"cards_obtained":["Ghostly","Ghostly","Ghostly","Ghostly","Ghostly"]},{"damage_healed":0,"gold_gain":0,"player_choice":"Ignored","damage_taken":0,"max_hp_gain":0,"max_hp_loss":0,"event_name":"Vampires","floor":22,"gold_loss":0},{"damage_healed":0,"gold_gain":0,"player_choice":"Read","damage_taken":0,"max_hp_gain":0,"max_hp_loss":0,"event_name":"The Library","floor":27,"gold_loss":0,"cards_obtained":["Wraith Form v2"]},{"damage_healed":0,"gold_gain":0,"player_choice":"Joined the Cult","damage_taken":6,"max_hp_gain":0,"max_hp_loss":0,"event_name":"Nest","floor":28,"gold_loss":0,"cards_obtained":["RitualDagger"]},{"damage_healed":0,"gold_gain":0,"player_choice":"Paid Fearfully","damage_taken":0,"max_hp_gain":0,"max_hp_loss":0,"event_name":"Masked Bandits","floor":31,"gold_loss":24}],"is_beta":false,"boss_relics":[{"not_picked":["Sozu","Empty Cage"],"picked":"Black Star"}],"items_purged_floors":[],"is_endless":false,"potions_floor_spawned":[2,7,10,20,30],"killed_by":"Automaton","ascension_level":0}}