{"host":"7oiwk103j2prpym5","time":1612200977,"event":{"mods":["BaseMod","BetterRewards","Colored Map","Colored Powertips","GifTheSpireLib","Infinite Spire","Minty Spire (QoL Compilation)","Permanent Neow","Relic Filter Mod","Reliquary","Remove Card Discount Mod","Replay The Spire","StSLib","Stuff the Spire","Weighted Paths"],"gold_per_floor":[112,112,112,112,55,86,118,145,222,322,335,0,49,66,66,170,170,187,187,39,54,154,185,185,210,210,245,274,274,304,304,304,406,406,425,425,452,452,479,514,541,541,567,594,627,655,590,602,667,667],"floor_reached":51,"language":"ENG","playtime":4957,"items_purged":["Strike_R","Defend_R","Writhe","Amnesia"],"score":954,"play_id":"711d11a6-1e9a-4bd9-9ed6-1cf5c7cbbc04","local_time":"20210201113617","daily_mods":["Vintage","Allstar","Colorless Cards","Heirloom","Time Dilation","Flight","DeadlyEvents"],"is_ascension_mode":true,"campfire_choices":[{"data":"Demon Form","floor":15,"key":"SMITH"},{"data":"DevaForm","floor":15,"key":"SMITH"},{"floor":29,"key":"REST"},{"data":"Inflame","floor":29,"key":"SMITH"},{"data":"ReplayTheSpireMod:Limb From Limb","floor":29,"key":"SMITH"}],"circlet_count":0,"master_deck":["Demon Form+1","Wraith Form v2","Echo Form","DevaForm+1","Strike_R+1","Strike_R","Defend_R","Defend_R+1","Defend_R","Bash","Replay:Parry","Midas Touch","Mayhem","Madness","Sword Boomerang","Replay:Sssssssssstrike","infinitespire:OneForAll","Twin Strike","Inflame+1","Juggernaut","Twin Strike","Berserk","Spot Weakness+1","Double Tap","ReplayTheSpireMod:Limb From Limb+1","Flex+1","Blood for Blood","Feed","CurseOfTheBell","StuffTheSpire:CuriosityCurse","Demon Form","Flex+1","infinitespire:OneForAll+1","Apotheosis","Flex"],"relics":["Burning Blood","Replay:Arrowhead","PreservedInsect","NeowsBlessing","Ancient Tea Set","infinitespire:Beetle Shell","Shuriken","StuffTheSpire:Experiment12","StuffTheSpire:Rhapsscallions","ReplayFunnel","Turnip","ReplayTheSpireMod:TigerMarble","reliquary:SharkskinSheath","MealTicket","NeowsBlessing","Tiny Chest","Replay:Rubber Ducky","Gremlin Food","infinitespire:Magic Flask","Mummified Hand","reliquary:JackalopeAntler","StuffTheSpire:Tea","Potion Belt","King of Hearts","Calling Bell","Centennial Puzzle","Onion Ring","Magic Flower","reliquary:TuningFork","Pet Ghost","Bronze Scales","reliquary:RosewoodLute","Bag of Marbles","StuffTheSpire:OldFever","Simple Rune","Lantern","Vajra","Prayer Wheel","ReplayTheSpireMod:CursedCoin","Bronze Scales"],"acts_visited":["Exordium","TheCity","TheBeyond"],"potions_floor_usage":[16,16,28,40,41,44,50],"damage_taken":[{"damage":1,"enemies":"Small Slimes","floor":1,"turns":5},{"damage":0,"enemies":"Lagavulin","floor":6,"turns":1},{"damage":0,"enemies":"3 Sentries","floor":7,"turns":1},{"damage":0,"enemies":"Gremlin Nob","floor":8,"turns":1},{"damage":10,"enemies":"Cultist","floor":11,"turns":5},{"damage":5,"enemies":"2 Louse","floor":14,"turns":5},{"damage":59,"enemies":"Hexaghost","floor":16,"turns":6},{"damage":48,"enemies":"3 Byrds","floor":18,"turns":6},{"damage":0,"enemies":"Chosen","floor":21,"turns":1},{"damage":5,"enemies":"Slavers","floor":23,"turns":2},{"damage":0,"enemies":"Gremlin Leader","floor":25,"turns":2},{"damage":4,"enemies":"Slavers","floor":27,"turns":5},{"damage":50,"enemies":"Book of Stabbing","floor":28,"turns":4},{"damage":7,"enemies":"Slavers","floor":30,"turns":5},{"damage":4,"enemies":"Collector","floor":33,"turns":3},{"damage":12,"enemies":"3 Shapes","floor":35,"turns":4},{"damage":30,"enemies":"Reptomancer","floor":40,"turns":4},{"damage":5,"enemies":"Giant Head","floor":41,"turns":5},{"damage":34,"enemies":"Nemesis","floor":44,"turns":5},{"damage":0,"enemies":"Reptomancer","floor":45,"turns":2},{"damage":0,"enemies":"R_Hoarder","floor":46,"turns":5},{"damage":3,"enemies":"Orb Walker","floor":48,"turns":2},{"damage":13,"enemies":"Replay:Hell Engine","floor":50,"turns":6}],"seed_played":"1598949323792453557","potions_obtained":[{"floor":6,"key":"ColorlessPotion"},{"floor":7,"key":"BlessingOfTheForge"},{"floor":14,"key":"Fire Potion"},{"floor":16,"key":"Reflective Coating"},{"floor":23,"key":"Fire Potion"},{"floor":25,"key":"BlessingOfTheForge"},{"floor":33,"key":"Weak Potion"},{"floor":35,"key":"Elixir"},{"floor":44,"key":"DistilledChaos"}],"is_trial":true,"path_per_floor":["M","WH","WH","?","$","E","E","E","T","WH","M","$","T","M","R","B",null,"M","WH","$","M","?","E","WH","E","T","E","E","R","E","WH","R_BF","B",null,"M","?","T","WH","T","E","E","WH","T","E","E","E","$","M","R_BF","B",null],"character_chosen":"IRONCLAD","items_purchased":["Sword Boomerang","Inflame","Turnip","Tiny Chest","ReplayTheSpireMod:CursedCoin","Apotheosis","Flex"],"campfire_rested":1,"item_purchase_floors":[5,12,12,20,47,47,47],"current_hp_per_floor":[80,96,96,96,96,96,96,96,99,99,95,95,95,96,96,43,99,57,57,72,78,78,79,79,85,85,99,55,84,83,83,83,85,99,96,96,96,96,96,75,84,94,94,69,78,87,102,108,108,104],"gold":667,"neow_bonus":"TEN_PERCENT_HP_BONUS","is_daily":false,"chose_seed":false,"campfire_upgraded":4,"win_rate":0.0,"timestamp":1612200977,"path_taken":["M","WH","WH","?","?","E","E","E","T","WH","?","$","?","M","R","BOSS","M","WH","$","M","?","E","WH","E","T","E","E","R","E","WH","R_BF","BOSS","M","?","?","WH","?","E","E","WH","T","E","?","E","$","?","R_BF","BOSS"],"items_purchased_type":["Card","Card","Relic","Relic","Relic","Card","Card"],"build_version":"2020-12-22","purchased_purges":4,"victory":true,"max_hp_per_floor":[80,96,96,96,96,96,96,96,99,99,99,99,99,99,99,99,99,99,99,99,99,99,99,99,99,99,99,99,99,99,99,99,99,99,99,99,99,99,99,99,102,112,112,112,112,112,112,112,112,112],"card_choices":[{"not_picked":["Finesse","Sever Soul"],"picked":"Replay:Sssssssssstrike","floor":6},{"not_picked":["Dark Embrace","ReplayTheSpireMod:Trickstab"],"picked":"infinitespire:OneForAll","floor":7},{"not_picked":["StuffTheSpire:RockThrow","Brutality"],"picked":"Twin Strike","floor":8},{"not_picked":["Metamorphosis","StuffTheSpire:TitanForm"],"picked":"Juggernaut","floor":16},{"not_picked":["Body Slam","Dual Wield"],"picked":"Twin Strike","floor":23},{"not_picked":["Armaments+1","Headbutt+1"],"picked":"Spot Weakness","floor":25},{"not_picked":["ReplayTheSpireMod:Private Reserves+1","Specialist"],"picked":"Double Tap","floor":27},{"not_picked":["Body Slam+1","Cleave"],"picked":"ReplayTheSpireMod:Limb From Limb","floor":28},{"not_picked":["Thunderclap","StuffTheSpire:Slingshot"],"picked":"Flex+1","floor":30},{"not_picked":["Thinking Ahead","Fiend Fire"],"picked":"Feed","floor":33},{"not_picked":["Discovery+1","Massacre+1"],"picked":"Demon Form","floor":40},{"not_picked":["infinitespire:OneForAll+1","Warcry"],"picked":"Flex+1","floor":41},{"not_picked":["Battle Trance+1","StuffTheSpire:TitanForm","StuffTheSpire:Slingshot+1"],"picked":"SKIP","floor":44},{"not_picked":["Pommel Strike+1","StuffTheSpire:TitanForm","Uppercut"],"picked":"SKIP","floor":45},{"not_picked":["Intimidate","Twin Strike+1"],"picked":"infinitespire:OneForAll+1","floor":46}],"player_experience":848931,"relics_obtained":[{"floor":1,"key":"PreservedInsect"},{"floor":6,"key":"infinitespire:Beetle Shell"},{"floor":7,"key":"Shuriken"},{"floor":8,"key":"StuffTheSpire:Experiment12"},{"floor":9,"key":"StuffTheSpire:Rhapsscallions"},{"floor":11,"key":"ReplayFunnel"},{"floor":13,"key":"ReplayTheSpireMod:TigerMarble"},{"floor":14,"key":"reliquary:SharkskinSheath"},{"floor":18,"key":"MealTicket"},{"floor":21,"key":"Replay:Rubber Ducky"},{"floor":23,"key":"Gremlin Food"},{"floor":25,"key":"infinitespire:Magic Flask"},{"floor":26,"key":"Mummified Hand"},{"floor":27,"key":"reliquary:JackalopeAntler"},{"floor":28,"key":"StuffTheSpire:Tea"},{"floor":30,"key":"Potion Belt"},{"floor":34,"key":"Centennial Puzzle"},{"floor":34,"key":"Onion Ring"},{"floor":34,"key":"Magic Flower"},{"floor":35,"key":"reliquary:TuningFork"},{"floor":37,"key":"Bronze Scales"},{"floor":39,"key":"reliquary:RosewoodLute"},{"floor":40,"key":"Bag of Marbles"},{"floor":41,"key":"StuffTheSpire:OldFever"},{"floor":43,"key":"Simple Rune"},{"floor":44,"key":"Lantern"},{"floor":45,"key":"Vajra"},{"floor":46,"key":"Prayer Wheel"},{"floor":48,"key":"reliquary:SculptingSteel"}],"event_choices":[{"cards_removed":["Dark Shackles"],"damage_healed":0,"gold_gain":0,"player_choice":"Gave Card","damage_taken":0,"relics_obtained":["Ancient Tea Set"],"max_hp_gain":0,"max_hp_loss":0,"event_name":"WeMeetAgain","floor":4,"gold_loss":0},{"damage_healed":0,"gold_gain":100,"player_choice":"Pray","damage_taken":0,"max_hp_gain":0,"max_hp_loss":0,"event_name":"Golden Shrine","floor":22,"gold_loss":0},{"damage_healed":0,"gold_gain":0,"cards_transformed":["Strike_R"],"player_choice":"Transformed","damage_taken":0,"max_hp_gain":0,"max_hp_loss":0,"event_name":"Transmorgrifier","floor":32,"gold_loss":0,"cards_obtained":["Blood for Blood"]}],"is_beta":false,"boss_relics":[{"not_picked":["Ectoplasm","infinitespire:Burning Sword","Runic Pyramid"]},{"not_picked":["Coffee Dripper","Velvet Choker"],"picked":"Calling Bell"}],"items_purged_floors":[5,5,20,47],"is_endless":false,"potions_floor_spawned":[6,7,14,16,23,25,27,33,35,44],"ascension_level":3}}