{"host":"tjq6rykv202u6iqx","time":1612161825,"event":{"mods":["AchievementEnabler","BaseMod","Minty Spire (QoL Compilation)","Rare Cards Sparkle","Relic Stats"],"gold_per_floor":[116,116,136,155,230,230,248,248,273,285,285],"floor_reached":10,"language":"ENG","playtime":479,"items_purged":[],"score":116,"play_id":"3b88b6b4-eff1-4190-a5b3-9504f8b32e57","local_time":"20210201004345","is_ascension_mode":true,"campfire_choices":[{"data":"Eruption","floor":6,"key":"SMITH"},{"data":"FlurryOfBlows","floor":8,"key":"SMITH"}],"circlet_count":0,"master_deck":["AscendersBane","Strike_P","Strike_P","Strike_P","Strike_P","Defend_P","Defend_P","Defend_P","Eruption+1","Vigilance","Halt","FollowUp","FlurryOfBlows+1","Consecrate"],"relics":["Sozu","MawBank"],"acts_visited":["Exordium"],"potions_floor_usage":[],"damage_taken":[{"damage":2.0,"enemies":"Jaw Worm","floor":1.0,"turns":5.0},{"damage":7,"enemies":"Small Slimes","floor":3,"turns":4},{"damage":0,"enemies":"2 Louse","floor":4,"turns":2},{"damage":0,"enemies":"Gremlin Gang","floor":7,"turns":4},{"damage":58,"enemies":"Gremlin Nob","floor":10,"turns":4}],"seed_played":"4595084189824132231","potions_obtained":[],"is_trial":false,"path_per_floor":["M","?","M","M","?","R","M","R","T","E"],"character_chosen":"WATCHER","items_purchased":[],"campfire_rested":0,"item_purchase_floors":[],"current_hp_per_floor":[59,52,45,45,34,34,34,34,34,0,0],"gold":285,"neow_bonus":"BOSS_RELIC","is_daily":false,"chose_seed":false,"campfire_upgraded":2,"win_rate":0.0,"timestamp":1612161825,"path_taken":["M","?","M","M","?","R","M","R","T","E"],"items_purchased_type":[],"build_version":"2020-12-22","purchased_purges":0,"victory":false,"max_hp_per_floor":[68,68,68,68,68,68,68,68,68,68,68],"relic_stats":{"Sozu":2,"counters":[5,19],"MawBank":12,"obtain_stats":[{"Sozu":0,"PureWater":0,"MawBank":9},{"Sozu":0,"PureWater":0,"MawBank":4},{"Sozu":0,"PureWater":0,"MawBank":15}]},"card_choices":[{"not_picked":["PathToVictory","Evaluate"],"picked":"Halt","floor":1.0},{"not_picked":["LikeWater","SashWhip"],"picked":"FollowUp","floor":3},{"not_picked":["PathToVictory","Crescendo"],"picked":"FlurryOfBlows","floor":4},{"not_picked":["ThirdEye","EmptyBody"],"picked":"Consecrate","floor":7}],"player_experience":904245,"relics_obtained":[{"floor":9,"key":"MawBank"}],"event_choices":[{"cards_removed":["Defend_P"],"damage_healed":0.0,"max_hp_gain":0.0,"max_hp_loss":0.0,"gold_gain":0.0,"event_name":"Golden Wing","player_choice":"Card Removal","floor":2.0,"gold_loss":0.0,"damage_taken":7.0},{"damage_healed":0,"gold_gain":75,"player_choice":"Gather Gold","damage_taken":11,"max_hp_gain":0,"max_hp_loss":0,"event_name":"World of Goop","floor":5,"gold_loss":0}],"is_beta":false,"boss_relics":[],"items_purged_floors":[],"is_endless":false,"potions_floor_spawned":[4,7],"killed_by":"Gremlin Nob","ascension_level":20}}