{"host":"xltl1aroowo69o4n","time":1612147585,"event":{"mods":["BaseMod","Colored Map","Colored Powertips","Minty Spire (QoL Compilation)","StSLib"],"gold_per_floor":[115,115,128,14,39,70,70,104,104,130,142,142,142,37,37,135,135,152,152,152,163,180,213,228,248,248,298,311,311,340,352,352,455,455,466,22,33,47,97,97,97],"floor_reached":40,"language":"ENG","playtime":1702,"items_purged":[],"score":521,"play_id":"dde977d3-e4d9-4a79-b98b-c12f0051b2a9","local_time":"20210131214625","is_ascension_mode":false,"campfire_choices":[{"data":"Lockon","floor":7,"key":"SMITH"},{"floor":12,"key":"REST"},{"floor":15,"key":"REST"},{"floor":29,"key":"REST"},{"floor":32,"key":"REST"}],"circlet_count":0,"master_deck":["Strike_B","Strike_B","Strike_B+1","Defend_B","Defend_B","Defend_B","Defend_B","Zap","Dualcast","Capacitor","Cold Snap+1","Conserve Battery","Lockon+1","Conserve Battery","Beam Cell","Steam","Sweeping Beam","Genetic Algorithm","Electrodynamics","CurseOfTheBell","Go for the Eyes","Meteor Strike","FTL","Cold Snap+1","Doom and Gloom","Compile Driver+1","Loop","Steam+1","Darkness+1","Rebound+1","Core Surge+1","Self Repair+1","Cold Snap+1","Storm","Leap+1","Cold Snap+1","Hello World+1"],"relics":["Cracked Core","NeowsBlessing","Whetstone","Bag of Marbles","Nunchaku","StoneCalendar","TungstenRod","Calling Bell","Boot","Ornamental Fan","Lizard Tail","Bottled Flame","Eternal Feather","Bag of Preparation","Molten Egg 2","Nuclear Battery","Ginger","Pocketwatch"],"acts_visited":["Exordium","TheCity","TheBeyond"],"potions_floor_usage":[23,23,28,31,33,33,38,39,40,40],"damage_taken":[{"damage":0,"enemies":"2 Louse","floor":1,"turns":1},{"damage":0,"enemies":"Cultist","floor":3,"turns":1},{"damage":0,"enemies":"3 Sentries","floor":6,"turns":1},{"damage":28,"enemies":"Gremlin Nob","floor":8,"turns":5},{"damage":22,"enemies":"Lagavulin","floor":10,"turns":6},{"damage":0,"enemies":"Small Slimes","floor":11,"turns":3},{"damage":25,"enemies":"Hexaghost","floor":16,"turns":8},{"damage":6,"enemies":"Chosen","floor":18,"turns":5},{"damage":0,"enemies":"3 Byrds","floor":21,"turns":3},{"damage":0,"enemies":"3 Cultists","floor":22,"turns":4},{"damage":20,"enemies":"Slavers","floor":23,"turns":6},{"damage":8,"enemies":"Snake Plant","floor":24,"turns":3},{"damage":22,"enemies":"Snecko","floor":25,"turns":6},{"damage":20,"enemies":"Shelled Parasite and Fungi","floor":28,"turns":7},{"damage":16,"enemies":"Gremlin Leader","floor":30,"turns":7},{"damage":17,"enemies":"Centurion and Healer","floor":31,"turns":6},{"damage":57,"enemies":"Champ","floor":33,"turns":11},{"damage":0,"enemies":"3 Shapes","floor":35,"turns":3},{"damage":16,"enemies":"Orb Walker","floor":37,"turns":4},{"damage":18,"enemies":"Jaw Worm Horde","floor":38,"turns":4},{"damage":13,"enemies":"Mind Bloom Boss Battle","floor":39,"turns":7},{"damage":55,"enemies":"Giant Head","floor":40,"turns":8}],"seed_played":"-4788493841132726222","potions_obtained":[{"floor":1,"key":"PotionOfCapacity"},{"floor":10,"key":"Block Potion"},{"floor":11,"key":"Dexterity Potion"},{"floor":28,"key":"BlessingOfTheForge"},{"floor":30,"key":"AttackPotion"},{"floor":31,"key":"PowerPotion"},{"floor":33,"key":"Weak Potion"},{"floor":35,"key":"Energy Potion"},{"floor":39,"key":"Dexterity Potion"}],"is_trial":false,"path_per_floor":["M","?","M","$","T","E","R","E","T","E","M","R","?","$","R","B",null,"M","?","?","M","M","E","M","M","T","T","M","R","E","M","R","B",null,"M","$","M","M","?","E"],"character_chosen":"DEFECT","items_purchased":["Conserve Battery","Lockon","Sweeping Beam","Genetic Algorithm","Cold Snap+1","Storm","Ginger","AttackPotion"],"campfire_rested":4,"item_purchase_floors":[4,4,14,14,36,36,36,36],"current_hp_per_floor":[75,75,75,75,75,75,75,47,47,25,25,47,47,47,69,44,75,69,69,69,69,69,49,41,19,19,19,37,74,58,41,75,18,75,75,75,69,51,48,0,0],"gold":97,"neow_bonus":"THREE_ENEMY_KILL","is_daily":false,"chose_seed":false,"campfire_upgraded":1,"win_rate":0.0,"timestamp":1612147585,"path_taken":["M","?","?","$","?","E","R","E","T","E","M","R","?","?","R","BOSS","M","?","?","?","M","E","M","M","T","?","M","R","E","M","R","BOSS","M","$","M","M","?","E"],"items_purchased_type":["Card","Card","Card","Card","Card","Card","Relic","Potion"],"build_version":"2020-12-13","purchased_purges":0,"victory":false,"max_hp_per_floor":[75,75,75,75,75,75,75,75,75,75,75,75,75,75,75,75,75,75,75,75,75,75,75,75,75,75,75,75,75,75,75,75,75,75,75,75,75,75,75,75,75],"card_choices":[{"not_picked":["Reinforced Body","Aggregate"],"picked":"Capacitor","floor":1},{"not_picked":["Redo","Hologram"],"picked":"Cold Snap","floor":3},{"not_picked":["Steam","Turbo"],"picked":"Conserve Battery","floor":6},{"not_picked":["Hologram","Stack"],"picked":"Beam Cell","floor":8},{"not_picked":["Auto Shields","Steam Power"],"picked":"Steam","floor":10},{"not_picked":["Reboot","Rebound"],"picked":"Gash","floor":11},{"not_picked":["Fission","Meteor Strike"],"picked":"Electrodynamics","floor":16},{"not_picked":["Turbo","Capacitor"],"picked":"Go for the Eyes","floor":18},{"not_picked":["Streamline","Stack+1"],"picked":"Cold Snap+1","floor":21},{"not_picked":["Chill+1","Steam+1"],"picked":"Doom and Gloom","floor":22},{"not_picked":["Stack","Cold Snap","Sweeping Beam"],"picked":"SKIP","floor":23},{"not_picked":["Go for the Eyes","Beam Cell"],"picked":"Compile Driver+1","floor":24},{"not_picked":["Seek","Rebound"],"picked":"Loop","floor":25},{"not_picked":["Static Discharge","Stack+1"],"picked":"Steam+1","floor":28},{"not_picked":["Go for the Eyes+1","Compile Driver+1"],"picked":"Darkness+1","floor":30},{"not_picked":["Coolheaded","Reprogram"],"picked":"Rebound+1","floor":31},{"not_picked":["All For One+1","Fission"],"picked":"Core Surge+1","floor":33},{"not_picked":["Leap+1","Hologram"],"picked":"Self Repair+1","floor":35},{"not_picked":["Go for the Eyes+1","Sweeping Beam+1"],"picked":"Leap+1","floor":37},{"not_picked":["Heatsinks+1","Conserve Battery+1"],"picked":"Cold Snap+1","floor":38},{"not_picked":["Turbo","Conserve Battery"],"picked":"Hello World+1","floor":39}],"player_experience":54695,"relics_obtained":[{"floor":5,"key":"Whetstone"},{"floor":6,"key":"Bag of Marbles"},{"floor":8,"key":"Nunchaku"},{"floor":9,"key":"StoneCalendar"},{"floor":10,"key":"TungstenRod"},{"floor":17,"key":"Boot"},{"floor":17,"key":"Ornamental Fan"},{"floor":17,"key":"Lizard Tail"},{"floor":23,"key":"Bottled Flame"},{"floor":26,"key":"Eternal Feather"},{"floor":27,"key":"Bag of Preparation"},{"floor":30,"key":"Molten Egg 2"},{"floor":39,"key":"Pocketwatch"}],"event_choices":[{"cards_removed":["Strike_G"],"damage_healed":0,"gold_gain":0,"player_choice":"Took Card","damage_taken":0,"max_hp_gain":0,"max_hp_loss":0,"event_name":"NoteForYourself","floor":2,"gold_loss":0,"cards_obtained":["Strike_G"]},{"damage_healed":0,"gold_gain":0,"player_choice":"Ignored","damage_taken":0,"max_hp_gain":0,"max_hp_loss":0,"event_name":"Liars Game","floor":13,"gold_loss":0},{"damage_healed":0,"gold_gain":0,"player_choice":"Ignored","damage_taken":0,"max_hp_gain":0,"max_hp_loss":0,"event_name":"Ghosts","floor":19,"gold_loss":0},{"damage_healed":0,"gold_gain":0,"cards_transformed":["Gash","Strike_B"],"player_choice":"Became Test Subject","damage_taken":0,"max_hp_gain":0,"max_hp_loss":0,"event_name":"Drug Dealer","floor":20,"gold_loss":0,"cards_obtained":["Meteor Strike","FTL"]},{"damage_healed":0,"gold_gain":0,"player_choice":"Fight","damage_taken":0,"max_hp_gain":0,"max_hp_loss":0,"event_name":"MindBloom","floor":39,"gold_loss":0}],"is_beta":false,"boss_relics":[{"not_picked":["Inserter","Busted Crown"],"picked":"Calling Bell"},{"not_picked":["Cursed Key","Black Star"],"picked":"Nuclear Battery"}],"items_purged_floors":[],"is_endless":false,"potions_floor_spawned":[1,10,11,21,28,30,31,33,35,39],"killed_by":"Giant Head","ascension_level":0}}