{"host":"h1qktzcccqnez8tx","time":1612185493,"event":{"mods":["AchievementEnabler","BaseMod","Bestiary","Better Note","Block Reminder","Colored Map","Colored Powertips","Curses Come First","Downfall","Highlight Path","Infinite Spire","Minty Spire (QoL Compilation)","Permanent Neow","Quick Restart","Relic Stats","Replay The Spire","Say the Spire","StSLib","The Cursed","UnlockEverythingMod"],"gold_per_floor":[99,109,123,138,138,313,313,313,36,54,54,72,72,105,122,226,226,226,240,252,252,272,305,305,325,340,373,389,406,406,424,438,543,543,543,563,573,573,591,591,617,644,644,663,679,679,713,740,752,752,752,752],"floor_reached":50,"language":"ENG","playtime":4182,"items_purged":["Doubt","hexamod:Strike","hexamod:Strike"],"score":608,"play_id":"fe094134-ac97-4f65-923c-f02fa1d50dd4","local_time":"20210201141813","is_ascension_mode":true,"campfire_choices":[{"data":"hexamod:Float","floor":1,"key":"SMITH"},{"data":"hexamod:SuperheatedStrike","floor":8,"key":"SMITH"},{"data":"hexamod:ThermalTransfer","floor":11,"key":"SMITH"},{"data":"hexamod:SwordOfDarkness","floor":13,"key":"SMITH"},{"data":"hexamod:BurningTouch","floor":18,"key":"SMITH"},{"data":"infinitespire:FutureSight","floor":35,"key":"SMITH"},{"floor":43,"key":"REST"},{"floor":46,"key":"REST"}],"circlet_count":0,"master_deck":["hexamod:Defend","hexamod:Defend","hexamod:Defend","hexamod:Defend","hexamod:Sear","hexamod:Float+1","hexamod:FlamesFromBeyond","hexamod:FirstSeal","hexamod:SuperheatedStrike+1","hexamod:Hexaguard","hexamod:ThermalTransfer+1","hexamod:SwordOfDarkness+1","hexamod:BurningTouch+1","hexamod:Firestarter","hexamod:GhostflameInferno","CurseOfTheBell","hexamod:HeatMetal","hexamod:CatchUp","hexamod:Sear","hexamod:SoulSteal","hexamod:ThermalTransfer+1","hexamod:FlamesFromBeyond","infinitespire:FutureSight+1","hexamod:SpectralSpark","hexamod:RadiantFlame+1","hexamod:Hexaguard+1","hexamod:BurningTouch+1"],"relics":["hexamod:SpiritBrand","Replay:Multitool","Membership Card","Guardian:PocketSentry","Boot","Calling Bell","Pen Nib","infinitespire:Eraser","CaptainsWheel","Potion Belt","infinitespire:BottledMercury","infinitespire:Beetle Shell","Mummified Hand","Velvet Choker","Replay:Bottled Steam","Replay:Mystery Machine","Vajra","CeramicFish"],"acts_visited":["Exordium","TheCity","TheBeyond"],"potions_floor_usage":[37,48,50,50,50,50],"damage_taken":[{"damage":3,"enemies":"2 Louse","floor":2,"turns":4},{"damage":8,"enemies":"infinitespire:Voidling","floor":3,"turns":3},{"damage":0,"enemies":"Cultist","floor":4,"turns":3},{"damage":0,"enemies":"downfall:FleeingMerchant","floor":9,"turns":4},{"damage":8,"enemies":"Large Slime","floor":10,"turns":3},{"damage":5,"enemies":"Lots of Slimes","floor":12,"turns":3},{"damage":4,"enemies":"3 Sentries","floor":14,"turns":5},{"damage":2,"enemies":"2 Fungi Beasts","floor":15,"turns":3},{"damage":28,"enemies":"DF_ARCHETYPE_STREAMLINE","floor":16,"turns":10},{"damage":0,"enemies":"Chosen","floor":19,"turns":3},{"damage":11,"enemies":"Shelled Parasite and Fungi","floor":20,"turns":4},{"damage":8,"enemies":"Snake Plant","floor":22,"turns":4},{"damage":25,"enemies":"Slavers","floor":23,"turns":3},{"damage":5,"enemies":"Snecko","floor":25,"turns":4},{"damage":5,"enemies":"Sentry and Sphere","floor":26,"turns":5},{"damage":0,"enemies":"Nightmare","floor":27,"turns":6},{"damage":4,"enemies":"Centurion and Healer","floor":28,"turns":4},{"damage":6,"enemies":"Shelled Parasite and Fungi","floor":29,"turns":3},{"damage":5,"enemies":"Snake Plant","floor":31,"turns":3},{"damage":3,"enemies":"3 Cultists","floor":32,"turns":4},{"damage":25,"enemies":"WA_ARCHETYPE_CALM","floor":33,"turns":9},{"damage":11,"enemies":"3 Shapes","floor":36,"turns":4},{"damage":15,"enemies":"3 Darklings","floor":37,"turns":4},{"damage":29,"enemies":"Jaw Worm Horde","floor":39,"turns":3},{"damage":85,"enemies":"Reptomancer","floor":42,"turns":6},{"damage":16,"enemies":"Maw","floor":44,"turns":7},{"damage":27,"enemies":"3 Darklings","floor":45,"turns":3},{"damage":7,"enemies":"Nemesis","floor":47,"turns":5},{"damage":17,"enemies":"4 Shapes","floor":48,"turns":5},{"damage":16,"enemies":"Maw","floor":49,"turns":6},{"damage":70,"enemies":"SI_POISON_ARCHETYPE","floor":50,"turns":5}],"seed_played":"7268121639452247553","potions_obtained":[{"floor":3,"key":"Strength Potion"},{"floor":10,"key":"Explosive Potion"},{"floor":14,"key":"SteroidPotion"},{"floor":19,"key":"hexamod:SoulburnPotion"},{"floor":23,"key":"hexamod:EctoCoolerPotion"},{"floor":26,"key":"ColorlessPotion"},{"floor":32,"key":"FairyPotion"},{"floor":39,"key":"Fire Potion"},{"floor":44,"key":"PowerPotion"},{"floor":48,"key":"SkillPotion"}],"is_trial":false,"path_per_floor":["R","M","M","M","?","?","T","R","$","M","R","M","R","E","M","B",null,"R","M","M","?","M","E","T","M","M","NM","M","M","AVR","M","M","B",null,"R","M","M","AVR","M","?","T","E","R","M","M","R","E","M","M","B"],"character_chosen":"THE_SPIRIT","items_purchased":["Membership Card","Guardian:PocketSentry"],"campfire_rested":2,"item_purchase_floors":[9,9],"current_hp_per_floor":[70,67,59,66,66,66,66,66,70,69,69,70,70,70,70,42,70,70,70,66,66,65,47,47,42,44,51,54,55,55,57,61,43,70,70,66,58,58,29,80,80,31,55,46,19,43,43,33,24,0,0,0],"gold":752,"neow_bonus":"REMOVE_CARD","is_daily":false,"chose_seed":false,"campfire_upgraded":6,"win_rate":0.0,"timestamp":1612185493,"path_taken":["R","M","M","M","?","?","T","R","$","M","R","M","R","E","M","BOSS","R","M","M","?","M","E","T","M","M","NM","M","M","AVR","M","M","BOSS","R","M","M","AVR","?","?","T","E","R","M","M","R","E","M","M","BOSS"],"items_purchased_type":["Relic","Relic"],"build_version":"2020-12-22","purchased_purges":3,"victory":false,"max_hp_per_floor":[70,70,70,70,70,70,70,70,70,70,70,70,70,70,70,70,70,70,70,70,70,70,70,70,70,70,70,70,70,70,70,70,70,70,70,70,70,70,70,80,80,80,80,80,80,80,80,80,80,80,80,80],"relic_stats":{"counters":[31,138],"Mummified Hand":[19],"CeramicFish":18,"Pen Nib":[12],"Boot":[25],"obtain_stats":[{"Potion Belt":23,"infinitespire:BottledMercury":24,"CeramicFish":47,"Velvet Choker":34,"Vajra":42,"Pen Nib":17,"infinitespire:Beetle Shell":27,"Replay:Multitool":7,"Guardian:PocketSentry":9,"Replay:Mystery Machine":41,"Boot":14,"Calling Bell":17,"CaptainsWheel":17,"Mummified Hand":30,"Membership Card":9,"infinitespire:Eraser":17,"hexamod:SpiritBrand":0,"Replay:Bottled Steam":38},{"Potion Belt":13,"infinitespire:BottledMercury":13,"CeramicFish":28,"Velvet Choker":21,"Vajra":25,"Pen Nib":9,"infinitespire:Beetle Shell":16,"Replay:Multitool":3,"Guardian:PocketSentry":4,"Replay:Mystery Machine":24,"Boot":7,"Calling Bell":9,"CaptainsWheel":9,"Mummified Hand":18,"Membership Card":4,"infinitespire:Eraser":9,"hexamod:SpiritBrand":0,"Replay:Bottled Steam":23},{"Potion Belt":52,"infinitespire:BottledMercury":52,"CeramicFish":122,"Velvet Choker":90,"Vajra":107,"Pen Nib":38,"infinitespire:Beetle Shell":67,"Replay:Multitool":10,"Guardian:PocketSentry":14,"Replay:Mystery Machine":101,"Boot":25,"Calling Bell":38,"CaptainsWheel":38,"Mummified Hand":74,"Membership Card":14,"infinitespire:Eraser":38,"hexamod:SpiritBrand":0,"Replay:Bottled Steam":98}]},"card_choices":[{"not_picked":["hexamod:EtherealExpedition","hexamod:PhantomFireball"],"picked":"hexamod:FlamesFromBeyond","floor":2},{"not_picked":["hexamod:GhostShield","hexamod:HeatCrush"],"picked":"hexamod:FirstSeal","floor":3},{"not_picked":["hexamod:SpectersWail","hexamod:NightmareStrike"],"picked":"hexamod:SuperheatedStrike","floor":4},{"not_picked":["hexamod:NightmareStrike","hexamod:DynamicBlow"],"picked":"hexamod:Hexaguard","floor":9},{"not_picked":["hexamod:GhostLash","hexamod:InspiringFlames"],"picked":"hexamod:ThermalTransfer","floor":10},{"not_picked":["hexamod:ShieldOfDarkness","hexamod:GhostOfSpirePast"],"picked":"hexamod:SwordOfDarkness","floor":12},{"not_picked":["hexamod:Firestarter","hexamod:PhantomFireball"],"picked":"hexamod:BurningTouch","floor":14},{"not_picked":["hexamod:InspiringFlames","hexamod:Incineration"],"picked":"hexamod:Firestarter","floor":15},{"not_picked":["hexamod:SixthSeal","hexamod:GhostOfSpirePresent"],"picked":"hexamod:GhostflameInferno","floor":16},{"not_picked":["hexamod:GhostShield","hexamod:PowerFromBeyond+1"],"picked":"hexamod:HeatMetal","floor":19},{"not_picked":["hexamod:GhostLash+1","hexamod:SkipABeat"],"picked":"hexamod:CatchUp","floor":20},{"not_picked":["hexamod:SwordOfDarkness","hexamod:Haunt"],"picked":"hexamod:SoulSteal","floor":22},{"not_picked":["hexamod:NightmareStrike+1","hexamod:Firestarter","hexamod:ThirdSeal"],"picked":"SKIP","floor":23},{"not_picked":["hexamod:HeatMetal","hexamod:NecessarySacrifice","hexamod:Firestarter"],"picked":"SKIP","floor":25},{"not_picked":["hexamod:AdvancingGuard","hexamod:HauntingEcho"],"picked":"hexamod:ThermalTransfer+1","floor":26},{"not_picked":["hexamod:SpectralAdrenaline","hexamod:Firestarter","hexamod:HauntingEcho+1"],"picked":"SKIP","floor":27},{"not_picked":["hexamod:SpectralAdrenaline","hexamod:Firestarter","hexamod:HauntingEcho+1"],"picked":"SKIP","floor":27},{"not_picked":["hexamod:SuperheatedStrike","hexamod:HauntingEcho"],"picked":"hexamod:FlamesFromBeyond","floor":28},{"not_picked":["hexamod:SpectralAdrenaline","hexamod:PowerFromBeyond","hexamod:NecessarySacrifice+1"],"picked":"SKIP","floor":29},{"not_picked":["hexamod:SecondSeal","hexamod:GhostShield"],"picked":"hexamod:SpectralSpark","floor":31},{"not_picked":["hexamod:ThermalTransfer","hexamod:GhostOfSpireFuture","hexamod:Rewind"],"picked":"SKIP","floor":32},{"not_picked":["hexamod:ForkedFlame","hexamod:UnleashSpirits"],"picked":"hexamod:VolcanoVisage","floor":33},{"not_picked":["hexamod:GhostOfSpireFuture","hexamod:GhostOfSpirePast+1","hexamod:InspiringFlames+1"],"picked":"SKIP","floor":36},{"not_picked":["hexamod:AdvancingGuard","hexamod:SwordOfDarkness"],"picked":"hexamod:RadiantFlame+1","floor":37},{"not_picked":["hexamod:BacktrackSmack","hexamod:GhostShield+1","hexamod:ShieldOfDarkness"],"picked":"SKIP","floor":39},{"not_picked":["hexamod:SoulSteal+1","hexamod:SpectersWail","hexamod:Incineration"],"picked":"SKIP","floor":42},{"not_picked":["hexamod:SkipABeat+1","hexamod:FourthSeal","hexamod:Hexaguard"],"picked":"SKIP","floor":44},{"not_picked":["hexamod:PowerFromBeyond","hexamod:PhantomCloak","hexamod:BacktrackSmack+1"],"picked":"SKIP","floor":45},{"not_picked":["hexamod:HauntingEcho+1","hexamod:AdvancingGuard"],"picked":"hexamod:Hexaguard+1","floor":47},{"not_picked":["hexamod:FastForward","hexamod:GhostLash+1"],"picked":"hexamod:BurningTouch+1","floor":48},{"not_picked":["hexamod:SpectersWail","hexamod:NightmareGuise+1","hexamod:SoulSteal"],"picked":"SKIP","floor":49}],"player_experience":360808,"relics_obtained":[{"floor":7,"key":"Replay:Multitool"},{"floor":14,"key":"Boot"},{"floor":17,"key":"Pen Nib"},{"floor":17,"key":"infinitespire:Eraser"},{"floor":17,"key":"CaptainsWheel"},{"floor":23,"key":"Potion Belt"},{"floor":24,"key":"infinitespire:BottledMercury"},{"floor":27,"key":"infinitespire:Beetle Shell"},{"floor":41,"key":"Replay:Mystery Machine"},{"floor":42,"key":"Vajra"},{"floor":47,"key":"CeramicFish"}],"event_choices":[{"cards_removed":["hexamod:VolcanoVisage"],"damage_healed":41,"gold_gain":0,"player_choice":"Offered Rare","damage_taken":0,"max_hp_gain":10,"max_hp_loss":0,"event_name":"Bonfire Elementals","floor":40,"gold_loss":0}],"is_beta":false,"boss_relics":[{"not_picked":["ChewingGum","Sozu"],"picked":"Calling Bell"},{"not_picked":["Fusion Hammer","bronze:MakeshiftBattery"],"picked":"Velvet Choker"}],"items_purged_floors":[9,30,38],"is_endless":true,"potions_floor_spawned":[3,10,14,15,19,22,23,26,32,33,39,44,48,49],"killed_by":"SI_POISON_ARCHETYPE","ascension_level":1}}