{"host":"072lmn9sfokvtood","time":1612142521,"event":{"mods":["BaseMod","Colored Powertips","Curses Come First","Minty Spire (QoL Compilation)","StSLib"],"gold_per_floor":[115,127,140,140,150,150,225,240,294,149,180,180,180,28,28,28,28],"floor_reached":16,"language":"ENG","playtime":1362,"items_purged":[],"score":105,"play_id":"6011559b-e2bc-4896-97d3-1f0ed28d514d","local_time":"20210131192201","is_ascension_mode":true,"campfire_choices":[{"floor":6,"key":"REST"},{"data":"Infinite Blades","floor":15,"key":"SMITH"}],"circlet_count":0,"master_deck":["Strike_G","Strike_G","Strike_G","Strike_G","Strike_G","Defend_G","Defend_G","Defend_G","Defend_G","Defend_G","Survivor","Neutralize","Choke","Skewer","Dagger Throw","Regret","Footwork","Acrobatics","Dagger Spray","Bane","Well Laid Plans","Infinite Blades+1"],"relics":["Ring of the Snake","Paper Crane","Bag of Marbles","Tiny Chest","Frozen Egg 2","Lee\u0027s Waffle"],"acts_visited":["Exordium"],"potions_floor_usage":[11,16,16],"damage_taken":[{"damage":3,"enemies":"Small Slimes","floor":1,"turns":4},{"damage":5,"enemies":"Jaw Worm","floor":2,"turns":6},{"damage":2,"enemies":"2 Louse","floor":3,"turns":2},{"damage":21,"enemies":"Exordium Thugs","floor":5,"turns":5},{"damage":3,"enemies":"2 Fungi Beasts","floor":8,"turns":5},{"damage":7,"enemies":"3 Sentries","floor":11,"turns":8},{"damage":86,"enemies":"Hexaghost","floor":16,"turns":11}],"seed_played":"78016099715437379","potions_obtained":[{"floor":3,"key":"EssenceOfSteel"},{"floor":8,"key":"AttackPotion"},{"floor":11,"key":"Ancient Potion"}],"is_trial":false,"path_per_floor":["M","M","M","?","M","R","?","M","T","$","E","?","?","$","R","B"],"character_chosen":"THE_SILENT","items_purchased":["Dagger Spray","Bane","Well Laid Plans","Lee\u0027s Waffle"],"campfire_rested":1,"item_purchase_floors":[10,10,10,14],"current_hp_per_floor":[74,69,67,67,46,69,58,55,55,55,48,48,48,84,84,0,0],"gold":28,"neow_bonus":"TEN_PERCENT_HP_BONUS","is_daily":false,"chose_seed":false,"campfire_upgraded":1,"win_rate":0.0,"timestamp":1612142521,"path_taken":["M","M","M","?","M","R","?","M","T","$","E","?","?","?","R","BOSS"],"items_purchased_type":["Card","Card","Card","Relic"],"build_version":"2020-12-22","purchased_purges":0,"victory":false,"max_hp_per_floor":[77,77,77,77,77,77,77,77,77,77,77,77,77,84,84,84,84],"card_choices":[{"not_picked":["Prepared","Skewer"],"picked":"Choke","floor":1},{"not_picked":["Predator","Endless Agony"],"picked":"Skewer","floor":2},{"not_picked":["PiercingWail","Calculated Gamble"],"picked":"Dagger Throw","floor":3},{"not_picked":["Accuracy","PiercingWail"],"picked":"Footwork","floor":5},{"not_picked":["Flying Knee","Footwork"],"picked":"Acrobatics","floor":8},{"not_picked":["Slice","Concentrate"],"picked":"Infinite Blades","floor":11}],"player_experience":231102,"relics_obtained":[{"floor":9,"key":"Bag of Marbles"},{"floor":11,"key":"Tiny Chest"}],"event_choices":[{"damage_healed":0,"gold_gain":0,"player_choice":"Box","damage_taken":0,"relics_obtained":["Paper Crane"],"max_hp_gain":0,"max_hp_loss":0,"event_name":"Big Fish","floor":4,"gold_loss":0,"cards_obtained":["Regret"]},{"damage_healed":0,"gold_gain":75,"player_choice":"Gather Gold","damage_taken":11,"max_hp_gain":0,"max_hp_loss":0,"event_name":"World of Goop","floor":7,"gold_loss":0},{"damage_healed":0,"gold_gain":0,"player_choice":"Searched \u00271\u0027 times","damage_taken":0,"relics_obtained":["Frozen Egg 2"],"max_hp_gain":0,"max_hp_loss":0,"event_name":"Dead Adventurer","floor":12,"gold_loss":0},{"damage_healed":0,"gold_gain":0,"player_choice":"Ignored","damage_taken":0,"max_hp_gain":0,"max_hp_loss":0,"event_name":"Shining Light","floor":13,"gold_loss":0}],"is_beta":false,"boss_relics":[],"items_purged_floors":[],"is_endless":false,"potions_floor_spawned":[3,8,11],"killed_by":"Hexaghost","ascension_level":1}}