{"host":"7oiwk103j2prpym5","time":1612154278,"event":{"mods":["BaseMod","BetterRewards","Colored Map","Colored Powertips","GifTheSpireLib","Infinite Spire","Minty Spire (QoL Compilation)","Permanent Neow","Relic Filter Mod","Reliquary","Remove Card Discount Mod","Replay The Spire","StSLib","Stuff the Spire","Weighted Paths"],"gold_per_floor":[214,230,230,242,252,267,267,267,267,281,292,252,265,291,291,391,391,410,410,410,410,410,436,450,89,160,179,179,193,210,225,225,320,320,339,339,439,454,504,504,504,530,554,315,354,354,0,10,10,10],"floor_reached":51,"language":"ENG","playtime":2632,"items_purged":["Pain","Regret","Strike_R","Defend_R","Strike_R","Strike_R","Defend_R","StuffTheSpire:CuriosityCurse","Voices","Pain"],"score":726,"play_id":"abc5c560-df98-47dc-a741-3aa8c22d7c4e","local_time":"20210131223758","is_ascension_mode":false,"campfire_choices":[{"floor":7,"key":"RECALL"},{"floor":15,"key":"REST"},{"floor":32,"key":"REST"},{"floor":41,"key":"REST"},{"data":"Spot Weakness","floor":46,"key":"SMITH"},{"data":"Madness","floor":49,"key":"SMITH"}],"circlet_count":0,"master_deck":["Strike_R","Strike_R","Defend_R","Bash","Pommel Strike","Shockwave","Sword Boomerang","Anger","ReplayTheSpireMod:Corrosion Curse","infinitespire:OneForAll","Run Through","Armaments","Whirlwind","Flex","Feed","ReplayTheSpireMod:Limb From Limb","Flex","ReplayReversal","Shockwave+1","Spot Weakness+1","Spot Weakness","Shrug It Off","Iron Wave+1","Cleave","Juggernaut+1","Life Link+1","Thunderclap+1","Flex+1","Inflame+1","Twin Strike+1","Uppercut+1","Madness+1","Feed+1","Flex"],"relics":["Burning Blood","Ring of Panic","infinitespire:FocusingShard","Du-Vu Doll","Incense Burner","Mark of Pain","reliquary:Tamtam","Philosopher\u0027s Stone","MutagenicStrength","reliquary:BoilingFlask","Replay:Rubber Ducky","Mercury Hourglass","Frozen Egg 2","Cursed Key","Calipers","ReplayFunnel","Black Blood","Counterbalance","infinitespire:EvilPickle","reliquary:Stiletto","PreservedInsect","Juzu Bracelet"],"acts_visited":["Exordium","TheCity","TheBeyond"],"potions_floor_usage":[16,16,23,33,50],"damage_taken":[{"damage":1,"enemies":"Cultist","floor":1,"turns":3},{"damage":0,"enemies":"2 Louse","floor":2,"turns":2},{"damage":2,"enemies":"Jaw Worm","floor":4,"turns":2},{"damage":5,"enemies":"Large Slime","floor":5,"turns":4},{"damage":11,"enemies":"Looter","floor":6,"turns":2},{"damage":18,"enemies":"Exordium Wildlife","floor":10,"turns":4},{"damage":0,"enemies":"2 Fungi Beasts","floor":11,"turns":2},{"damage":20,"enemies":"Exordium Thugs","floor":13,"turns":4},{"damage":30,"enemies":"3 Sentries","floor":14,"turns":8},{"damage":21,"enemies":"Slime Boss","floor":16,"turns":10},{"damage":0,"enemies":"3 Byrds","floor":18,"turns":3},{"damage":47,"enemies":"Book of Stabbing","floor":23,"turns":6},{"damage":0,"enemies":"Shell Parasite","floor":24,"turns":2},{"damage":13,"enemies":"Centurion and Healer","floor":27,"turns":3},{"damage":8,"enemies":"3 Cultists","floor":29,"turns":4},{"damage":3,"enemies":"Snake Plant","floor":30,"turns":3},{"damage":0,"enemies":"Centurion and Healer","floor":31,"turns":4},{"damage":48,"enemies":"Pondfish","floor":33,"turns":5},{"damage":8,"enemies":"3 Darklings","floor":35,"turns":3},{"damage":0,"enemies":"Orb Walker","floor":38,"turns":1},{"damage":40,"enemies":"Mind Bloom Boss Battle","floor":39,"turns":3},{"damage":13,"enemies":"R_Hoarder","floor":42,"turns":4},{"damage":15,"enemies":"3 Darklings","floor":45,"turns":4},{"damage":15,"enemies":"Maw","floor":48,"turns":7},{"damage":87,"enemies":"Awakened One","floor":50,"turns":9}],"seed_played":"1292637409339305428","potions_obtained":[{"floor":2,"key":"Strength Potion"},{"floor":10,"key":"LiquidMemories"},{"floor":13,"key":"PowerPotion"},{"floor":14,"key":"Fire Potion"},{"floor":16,"key":"Flashbang"},{"floor":30,"key":"Adrenaline Potion"},{"floor":33,"key":"Fire Potion"},{"floor":35,"key":"FearPotion"}],"is_trial":false,"path_per_floor":["M","M","?","M","M","M","R","?","T","M","M","$","M","E","R","B",null,"M","?","AVR","?","?","E","M","$","T","M","?","M","M","M","R","B",null,"M","?","?","M","?","AVR","R","E","T","$","M","R","$","M","R","B",null],"character_chosen":"IRONCLAD","items_purchased":["Armaments","Spot Weakness","Mercury Hourglass","Shrug It Off","PreservedInsect","Madness","Fruit Juice","Juzu Bracelet","Feed+1"],"campfire_rested":3,"item_purchase_floors":[12,25,25,25,44,44,47,47,47],"current_hp_per_floor":[80,80,80,80,80,75,75,75,75,63,69,69,55,31,55,40,80,80,80,80,80,80,39,45,45,45,38,38,36,39,48,72,30,83,81,81,81,83,49,49,73,78,78,78,84,84,84,87,87,19],"gold":10,"neow_bonus":"HUNDRED_GOLD","is_daily":false,"chose_seed":false,"campfire_upgraded":2,"win_rate":0.0,"timestamp":1612154278,"path_taken":["M","?","?","M","M","M","R","?","T","M","M","$","M","E","R","BOSS","M","?","AVR","?","?","E","M","$","T","M","?","M","M","M","R","BOSS","M","?","?","?","?","AVR","R","E","T","?","?","R","$","M","R","BOSS"],"items_purchased_type":["Card","Card","Relic","Card","Relic","Card","Potion","Relic","Card"],"build_version":"2020-12-22","purchased_purges":10,"victory":true,"max_hp_per_floor":[80,80,80,80,80,80,80,80,80,80,80,80,80,80,80,80,80,80,80,80,80,80,80,80,80,80,80,80,80,80,83,83,83,83,83,83,83,83,83,83,83,83,83,83,86,86,86,87,87,88],"card_choices":[{"not_picked":["Reckless Charge","StuffTheSpire:Incineration"],"picked":"Pommel Strike","floor":1},{"not_picked":["Pommel Strike","StuffTheSpire:Incineration"],"picked":"Shockwave","floor":2},{"not_picked":["Intimidate","StuffTheSpire:Resist"],"picked":"Sword Boomerang","floor":4},{"not_picked":["Perfected Strike","Burning Pact"],"picked":"Anger","floor":5},{"not_picked":["Battle Trance","Entrench"],"picked":"ReplayTheSpireMod:Corrosion Curse","floor":6},{"not_picked":["Demonic Infusion","True Grit"],"picked":"infinitespire:OneForAll","floor":10},{"not_picked":["Havoc","Body Slam"],"picked":"Run Through","floor":11},{"not_picked":["True Grit","StuffTheSpire:RockThrow"],"picked":"Whirlwind","floor":13},{"not_picked":["Pummel","StuffTheSpire:Slingshot"],"picked":"Flex","floor":14},{"not_picked":["Impervious","Fiend Fire"],"picked":"Feed","floor":16},{"not_picked":["Pommel Strike","True Grit+1"],"picked":"ReplayTheSpireMod:Limb From Limb","floor":18},{"not_picked":["ReplayTheSpireMod:Strike From Hell","Rampage"],"picked":"ReplayReversal","floor":23},{"not_picked":["Sword Boomerang","ReplayTheSpireMod:LeadingStrike"],"picked":"Shockwave+1","floor":24},{"not_picked":["Double Tap","Cleave"],"picked":"Iron Wave+1","floor":27},{"not_picked":["Seeing Red","StuffTheSpire:RockThrow","Pommel Strike"],"picked":"SKIP","floor":29},{"not_picked":["Pommel Strike","Sentinel","Clash"],"picked":"SKIP","floor":30},{"not_picked":["Feel No Pain+1","Armaments"],"picked":"Cleave","floor":31},{"not_picked":["Hemogenesis","Offering"],"picked":"Juggernaut+1","floor":33},{"not_picked":["Havoc+1","Pummel"],"picked":"Life Link+1","floor":35},{"not_picked":["Sword Boomerang","Twin Strike+1"],"picked":"Thunderclap+1","floor":37},{"not_picked":["Infernal Blade","Body Slam+1"],"picked":"Flex+1","floor":37},{"not_picked":["Hemokinesis","Clash"],"picked":"Inflame+1","floor":37},{"not_picked":["Armaments","Spot Weakness"],"picked":"Twin Strike+1","floor":38},{"not_picked":["Perfected Strike+1","Offering"],"picked":"Uppercut+1","floor":42},{"not_picked":["Sword Boomerang","Warcry","Clash"],"picked":"SKIP","floor":45},{"not_picked":["Sword Boomerang+1","Burning Pact+1"],"picked":"Flex","floor":48}],"player_experience":839834,"relics_obtained":[{"floor":3,"key":"Ring of Panic"},{"floor":9,"key":"Du-Vu Doll"},{"floor":14,"key":"Incense Burner"},{"floor":23,"key":"Replay:Rubber Ducky"},{"floor":26,"key":"Frozen Egg 2"},{"floor":39,"key":"Calipers"},{"floor":42,"key":"Counterbalance"},{"floor":43,"key":"reliquary:Stiletto"}],"event_choices":[{"damage_healed":0,"gold_gain":0,"player_choice":"Box","damage_taken":0,"relics_obtained":["infinitespire:FocusingShard"],"max_hp_gain":0,"max_hp_loss":0,"event_name":"Big Fish","floor":8,"gold_loss":0,"cards_obtained":["Regret"]},{"damage_healed":0,"gold_gain":0,"player_choice":"Read","damage_taken":0,"max_hp_gain":0,"max_hp_loss":0,"event_name":"The Library","floor":19,"gold_loss":0,"cards_obtained":["Flex"]},{"damage_healed":0,"gold_gain":0,"player_choice":"Inject Mutagens","damage_taken":0,"relics_obtained":["MutagenicStrength"],"max_hp_gain":0,"max_hp_loss":0,"event_name":"Drug Dealer","floor":21,"gold_loss":0},{"cards_removed":["Defend_R"],"damage_healed":0,"gold_gain":0,"player_choice":"Removed Skill","damage_taken":0,"max_hp_gain":0,"max_hp_loss":0,"event_name":"Falling","floor":36,"gold_loss":0},{"damage_healed":0,"gold_gain":0,"player_choice":"Fight","damage_taken":0,"max_hp_gain":0,"max_hp_loss":0,"event_name":"MindBloom","floor":39,"gold_loss":0}],"is_beta":false,"boss_relics":[{"not_picked":["Tiny House","reliquary:RedCape"],"picked":"Mark of Pain"},{"not_picked":["Runic Pyramid","Runic Cube"],"picked":"Cursed Key"}],"items_purged_floors":[12,12,12,12,12,12,12,25,40,44],"is_endless":false,"potions_floor_spawned":[2,10,13,14,16,30,33,35,38],"ascension_level":0}}