{"host":"Berg","time":1612162120,"event":{"mods":["AchievementEnabler","BaseMod","Colored Map","Downfall","Gremlin Skip","Highlight Path","Minty Spire (QoL Compilation)","Relic Stats","StSLib"],"gold_per_floor":[99,113,113,126,146,146,200,200,219,230,263,274,274,289,307,405,405,405,415,427,440,450,450,499,499,515,515,527,527,477,234,252,353,353,353,364,381,429,448,448,475,92,92,105,105,105,32,65,78,78],"floor_reached":51,"language":"ENG","playtime":3810,"items_purged":["Guardian:Strike_Guardian","Guardian:Strike_Guardian"],"score":685,"play_id":"7cbcf32f-335b-4d6e-9eb7-d7fa6d804c76","local_time":"20210201014840","is_ascension_mode":false,"campfire_choices":[{"data":"1","floor":1,"key":"LIFT"},{"floor":8,"key":"REST"},{"floor":13,"key":"REST"},{"data":"2","floor":18,"key":"LIFT"},{"data":"3","floor":23,"key":"LIFT"},{"data":"Guardian:DecasProtection","floor":27,"key":"SMITH"},{"data":"Guardian:CrystalBeam","floor":29,"key":"SMITH"},{"data":"Guardian:AncientConstruct","floor":43,"key":"SMITH"}],"circlet_count":0,"master_deck":["Guardian:Defend_Guardian","Guardian:Defend_Guardian","Guardian:Defend_Guardian","Guardian:Defend_Guardian","Guardian:CurlUp","Guardian:TwinSlam","Guardian:PiercingHide","Guardian:PrimingBeam","Guardian:ArmoredProtocol","Guardian:DecasProtection+1","Guardian:CrystalBeam+1","Guardian:SentryBeam","Guardian:ChargeCore","Guardian:WalkerClaw","Guardian:AncientConstruct+1","Guardian:DonusPower","Guardian:Gem_Lightblue","Slimebound:CheckThePlaybook","Guardian:Recover+1","Guardian:ShieldSpikes","Guardian:Gem_Fragmented","Guardian:RevengeProtocol","Guardian:RevengeProtocol","Guardian:Gem_Lightblue","Guardian:Gem_Cyan","Guardian:SentryBeam","Guardian:Gem_Red","Guardian:Clone","Guardian:SentryBeam","Guardian:WalkerClaw","Slimebound:CheckThePlaybook","Guardian:AncientConstruct","Guardian:Gem_Fragmented","expansioncontent:YouAreMine","Guardian:PolyBeam","Guardian:TimeSifter"],"relics":["Guardian:ModeShifter","Girya","Guardian:PickAxe","Strawberry","Oddly Smooth Stone","Snecko Eye","Anchor","Pen Nib","bronze:MakeshiftBattery","Lizard Tail","MawBank","Lantern","Art of War","DollysMirror","Pantograph"],"acts_visited":["Exordium","TheCity","TheBeyond"],"potions_floor_usage":[11,15,16,16,28,48,50,50],"damage_taken":[{"damage":2,"enemies":"Cultist","floor":2,"turns":5},{"damage":11,"enemies":"Cultist","floor":3,"turns":5},{"damage":6,"enemies":"Jaw Worm","floor":4,"turns":5},{"damage":7,"enemies":"2 Louse","floor":5,"turns":2},{"damage":0,"enemies":"2 Fungi Beasts","floor":9,"turns":4},{"damage":11,"enemies":"Large Slime","floor":10,"turns":8},{"damage":18,"enemies":"Lagavulin","floor":11,"turns":8},{"damage":12,"enemies":"Exordium Wildlife","floor":12,"turns":5},{"damage":4,"enemies":"Exordium Thugs","floor":14,"turns":5},{"damage":3,"enemies":"2 Fungi Beasts","floor":15,"turns":2},{"damage":20,"enemies":"WA_ARCHETYPE_RETAIN","floor":16,"turns":15},{"damage":4,"enemies":"Chosen","floor":19,"turns":4},{"damage":10,"enemies":"3 Byrds","floor":20,"turns":4},{"damage":15,"enemies":"Shelled Parasite and Fungi","floor":21,"turns":5},{"damage":12,"enemies":"Sentry and Sphere","floor":22,"turns":6},{"damage":6,"enemies":"Cultist and Chosen","floor":26,"turns":3},{"damage":6,"enemies":"Snake Plant","floor":28,"turns":5},{"damage":0,"enemies":"downfall:FleeingMerchant","floor":31,"turns":4},{"damage":0,"enemies":"Sentry and Sphere","floor":32,"turns":2},{"damage":10,"enemies":"SI_MIRROR_ARCHETYPE","floor":33,"turns":7},{"damage":0,"enemies":"3 Darklings","floor":36,"turns":6},{"damage":0,"enemies":"Orb Walker","floor":37,"turns":3},{"damage":13,"enemies":"2 Orb Walkers","floor":38,"turns":4},{"damage":1,"enemies":"Sphere and 2 Shapes","floor":39,"turns":5},{"damage":3,"enemies":"downfall:FleeingMerchant","floor":42,"turns":4},{"damage":13,"enemies":"Maw","floor":44,"turns":5},{"damage":48,"enemies":"Nemesis","floor":48,"turns":9},{"damage":7,"enemies":"Jaw Worm Horde","floor":49,"turns":5},{"damage":61,"enemies":"DF_ARCHETYPE_ORBS","floor":50,"turns":9}],"seed_played":"-8573202676023944384","potions_obtained":[{"floor":9,"key":"FearPotion"},{"floor":11,"key":"Explosive Potion"},{"floor":14,"key":"Guardian:DefensiveModePotion"},{"floor":15,"key":"Guardian:BlockOnCardUsePotion"},{"floor":19,"key":"Regen Potion"},{"floor":26,"key":"Regen Potion"},{"floor":28,"key":"AttackPotion"},{"floor":33,"key":"BlessingOfTheForge"},{"floor":38,"key":"PowerPotion"}],"is_trial":false,"path_per_floor":["R","M","?","M","M","?","T","R","M","M","E","M","R","M","M","B",null,"R","M","M","M","M","R","T","?","M","R","M","R","?","$","M","B",null,"R","M","M","?","M","?","T","$","R","M","?","?","$","E","M","B",null],"character_chosen":"GUARDIAN","items_purchased":["Pen Nib","Guardian:WalkerClaw","Lantern","Art of War","DollysMirror","Guardian:AncientConstruct","Guardian:PolyBeam"],"campfire_rested":2,"item_purchase_floors":[31,42,42,42,42,42,47],"current_hp_per_floor":[56,54,37,31,24,24,31,57,57,46,28,16,42,38,35,15,87,87,83,73,58,46,46,46,46,40,40,46,46,76,76,76,66,79,79,79,79,66,65,65,65,62,62,49,49,49,49,13,6,9],"gold":78,"neow_bonus":"ONE_RARE_RELIC","is_daily":false,"chose_seed":false,"campfire_upgraded":3,"win_rate":0.0,"timestamp":1612162120,"path_taken":["R","M","?","M","M","?","T","R","M","M","E","M","R","?","M","BOSS","R","M","M","?","M","R","T","?","M","R","M","R","?","$","M","BOSS","R","M","M","?","M","?","T","?","R","?","?","?","$","E","M","BOSS"],"items_purchased_type":["Relic","Card","Relic","Relic","Relic","Card","Card"],"build_version":"2020-12-18","purchased_purges":2,"victory":true,"max_hp_per_floor":[80,80,80,80,80,80,87,87,87,87,87,87,87,87,87,87,87,87,87,87,87,87,87,87,79,79,79,79,79,79,79,79,79,79,79,79,79,79,79,79,79,79,79,79,79,79,79,79,79,79],"relic_stats":{"Lizard Tail":39,"counters":[29,154],"Pantograph":25,"Snecko Eye":[197,141,161,156],"Pen Nib":[14],"Art of War":[5],"MawBank":12,"obtain_stats":[{"Girya":0,"Lantern":42,"Guardian:ModeShifter":0,"Oddly Smooth Stone":11,"Pen Nib":31,"MawBank":41,"Guardian:PickAxe":3,"Anchor":24,"Lizard Tail":38,"DollysMirror":42,"Strawberry":7,"Pantograph":48,"Snecko Eye":17,"Art of War":42,"bronze:MakeshiftBattery":34},{"Girya":0,"Lantern":25,"Guardian:ModeShifter":0,"Oddly Smooth Stone":7,"Pen Nib":18,"MawBank":24,"Guardian:PickAxe":2,"Anchor":15,"Lizard Tail":23,"DollysMirror":25,"Strawberry":4,"Pantograph":27,"Snecko Eye":11,"Art of War":25,"bronze:MakeshiftBattery":20},{"Girya":0,"Lantern":126,"Guardian:ModeShifter":0,"Oddly Smooth Stone":37,"Pen Nib":95,"MawBank":122,"Guardian:PickAxe":10,"Anchor":83,"Lizard Tail":117,"DollysMirror":126,"Strawberry":17,"Pantograph":140,"Snecko Eye":64,"Art of War":126,"bronze:MakeshiftBattery":104}]},"card_choices":[{"not_picked":["Guardian:Gem_Green","Guardian:Reroute"],"picked":"Guardian:Gem_White","floor":2},{"not_picked":["Guardian:BodySlam","Guardian:ShieldCharger"],"picked":"Guardian:PiercingHide","floor":4},{"not_picked":["Guardian:TimeSifter","Guardian:Incinerate"],"picked":"Guardian:PrimingBeam","floor":5},{"not_picked":["Guardian:Planning","Guardian:Gem_Red"],"picked":"Guardian:DecasProtection","floor":9},{"not_picked":["Guardian:Gem_Lightblue","Guardian:SpikerProtocol"],"picked":"Guardian:CrystalBeam","floor":10},{"not_picked":["Guardian:ShieldSpikes","Guardian:Reroute"],"picked":"Guardian:SentryBeam","floor":11},{"not_picked":["Guardian:ArmoredProtocol","Guardian:Reroute"],"picked":"Guardian:ChargeCore","floor":12},{"not_picked":["Guardian:PiercingHide","Guardian:ConstructionForm"],"picked":"Guardian:WalkerClaw","floor":14},{"not_picked":["Guardian:Recover","Guardian:WalkerClaw"],"picked":"Guardian:Gem_Red","floor":15},{"not_picked":["Guardian:StasisStrike","Guardian:TimeSifter"],"picked":"Guardian:AncientConstruct","floor":16},{"not_picked":["Guardian:PrimingBeam+1","Guardian:Incinerate"],"picked":"Guardian:DonusPower","floor":19},{"not_picked":["Guardian:Gem_Orange","Guardian:BodySlam"],"picked":"Guardian:Gem_Red","floor":20},{"not_picked":["Guardian:Reroute+1","Guardian:Preprogram"],"picked":"Guardian:Gem_Blue","floor":21},{"not_picked":["Guardian:Suspension+1","Guardian:PiercingHide"],"picked":"Guardian:Gem_Lightblue","floor":22},{"not_picked":["Guardian:Incinerate","Guardian:TemporalShield"],"picked":"Guardian:Recover+1","floor":26},{"not_picked":["Guardian:CrystalBeam+1","Guardian:PiercingHide"],"picked":"Guardian:ShieldSpikes","floor":28},{"not_picked":["Guardian:WalkerClaw","Guardian:Suspension"],"picked":"Guardian:Gem_Fragmented","floor":31},{"not_picked":["Guardian:Gem_Cyan","Guardian:Incinerate+1"],"picked":"Guardian:RevengeProtocol","floor":32},{"not_picked":["Guardian:StasisField","Guardian:AncientConstruct"],"picked":"Guardian:RevengeProtocol","floor":33},{"not_picked":["Guardian:Planning","Guardian:Suspension"],"picked":"Guardian:SentryBeam","floor":36},{"not_picked":["Guardian:Clone","Guardian:SentryBeam+1"],"picked":"Guardian:Gem_Red","floor":37},{"not_picked":["Guardian:TimeBomb","Guardian:Planning"],"picked":"Guardian:Gem_Red","floor":38},{"not_picked":["Guardian:Recover","Guardian:VentSteam+1"],"picked":"Guardian:Clone","floor":39},{"not_picked":["Guardian:TimeBomb+1","Guardian:Gem_Lightblue"],"picked":"Guardian:SentryBeam","floor":42},{"not_picked":["Guardian:ChargeCore+1","Guardian:Gem_Green","Guardian:Gem_Cyan"],"picked":"SKIP","floor":44},{"not_picked":["expansioncontent:Hexaburn","expansioncontent:HyperBeam"],"picked":"expansioncontent:YouAreMine","floor":46},{"not_picked":["Guardian:ChargeCore+1","Guardian:Gem_Red"],"picked":"Guardian:TimeSifter","floor":48},{"not_picked":["Guardian:Gem_Green","Guardian:Preprogram","Guardian:Gem_Red"],"picked":"SKIP","floor":49}],"player_experience":1368821,"relics_obtained":[{"floor":7,"key":"Strawberry"},{"floor":11,"key":"Oddly Smooth Stone"},{"floor":24,"key":"Anchor"},{"floor":38,"key":"Lizard Tail"},{"floor":41,"key":"MawBank"},{"floor":48,"key":"Pantograph"}],"event_choices":[{"damage_healed":0,"gold_gain":0,"player_choice":"Fight","damage_taken":0,"max_hp_gain":0,"max_hp_loss":0,"event_name":"Mysterious Sphere","floor":38,"gold_loss":0}],"is_beta":true,"boss_relics":[{"not_picked":["Velvet Choker","SacredBark"],"picked":"Snecko Eye"},{"not_picked":["Runic Pyramid","Coffee Dripper"],"picked":"bronze:MakeshiftBattery"}],"items_purged_floors":[31,42],"is_endless":false,"potions_floor_spawned":[9,11,14,15,19,26,28,33,37,38,44],"ascension_level":0}}