{"host":"jczpfntkj7lke2b5","time":1612185137,"event":{"mods":["2.2 Compatiblity","AchievementEnabler","BaseMod","Block Reminder","Colored Map","Colored Powertips","Highlight Path","Minty Spire (QoL Compilation)","Permanent Neow","Random Character Button","Random Character Mod","Rare Cards Sparkle","Relic Stats","Shop Mod","StSLib"],"gold_per_floor":[110,127,142,157,157,177,177,177,189,239,276,288,316,346,358,501,513,538,571,2399,2417,2430,2465,2465,2465,2465,2480,2499,2499,1677,1721,1721,1847,1847,1870,699,720,741,3000,3038,3038,3038,3064,3108,3126,3144,2252,2252,2252,2252],"floor_reached":51,"language":"ENG","playtime":5727,"items_purged":["Strike_R","Strike_R","Defend_R","Defend_R"],"score":953,"play_id":"f8713872-2d74-4ede-b1a8-81b650ea9cc6","local_time":"20210201141217","is_ascension_mode":false,"campfire_choices":[{"data":"Thunderclap","floor":7.0,"key":"SMITH"},{"data":"Bash","floor":12.0,"key":"SMITH"},{"data":"Heavy Blade","floor":15.0,"key":"SMITH"},{"data":"Shrug It Off","floor":25.0,"key":"SMITH"},{"data":"Spot Weakness","floor":29.0,"key":"SMITH"},{"data":"Iron Wave","floor":32.0,"key":"SMITH"},{"data":"Demon Form","floor":42.0,"key":"SMITH"},{"data":"Searing Blow","floor":49.0,"key":"SMITH"}],"circlet_count":0,"master_deck":["Defend_R+1","Bash+1","Thunderclap+1","Bloodletting","Heavy Blade+1","Shrug It Off+1","Fire Breathing","Spot Weakness+1","Flex","Barricade","Iron Wave+1","Demon Form+1","Searing Blow+1","Power Through","Good Instincts","Searing Blow","Pummel","Warcry","Impervious","Rupture","Shockwave","Hemokinesis","Dropkick","RitualDagger","Sword Boomerang+1","Spot Weakness+1","Clothesline+1","Reckless Charge+1","Armaments","Combust","Warcry","Reaper+1","Double Tap","Carnage+1","Shrug It Off+1","Burning Pact+1","Shockwave","Pummel+1","Headbutt+1","Shrug It Off","Dark Embrace","Magnetism","Cleave+1","Double Tap","Heavy Blade+1","Headbutt+1","Armaments+1","Feel No Pain+1","Mind Blast+1","Ghostly Armor","Reckless Charge+1","Sword Boomerang+1","Feel No Pain","Transmutation","Panache","The Bomb"],"relics":["Black Blood","Bronze Scales","Golden Idol","White Beast Statue","Paper Frog","MerchantsRug","Charon\u0027s Ashes","Molten Egg 2","Centennial Puzzle","Chemical X","Torii","Lizard Tail","Champion Belt","Sling","Red Mask","FossilizedHelix","Oddly Smooth Stone","Pen Nib","Strange Spoon"],"acts_visited":["Exordium","TheCity","TheBeyond"],"potions_floor_usage":[50,50,50,50,50],"damage_taken":[{"damage":0.0,"enemies":"Cultist","floor":1.0,"turns":2.0},{"damage":0.0,"enemies":"Small Slimes","floor":2.0,"turns":2.0},{"damage":3.0,"enemies":"2 Louse","floor":3.0,"turns":2.0},{"damage":3.0,"enemies":"Looter","floor":4.0,"turns":2.0},{"damage":11.0,"enemies":"Exordium Wildlife","floor":6.0,"turns":3.0},{"damage":14.0,"enemies":"Gremlin Nob","floor":10.0,"turns":3.0},{"damage":0.0,"enemies":"2 Fungi Beasts","floor":11.0,"turns":1.0},{"damage":11.0,"enemies":"Large Slime","floor":13.0,"turns":4.0},{"damage":0.0,"enemies":"Exordium Thugs","floor":14.0,"turns":4.0},{"damage":43.0,"enemies":"Hexaghost","floor":16.0,"turns":5.0},{"damage":5.0,"enemies":"2 Thieves","floor":18.0,"turns":3.0},{"damage":5.0,"enemies":"Spheric Guardian","floor":19.0,"turns":3.0},{"damage":13.0,"enemies":"Centurion and Healer","floor":21.0,"turns":5.0},{"damage":9.0,"enemies":"Snake Plant","floor":22.0,"turns":3.0},{"damage":4.0,"enemies":"Book of Stabbing","floor":23.0,"turns":3.0},{"damage":2.0,"enemies":"Cultist and Chosen","floor":27.0,"turns":5.0},{"damage":2.0,"enemies":"Snecko","floor":28.0,"turns":3.0},{"damage":5.0,"enemies":"Gremlin Leader","floor":31.0,"turns":7.0},{"damage":3.0,"enemies":"Champ","floor":33.0,"turns":6.0},{"damage":2.0,"enemies":"Orb Walker","floor":35.0,"turns":1.0},{"damage":1.0,"enemies":"3 Darklings","floor":37.0,"turns":5.0},{"damage":27.0,"enemies":"Writhing Mass","floor":38.0,"turns":4.0},{"damage":2.0,"enemies":"Nemesis","floor":40.0,"turns":3.0},{"damage":1.0,"enemies":"Giant Head","floor":44.0,"turns":5.0},{"damage":23.0,"enemies":"Sphere and 2 Shapes","floor":45.0,"turns":4.0},{"damage":9.0,"enemies":"Maw","floor":46.0,"turns":6.0},{"damage":105,"enemies":"Awakened One","floor":50,"turns":7}],"seed_played":"-1052537883543926307","potions_obtained":[{"floor":1.0,"key":"Energy Potion"},{"floor":2.0,"key":"HeartOfIron"},{"floor":10.0,"key":"EntropicBrew"},{"floor":11.0,"key":"FairyPotion"},{"floor":14.0,"key":"SkillPotion"},{"floor":16.0,"key":"Strength Potion"},{"floor":18.0,"key":"PowerPotion"},{"floor":19.0,"key":"Weak Potion"},{"floor":21.0,"key":"CultistPotion"},{"floor":23.0,"key":"DistilledChaos"},{"floor":33.0,"key":"Strength Potion"},{"floor":35.0,"key":"BlessingOfTheForge"},{"floor":37.0,"key":"Explosive Potion"},{"floor":40.0,"key":"SteroidPotion"},{"floor":44.0,"key":"SkillPotion"}],"is_trial":false,"path_per_floor":["M","M","M","M","?","M","R","?","T","E","M","R","M","M","R","B",null,"M","M","$","M","M","E","?","R","T","M","M","R","$","E","R","B",null,"M","$","M","M","?","E","?","R","T","E","M","M","$","?","R","B",null],"character_chosen":"IRONCLAD","items_purchased":["MerchantsRug","Charon\u0027s Ashes","Lee\u0027s Waffle","Good Instincts","Searing Blow","Pummel","Warcry","Impervious","Rupture","Ancient Potion","Centennial Puzzle","Strawberry","Chemical X","Clothesline+1","Reckless Charge+1","Armaments","Combust","Warcry","Lizard Tail","Champion Belt","Sling","Pummel+1","Headbutt+1","Shrug It Off","Dark Embrace","Magnetism","Oddly Smooth Stone","Pen Nib","Strange Spoon","Mind Blast+1","Ghostly Armor","Reckless Charge+1","Sword Boomerang+1","Feel No Pain"],"campfire_rested":0,"item_purchase_floors":[20,20,20,20,20,20,20,20,20,20,30,30,30,30,30,30,30,30,36,36,36,36,36,36,36,36,47,47,47,47,47,47,47,47],"current_hp_per_floor":[80,80,80,80,60,55,55,55,55,72,78,78,73,79,79,42,80,80,80,87,86,87,97,91,91,91,97,97,97,104,104,104,104,104,104,104,104,104,104,104,104,104,104,104,104,104,104,94,94,104],"gold":2252,"neow_bonus":"RANDOM_COMMON_RELIC","is_daily":false,"chose_seed":false,"campfire_upgraded":8,"win_rate":0.0,"timestamp":1612185137,"path_taken":["M","M","M","M","?","M","R","?","T","E","M","R","M","M","R","BOSS","M","?","$","M","M","E","?","R","T","M","M","R","$","E","R","BOSS","M","$","M","M","?","E","?","R","T","E","M","M","$","?","R","BOSS"],"items_purchased_type":["Relic","Relic","Relic","Card","Card","Card","Card","Card","Card","Potion","Relic","Relic","Relic","Card","Card","Card","Card","Card","Relic","Relic","Relic","Card","Card","Card","Card","Card","Relic","Relic","Relic","Card","Card","Card","Card","Card"],"build_version":"2020-12-13","purchased_purges":4,"victory":true,"max_hp_per_floor":[80,80,80,80,80,80,80,80,80,80,80,80,80,80,80,80,80,80,80,87,87,87,97,97,97,97,97,97,97,104,104,104,104,104,104,104,104,104,104,104,104,104,104,104,104,104,104,104,104,104],"relic_stats":{"Torii":11,"counters":[27,101],"Golden Idol":176,"Black Blood":111,"Charon\u0027s Ashes":[153],"Pen Nib":[1],"Strange Spoon":[5],"Centennial Puzzle":[30],"Lizard Tail":0,"Bronze Scales":[216],"Chemical X":[1],"Champion Belt":[20],"obtain_stats":[{"Torii":31,"Black Blood":17,"Sling":36,"Burning Blood":0,"Centennial Puzzle":30,"Lizard Tail":36,"Strawberry":30,"Red Mask":39,"Chemical X":30,"Paper Frog":10,"Potion Belt":40,"MerchantsRug":20,"Lee\u0027s Waffle":20,"Pear":23,"Golden Idol":5,"Astrolabe":34,"Oddly Smooth Stone":47,"Charon\u0027s Ashes":20,"Pen Nib":47,"War Paint":43,"MawBank":8,"White Beast Statue":9,"Strange Spoon":47,"Bronze Scales":0,"Molten Egg 2":26,"Champion Belt":36,"FossilizedHelix":44},{"Torii":18,"Black Blood":10,"Sling":20,"Burning Blood":0,"Centennial Puzzle":17,"Lizard Tail":20,"Strawberry":17,"Red Mask":22,"Chemical X":17,"Paper Frog":6,"Potion Belt":23,"MerchantsRug":12,"Lee\u0027s Waffle":12,"Pear":15,"Golden Idol":4,"Astrolabe":19,"Oddly Smooth Stone":26,"Charon\u0027s Ashes":12,"Pen Nib":26,"War Paint":23,"MawBank":5,"White Beast Statue":5,"Strange Spoon":26,"Bronze Scales":0,"Molten Egg 2":15,"Champion Belt":20,"FossilizedHelix":24},{"Torii":60,"Black Blood":28,"Sling":67,"Burning Blood":0,"Centennial Puzzle":53,"Lizard Tail":67,"Strawberry":53,"Red Mask":76,"Chemical X":53,"Paper Frog":14,"Potion Belt":79,"MerchantsRug":34,"Lee\u0027s Waffle":34,"Pear":45,"Golden Idol":8,"Astrolabe":66,"Oddly Smooth Stone":94,"Charon\u0027s Ashes":34,"Pen Nib":94,"War Paint":79,"MawBank":11,"White Beast Statue":11,"Strange Spoon":94,"Bronze Scales":0,"Molten Egg 2":45,"Champion Belt":67,"FossilizedHelix":84}]},"card_choices":[{"not_picked":["Fire Breathing","Headbutt"],"picked":"Thunderclap","floor":1.0},{"not_picked":["Armaments","Cleave"],"picked":"Bloodletting","floor":2.0},{"not_picked":["Warcry","Cleave"],"picked":"Heavy Blade","floor":3.0},{"not_picked":["Headbutt","Twin Strike"],"picked":"Shrug It Off","floor":4.0},{"not_picked":["Perfected Strike","Thunderclap"],"picked":"Fire Breathing","floor":6.0},{"not_picked":["Warcry","Thunderclap"],"picked":"Spot Weakness","floor":10.0},{"not_picked":["Perfected Strike","Sever Soul"],"picked":"Flex","floor":11.0},{"not_picked":["Iron Wave","Flex"],"picked":"Barricade","floor":13.0},{"not_picked":["True Grit","Shrug It Off"],"picked":"Iron Wave","floor":14.0},{"not_picked":["Offering","Brutality"],"picked":"Demon Form","floor":16.0},{"not_picked":["Headbutt","Clash+1"],"picked":"Searing Blow","floor":18.0},{"not_picked":["Warcry","Heavy Blade"],"picked":"Power Through","floor":19.0},{"not_picked":["Shrug It Off","Dual Wield+1"],"picked":"Shockwave","floor":21.0},{"not_picked":["Thunderclap","Cleave"],"picked":"Hemokinesis","floor":22.0},{"not_picked":["Second Wind","Thunderclap"],"picked":"Dropkick","floor":23.0},{"not_picked":["Shrug It Off","Bloodletting"],"picked":"Sword Boomerang+1","floor":27.0},{"not_picked":["Pummel+1","Rage"],"picked":"Spot Weakness","floor":28.0},{"not_picked":["Body Slam+1","Clash+1"],"picked":"Reaper+1","floor":31.0},{"not_picked":["Corruption","Feed+1"],"picked":"Double Tap","floor":33.0},{"not_picked":["True Grit+1","Anger+1"],"picked":"Shockwave","floor":35.0},{"not_picked":["Twin Strike+1","Dropkick+1"],"picked":"Cleave+1","floor":37.0},{"not_picked":["True Grit","Armaments"],"picked":"Double Tap","floor":38.0},{"not_picked":["Dark Embrace+1","Shockwave"],"picked":"Heavy Blade+1","floor":40.0},{"not_picked":["Sever Soul+1","Body Slam+1"],"picked":"Headbutt+1","floor":44.0},{"not_picked":["Heavy Blade+1","Warcry"],"picked":"Armaments+1","floor":45.0},{"not_picked":["Shrug It Off","Hemokinesis+1"],"picked":"Feel No Pain+1","floor":46.0},{"not_picked":["The Bomb","Secret Weapon"],"picked":"Transmutation","floor":48.0},{"not_picked":["Blind","Good Instincts"],"picked":"Panache","floor":48.0},{"not_picked":["Purity","Panacea"],"picked":"The Bomb","floor":48.0}],"player_experience":54293,"relics_obtained":[{"floor":9.0,"key":"White Beast Statue"},{"floor":10.0,"key":"Paper Frog"},{"floor":23.0,"key":"Pear"},{"floor":26.0,"key":"Molten Egg 2"},{"floor":31.0,"key":"Torii"},{"floor":40.0,"key":"Potion Belt"},{"floor":43.0,"key":"War Paint"},{"floor":44.0,"key":"FossilizedHelix"}],"event_choices":[{"damage_healed":0.0,"max_hp_gain":0.0,"max_hp_loss":0.0,"gold_gain":0.0,"event_name":"Golden Idol","player_choice":"Take Damage","floor":5.0,"gold_loss":0.0,"damage_taken":20.0,"relics_obtained":["Golden Idol"]},{"damage_healed":0.0,"max_hp_gain":0.0,"max_hp_loss":0.0,"gold_gain":0.0,"event_name":"WeMeetAgain","player_choice":"Gave Potion","floor":8.0,"gold_loss":0.0,"damage_taken":0.0,"relics_obtained":["MawBank"]},{"damage_healed":0.0,"max_hp_gain":0.0,"max_hp_loss":0.0,"gold_gain":0.0,"event_name":"Nest","player_choice":"Joined the Cult","floor":24.0,"gold_loss":0.0,"damage_taken":6.0,"cards_obtained":["RitualDagger"]},{"damage_healed":0.0,"max_hp_gain":0.0,"max_hp_loss":0.0,"gold_gain":0.0,"event_name":"Tomb of Lord Red Mask","player_choice":"Paid","floor":39.0,"gold_loss":741.0,"damage_taken":0.0,"relics_obtained":["Red Mask"]},{"cards_removed":["Defend_R"],"damage_healed":0.0,"max_hp_gain":0.0,"max_hp_loss":0.0,"gold_gain":0.0,"event_name":"Falling","player_choice":"Removed Skill","floor":41.0,"gold_loss":0.0,"damage_taken":0.0},{"damage_healed":0.0,"max_hp_gain":0.0,"max_hp_loss":0.0,"gold_gain":0.0,"event_name":"SensoryStone","player_choice":"Memory 3","floor":48.0,"gold_loss":0.0,"damage_taken":10.0}],"is_beta":false,"boss_relics":[{"not_picked":["Empty Cage","Coffee Dripper"],"picked":"Black Blood"},{"not_picked":["Sozu","Runic Pyramid"],"picked":"Astrolabe"}],"items_purged_floors":[20,30,36,47],"is_endless":false,"potions_floor_spawned":[1,2,10,11,13,14,16,18,19,21,22,23,27,28,31,33,35,37,38,40,44,45,46],"ascension_level":0}}