{"host":"2hea6pl5vmah38iy","time":1612176859,"event":{"mods":["AchievementEnabler","BaseMod","Colored Map","DeckTracker","Keyboard Shortcuts","Minty Spire (QoL Compilation)","Rare Cards Sparkle","StSLib","SuperFastMode","everything is the same but u backflip on backflip"],"gold_per_floor":[114,125,141,161,175,175,193,203,203,216,216,231,248,5,5,78,78,95,110,110,80,100,100,111,111,135,135,135],"floor_reached":27,"language":"KOR","playtime":900,"items_purged":["Strike_B"],"score":409,"play_id":"f59d920b-f97f-4d9a-a044-e18f347b53bd","local_time":"20210201195419","is_ascension_mode":true,"campfire_choices":[{"data":"Chaos","floor":6.0,"key":"SMITH"},{"floor":11.0,"key":"REST"},{"data":"Dualcast","floor":15.0,"key":"SMITH"},{"floor":23,"key":"REST"}],"circlet_count":0,"master_deck":["AscendersBane","Strike_B","Strike_B","Defend_B","Defend_B","Defend_B","Defend_B","Zap","Dualcast+1","Ball Lightning","Chaos+1","Compile Driver","Compile Driver","Barrage","Echo Form","Meteor Strike","Cold Snap","Turbo","Glacier","Loop"],"relics":["Cracked Core","NeowsBlessing","White Beast Statue","Runic Capacitor","Inserter","Art of War"],"acts_visited":["Exordium","TheCity"],"potions_floor_usage":[16,18,19,22,22,25,25],"damage_taken":[{"damage":0.0,"enemies":"Cultist","floor":1.0,"turns":1.0},{"damage":0.0,"enemies":"Jaw Worm","floor":2.0,"turns":1.0},{"damage":0.0,"enemies":"2 Louse","floor":3.0,"turns":1.0},{"damage":6.0,"enemies":"2 Fungi Beasts","floor":4.0,"turns":3.0},{"damage":20.0,"enemies":"Gremlin Gang","floor":5.0,"turns":4.0},{"damage":12.0,"enemies":"Blue Slaver","floor":7.0,"turns":3.0},{"damage":1.0,"enemies":"2 Fungi Beasts","floor":8.0,"turns":2.0},{"damage":8.0,"enemies":"Exordium Thugs","floor":10.0,"turns":5.0},{"damage":7.0,"enemies":"Large Slime","floor":12.0,"turns":4.0},{"damage":1.0,"enemies":"3 Louse","floor":13.0,"turns":4.0},{"damage":12,"enemies":"Slime Boss","floor":16,"turns":7},{"damage":22,"enemies":"Shell Parasite","floor":18,"turns":5},{"damage":19,"enemies":"3 Byrds","floor":19,"turns":3},{"damage":14,"enemies":"Centurion and Healer","floor":22,"turns":4},{"damage":15,"enemies":"Chosen and Byrds","floor":24,"turns":5},{"damage":0,"enemies":"3 Cultists","floor":25,"turns":2},{"damage":0,"enemies":"Gremlin Leader","floor":27,"turns":2}],"seed_played":"7751507858877880744","potions_obtained":[{"floor":4.0,"key":"GamblersBrew"},{"floor":5.0,"key":"EntropicBrew"},{"floor":8.0,"key":"Block Potion"},{"floor":10.0,"key":"PotionOfCapacity"},{"floor":13.0,"key":"GamblersBrew"},{"floor":16,"key":"SneckoOil"},{"floor":18,"key":"LiquidMemories"},{"floor":19,"key":"CultistPotion"},{"floor":22,"key":"SmokeBomb"},{"floor":24,"key":"GamblersBrew"}],"is_trial":false,"path_per_floor":["M","M","M","M","M","R","M","M","T","M","R","M","M","$","R","B",null,"M","M","?","$","M","R","M","M","T","E"],"character_chosen":"DEFECT","items_purchased":["Runic Capacitor","Turbo"],"campfire_rested":2,"item_purchase_floors":[14,21],"current_hp_per_floor":[64,64,64,58,38,38,26,25,25,17,38,31,30,30,30,18,58,36,17,17,17,3,24,9,9,9,9,9],"gold":135,"neow_bonus":"THREE_ENEMY_KILL","is_daily":false,"chose_seed":false,"campfire_upgraded":2,"win_rate":0.0,"timestamp":1612176859,"path_taken":["M","M","?","?","?","R","M","M","T","?","R","M","M","$","R","BOSS","M","M","?","$","M","R","M","M","T","E"],"items_purchased_type":["Relic","Card"],"build_version":"2020-12-22","purchased_purges":1,"victory":false,"max_hp_per_floor":[71,71,71,71,71,71,71,71,71,71,71,71,71,71,71,71,71,71,71,71,71,71,71,71,71,71,71,71],"card_choices":[{"not_picked":["Conserve Battery","Barrage"],"picked":"Ball Lightning","floor":1.0},{"not_picked":["White Noise","Stack","Gash"],"picked":"SKIP","floor":2.0},{"not_picked":["Tempest","Doom and Gloom"],"picked":"Chaos","floor":3.0},{"not_picked":["Ball Lightning","Cold Snap"],"picked":"Compile Driver","floor":4.0},{"not_picked":["Barrage","Redo"],"picked":"Compile Driver","floor":5.0},{"not_picked":["Scrape","Steam Power","Gash"],"picked":"SKIP","floor":7.0},{"not_picked":["Heatsinks","Go for the Eyes","Static Discharge"],"picked":"SKIP","floor":8.0},{"not_picked":["Steam Power","Streamline"],"picked":"Barrage","floor":10.0},{"not_picked":["Barrage","Turbo"],"picked":"Echo Form","floor":12.0},{"not_picked":["Beam Cell","Blizzard","Rip and Tear"],"picked":"SKIP","floor":13.0},{"not_picked":["Seek","Hyperbeam"],"picked":"Meteor Strike","floor":16},{"not_picked":["Leap","Steam Power","Force Field"],"picked":"SKIP","floor":18},{"not_picked":["Conserve Battery+1","Stack"],"picked":"Cold Snap","floor":19},{"not_picked":["Steam","Reinforced Body"],"picked":"Glacier","floor":22},{"not_picked":["White Noise","Hello World"],"picked":"Loop","floor":24}],"player_experience":553097,"relics_obtained":[{"floor":9.0,"key":"White Beast Statue"},{"floor":26,"key":"Art of War"}],"event_choices":[{"cards_removed":["Strike_B"],"damage_healed":0,"gold_gain":0,"player_choice":"Elegance","damage_taken":0,"max_hp_gain":0,"max_hp_loss":0,"event_name":"Back to Basics","floor":20,"gold_loss":0}],"is_beta":false,"boss_relics":[{"not_picked":["Sozu","Ectoplasm"],"picked":"Inserter"}],"items_purged_floors":[14],"is_endless":false,"potions_floor_spawned":[4,5,7,8,10,12,13,16,18,19,22,24,25],"killed_by":"Gremlin Leader","ascension_level":18}}