{"host":"rjfefv2ruvigm2gb","time":1612152452,"event":{"mods":["AlwaysNeverKeys","BaseMod","Better Third Choice","Block Reminder","CCEM2","Conspire","Curses Come First","Displayed Cursed Tome","Downfall","Fox Events","Gold Saver","Googly Eyes","HexUI Lib","Hubris","Minty Spire (QoL Compilation)","Monster B Gone","Permanent Neow","Poor People Problems","Relic Stats","Reliquary","Replay The Spire","Shop Mod","Small Relic Pack","StS++","StSLib","SuperFastMode","Transform Curses","Uncapped","Virulent Crown"],"gold_per_floor":[118,118,118,118,83,83,233,233,258,281,295,307,322,336,336,431,431,451,468,468,488,289,289,289,289,314,333,333,353,353,381,381,381,381],"floor_reached":33,"language":"ENG","playtime":1548,"items_purged":["Languid"],"score":255,"play_id":"f88029fe-a525-4493-98cd-ffbe931b05a5","local_time":"20210131220732","is_ascension_mode":false,"campfire_choices":[{"data":"The Bomb","floor":6,"key":"SMITH"},{"floor":8,"key":"REST"},{"floor":15,"key":"REST"},{"floor":23,"key":"REST"},{"data":"theextravagant:Supersonic","floor":28,"key":"SMITH"},{"data":"theextravagant:GlyphOfChoice","floor":30,"key":"SMITH"},{"data":"theextravagant:Defy","floor":32,"key":"SMITH"}],"circlet_count":0,"master_deck":["theextravagant:SlyStrike+1","theextravagant:SlyStrike+1","theextravagant:SlyStrike+1","theextravagant:SlyStrike+1","theextravagant:Fence+1","theextravagant:Fence+1","theextravagant:Fence+1","theextravagant:Fence+1","theextravagant:QuickAttack+1","theextravagant:Triumph","The Bomb+1","theextravagant:Twitch+1","theextravagant:GlyphOfChoice+1","theextravagant:Shove","theextravagant:HeavyBlows","theextravagant:Supersonic+1","theextravagant:Nihil","theextravagant:ZeroHero+1","theextravagant:Precaution+1","theextravagant:Impulse","theextravagant:SpontaneousStrike","downfall:Bewildered","theextravagant:GlyphOfPower+1","theextravagant:Aggression","theextravagant:Defy+1"],"relics":["theextravagant:TranslucentFeather","hubris:Icosahedron","ReplayTheSpireMod:CursedCoin","Gremlin Food","Vajra","Lantern","hubris:EvacipatedBox","hubris:FruitBowl","CCEMRelics:SoftDrink","reliquary:Aerogel","Cursed Key","War Paint","theextravagant:GlitterTub"],"acts_visited":["Exordium","TheCity"],"potions_floor_usage":[13,16,18,21,27,31,31],"damage_taken":[{"damage":1,"enemies":"conspire:RoseBush","floor":1,"turns":3},{"damage":0,"enemies":"2 Louse","floor":11,"turns":3},{"damage":0,"enemies":"Cultist","floor":12,"turns":3},{"damage":0,"enemies":"Looter","floor":13,"turns":3},{"damage":1,"enemies":"Gremlin Gang","floor":14,"turns":3},{"damage":28,"enemies":"Hexaghost","floor":16,"turns":9},{"damage":20,"enemies":"2 Thieves","floor":18,"turns":4},{"damage":5,"enemies":"Chosen","floor":19,"turns":4},{"damage":14,"enemies":"Snake Plant","floor":21,"turns":6},{"damage":4,"enemies":"Centurion and Healer","floor":27,"turns":4},{"damage":1,"enemies":"Shelled Parasite and Fungi","floor":29,"turns":4},{"damage":36,"enemies":"conspire:SneckoGhost","floor":31,"turns":7},{"damage":44,"enemies":"conspire:MysteriousRune","floor":33,"turns":7}],"seed_played":"-1110531080435707678","potions_obtained":[{"floor":1,"key":"Fire Potion"},{"floor":13,"key":"Adrenaline Potion"},{"floor":14,"key":"Dexterity Potion"},{"floor":18,"key":"LiquidMemories"},{"floor":21,"key":"sneckomod:MuddlingPotion"},{"floor":24,"key":"foxEvents:VialedCaress"}],"is_trial":false,"path_per_floor":["M","?","?","$","?","R","$","R","T","T","M","M","M","M","R","B",null,"M","M","?","M","$","R","?","$","T","M","R","M","R","E","R","B"],"character_chosen":"THE_EXTRAVAGANT","items_purchased":["ReplayTheSpireMod:CursedCoin","Gremlin Food","Vajra","Lantern","hubris:EvacipatedBox","hubris:FruitBowl","theextravagant:SpontaneousStrike","DistilledChaos"],"campfire_rested":3,"item_purchase_floors":[7,7,7,7,7,7,22,22],"current_hp_per_floor":[53,53,53,53,71,71,3,25,25,25,25,25,25,24,46,18,75,55,50,50,36,36,58,57,57,57,53,53,52,52,44,44,0,0],"gold":381,"neow_bonus":"RANDOM_COLORLESS_2","is_daily":false,"chose_seed":false,"campfire_upgraded":4,"win_rate":0.0,"timestamp":1612152452,"path_taken":["M","?","?","$","?","R","?","R","T","?","M","M","M","M","R","BOSS","M","?","?","M","$","R","?","$","T","M","R","M","R","E","R","BOSS"],"items_purchased_type":["Relic","Relic","Relic","Relic","Relic","Relic","Card","Potion"],"build_version":"2020-12-22","purchased_purges":1,"victory":false,"max_hp_per_floor":[75,75,75,75,75,75,75,75,75,75,75,75,75,75,75,75,75,75,75,75,75,75,75,57,57,57,57,57,57,57,57,57,57,57],"relic_stats":{"counters":[13,60],"War Paint":["theextravagant:Twitch","theextravagant:Precaution"],"Cursed Key":1,"obtain_stats":[{"Gremlin Food":7,"Lantern":7,"ReplayTheSpireMod:CursedCoin":7,"reliquary:Aerogel":10,"Vajra":7,"CCEMRelics:SoftDrink":9,"hubris:FruitBowl":7,"theextravagant:GlitterTub":31,"theextravagant:TranslucentFeather":0,"War Paint":26,"Cursed Key":17,"hubris:EvacipatedBox":7,"hubris:Icosahedron":2},{"Gremlin Food":1,"Lantern":1,"ReplayTheSpireMod:CursedCoin":1,"reliquary:Aerogel":1,"Vajra":1,"CCEMRelics:SoftDrink":1,"hubris:FruitBowl":1,"theextravagant:GlitterTub":12,"theextravagant:TranslucentFeather":0,"War Paint":9,"Cursed Key":6,"hubris:EvacipatedBox":1,"hubris:Icosahedron":1},{"Gremlin Food":3,"Lantern":3,"ReplayTheSpireMod:CursedCoin":3,"reliquary:Aerogel":3,"Vajra":3,"CCEMRelics:SoftDrink":3,"hubris:FruitBowl":3,"theextravagant:GlitterTub":53,"theextravagant:TranslucentFeather":0,"War Paint":38,"Cursed Key":24,"hubris:EvacipatedBox":3,"hubris:Icosahedron":3}]},"card_choices":[{"not_picked":["Sadistic Nature","Mayhem"],"picked":"The Bomb","floor":0},{"not_picked":["theextravagant:Flashback","theextravagant:SpontaneousStrike"],"picked":"theextravagant:Twitch","floor":1},{"not_picked":["theextravagant:Thrill","theextravagant:Flashback"],"picked":"theextravagant:GlyphOfChoice","floor":11},{"not_picked":["theextravagant:Supersonic","theextravagant:GarbageCannon"],"picked":"theextravagant:Shove","floor":12},{"not_picked":["theextravagant:CutTheDeck","theextravagant:FocusStab"],"picked":"theextravagant:HeavyBlows","floor":13},{"not_picked":["theextravagant:Shake","theextravagant:SkillfullDodge"],"picked":"theextravagant:Supersonic","floor":14},{"not_picked":["theextravagant:Antiquity","theextravagant:Stella"],"picked":"theextravagant:Nihil","floor":16},{"not_picked":["theextravagant:GlyphOfSight","theextravagant:Tension"],"picked":"theextravagant:ZeroHero+1","floor":18},{"not_picked":["theextravagant:Comeback","theextravagant:Thrill"],"picked":"theextravagant:Precaution","floor":19},{"not_picked":["theextravagant:Comeback","theextravagant:Shake+1"],"picked":"theextravagant:Impulse","floor":21},{"not_picked":["theextravagant:StepBack","theextravagant:Thrill"],"picked":"theextravagant:GlyphOfPower+1","floor":27},{"not_picked":["theextravagant:GlyphOfSight","theextravagant:Shatter"],"picked":"theextravagant:Aggression","floor":29},{"not_picked":["theextravagant:PerfectTheBasics","theextravagant:Thrill+1"],"picked":"theextravagant:Defy","floor":31}],"player_experience":1087517,"relics_obtained":[{"floor":9,"key":"CCEMRelics:SoftDrink"},{"floor":10,"key":"reliquary:Aerogel"},{"floor":26,"key":"War Paint"},{"floor":31,"key":"theextravagant:GlitterTub"}],"event_choices":[{"damage_healed":0,"gold_gain":0,"player_choice":"Leave","damage_taken":0,"max_hp_gain":0,"max_hp_loss":0,"event_name":"conspire:Investor","floor":3,"gold_loss":0},{"damage_healed":18,"gold_gain":0,"player_choice":"Healed","damage_taken":0,"max_hp_gain":0,"max_hp_loss":0,"event_name":"The Cleric","floor":5,"gold_loss":35},{"damage_healed":0,"gold_gain":0,"player_choice":"Simplicity","damage_taken":0,"max_hp_gain":0,"max_hp_loss":6,"event_name":"betterThird:BetterWriting","floor":20,"gold_loss":0}],"is_beta":false,"boss_relics":[{"not_picked":["Ring of Chaos","StSpp:FireArrow","Velvet Choker"],"picked":"Cursed Key"}],"items_purged_floors":[22],"is_endless":false,"potions_floor_spawned":[1,13,14,18,21],"killed_by":"conspire:MysteriousRune","ascension_level":0}}