{"host":"5x08nt64u3vxxcfi","time":1612163102,"event":{"mods":["BaseMod","Minty Spire (QoL Compilation)","StSLib","SuperFastMode"],"gold_per_floor":[113,113,18,18,29,66,66,90,90,109,109,142,161,236,236,236,236],"floor_reached":16,"language":"KOR","playtime":279,"items_purged":[],"score":195,"play_id":"a32e252d-119a-497c-99cf-f7bc23c87f73","local_time":"20210201160502","is_ascension_mode":true,"campfire_choices":[{"data":"Redo","floor":7.0,"key":"SMITH"},{"data":"Zap","floor":11.0,"key":"SMITH"},{"data":"Dualcast","floor":15,"key":"SMITH"}],"circlet_count":0,"master_deck":["Strike_B","Strike_B","Strike_B","Defend_B","Defend_B","Defend_B","Defend_B","Zap+1","Dualcast+1","Redo+1","Ball Lightning","Aggregate","Coolheaded","Capacitor","Go for the Eyes","Self Repair","Hyperbeam","Ball Lightning"],"relics":["Cracked Core","NeowsBlessing","Meat on the Bone","CeramicFish","Blue Candle","Odd Mushroom"],"acts_visited":["Exordium"],"potions_floor_usage":[],"damage_taken":[{"damage":0.0,"enemies":"Jaw Worm","floor":1.0,"turns":1.0},{"damage":0.0,"enemies":"2 Louse","floor":5.0,"turns":1.0},{"damage":3.0,"enemies":"3 Sentries","floor":6.0,"turns":2.0},{"damage":0.0,"enemies":"Small Slimes","floor":8.0,"turns":3.0},{"damage":0.0,"enemies":"2 Fungi Beasts","floor":10.0,"turns":3.0},{"damage":14.0,"enemies":"The Mushroom Lair","floor":12.0,"turns":5.0},{"damage":5,"enemies":"Large Slime","floor":13,"turns":5}],"seed_played":"-7365965681104634082","potions_obtained":[{"floor":6.0,"key":"FearPotion"},{"floor":10.0,"key":"Weak Potion"},{"floor":12.0,"key":"Regen Potion"}],"is_trial":false,"path_per_floor":["M","?","$","?","M","E","R","M","T","M","R","?","M","?","R","B"],"character_chosen":"DEFECT","items_purchased":["Ball Lightning","Aggregate"],"campfire_rested":0,"item_purchase_floors":[3,3],"current_hp_per_floor":[68,61,61,58,58,55,55,55,55,55,55,48,50,39,39,0,0],"gold":236,"neow_bonus":"THREE_ENEMY_KILL","is_daily":false,"chose_seed":false,"campfire_upgraded":3,"win_rate":0.0,"timestamp":1612163102,"path_taken":["M","?","$","?","?","E","R","M","T","M","R","?","M","?","R","BOSS"],"items_purchased_type":["Card","Card"],"build_version":"2020-12-22","purchased_purges":0,"victory":false,"max_hp_per_floor":[75,75,75,75,75,75,75,75,75,75,75,75,75,75,75,75,75],"card_choices":[{"not_picked":["Barrage","Cold Snap"],"picked":"Redo","floor":1.0},{"not_picked":["Chaos","Compile Driver"],"picked":"Coolheaded","floor":5.0},{"not_picked":["Compile Driver","Rebound"],"picked":"Capacitor","floor":6.0},{"not_picked":["Stack","Hologram"],"picked":"Go for the Eyes","floor":8.0},{"not_picked":["Hello World","Force Field"],"picked":"Self Repair","floor":10.0},{"not_picked":["Leap","Ball Lightning"],"picked":"Hyperbeam","floor":12.0},{"not_picked":["Stack","Barrage"],"picked":"Ball Lightning","floor":13}],"player_experience":124185,"relics_obtained":[{"floor":6.0,"key":"CeramicFish"},{"floor":9.0,"key":"Blue Candle"},{"floor":12.0,"key":"Odd Mushroom"}],"event_choices":[{"cards_removed":["Strike_B"],"damage_healed":0.0,"max_hp_gain":0.0,"max_hp_loss":0.0,"gold_gain":0.0,"event_name":"Golden Wing","player_choice":"Card Removal","floor":2.0,"gold_loss":0.0,"damage_taken":7.0},{"damage_healed":0.0,"max_hp_gain":0.0,"max_hp_loss":0.0,"gold_gain":0.0,"event_name":"Scrap Ooze","player_choice":"Success","floor":4.0,"gold_loss":0.0,"damage_taken":3.0,"relics_obtained":["Meat on the Bone"]},{"damage_healed":0.0,"max_hp_gain":0.0,"max_hp_loss":0.0,"gold_gain":0.0,"event_name":"Mushrooms","player_choice":"Fought Mushrooms","floor":12.0,"gold_loss":0.0,"damage_taken":0.0},{"damage_healed":0,"gold_gain":75,"player_choice":"Gather Gold","damage_taken":11,"max_hp_gain":0,"max_hp_loss":0,"event_name":"World of Goop","floor":14,"gold_loss":0}],"is_beta":false,"boss_relics":[],"items_purged_floors":[],"is_endless":false,"potions_floor_spawned":[6,10,12,13],"killed_by":"The Guardian","ascension_level":6}}