{"host":"1nniobf0g4s2td4e","time":1612203921,"event":{"mods":["2.2 Compatiblity","BaseMod","Minty Spire (QoL Compilation)","StSLib","SuperFastMode"],"gold_per_floor":[110,126,136,211,174,174,200,200,200,218,218,237,237,251,251,251,251],"floor_reached":16,"language":"ENG","playtime":401,"items_purged":[],"score":102,"play_id":"f633cf65-a6bb-4f06-b515-56e89039b2f8","local_time":"20210201122521","is_ascension_mode":false,"campfire_choices":[{"data":"Searing Blow","floor":6.0,"key":"SMITH"},{"data":"Searing Blow+1","floor":8.0,"key":"SMITH"},{"data":"Searing Blow+2","floor":13,"key":"SMITH"},{"data":"Searing Blow+3","floor":15,"key":"SMITH"}],"circlet_count":0,"master_deck":["Strike_R","Strike_R","Strike_R","Strike_R","Strike_R","Defend_R","Defend_R","Defend_R","Defend_R","Bash","Headbutt","Cleave","Warcry","Searing Blow+4","Exhume","True Grit","Dropkick"],"relics":["Burning Blood","Ancient Tea Set","Bottled Flame","Bag of Marbles"],"acts_visited":["Exordium"],"potions_floor_usage":[16],"damage_taken":[{"damage":8.0,"enemies":"Jaw Worm","floor":1.0,"turns":4.0},{"damage":6.0,"enemies":"2 Louse","floor":2.0,"turns":2.0},{"damage":6.0,"enemies":"Cultist","floor":3.0,"turns":3.0},{"damage":28.0,"enemies":"Gremlin Nob","floor":7.0,"turns":4.0},{"damage":0.0,"enemies":"Looter","floor":10.0,"turns":1.0},{"damage":12.0,"enemies":"Blue Slaver","floor":12.0,"turns":2.0},{"damage":0,"enemies":"3 Louse","floor":14,"turns":1},{"damage":1046,"enemies":"The Guardian","floor":16,"turns":10}],"seed_played":"-4786749920136091086","potions_obtained":[{"floor":10.0,"key":"Regen Potion"},{"floor":12,"key":"Explosive Potion"}],"is_trial":false,"path_per_floor":["M","M","M","?","$","R","E","R","T","M","?","M","R","M","R","B"],"character_chosen":"IRONCLAD","items_purchased":["Searing Blow"],"campfire_rested":0,"item_purchase_floors":[5],"current_hp_per_floor":[78,78,78,67,67,67,45,45,45,51,51,45,45,51,51,0,0],"gold":251,"neow_bonus":"RANDOM_COMMON_RELIC","is_daily":false,"chose_seed":false,"campfire_upgraded":4,"win_rate":0.0,"timestamp":1612203921,"path_taken":["M","M","M","?","$","R","E","R","T","M","?","M","R","M","R","BOSS"],"items_purchased_type":["Card"],"build_version":"2020-12-22","purchased_purges":0,"victory":false,"max_hp_per_floor":[80,80,80,80,80,80,80,80,80,80,80,80,80,80,80,80,80],"card_choices":[{"not_picked":["Wild Strike","Twin Strike"],"picked":"Headbutt","floor":1.0},{"not_picked":["Headbutt","Twin Strike"],"picked":"Cleave","floor":2.0},{"not_picked":["Twin Strike","True Grit"],"picked":"Warcry","floor":3.0},{"not_picked":["Spot Weakness","Twin Strike"],"picked":"Exhume","floor":7.0},{"not_picked":["Heavy Blade","Flex"],"picked":"True Grit","floor":10.0},{"not_picked":["True Grit","Sword Boomerang"],"picked":"Dropkick","floor":12},{"not_picked":["Headbutt","Inflame","Anger"],"picked":"SKIP","floor":14}],"player_experience":729729,"relics_obtained":[{"floor":7.0,"key":"Bottled Flame"}],"event_choices":[{"damage_healed":0.0,"max_hp_gain":0.0,"max_hp_loss":0.0,"gold_gain":75.0,"event_name":"World of Goop","player_choice":"Gather Gold","floor":4.0,"gold_loss":0.0,"damage_taken":11.0},{"damage_healed":0.0,"max_hp_gain":0.0,"max_hp_loss":0.0,"gold_gain":0.0,"event_name":"Liars Game","player_choice":"Ignored","floor":11.0,"gold_loss":0.0,"damage_taken":0.0}],"is_beta":false,"boss_relics":[],"items_purged_floors":[],"is_endless":false,"potions_floor_spawned":[10,12],"killed_by":"The Guardian","ascension_level":0}}