{"host":"qc8gw3x1c8jlo9fx","time":1612161485,"event":{"mods":["AchievementEnabler","BaseMod","Better Note","BetterRewards","Conspire","Hubris","Infinite Spire","Jedi Mod","Minty Spire (QoL Compilation)","Reliquary","Replay The Spire","StSLib","The IronCluck"],"gold_per_floor":[119,194,194,194,208,237,237,256,279,296,331,346,108,127,127,224,224,237,237,237,237,248,248,248,265,265,278,278,294,307,150,150,259,259,287,187,187,187,210,252,252,279,279,313,359,392,392,437,437,437,437],"floor_reached":50,"language":"ENG","playtime":2172,"items_purged":[],"score":731,"play_id":"7bb47b41-8502-424d-ad8d-d26fe473b4b6","local_time":"20210131233805","is_ascension_mode":false,"campfire_choices":[{"floor":7,"key":"REST"},{"floor":15,"key":"REST"},{"floor":23,"key":"RECALL"},{"floor":28,"key":"REST"},{"data":"infinitespire:OneForAll","floor":32,"key":"SMITH"},{"data":"Perfected Strike","floor":41,"key":"SMITH"},{"floor":47,"key":"REST"},{"data":"jedi:fear","floor":49,"key":"SMITH"}],"circlet_count":0,"master_deck":["Strike_R+1","Strike_R+1","Strike_R+1","Strike_R+1","Defend_R+1","Defend_R+1","Defend_R+1","Defend_R+1","Bash","Perfected Strike+1","Flex","Pommel Strike","Wild Strike","hubris:ReadiedAction","Perfected Strike","ReplayTheSpireMod:Strike From Hell","jedi:fear","conspire:ExplosiveBarrier","hubris:StunningStrike","jedi:fear+1","Twin Strike+1","ReplayTheSpireMod:Strike From Hell","Sword Boomerang","Reaper","Cleave","Cleave","Pot Of Greed","Pot Of Greed","Pot Of Greed","ReplayTheSpireMod:Muscle Training+1","Armaments","Cleave","ReplayTheSpireMod:Strike From Hell","Cleave","Twin Strike+1"],"relics":["Burning Blood","Replay:Kaleidoscope","Bronze Scales","hubris:OldNail","Mirror","ReplayTheSpireMod:Shallot","infinitespire:Cupcake","conspire:DeflatedDodgeball","Black Star","Pantograph","Omamori","infinitespire:EvilPickle","hubris:ScarierMask","hubris:Icosahedron","reliquary:RoseTintedGlasses","Grinning Jar","hubris:Metronome","TungstenRod"],"acts_visited":["Exordium","TheCity","TheBeyond"],"potions_floor_usage":[11,16,16,16,25,33,45,45],"damage_taken":[{"damage":13,"enemies":"Jaw Worm","floor":1,"turns":3},{"damage":14,"enemies":"conspire:RoseBush","floor":5,"turns":2},{"damage":19,"enemies":"Replay:BlueRogue","floor":6,"turns":5},{"damage":7,"enemies":"Small Slimes","floor":8,"turns":3},{"damage":10,"enemies":"Exordium Thugs","floor":10,"turns":3},{"damage":17,"enemies":"conspire:MimicChest","floor":11,"turns":5},{"damage":18,"enemies":"conspire:2 RoseBushes","floor":12,"turns":3},{"damage":7,"enemies":"3 Louse","floor":14,"turns":2},{"damage":37,"enemies":"Hexaghost","floor":16,"turns":7},{"damage":18,"enemies":"2 Thieves","floor":18,"turns":4},{"damage":8,"enemies":"Spheric Guardian","floor":22,"turns":3},{"damage":0,"enemies":"Chosen and Byrds","floor":25,"turns":4},{"damage":14,"enemies":"3 Cultists","floor":27,"turns":5},{"damage":5,"enemies":"Snecko","floor":29,"turns":4},{"damage":8,"enemies":"Cultist and Chosen","floor":30,"turns":4},{"damage":51,"enemies":"Pondfish","floor":33,"turns":12},{"damage":25,"enemies":"3 Shapes","floor":35,"turns":2},{"damage":0,"enemies":"Orb Walker","floor":39,"turns":1},{"damage":0,"enemies":"Reptomancer","floor":40,"turns":3},{"damage":18,"enemies":"4 Shapes","floor":42,"turns":2},{"damage":22,"enemies":"Sphere and 2 Shapes","floor":44,"turns":2},{"damage":24,"enemies":"Nemesis","floor":45,"turns":3},{"damage":0,"enemies":"3 Darklings","floor":46,"turns":2},{"damage":4,"enemies":"4 Shapes","floor":48,"turns":2},{"damage":140,"enemies":"conspire:OrnateMirror","floor":50,"turns":6}],"seed_played":"-1051480369306663236","potions_obtained":[{"floor":1,"key":"SpeedPotion"},{"floor":4,"key":"FairyPotion"},{"floor":4,"key":"ColorlessPotion"},{"floor":6,"key":"Flashbang"},{"floor":12,"key":"Strength Potion"},{"floor":14,"key":"Reflective Coating"},{"floor":16,"key":"DuplicationPotion"},{"floor":22,"key":"jedi:StrikingPotion"},{"floor":25,"key":"Fruit Juice"},{"floor":29,"key":"Elixir"},{"floor":33,"key":"PowerPotion"}],"is_trial":false,"path_per_floor":["M","?","?","?","M","E","R","M","T","M","?","M","$","M","R","B",null,"M","?","?","AVR","M","R","$","M","T","M","R","M","M","$","R","B",null,"M","NS","?","?","M","E","R","M","T","M","E","M","R","M","R","B"],"character_chosen":"IRONCLAD","items_purchased":["Perfected Strike","ReplayTheSpireMod:Shallot","Omamori"],"campfire_rested":4,"item_purchase_floors":[0,13,31],"current_hp_per_floor":[62,51,51,51,43,30,54,53,53,49,46,34,34,33,57,26,80,68,68,68,68,66,66,66,77,77,69,85,85,83,83,83,40,85,69,69,69,69,75,85,85,73,73,57,39,45,70,72,72,0,0],"gold":437,"neow_bonus":"","is_daily":false,"chose_seed":false,"campfire_upgraded":3,"win_rate":0.0,"timestamp":1612161485,"path_taken":["M","?","?","?","M","E","R","?","T","M","?","?","$","M","R","BOSS","M","?","?","AVR","M","R","?","M","T","M","R","?","M","$","R","BOSS","M","NS","?","?","M","E","R","M","T","?","E","M","R","?","R","BOSS"],"items_purchased_type":["Card","Relic","Relic"],"build_version":"2020-12-22","purchased_purges":0,"victory":false,"max_hp_per_floor":[80,80,80,80,80,80,80,80,80,80,80,80,80,80,80,80,80,80,80,80,80,80,80,80,85,85,85,85,85,85,85,85,85,85,85,85,85,85,85,85,85,85,85,85,85,85,85,85,85,85,85],"card_choices":[{"not_picked":["Burning Pact","Battle Trance"],"picked":"Flex","floor":1},{"not_picked":["Entrench","Flame Barrier"],"picked":"Pommel Strike","floor":5},{"not_picked":["Clash","Replay:Many Hands"],"picked":"Wild Strike","floor":6},{"not_picked":["Cleave","jedi:controlledanger"],"picked":"hubris:ReadiedAction","floor":8},{"not_picked":["Seeing Red","Headbutt"],"picked":"Perfected Strike","floor":10},{"not_picked":["jedi:MakeshiftSword","Headbutt"],"picked":"ReplayTheSpireMod:Strike From Hell","floor":11},{"not_picked":["Flex","Wild Strike"],"picked":"jedi:fear","floor":12},{"not_picked":["Warcry","ReplayTheSpireMod:Strike From Hell"],"picked":"conspire:ExplosiveBarrier","floor":14},{"not_picked":["Juggernaut","Barricade"],"picked":"hubris:StunningStrike","floor":16},{"not_picked":["Carnage","Sever Soul"],"picked":"jedi:fear","floor":18},{"not_picked":["Flex","Clothesline"],"picked":"Fire Breathing","floor":22},{"not_picked":["jedi:suffering+1","Headbutt"],"picked":"Twin Strike+1","floor":25},{"not_picked":["True Grit","Clash+1"],"picked":"ReplayTheSpireMod:Strike From Hell","floor":27},{"not_picked":["Blood for Blood+1","Iron Wave"],"picked":"infinitespire:OneForAll","floor":29},{"not_picked":["Warcry","ReplayTheSpireMod:Muscle Training"],"picked":"Sword Boomerang","floor":30},{"not_picked":["hubris:StunningStrike","jedi:harder"],"picked":"Reaper","floor":33},{"not_picked":["Disarm","Iron Wave+1"],"picked":"Cleave","floor":35},{"not_picked":["Sword Boomerang","jedi:controlledanger+1"],"picked":"Cleave","floor":39},{"not_picked":["Shockwave","Heavy Blade"],"picked":"ReplayTheSpireMod:Muscle Training+1","floor":40},{"not_picked":["ReplayTheSpireMod:Corrosion Curse","Replay:Undeath\u0027s Touch+1"],"picked":"Armaments","floor":42},{"not_picked":["Battle Trance+1","Entrench"],"picked":"Cleave","floor":44},{"not_picked":["Thunderclap+1","Flex"],"picked":"ReplayTheSpireMod:Strike From Hell","floor":45},{"not_picked":["Dropkick+1","Replay:Undeath\u0027s Touch+1"],"picked":"Cleave","floor":46},{"not_picked":["Second Wind","Dual Wield+1"],"picked":"Twin Strike+1","floor":48}],"player_experience":205464,"relics_obtained":[{"floor":6,"key":"Bronze Scales"},{"floor":9,"key":"hubris:OldNail"},{"floor":11,"key":"Mirror"},{"floor":26,"key":"Pantograph"},{"floor":40,"key":"reliquary:RoseTintedGlasses"},{"floor":40,"key":"Grinning Jar"},{"floor":45,"key":"hubris:Metronome"},{"floor":45,"key":"TungstenRod"}],"event_choices":[{"damage_healed":0,"gold_gain":75,"player_choice":"Gather Gold","damage_taken":11,"max_hp_gain":0,"max_hp_loss":0,"event_name":"World of Goop","floor":2,"gold_loss":0},{"damage_healed":0,"gold_gain":0,"player_choice":"Got Potions","damage_taken":0,"max_hp_gain":0,"max_hp_loss":0,"event_name":"Lab","floor":4,"gold_loss":0},{"damage_healed":0,"gold_gain":0,"player_choice":"Ignored","damage_taken":0,"max_hp_gain":0,"max_hp_loss":0,"event_name":"betterNote:BetterNote","floor":19,"gold_loss":0,"cards_obtained":["conspire:Blindness"]},{"damage_healed":0,"gold_gain":0,"player_choice":"Simplicity","damage_taken":0,"max_hp_gain":0,"max_hp_loss":0,"event_name":"Back to Basics","floor":20,"gold_loss":0,"cards_upgraded":["Strike_R","Strike_R","Strike_R","Strike_R","Strike_R","Defend_R","Defend_R","Defend_R","Defend_R"]},{"cards_removed":["Fire Breathing"],"damage_healed":0,"gold_gain":0,"player_choice":"Removed Power","damage_taken":0,"max_hp_gain":0,"max_hp_loss":0,"event_name":"Falling","floor":38,"gold_loss":0}],"is_beta":false,"boss_relics":[{"not_picked":["Cursed Key","hubris:BlackHole"],"picked":"infinitespire:Cupcake"},{"not_picked":["reliquary:Ember","Empty Cage"],"picked":"hubris:ScarierMask"}],"items_purged_floors":[],"is_endless":false,"potions_floor_spawned":[1,6,12,14,16,22,25,29,33,39,40,42,44],"killed_by":"conspire:OrnateMirror","ascension_level":0}}