{"host":"m3rs92yjkwi06hli","time":1612189474,"event":{"mods":["Act Like it!","Aspiration","BaseMod","Colored Map","Conspire","Defuse TimeMaze Blight","Dio Mod","Energized Spire","Hubris","Infinite Spire","Minty Spire (QoL Compilation)","Relic Stats","Replay The Spire","Spicy Shops","StSLib"],"gold_per_floor":[113,113,132,146,146,146,181,181,251,264,284,284,294,306,306,401,401,412,412,412,431,450,483,483,518,518,550,550,375,375,393,393,496,496,513,525,166,184,184,252,177,177,177,177,177,190,190,190,190,190],"floor_reached":51,"language":"ENG","playtime":2393,"items_purged":["dioMod:Strike","dioMod:Muda","dioMod:Strike","Injury","CommonCold","Clumsy"],"score":790,"play_id":"7bb1d5a8-92f6-4e75-9a6f-4f11b23bdefd","local_time":"20210201082434","is_ascension_mode":true,"campfire_choices":[{"data":"dioMod:CautiousMuda","floor":6,"key":"SMITH"},{"data":"dioMod:ZaWarudo","floor":12,"key":"SMITH"},{"data":"dioMod:GoodbyeJojo","floor":15,"key":"SMITH"},{"data":"dioMod:PathToHeaven","floor":24,"key":"SMITH"},{"floor":28,"key":"REST"},{"data":"dioMod:DoubleTime","floor":30,"key":"SMITH"},{"floor":32,"key":"REST"},{"data":"dioMod:SevenPageMuda","floor":45,"key":"SMITH"},{"data":"dioMod:SevenPageMuda","floor":47,"key":"SMITH"},{"data":"infinitespire:Gouge","floor":49,"key":"SMITH"}],"circlet_count":0,"master_deck":["Bite","dioMod:Defend","dioMod:Defend","dioMod:Defend","dioMod:Defend","dioMod:BlendIn","dioMod:CautiousMuda+1","dioMod:CautiousMuda","dioMod:ZaWarudo+1","dioMod:Pluck","dioMod:GoodbyeJojo+1","dioMod:StreetSign","dioMod:RoadRoller","dioMod:LaserVision+1","dioMod:LaserVision","dioMod:DaggerSpree","dioMod:PathToHeaven+1","dioMod:DominatingPresence","dioMod:DoubleTime+1","dioMod:HeavyLifting+1","dioMod:SevenPageMuda+1","dioMod:ComboFever","dioMod:DaggerToss+1","dioMod:SevenPageMuda+1","dioMod:BloodSplash","dioMod:DaggerToss+1","dioMod:Roundabout","dioMod:SecretPlan","infinitespire:Gouge+1","dioMod:DaggerToss+1","dioMod:Hiss+1","dioMod:DominatingPresence+1","dioMod:Muda+1","dioMod:Muda+1"],"relics":["dioMod:VampireBlood","NeowsBlessing","hubris:Towel","infinitespire:Joker Card","infinitespire:Bottled Soul","conspire:SpecialSausage","ReplayTheSpireMod:EnergyBall","Honey Jar","hubris:PeanutButter","ReplayTheSpireMod:Shallot","WingedGreaves","Mango","Replay:Ancient Bell","Ancient Tea Set","Garlic","infinitespire:Magic Flask","Membership Card","Omamori","hubris:Icosahedron","Orichalcum","Oddly Smooth Stone","Orrery","hubris:Backtick","Shuriken"],"acts_visited":["Exordium","TheCity","TheBeyond"],"potions_floor_usage":[7,16,27,50,50,50,50],"damage_taken":[{"damage":0,"enemies":"conspire:RoseBush","floor":1,"turns":1},{"damage":0,"enemies":"Cultist","floor":3,"turns":1},{"damage":0,"enemies":"Small Slimes","floor":4,"turns":1},{"damage":30,"enemies":"Lagavulin","floor":7,"turns":8},{"damage":0,"enemies":"3 Louse","floor":10,"turns":6},{"damage":3,"enemies":"Gremlin Gang","floor":11,"turns":7},{"damage":2,"enemies":"Looter","floor":13,"turns":4},{"damage":0,"enemies":"Red Slaver","floor":14,"turns":2},{"damage":36,"enemies":"Slime Boss","floor":16,"turns":9},{"damage":30,"enemies":"conspire:FuzzyDice","floor":18,"turns":5},{"damage":7,"enemies":"2 Thieves","floor":21,"turns":3},{"damage":16,"enemies":"Snake Plant","floor":22,"turns":4},{"damage":16,"enemies":"Replay:Snechameleon","floor":23,"turns":5},{"damage":35,"enemies":"Slavers","floor":25,"turns":6},{"damage":12,"enemies":"Book of Stabbing","floor":27,"turns":5},{"damage":0,"enemies":"conspire:HollyBat","floor":31,"turns":10},{"damage":5,"enemies":"hubris:MusketHawk","floor":33,"turns":9},{"damage":0,"enemies":"Orb Walker","floor":35,"turns":1},{"damage":0,"enemies":"3 Darklings","floor":36,"turns":6},{"damage":19,"enemies":"4 Shapes","floor":38,"turns":3},{"damage":4,"enemies":"Maw","floor":46,"turns":9},{"damage":95,"enemies":"infinitespire:MassOfShapes","floor":50,"turns":11}],"seed_played":"-7149654610994818833","potions_obtained":[{"floor":4,"key":"LiquidMemories"},{"floor":10,"key":"FairyPotion"},{"floor":14,"key":"AttackPotion"},{"floor":16,"key":"PowerPotion"},{"floor":18,"key":"CultistPotion"},{"floor":23,"key":"Death Potion"},{"floor":35,"key":"GamblersBrew"},{"floor":40,"key":"Weak Potion"},{"floor":46,"key":"Languid Potion"}],"is_trial":false,"path_per_floor":["M","?","M","M","?","R","E","?","T","M","M","R","M","M","R","B",null,"M","?","AVR","M","M","E","R","E","T","E","R","$","R","M","R","B",null,"M","M","$","M","?","?","$","?","T","?","R","M","R","AVR","R_BF","B",null],"character_chosen":"THE_DEFAULT","items_purchased":["Membership Card","Omamori"],"campfire_rested":2,"item_purchase_floors":[37,37],"current_hp_per_floor":[75,75,75,75,75,75,54,54,54,67,75,75,75,75,75,69,75,53,53,53,56,45,36,36,12,12,19,45,45,45,54,80,82,89,89,89,89,84,84,84,84,89,89,89,89,88,88,88,88,24],"gold":190,"neow_bonus":"THREE_ENEMY_KILL","is_daily":false,"chose_seed":false,"campfire_upgraded":8,"win_rate":0.0,"timestamp":1612189474,"path_taken":["M","?","M","?","?","R","E","?","T","M","M","R","?","M","R","BOSS","M","?","AVR","M","?","E","R","E","T","E","R","$","R","?","R","BOSS","M","M","$","?","?","?","$","?","T","?","R","M","R","AVR","R_BF","BOSS"],"items_purchased_type":["Relic","Relic"],"build_version":"2020-12-22","purchased_purges":6,"victory":true,"max_hp_per_floor":[75,75,75,75,75,75,75,75,75,75,75,75,75,75,75,75,75,75,75,75,75,75,75,75,75,75,89,89,89,89,89,89,89,89,89,89,89,89,89,89,89,89,89,89,89,89,89,89,89,89],"relic_stats":{"counters":[22,116],"Shuriken":[4],"Orichalcum":[60],"obtain_stats":[{"NeowsBlessing":0,"Oddly Smooth Stone":43,"conspire:SpecialSausage":17,"Mango":27,"infinitespire:Joker Card":7,"Replay:Ancient Bell":34,"Omamori":37,"infinitespire:Magic Flask":34,"hubris:Towel":5,"Orichalcum":40,"Ancient Tea Set":34,"ReplayTheSpireMod:EnergyBall":20,"hubris:Icosahedron":39,"hubris:Backtick":48,"ReplayTheSpireMod:Shallot":25,"dioMod:VampireBlood":0,"infinitespire:Bottled Soul":9,"Shuriken":48,"Honey Jar":20,"Orrery":48,"hubris:PeanutButter":23,"WingedGreaves":26,"Garlic":34,"Membership Card":37},{"NeowsBlessing":0,"Oddly Smooth Stone":20,"conspire:SpecialSausage":9,"Mango":15,"infinitespire:Joker Card":4,"Replay:Ancient Bell":17,"Omamori":19,"infinitespire:Magic Flask":17,"hubris:Towel":3,"Orichalcum":20,"Ancient Tea Set":17,"ReplayTheSpireMod:EnergyBall":10,"hubris:Icosahedron":20,"hubris:Backtick":21,"ReplayTheSpireMod:Shallot":14,"dioMod:VampireBlood":0,"infinitespire:Bottled Soul":4,"Shuriken":21,"Honey Jar":10,"Orrery":21,"hubris:PeanutButter":13,"WingedGreaves":14,"Garlic":17,"Membership Card":19},{"NeowsBlessing":0,"Oddly Smooth Stone":96,"conspire:SpecialSausage":39,"Mango":67,"infinitespire:Joker Card":11,"Replay:Ancient Bell":86,"Omamori":93,"infinitespire:Magic Flask":86,"hubris:Towel":3,"Orichalcum":96,"Ancient Tea Set":86,"ReplayTheSpireMod:EnergyBall":44,"hubris:Icosahedron":96,"hubris:Backtick":105,"ReplayTheSpireMod:Shallot":62,"dioMod:VampireBlood":0,"infinitespire:Bottled Soul":11,"Shuriken":105,"Honey Jar":44,"Orrery":105,"hubris:PeanutButter":56,"WingedGreaves":62,"Garlic":86,"Membership Card":93}]},"card_choices":[{"not_picked":["dioMod:DarkRebirth","dioMod:FlyAway"],"picked":"dioMod:BlendIn","floor":1},{"not_picked":["dioMod:DaggerToss","dioMod:HeavyLifting"],"picked":"dioMod:CautiousMuda","floor":3},{"not_picked":["dioMod:Roundabout","dioMod:HeavyLifting"],"picked":"dioMod:CautiousMuda","floor":4},{"not_picked":["dioMod:HeavyLifting","dioMod:DominatingPresence"],"picked":"dioMod:ZaWarudo","floor":7},{"not_picked":["dioMod:WRYYY","dioMod:CutDeep"],"picked":"dioMod:Muda","floor":10},{"not_picked":["dioMod:Hiss","dioMod:CoffinBath"],"picked":"dioMod:Pluck","floor":11},{"not_picked":["dioMod:SecretPlan","dioMod:Donut"],"picked":"dioMod:GoodbyeJojo","floor":13},{"not_picked":["dioMod:ComboFever","dioMod:CautiousMuda"],"picked":"dioMod:StreetSign","floor":14},{"not_picked":["dioMod:TheWalk","dioMod:KonoDioDa"],"picked":"dioMod:RoadRoller","floor":16},{"not_picked":["dioMod:CutDeep","dioMod:CautiousMuda"],"picked":"dioMod:LaserVision+1","floor":18},{"not_picked":["dioMod:CautiousMuda","dioMod:BlendIn","dioMod:ComboFever"],"picked":"dioMod:LaserVision","floor":21},{"not_picked":["dioMod:VengefulMuda","dioMod:ComposedMuda","dioMod:LaserVision+1"],"picked":"dioMod:DaggerSpree","floor":22},{"not_picked":["dioMod:KonoDioDa","dioMod:BloodSuck+1","dioMod:BloodTransfusion"],"picked":"dioMod:PathToHeaven","floor":23},{"not_picked":["dioMod:DarkRebirth","dioMod:Roundabout","dioMod:Donut"],"picked":"dioMod:DominatingPresence","floor":25},{"not_picked":["dioMod:WRYYY","dioMod:CoffinBath","dioMod:CutDeep"],"picked":"dioMod:DoubleTime","floor":27},{"not_picked":["dioMod:BloodSplash+1","dioMod:BloodShield","dioMod:Hiss+1"],"picked":"dioMod:HeavyLifting+1","floor":31},{"not_picked":["dioMod:Despair","dioMod:ZaWarudo","dioMod:PathToHeaven"],"picked":"dioMod:SevenPageMuda","floor":33},{"not_picked":["hubris:Disease","ReplayTheSpireMod:Restless Dread","ReplayTheSpireMod:Doomed"],"picked":"Injury","floor":34},{"not_picked":["Pain","Replay:Hysterical Blindness","infinitespire:Pacifist"],"picked":"Clumsy","floor":34},{"not_picked":["Injury","ReplayTheSpireMod:Splinters","CurseOfTheBell"],"picked":"CommonCold","floor":34},{"not_picked":["dioMod:ComposedMuda","dioMod:LaserVision","dioMod:SecretPlan"],"picked":"dioMod:ComboFever","floor":35},{"not_picked":["dioMod:Hiss","dioMod:WRYYY","dioMod:Muda"],"picked":"dioMod:DaggerToss+1","floor":36},{"not_picked":["dioMod:DaggerSpree","dioMod:BloodShield","dioMod:GoodbyeJojo"],"picked":"dioMod:SevenPageMuda","floor":38},{"not_picked":["dioMod:BloodShield","dioMod:DominatingPresence","dioMod:CautiousMuda"],"picked":"dioMod:BloodSplash","floor":40},{"not_picked":["dioMod:StreetSign+1","dioMod:Pluck+1","dioMod:BlendIn"],"picked":"dioMod:DaggerToss+1","floor":40},{"not_picked":["dioMod:BlendIn","dioMod:WRYYY","dioMod:ZaWarudo"],"picked":"dioMod:SecretPlan","floor":46},{"not_picked":["dioMod:CautiousMuda+1","dioMod:BlendIn","dioMod:Roundabout"],"picked":"dioMod:DaggerToss+1","floor":48},{"not_picked":["dioMod:VengefulMuda","dioMod:CautiousMuda+1","dioMod:SlashThroughTime"],"picked":"dioMod:Hiss+1","floor":48},{"not_picked":["dioMod:Roundabout+1","dioMod:ComboFever","dioMod:BloodSplash+1"],"picked":"dioMod:DominatingPresence+1","floor":48},{"not_picked":["dioMod:BloodShield+1","dioMod:BloodSplash+1","dioMod:GoodbyeJojo"],"picked":"dioMod:Muda+1","floor":48},{"not_picked":["dioMod:BloodTransfusion+1","dioMod:Diversion+1","dioMod:DisarmingVoice+1"],"picked":"dioMod:Muda+1","floor":48}],"player_experience":736313,"relics_obtained":[{"floor":7,"key":"infinitespire:Joker Card"},{"floor":9,"key":"infinitespire:Bottled Soul"},{"floor":23,"key":"hubris:PeanutButter"},{"floor":25,"key":"ReplayTheSpireMod:Shallot"},{"floor":26,"key":"WingedGreaves"},{"floor":27,"key":"Mango"},{"floor":40,"key":"Orichalcum"},{"floor":43,"key":"Oddly Smooth Stone"}],"event_choices":[{"cards_removed":["dioMod:Strike"],"damage_healed":0,"gold_gain":0,"player_choice":"Offered Basic","damage_taken":0,"max_hp_gain":0,"max_hp_loss":0,"event_name":"Bonfire Elementals","floor":2,"gold_loss":0},{"damage_healed":0,"gold_gain":0,"player_choice":"Bought 0 Potions","damage_taken":0,"max_hp_gain":0,"max_hp_loss":0,"event_name":"The Woman in Blue","floor":8,"gold_loss":0},{"damage_healed":0,"gold_gain":0,"player_choice":"Leave","damage_taken":0,"max_hp_gain":0,"max_hp_loss":0,"event_name":"FaceTrader","floor":19,"gold_loss":0},{"damage_healed":22,"gold_gain":0,"player_choice":"Writhe","damage_taken":0,"max_hp_gain":0,"max_hp_loss":0,"event_name":"Winding Halls","floor":42,"gold_loss":0,"cards_obtained":["Writhe"]},{"damage_healed":0,"gold_gain":0,"cards_transformed":["dioMod:Strike"],"player_choice":"Transformed","damage_taken":0,"max_hp_gain":0,"max_hp_loss":0,"event_name":"Transmorgrifier","floor":44,"gold_loss":0,"cards_obtained":["dioMod:Roundabout"]}],"is_beta":false,"boss_relics":[{"not_picked":["SacredBark","hubris:BlackHole"],"picked":"conspire:SpecialSausage"},{"not_picked":["energizedSpire:NeverEndingSparkler","Tiny House"],"picked":"Replay:Ancient Bell"},{"not_picked":["ReplayFunnel","Smiling Mask"],"picked":"Ancient Tea Set"},{"not_picked":["aspiration:FrozenJewel","conspire:Flyswatter"],"picked":"Garlic"},{"not_picked":["infinitespire:CursedDice","Gambling Chip"],"picked":"infinitespire:Magic Flask"}],"items_purged_floors":[20,29,29,37,41,48],"is_endless":false,"potions_floor_spawned":[4,10,14,16,18,23,35,46],"ascension_level":1}}