{"host":"jqln3q8z91cyrmpl","time":1612168330,"event":{"mods":["AchievementEnabler","BaseMod","Colored Map","DeckTracker","Keyboard Shortcuts","Minty Spire (QoL Compilation)","SuperFastMode"],"gold_per_floor":[119,119,139,155,175,175,190,218,218,218,218],"floor_reached":10,"language":"KOR","playtime":275,"items_purged":[],"score":88,"play_id":"fd4b7609-2c93-4b89-a2a7-61b52aa42d22","local_time":"20210201173210","is_ascension_mode":true,"campfire_choices":[{"data":"CutThroughFate","floor":6.0,"key":"SMITH"}],"circlet_count":0,"master_deck":["Strike_P","Strike_P","Strike_P","Defend_P","Defend_P","Defend_P","Defend_P","Eruption","Vigilance","Perseverance","PathToVictory","CutThroughFate+1","LessonLearned"],"relics":["PureWater","StoneCalendar","Matryoshka"],"acts_visited":["Exordium"],"potions_floor_usage":[],"damage_taken":[{"damage":0.0,"enemies":"2 Louse","floor":1.0,"turns":1.0},{"damage":9.0,"enemies":"Jaw Worm","floor":3.0,"turns":6.0},{"damage":2.0,"enemies":"Small Slimes","floor":4.0,"turns":4.0},{"damage":4.0,"enemies":"Exordium Thugs","floor":5.0,"turns":4.0},{"damage":9.0,"enemies":"2 Fungi Beasts","floor":7.0,"turns":5.0},{"damage":38.0,"enemies":"Gremlin Nob","floor":8.0,"turns":5.0},{"damage":0,"enemies":"3 Sentries","floor":10,"turns":2}],"seed_played":"-2224813859252329691","potions_obtained":[{"floor":5.0,"key":"Energy Potion"}],"is_trial":false,"path_per_floor":["M","?","M","M","M","R","M","E","T","E"],"character_chosen":"WATCHER","items_purchased":[],"campfire_rested":0,"item_purchase_floors":[],"current_hp_per_floor":[79,72,63,61,57,57,48,10,10,10,10],"gold":218,"neow_bonus":"TEN_PERCENT_HP_BONUS","is_daily":false,"chose_seed":false,"campfire_upgraded":1,"win_rate":0.0,"timestamp":1612168330,"path_taken":["M","?","M","M","M","R","M","E","T","E"],"items_purchased_type":[],"build_version":"2020-12-22","purchased_purges":0,"victory":false,"max_hp_per_floor":[79,79,79,79,79,79,79,79,79,79,79],"card_choices":[{"not_picked":["ThirdEye","CutThroughFate"],"picked":"Perseverance","floor":1.0},{"not_picked":["Sanctity","DeceiveReality"],"picked":"PathToVictory","floor":3.0},{"not_picked":["Swivel","FlurryOfBlows","Indignation"],"picked":"SKIP","floor":4.0},{"not_picked":["ClearTheMind","EmptyFist"],"picked":"CutThroughFate","floor":5.0},{"not_picked":["SashWhip","MentalFortress","ForeignInfluence"],"picked":"SKIP","floor":7.0},{"not_picked":["Pray","SashWhip"],"picked":"LessonLearned","floor":8.0}],"player_experience":409883,"relics_obtained":[{"floor":8.0,"key":"StoneCalendar"},{"floor":9.0,"key":"Matryoshka"}],"event_choices":[{"cards_removed":["Strike_P"],"damage_healed":0.0,"max_hp_gain":0.0,"max_hp_loss":0.0,"gold_gain":0.0,"event_name":"Golden Wing","player_choice":"Card Removal","floor":2.0,"gold_loss":0.0,"damage_taken":7.0}],"is_beta":false,"boss_relics":[],"items_purged_floors":[],"is_endless":false,"potions_floor_spawned":[5],"killed_by":"3 Sentries","ascension_level":5}}