{"host":"ss2ocoam53r2lno0","time":1612174883,"event":{"mods":["Act Like it!","BaseMod","ChefMod","Clockwork Mod","Colored Powertips","Curses Come First","Displayed Cursed Tome","Downfall","Evolution","Googly Eyes","Hallownest","Highlight Path","Minty Spire (QoL Compilation)","Poor People Problems","Rare Cards Sparkle","Reliquary","Robot Space Explorer","Shade Mod","Shop Mod","Spicy Shops","StSLib","TheSurvivalist"],"gold_per_floor":[113,113,38,55,55,55,102,129,129,147,159,159,169,179,179,250,250,268,268,281,181,181,181,206,206,281,281,297,323,323,334,334,411,411,421,431,456,473,96,126,126,126,153,187,198,134,150,164,164,164,164],"floor_reached":52,"language":"ENG","playtime":3228,"items_purged":["Clockwork:Strike","Clockwork:SnapKeep"],"score":2529,"play_id":"49ceeb12-b6f1-4947-917a-c0b96e864108","local_time":"20210201112123","is_ascension_mode":true,"campfire_choices":[{"data":"Clockwork:SnapKeep","floor":6.0,"key":"SMITH"},{"data":"Clockwork:Tinker","floor":12.0,"key":"SMITH"},{"data":"Clockwork:Handicap","floor":15.0,"key":"SMITH"},{"floor":23.0,"key":"REST"},{"floor":27.0,"key":"REST"},{"data":"Clockwork:SnapKeep","floor":30.0,"key":"SMITH"},{"data":"Clockwork:WarmUp","floor":32.0,"key":"SMITH"},{"data":"Clockwork:PerfectForm","floor":41.0,"key":"SMITH"},{"floor":49,"key":"REST"}],"circlet_count":0,"master_deck":["AscendersBane","Clockwork:SnapKeep+1","Clockwork:SnapKeep+1","Clockwork:Tinker+1","Clockwork:WarmUp+1","Clockwork:ChargingShield+1","Clockwork:PerfectForm+1"],"relics":["Clockwork:MomentumEngine","EVO:Axolotl","NeowsBlessing","Boot","reliquary:Knoch","Mercury Hourglass","sneckomod:SneckoTalon","The Courier","Enchiridion","Pantograph","reliquary:PorcupineQuills","reliquary:RedCape","Lizard Tail","reliquary:RoseTintedGlasses","FossilizedHelix","reliquary:Aerogel","Bottled Tornado","reliquary:SilkGlove","Gremlin Horn","Happy Flower"],"acts_visited":["Exordium","TheCity","TheBeyond"],"potions_floor_usage":[],"damage_taken":[{"damage":0.0,"enemies":"Jaw Worm","floor":1.0,"turns":1.0},{"damage":0.0,"enemies":"Cultist","floor":4.0,"turns":3.0},{"damage":0.0,"enemies":"Lagavulin","floor":8.0,"turns":4.0},{"damage":0.0,"enemies":"2 Louse","floor":10.0,"turns":4.0},{"damage":6.0,"enemies":"2 Fungi Beasts","floor":11.0,"turns":6.0},{"damage":6.0,"enemies":"3 Louse","floor":13.0,"turns":5.0},{"damage":0.0,"enemies":"Exordium Thugs","floor":14.0,"turns":7.0},{"damage":6.0,"enemies":"The Guardian","floor":16.0,"turns":17.0},{"damage":27.0,"enemies":"2 Thieves","floor":18.0,"turns":4.0},{"damage":0.0,"enemies":"Spheric Guardian","floor":20.0,"turns":7.0},{"damage":0.0,"enemies":"Gremlin Leader","floor":24.0,"turns":5.0},{"damage":0.0,"enemies":"Snecko","floor":28.0,"turns":6.0},{"damage":0.0,"enemies":"Book of Stabbing","floor":29.0,"turns":4.0},{"damage":0.0,"enemies":"Shelled Parasite and Fungi","floor":31.0,"turns":3.0},{"damage":0.0,"enemies":"Collector","floor":33.0,"turns":4.0},{"damage":0.0,"enemies":"3 Shapes","floor":35.0,"turns":5.0},{"damage":0.0,"enemies":"Orb Walker","floor":36.0,"turns":3.0},{"damage":0.0,"enemies":"Mind Bloom Boss Battle","floor":37.0,"turns":4.0},{"damage":0.0,"enemies":"Writhing Mass","floor":38.0,"turns":4.0},{"damage":0.0,"enemies":"Nemesis","floor":40.0,"turns":4.0},{"damage":0.0,"enemies":"Reptomancer","floor":44.0,"turns":3.0},{"damage":0,"enemies":"3 Darklings","floor":45,"turns":3},{"damage":0,"enemies":"4 Shapes","floor":47,"turns":3},{"damage":0,"enemies":"Jaw Worm Horde","floor":48,"turns":3},{"damage":0,"enemies":"Time Eater","floor":50,"turns":7},{"damage":0,"enemies":"Donu and Deca","floor":51,"turns":4}],"seed_played":"5964738288610708930","potions_obtained":[{"floor":4.0,"key":"Weak Potion"},{"floor":13.0,"key":"Fire Potion"},{"floor":16.0,"key":"Weak Potion"},{"floor":18.0,"key":"PowerPotion"},{"floor":35.0,"key":"Swift Potion"}],"is_trial":false,"path_per_floor":["M","?","$","M","$","R","T","E","T","M","M","R","M","M","R","B",null,"M","?","M","$","?","R","E","?","T","R","M","E","R","M","R","B",null,"M","M","?","M","$","E","R","T","T","E","M","$","M","M","R","B","B",null],"character_chosen":"CLOCKWORK","items_purchased":["reliquary:RoseTintedGlasses","FossilizedHelix","reliquary:Aerogel","Happy Flower"],"campfire_rested":3,"item_purchase_floors":[39,39,39,46],"current_hp_per_floor":[71,71,71,71,71,71,71,71,71,71,65,65,59,59,59,53,73,46,23,23,23,23,48,48,27,27,52,52,52,52,52,52,77,82,82,82,84,84,84,84,84,84,84,84,84,84,84,84,84,84,84],"gold":164,"neow_bonus":"THREE_ENEMY_KILL","is_daily":false,"chose_seed":false,"campfire_upgraded":6,"win_rate":0.0,"timestamp":1612174883,"path_taken":["M","?","?","?","$","R","?","E","T","?","M","R","M","M","R","BOSS","M","?","M","$","?","R","E","?","T","R","?","E","R","M","R","BOSS","M","M","?","M","$","E","R","?","T","E","M","$","?","M","R","BOSS","BOSS"],"items_purchased_type":["Relic","Relic","Relic","Relic"],"build_version":"2020-12-22","purchased_purges":2,"victory":true,"max_hp_per_floor":[79,79,79,79,79,79,79,79,79,79,79,79,79,79,79,79,79,79,84,84,84,84,84,84,84,84,84,84,84,84,84,84,84,84,84,84,84,84,84,84,84,84,84,84,84,84,84,84,84,84,84],"card_choices":[{"not_picked":["Clockwork:Roundhouse","Clockwork:CogBarrier"],"picked":"Clockwork:ChargingShield","floor":1.0},{"not_picked":["Clockwork:Redundancy","Clockwork:Friction","Clockwork:SearchingStrike"],"picked":"SKIP","floor":4.0},{"not_picked":["Clockwork:Enhance","Clockwork:Minimalism","Clockwork:CogBarrier"],"picked":"SKIP","floor":8.0},{"not_picked":["Clockwork:HoardingStrike","Clockwork:ZeroPointEnergy","Clockwork:SpurOn"],"picked":"SKIP","floor":10.0},{"not_picked":["Clockwork:AdaptiveCannon","Clockwork:SearingStrike","Clockwork:CogShield"],"picked":"SKIP","floor":11.0},{"not_picked":["Clockwork:TestingEnvironment","Clockwork:TimeOut","Clockwork:CogShield"],"picked":"SKIP","floor":13.0},{"not_picked":["Clockwork:RampUp","Clockwork:Redundancy","Clockwork:LogisticRegression"],"picked":"SKIP","floor":14.0},{"not_picked":["Clockwork:ReactiveNanites","Clockwork:CraftMomentumEngine"],"picked":"Clockwork:PerfectForm","floor":16.0},{"not_picked":["Clockwork:HeadStart","Clockwork:Pluck"],"picked":"Clockwork:Downsize","floor":18.0},{"not_picked":["Clockwork:CraftBloodPhial","Clockwork:Pluck+1","Clockwork:Redundancy"],"picked":"SKIP","floor":20.0},{"not_picked":["Clockwork:ChargingBlade","Clockwork:ChargingShield","Clockwork:ReactiveNanites"],"picked":"SKIP","floor":24.0},{"not_picked":["Clockwork:Improve+1","Clockwork:ChargingBlade","Clockwork:CraftSomewhatSmoothStone"],"picked":"SKIP","floor":28.0},{"not_picked":["Clockwork:Improve","Clockwork:Redundancy","Clockwork:QuantumStrike"],"picked":"SKIP","floor":29.0},{"not_picked":["Clockwork:Improve","Clockwork:Redundancy","Clockwork:QuantumStrike"],"picked":"SKIP","floor":29.0},{"not_picked":["Clockwork:Improve","Clockwork:Redundancy","Clockwork:QuantumStrike"],"picked":"SKIP","floor":29.0},{"not_picked":["Clockwork:SystemHardening","Clockwork:HoardingStrike","Clockwork:CraftCopperScales"],"picked":"SKIP","floor":31.0},{"not_picked":["Clockwork:Improve","Clockwork:InertialShield","Clockwork:CogBarrier"],"picked":"SKIP","floor":35.0},{"not_picked":["Clockwork:CogToss","Clockwork:ForgeStrike","Clockwork:ReserveSystems"],"picked":"SKIP","floor":36.0},{"not_picked":["Clockwork:ElasticNanites","Clockwork:SystemHardening+1","Clockwork:Enhance+1"],"picked":"SKIP","floor":38.0},{"not_picked":["Clockwork:SystemScan","Clockwork:DefectiveParts","Clockwork:WindupStrike"],"picked":"SKIP","floor":40.0},{"not_picked":["Clockwork:Enhance","Clockwork:CogShield","Clockwork:CogToss"],"picked":"SKIP","floor":44.0},{"not_picked":["Clockwork:Friction","Clockwork:CogShield","Clockwork:SearchingStrike"],"picked":"SKIP","floor":45},{"not_picked":["Clockwork:Friction","Clockwork:CogShield","Clockwork:SearchingStrike"],"picked":"SKIP","floor":45},{"not_picked":["Clockwork:CogToss","Clockwork:Clone","Clockwork:TiltAWhirl"],"picked":"SKIP","floor":47},{"not_picked":["Clockwork:CogBarrier","Clockwork:Pluck+1","Clockwork:ChargingShield+1"],"picked":"SKIP","floor":48}],"player_experience":851848,"relics_obtained":[{"floor":7.0,"key":"Boot"},{"floor":8.0,"key":"reliquary:Knoch"},{"floor":9.0,"key":"Mercury Hourglass"},{"floor":24.0,"key":"The Courier"},{"floor":26.0,"key":"Pantograph"},{"floor":29.0,"key":"reliquary:PorcupineQuills"},{"floor":37.0,"key":"Lizard Tail"},{"floor":42.0,"key":"Bottled Tornado"},{"floor":43.0,"key":"reliquary:SilkGlove"},{"floor":44.0,"key":"Gremlin Horn"}],"event_choices":[{"damage_healed":0.0,"max_hp_gain":0.0,"max_hp_loss":0.0,"gold_gain":0.0,"event_name":"Upgrade Shrine","player_choice":"Upgraded","floor":2.0,"gold_loss":0.0,"damage_taken":0.0,"cards_upgraded":["Clockwork:ChargingShield"]},{"damage_healed":0.0,"max_hp_gain":5.0,"max_hp_loss":0.0,"gold_gain":0.0,"event_name":"Forgotten Altar","player_choice":"Shed Blood","floor":19.0,"gold_loss":0.0,"damage_taken":28.0},{"cards_removed":["Clockwork:Shield"],"damage_healed":0.0,"max_hp_gain":0.0,"max_hp_loss":0.0,"gold_gain":0.0,"event_name":"Back to Basics","player_choice":"Elegance","floor":22.0,"gold_loss":0.0,"damage_taken":0.0},{"damage_healed":0.0,"max_hp_gain":0.0,"max_hp_loss":0.0,"gold_gain":0.0,"event_name":"Cursed Tome","player_choice":"Obtained Book","floor":25.0,"gold_loss":0.0,"damage_taken":21.0},{"damage_healed":0.0,"max_hp_gain":0.0,"max_hp_loss":0.0,"gold_gain":0.0,"event_name":"MindBloom","player_choice":"Fight","floor":37.0,"gold_loss":0.0,"damage_taken":0.0}],"is_beta":false,"boss_relics":[{"not_picked":["Ectoplasm","Calling Bell"],"picked":"sneckomod:SneckoTalon"},{"not_picked":["Clockwork:BootleggersToolkit","Snecko Eye"],"picked":"reliquary:RedCape"}],"items_purged_floors":[3,21],"is_endless":false,"potions_floor_spawned":[4,13,16,18,24,31,35,36,37,38,47],"ascension_level":20}}