{"host":"1mdoazogr9tl4b3g","time":1612177139,"event":{"mods":["Act Like it!","Aspiration","Bard","BaseMod","Beaked The Cultist","BetterRewards","Block Reminder","Conspire","Glutton Mod","Hermit","Hubris","Infinite Spire","Marisa????????","Mimic Mod","Minty Spire (QoL Compilation)","Rare Cards Sparkle","Relic Sorter","Replay The Spire","Shop Mod","StSLib","The Animator","The Blackbeard","The Bladedancer","The Bug Knight","The Construct","The Cursed","The Disciple","The Hierophant","The Mystic","The Necromancer","The Runesmith","The Servant 0.9.4","The Spell Scribe","Uncapped","Wandering Minibosses"],"gold_per_floor":[110,110,71,81,81,81,113,113,143,169,186,211,211,222,222,222,222],"floor_reached":16,"language":"ENG","playtime":1611,"items_purged":[],"score":126,"play_id":"089dae00-c6de-464d-8ba5-16b55f44b202","local_time":"20210201045859","is_ascension_mode":true,"campfire_choices":[{"data":"conspire:ExplosiveBarrier","floor":6.0,"key":"SMITH"},{"data":"Heavy Blade","floor":8.0,"key":"SMITH"},{"data":"Inflame","floor":15,"key":"SMITH"}],"circlet_count":0,"master_deck":["Strike_R","Strike_R","Strike_R","Strike_R","Strike_R","Defend_R","Defend_R","Defend_R","Defend_R","Bash","conspire:ExplosiveBarrier+1","Inflame+1","Twin Strike","Heavy Blade+1"],"relics":["Burning Blood","hubris:Icosahedron","Meat on the Bone","Pet Ghost","aspiration:TomeofQuesting","infinitespire:Lucky Rock"],"acts_visited":["Exordium"],"potions_floor_usage":[10],"damage_taken":[{"damage":0.0,"enemies":"conspire:RoseBush","floor":1.0,"turns":4.0},{"damage":5.0,"enemies":"2 Louse","floor":3.0,"turns":3.0},{"damage":9.0,"enemies":"Jaw Worm","floor":4.0,"turns":4.0},{"damage":8.0,"enemies":"Replay:BlueRogue","floor":7.0,"turns":4.0},{"damage":36.0,"enemies":"2 Fungi Beasts","floor":9.0,"turns":7.0},{"damage":43,"enemies":"Gremlin Nob","floor":10,"turns":5},{"damage":1,"enemies":"2 Fungi Beasts","floor":11,"turns":3},{"damage":22,"enemies":"3 Sentries","floor":12,"turns":10},{"damage":54,"enemies":"Gremlin Gang","floor":14,"turns":12},{"damage":55,"enemies":"The Guardian","floor":16,"turns":10}],"seed_played":"1275085898645753395","potions_obtained":[{"floor":1.0,"key":"SteroidPotion"},{"floor":4.0,"key":"Toxic Potion"},{"floor":10,"key":"Reflective Coating"}],"is_trial":false,"path_per_floor":["M","?","M","M","?","R","E","R","MIM","E","M","E","?","M","R","B"],"character_chosen":"IRONCLAD","items_purchased":[],"campfire_rested":0,"item_purchase_floors":[],"current_hp_per_floor":[88,88,88,85,85,85,83,83,53,28,45,72,81,50,50,0,0],"gold":222,"neow_bonus":"TEN_PERCENT_HP_BONUS","is_daily":false,"chose_seed":false,"campfire_upgraded":3,"win_rate":0.0,"timestamp":1612177139,"path_taken":["M","?","M","M","?","R","E","R","MIM","E","M","E","?","M","R","BOSS"],"items_purchased_type":[],"build_version":"2020-12-22","purchased_purges":0,"victory":false,"max_hp_per_floor":[88,88,88,88,88,88,88,88,88,88,88,88,88,88,88,88,88],"card_choices":[{"not_picked":["Run Through","Flex","Twin Strike"],"picked":"SKIP","floor":1.0},{"not_picked":["Heavy Blade","Twin Strike"],"picked":"conspire:ExplosiveBarrier","floor":3.0},{"not_picked":["hubris:SharpeningStone","True Grit"],"picked":"Inflame","floor":4.0},{"not_picked":["Ghostly Armor","Clothesline"],"picked":"Heavy Blade","floor":7.0},{"not_picked":["Headbutt","Reckless Charge","Rage"],"picked":"SKIP","floor":10},{"not_picked":["Headbutt","Reckless Charge","Rage"],"picked":"SKIP","floor":10},{"not_picked":["Wild Strike","Ghostly Armor","Shockwave"],"picked":"SKIP","floor":11},{"not_picked":["Twin Strike","Metallicize","Perfected Strike"],"picked":"SKIP","floor":12},{"not_picked":["Shrug It Off","Entrench","Run Through"],"picked":"SKIP","floor":14}],"player_experience":404025,"relics_obtained":[{"floor":7.0,"key":"Meat on the Bone"},{"floor":9.0,"key":"Pet Ghost"},{"floor":10,"key":"aspiration:TomeofQuesting"},{"floor":12,"key":"infinitespire:Lucky Rock"}],"event_choices":[],"is_beta":false,"boss_relics":[],"items_purged_floors":[],"is_endless":false,"potions_floor_spawned":[1,4,10],"killed_by":"The Guardian","ascension_level":1}}