{"host":"nnw06giuvlwk603n","time":1612153481,"event":{"mods":["Act Like it!","Aspiration","BaseMod","Better Altar","Better Match","Better Note","Better Sensory Stone","Better Skull","Better Third Choice","Better Vampires","BetterRewards","Dio Mod","Downfall","Elementarium","GifTheSpireLib","Hermit","Hubris","Infinite Spire","Ironclad Rager","Marisa????????","Minty Spire (QoL Compilation)","Rare Cards Sparkle","Replay The Spire","Spicy Shops","StSLib","Stuff the Spire","The Cursed","The Marked"],"gold_per_floor":[118,132,11,11,11,46,63,63,63,78,89,89,89,99,99,196,196,210,210,224,224,235,235,261,261,333,333,416,429,213,228,228,325,325,336,352,352,352,363,498,498,498,498],"floor_reached":42,"language":"ENG","playtime":1241,"items_purged":[],"score":702,"play_id":"0cdf395e-23f1-48c0-b1f8-0a608f5a0de5","local_time":"20210131232441","is_ascension_mode":true,"campfire_choices":[{"floor":8,"key":"RECALL"},{"data":"dioMod:DominatingPresence","floor":15,"key":"SMITH"},{"floor":23,"key":"REST"},{"floor":25,"key":"REST"},{"floor":32,"key":"REST"},{"floor":41,"key":"REST"}],"circlet_count":0,"master_deck":["dioMod:DaggerToss","dioMod:Strike","dioMod:Strike","dioMod:Strike","dioMod:Strike","Bite","dioMod:Defend","dioMod:Defend","dioMod:Defend","dioMod:Defend","dioMod:DaggerToss","dioMod:Pluck","dioMod:SadisticLaugh","dioMod:DominatingPresence+1","dioMod:VengefulMuda","Amnesia","dioMod:Donut","dioMod:ZaWarudo","AbeCurse","dioMod:Hiss","dioMod:LaserVision","dioMod:GoodbyeJojo+1","dioMod:Pluck","dioMod:DaggerSpree","dioMod:DarkRebirth+1","dioMod:TripleThreat+1","dioMod:LaserVision","dioMod:StreetSign+1","dioMod:DaggerToss","dioMod:DaggerToss","dioMod:BloodTransfusion","dioMod:CautiousMuda+1","dioMod:CutDeep","dioMod:Muda","dioMod:SevenPageMuda","dioMod:DominatingPresence+1","dioMod:Diversion+1","dioMod:TripleThreat+1","dioMod:ComboFever+1","dioMod:FlyAway","dioMod:CoffinBath","dioMod:Hiss+1","dioMod:Pluck","dioMod:Muda+1","dioMod:DarkRebirth+1"],"relics":["dioMod:VampireBlood","NeowsBlessing","hubris:Reverence","Simple Rune","Bag of Preparation","hexamod:CandleOfCauterizing","Abe\u0027s Treasure","hubris:ScarierMask","Prayer Wheel","Prayer Wheel","hubris:MobiusCoin","MutagenicStrength","White Beast Statue","DollysMirror","Cursed Key","hubris:Icosahedron","Akabeko"],"acts_visited":["Exordium","TheCity","TheBeyond"],"potions_floor_usage":[16,16,33,33,33,40,42],"damage_taken":[{"damage":0,"enemies":"Jaw Worm","floor":1,"turns":1},{"damage":0,"enemies":"Cultist","floor":2,"turns":1},{"damage":0,"enemies":"Lagavulin","floor":6,"turns":2},{"damage":0,"enemies":"Small Slimes","floor":7,"turns":3},{"damage":40,"enemies":"Exordium Wildlife","floor":10,"turns":5},{"damage":22,"enemies":"Looter","floor":11,"turns":3},{"damage":20,"enemies":"Gremlin Gang","floor":14,"turns":3},{"damage":0,"enemies":"Slime Boss","floor":16,"turns":3},{"damage":2,"enemies":"Chosen","floor":18,"turns":4},{"damage":28,"enemies":"2 Thieves","floor":20,"turns":4},{"damage":24,"enemies":"Snake Plant","floor":22,"turns":3},{"damage":13,"enemies":"Slavers","floor":24,"turns":3},{"damage":30,"enemies":"Gremlin Leader","floor":28,"turns":5},{"damage":6,"enemies":"3 Cultists","floor":29,"turns":4},{"damage":12,"enemies":"Cultist and Chosen","floor":31,"turns":2},{"damage":59,"enemies":"Champ","floor":33,"turns":10},{"damage":9,"enemies":"3 Darklings","floor":35,"turns":2},{"damage":0,"enemies":"3 Shapes","floor":36,"turns":1},{"damage":0,"enemies":"Jaw Worm Horde","floor":39,"turns":1},{"damage":20,"enemies":"Reptomancer","floor":40,"turns":3},{"damage":130,"enemies":"Nemesis","floor":42,"turns":7}],"seed_played":"9012408866055609870","potions_obtained":[{"floor":7,"key":"AttackPotion"},{"floor":10,"key":"Strength Potion"},{"floor":11,"key":"Ancient Potion"},{"floor":14,"key":"Strength Potion"},{"floor":20,"key":"Guardian:BlockOnCardUsePotion"},{"floor":24,"key":"dioMod:HumanBlood"},{"floor":29,"key":"Fire Potion"},{"floor":33,"key":"SpeedPotion"},{"floor":35,"key":"Elixir"},{"floor":36,"key":"LifebloodPotion"},{"floor":39,"key":"FairyPotion"},{"floor":40,"key":"AttackPotion"}],"is_trial":false,"path_per_floor":["M","M","$","?","$","E","M","R","T","M","M","T","?","M","R","B",null,"M","?","M","AVR","M","R","E","R","T","?","E","M","$","M","R","B",null,"M","M","?","?","M","E","R","E"],"character_chosen":"THE_DEFAULT","items_purchased":["hubris:Reverence","DollysMirror","dioMod:DaggerToss","dioMod:BloodTransfusion"],"campfire_rested":4,"item_purchase_floors":[3,30,30,30],"current_hp_per_floor":[75,75,75,75,75,75,75,75,75,45,28,28,75,66,66,72,75,75,75,55,55,34,56,49,71,71,71,48,48,48,39,61,25,75,72,75,75,75,75,60,75,0,0],"gold":498,"neow_bonus":"THREE_ENEMY_KILL","is_daily":false,"chose_seed":false,"campfire_upgraded":1,"win_rate":0.0,"timestamp":1612153481,"path_taken":["M","M","$","?","$","E","M","R","T","M","?","?","?","M","R","BOSS","M","?","?","AVR","M","R","E","R","T","?","E","M","$","M","R","BOSS","M","M","?","?","M","E","R","E"],"items_purchased_type":["Relic","Relic","Card","Card"],"build_version":"2020-12-22","purchased_purges":0,"victory":false,"max_hp_per_floor":[75,75,75,75,75,75,75,75,75,75,75,75,75,75,75,75,75,75,75,75,75,75,75,75,75,75,75,75,75,75,75,75,75,75,75,75,75,75,75,75,75,75,75],"card_choices":[{"not_picked":["dioMod:BlendIn","dioMod:CautiousMuda"],"picked":"dioMod:StreetSign","floor":1},{"not_picked":["dioMod:TripleThreat","dioMod:DisarmingVoice"],"picked":"dioMod:DaggerToss","floor":2},{"not_picked":["dioMod:Hiss","dioMod:StreetSign"],"picked":"dioMod:Pluck","floor":6},{"not_picked":["dioMod:WRYYY","dioMod:BloodShield"],"picked":"dioMod:SadisticLaugh","floor":7},{"not_picked":["dioMod:StreetSign","dioMod:SecretPlan"],"picked":"dioMod:DominatingPresence","floor":10},{"not_picked":["dioMod:Roundabout","dioMod:TripleThreat"],"picked":"dioMod:VengefulMuda","floor":11},{"not_picked":["dioMod:HeavyLifting","dioMod:FlyAway"],"picked":"dioMod:Donut","floor":14},{"not_picked":["dioMod:Despair","dioMod:KonoDioDa"],"picked":"dioMod:ZaWarudo","floor":16},{"not_picked":["dioMod:TripleThreat","dioMod:ComposedMuda"],"picked":"dioMod:Hiss","floor":18},{"not_picked":["dioMod:Freeze","dioMod:DarkRebirth"],"picked":"dioMod:LaserVision","floor":20},{"not_picked":["dioMod:BloodSplash","dioMod:Freeze"],"picked":"dioMod:GoodbyeJojo+1","floor":22},{"not_picked":["dioMod:DisarmingVoice","dioMod:SlashThroughTime"],"picked":"dioMod:Pluck","floor":22},{"not_picked":["dioMod:HeavyLifting","dioMod:Minions"],"picked":"dioMod:DaggerSpree","floor":24},{"not_picked":["dioMod:LaserVision","dioMod:WRYYY"],"picked":"dioMod:DarkRebirth+1","floor":28},{"not_picked":["dioMod:HeavyLifting","dioMod:Diversion"],"picked":"dioMod:TripleThreat+1","floor":29},{"not_picked":["dioMod:Donut","dioMod:HeavyLifting+1"],"picked":"dioMod:LaserVision","floor":29},{"not_picked":["dioMod:Refresh","dioMod:BloodSplash+1"],"picked":"dioMod:StreetSign+1","floor":29},{"not_picked":["dioMod:DaggerSpree","dioMod:ComposedMuda"],"picked":"dioMod:CautiousMuda+1","floor":31},{"not_picked":["dioMod:TripleThreat","dioMod:Minions"],"picked":"dioMod:CutDeep","floor":31},{"not_picked":["dioMod:WRYYY","dioMod:FlyAway+1"],"picked":"dioMod:Muda","floor":31},{"not_picked":["dioMod:Refresh","dioMod:ZaWarudo"],"picked":"dioMod:SevenPageMuda","floor":33},{"not_picked":["dioMod:TripleThreat","dioMod:SecretPlan"],"picked":"dioMod:DominatingPresence+1","floor":35},{"not_picked":["dioMod:Minions","dioMod:Roundabout+1"],"picked":"dioMod:Diversion+1","floor":35},{"not_picked":["dioMod:HeavyLifting","dioMod:GoodbyeJojo+1"],"picked":"dioMod:TripleThreat+1","floor":35},{"not_picked":["dioMod:SecretPlan+1","dioMod:BloodSplash+1"],"picked":"dioMod:ComboFever+1","floor":36},{"not_picked":["dioMod:Minions+1","dioMod:HeavyLifting"],"picked":"dioMod:FlyAway","floor":36},{"not_picked":["dioMod:Roundabout","dioMod:DaggerSpree+1"],"picked":"dioMod:CoffinBath","floor":36},{"not_picked":["dioMod:PhantomBlood","dioMod:ComposedMuda+1"],"picked":"dioMod:Hiss+1","floor":39},{"not_picked":["dioMod:CutDeep","dioMod:SlashThroughTime+1"],"picked":"dioMod:Pluck","floor":39},{"not_picked":["dioMod:VengefulMuda","dioMod:BloodSuck+1"],"picked":"dioMod:Muda+1","floor":39},{"not_picked":["dioMod:BloodSplash","dioMod:WRYYY"],"picked":"dioMod:DarkRebirth+1","floor":40}],"player_experience":1291193,"relics_obtained":[{"floor":6,"key":"Bag of Preparation"},{"floor":12,"key":"hexamod:CandleOfCauterizing"},{"floor":24,"key":"Prayer Wheel"},{"floor":26,"key":"hubris:MobiusCoin"},{"floor":28,"key":"White Beast Statue"},{"floor":40,"key":"Akabeko"}],"event_choices":[{"cards_removed":["dioMod:StreetSign"],"damage_healed":0,"gold_gain":0,"player_choice":"Gave Card","damage_taken":0,"relics_obtained":["Simple Rune"],"max_hp_gain":0,"max_hp_loss":0,"event_name":"WeMeetAgain","floor":4,"gold_loss":0},{"damage_healed":0,"gold_gain":0,"player_choice":"Ignored","damage_taken":0,"max_hp_gain":0,"max_hp_loss":0,"event_name":"betterNote:BetterNote","floor":19,"gold_loss":0,"cards_obtained":["sneckomod:Defend"]},{"damage_healed":0,"gold_gain":0,"player_choice":"Inject Mutagens","damage_taken":0,"relics_obtained":["MutagenicStrength"],"max_hp_gain":0,"max_hp_loss":0,"event_name":"Drug Dealer","floor":27,"gold_loss":0},{"damage_healed":0,"gold_gain":0,"player_choice":"Ignored","damage_taken":0,"max_hp_gain":0,"max_hp_loss":0,"event_name":"Tomb of Lord Red Mask","floor":37,"gold_loss":0}],"is_beta":false,"boss_relics":[{"not_picked":["hubris:VirtuousBlindfold","Calling Bell"],"picked":"Abe\u0027s Treasure"},{"not_picked":["hubris:HollowSoul","Kintsugi"],"picked":"Cursed Key"}],"items_purged_floors":[],"is_endless":false,"potions_floor_spawned":[7,10,11,14,20,24,29,31,33,35,36,39,40],"killed_by":"Nemesis","ascension_level":4}}