{"host":"ewe4oe702q4ujr6i","time":1612175098,"event":{"mods":["BaseMod","Colored Map","Colored Powertips","DeckTracker","Minty Spire (QoL Compilation)","SuperFastMode"],"gold_per_floor":[117,117,117,128,128,162,162,181,181,200,200,218,234,8,8,8,8],"floor_reached":16,"language":"KOR","playtime":437,"items_purged":["Strike_G"],"score":127,"play_id":"b84d1fbc-75aa-4949-b1fc-8136bc5635c1","local_time":"20210201192458","is_ascension_mode":false,"campfire_choices":[{"data":"Neutralize","floor":7,"key":"SMITH"},{"data":"Backflip","floor":11,"key":"SMITH"},{"floor":15,"key":"REST"}],"circlet_count":0,"master_deck":["Strike_G","Strike_G","Strike_G","Defend_G","Defend_G","Defend_G","Defend_G+1","Defend_G","Survivor+1","Neutralize+1","All Out Attack","Acrobatics","Backflip+1","Accuracy","Sucker Punch"],"relics":["Ring of the Snake","NeowsBlessing","Mercury Hourglass","Ginger","Singing Bowl","HandDrill"],"acts_visited":["Exordium"],"potions_floor_usage":[16],"damage_taken":[{"damage":0,"enemies":"Jaw Worm","floor":1,"turns":1},{"damage":0,"enemies":"2 Louse","floor":4,"turns":1},{"damage":0,"enemies":"Gremlin Nob","floor":6,"turns":1},{"damage":5,"enemies":"Small Slimes","floor":8,"turns":4},{"damage":0,"enemies":"Gremlin Gang","floor":10,"turns":3},{"damage":4,"enemies":"Blue Slaver","floor":12,"turns":4},{"damage":0,"enemies":"Red Slaver","floor":13,"turns":4},{"damage":42,"enemies":"Hexaghost","floor":16,"turns":14}],"seed_played":"-1797497175579126259","potions_obtained":[{"floor":1,"key":"Energy Potion"},{"floor":13,"key":"Strength Potion"}],"is_trial":false,"path_per_floor":["M","?","?","M","?","E","R","M","T","M","R","M","M","$","R","B"],"character_chosen":"THE_SILENT","items_purchased":["HandDrill"],"campfire_rested":1,"item_purchase_floors":[14],"current_hp_per_floor":[70,37,23,23,23,23,23,18,18,18,18,14,16,16,37,0,0],"gold":8,"neow_bonus":"THREE_ENEMY_KILL","is_daily":false,"chose_seed":false,"campfire_upgraded":2,"win_rate":0.0,"timestamp":1612175098,"path_taken":["M","?","?","M","?","E","R","M","T","M","R","?","M","$","R","BOSS"],"items_purchased_type":["Relic"],"build_version":"2020-12-22","purchased_purges":1,"victory":false,"max_hp_per_floor":[70,70,70,70,70,70,70,70,70,70,70,70,72,72,72,72,72],"card_choices":[{"not_picked":["Cloak And Dagger","Reflex"],"picked":"All Out Attack","floor":1},{"not_picked":["Backstab","Bane"],"picked":"Acrobatics","floor":4},{"not_picked":["Acrobatics","Skewer"],"picked":"Backflip","floor":6},{"not_picked":["Masterful Stab","Deflect","Dagger Spray"],"picked":"SKIP","floor":8},{"not_picked":["Quick Slash","Cloak And Dagger"],"picked":"Accuracy","floor":10},{"not_picked":["Outmaneuver","Slice"],"picked":"Sucker Punch","floor":12},{"not_picked":["Deflect","Bane","Underhanded Strike"],"picked":"Singing Bowl","floor":13}],"player_experience":187018,"relics_obtained":[{"floor":6,"key":"Ginger"},{"floor":9,"key":"Singing Bowl"}],"event_choices":[{"damage_healed":0,"gold_gain":0,"player_choice":"Success","damage_taken":33,"relics_obtained":["Mercury Hourglass"],"max_hp_gain":0,"max_hp_loss":0,"event_name":"Scrap Ooze","floor":2,"gold_loss":0},{"damage_healed":0,"gold_gain":0,"player_choice":"Entered Light","damage_taken":14,"max_hp_gain":0,"max_hp_loss":0,"event_name":"Shining Light","floor":3,"gold_loss":0,"cards_upgraded":["Defend_G","Survivor"]},{"cards_removed":["Strike_G"],"damage_healed":0,"gold_gain":0,"player_choice":"Purged","damage_taken":0,"max_hp_gain":0,"max_hp_loss":0,"event_name":"Purifier","floor":5,"gold_loss":0}],"is_beta":false,"boss_relics":[],"items_purged_floors":[14],"is_endless":false,"potions_floor_spawned":[1,13],"killed_by":"Hexaghost","ascension_level":0}}