{"host":"at5b10nm0iti0w4x","time":1612219763,"event":{"mods":["AchievementEnabler","BaseMod","Bestiary","Block Reminder","Colored Map","Colored Powertips","Highlight Path","Keyboard Shortcuts","Minty Spire (QoL Compilation)","Relic Stats","StSLib","SuperFastMode"],"gold_per_floor":[110,122,122,140,159,187,187,202,202,277,303,317,11,29,29,133,133,121,134,153,163,438,438,448,478,478,61,80,111,111,210,210,312,312,324,344,4,4,55,55,87,103,103,3,3,3,16,33,33,33],"floor_reached":51,"language":"ENG","playtime":2635,"items_purged":["Regret","Strike_R"],"score":781,"play_id":"1eb858ae-ffcf-46d1-b6d8-ab6be6a59f49","local_time":"20210201174923","is_ascension_mode":false,"campfire_choices":[{"data":"Bash","floor":7.0,"key":"SMITH"},{"floor":15.0,"key":"DIG"},{"data":"Armaments","floor":23,"key":"SMITH"},{"floor":30,"key":"REST"},{"data":"Apotheosis","floor":32,"key":"SMITH"},{"floor":40,"key":"REST"},{"floor":46,"key":"REST"},{"floor":49,"key":"REST"}],"circlet_count":0,"master_deck":["Strike_R","Strike_R","Strike_R","Strike_R","Defend_R","Defend_R+1","Defend_R","Defend_R","Bash+1","Dropkick","Iron Wave","Thunderclap","Flame Barrier","Disarm","Combust","Headbutt","Armaments+1","Ghostly Armor","Brutality","Heavy Blade+1","Rupture+1","Thunderclap+1","Limit Break+1","Apotheosis+1","Hemokinesis","Pummel","Offering","Whirlwind+1","Heavy Blade+1","Rupture","Combust+1"],"relics":["Burning Blood","Magic Flower","Sundial","CaptainsWheel","Unceasing Top","Shovel","PreservedInsect","Toy Ornithopter","Blood Vial","Velvet Choker","Juzu Bracelet","War Paint","Ancient Tea Set","Busted Crown","Thread and Needle","TungstenRod","Vajra","Letter Opener"],"acts_visited":["Exordium","TheCity","TheBeyond"],"potions_floor_usage":[21,25,28,29,33,41,41,41,50,50,50],"damage_taken":[{"damage":3.0,"enemies":"Jaw Worm","floor":1.0,"turns":4.0},{"damage":5.0,"enemies":"Small Slimes","floor":2.0,"turns":4.0},{"damage":1.0,"enemies":"Cultist","floor":4.0,"turns":3.0},{"damage":8.0,"enemies":"Lots of Slimes","floor":5.0,"turns":4.0},{"damage":31.0,"enemies":"Lagavulin","floor":6.0,"turns":7.0},{"damage":8.0,"enemies":"Large Slime","floor":8.0,"turns":6.0},{"damage":25.0,"enemies":"3 Sentries","floor":11.0,"turns":5.0},{"damage":8.0,"enemies":"Exordium Wildlife","floor":12.0,"turns":4.0},{"damage":10.0,"enemies":"Blue Slaver","floor":14.0,"turns":4.0},{"damage":32.0,"enemies":"Hexaghost","floor":16.0,"turns":12.0},{"damage":14,"enemies":"2 Thieves","floor":18,"turns":4},{"damage":8,"enemies":"3 Byrds","floor":19,"turns":5},{"damage":24,"enemies":"Shelled Parasite and Fungi","floor":20,"turns":7},{"damage":34,"enemies":"Sentry and Sphere","floor":21,"turns":6},{"damage":19,"enemies":"Cultist and Chosen","floor":24,"turns":5},{"damage":36,"enemies":"Slavers","floor":25,"turns":3},{"damage":4,"enemies":"Snecko","floor":28,"turns":5},{"damage":22,"enemies":"Book of Stabbing","floor":29,"turns":4},{"damage":29,"enemies":"Champ","floor":33,"turns":7},{"damage":8,"enemies":"Orb Walker","floor":35,"turns":4},{"damage":14,"enemies":"3 Darklings","floor":36,"turns":3},{"damage":61,"enemies":"2 Orb Walkers","floor":39,"turns":5},{"damage":51,"enemies":"Reptomancer","floor":41,"turns":6},{"damage":27,"enemies":"Writhing Mass","floor":42,"turns":7},{"damage":6,"enemies":"Transient","floor":47,"turns":5},{"damage":6,"enemies":"4 Shapes","floor":48,"turns":5},{"damage":89,"enemies":"Awakened One","floor":50,"turns":10}],"seed_played":"7208727888496555211","potions_obtained":[{"floor":1.0,"key":"Swift Potion"},{"floor":8.0,"key":"BloodPotion"},{"floor":12.0,"key":"SpeedPotion"},{"floor":14.0,"key":"Explosive Potion"},{"floor":19,"key":"PowerPotion"},{"floor":21,"key":"FearPotion"},{"floor":28,"key":"DistilledChaos"},{"floor":29,"key":"SpeedPotion"},{"floor":41,"key":"BlessingOfTheForge"},{"floor":42,"key":"Explosive Potion"},{"floor":47,"key":"Energy Potion"}],"is_trial":false,"path_per_floor":["M","M","?","M","M","E","R","M","T","?","E","M","$","M","R","B",null,"M","M","M","M","?","R","M","E","T","$","M","E","R","?","R","B",null,"M","M","$","?","?","R","E","M","T","$","?","R","M","M","R","B",null],"character_chosen":"IRONCLAD","items_purchased":["PreservedInsect","Toy Ornithopter","Apotheosis","EssenceOfSteel","Hemokinesis","Thread and Needle","Dexterity Potion"],"campfire_rested":4,"item_purchase_floors":[13,13,27,27,27,37,37],"current_hp_per_floor":[62,66,63,71,72,50,50,51,51,40,24,25,25,32,32,44,80,75,79,65,51,51,51,44,28,28,28,44,42,66,66,66,57,80,80,75,75,75,26,50,35,20,20,20,20,42,48,54,76,20],"gold":33,"neow_bonus":"ONE_RARE_RELIC","is_daily":false,"chose_seed":false,"campfire_upgraded":3,"win_rate":0.0,"timestamp":1612219763,"path_taken":["M","M","?","M","M","E","R","M","T","?","E","M","$","M","R","BOSS","M","M","M","M","?","R","?","E","T","$","M","E","R","?","R","BOSS","M","M","$","?","?","R","E","M","T","$","?","R","M","M","R","BOSS"],"items_purchased_type":["Relic","Relic","Card","Potion","Card","Relic","Potion"],"build_version":"2020-12-22","purchased_purges":2,"victory":true,"max_hp_per_floor":[80,80,80,80,80,80,80,80,80,80,80,80,80,80,80,80,80,80,80,80,80,80,80,80,80,80,80,80,80,80,80,80,80,80,80,80,80,80,80,80,80,80,80,80,76,76,76,76,76,76],"relic_stats":{"counters":[27,144],"Magic Flower":[140],"PreservedInsect":138,"Juzu Bracelet":1,"Letter Opener":[15],"War Paint":["Limit Break","Defend_R"],"Burning Blood":242,"Blood Vial":40,"Shovel":1,"Busted Crown":14,"Sundial":[16],"obtain_stats":[{"Magic Flower":0,"Velvet Choker":17,"Vajra":41,"Thread and Needle":37,"PreservedInsect":13,"Juzu Bracelet":25,"Letter Opener":43,"War Paint":26,"Ancient Tea Set":29,"Burning Blood":0,"Blood Vial":15,"CaptainsWheel":6,"Shovel":11,"Busted Crown":34,"Sundial":3,"Unceasing Top":9,"Toy Ornithopter":13,"TungstenRod":39},{"Magic Flower":0,"Velvet Choker":10,"Vajra":23,"Thread and Needle":21,"PreservedInsect":8,"Juzu Bracelet":16,"Letter Opener":24,"War Paint":16,"Ancient Tea Set":18,"Burning Blood":0,"Blood Vial":9,"CaptainsWheel":5,"Shovel":7,"Busted Crown":19,"Sundial":2,"Unceasing Top":6,"Toy Ornithopter":8,"TungstenRod":22},{"Magic Flower":0,"Velvet Choker":53,"Vajra":117,"Thread and Needle":106,"PreservedInsect":37,"Juzu Bracelet":83,"Letter Opener":124,"War Paint":83,"Ancient Tea Set":92,"Burning Blood":0,"Blood Vial":41,"CaptainsWheel":22,"Shovel":33,"Busted Crown":99,"Sundial":8,"Unceasing Top":28,"Toy Ornithopter":37,"TungstenRod":111}],"Unceasing Top":[16],"Toy Ornithopter":104,"TungstenRod":64},"card_choices":[{"not_picked":["Rage","Body Slam"],"picked":"Dropkick","floor":1.0},{"not_picked":["Ghostly Armor","Evolve"],"picked":"Iron Wave","floor":2.0},{"not_picked":["Body Slam","Whirlwind"],"picked":"Thunderclap","floor":4.0},{"not_picked":["Entrench","Thunderclap"],"picked":"Flame Barrier","floor":5.0},{"not_picked":["Rupture","Evolve"],"picked":"Disarm","floor":6.0},{"not_picked":["Headbutt","Clash"],"picked":"Combust","floor":8.0},{"not_picked":["Offering","Body Slam"],"picked":"Headbutt","floor":11.0},{"not_picked":["Anger","Thunderclap"],"picked":"Armaments","floor":12.0},{"not_picked":["Iron Wave","Perfected Strike"],"picked":"Ghostly Armor","floor":14.0},{"not_picked":["Corruption","Bludgeon"],"picked":"Brutality","floor":16.0},{"not_picked":["Warcry","Power Through+1","Reckless Charge"],"picked":"SKIP","floor":18},{"not_picked":["Shrug It Off","Power Through"],"picked":"Heavy Blade+1","floor":19},{"not_picked":["Entrench","Dropkick"],"picked":"Rupture+1","floor":20},{"not_picked":["Combust","Ghostly Armor"],"picked":"Pommel Strike","floor":21},{"not_picked":["Wild Strike","Intimidate"],"picked":"Thunderclap+1","floor":24},{"not_picked":["Seeing Red","Dark Embrace"],"picked":"Limit Break","floor":25},{"not_picked":["Thunderclap","Rage"],"picked":"Pummel","floor":28},{"not_picked":["Dark Embrace","Thunderclap","Flex"],"picked":"SKIP","floor":29},{"not_picked":["Juggernaut","Feed"],"picked":"Offering","floor":33},{"not_picked":[],"picked":"Whirlwind+1","floor":35},{"not_picked":[],"picked":"Heavy Blade+1","floor":36},{"not_picked":[],"picked":"Rupture","floor":41},{"not_picked":["Clothesline+1"],"picked":"SKIP","floor":42},{"not_picked":["Cleave+1"],"picked":"SKIP","floor":47},{"not_picked":[],"picked":"Combust+1","floor":48}],"player_experience":12680,"relics_obtained":[{"floor":6.0,"key":"CaptainsWheel"},{"floor":9.0,"key":"Unceasing Top"},{"floor":11.0,"key":"Shovel"},{"floor":15.0,"key":"Blood Vial"},{"floor":25,"key":"Juzu Bracelet"},{"floor":26,"key":"War Paint"},{"floor":29,"key":"Ancient Tea Set"},{"floor":39,"key":"TungstenRod"},{"floor":41,"key":"Vajra"},{"floor":43,"key":"Letter Opener"}],"event_choices":[{"damage_healed":0.0,"max_hp_gain":0.0,"max_hp_loss":0.0,"gold_gain":0.0,"event_name":"Scrap Ooze","player_choice":"Success","floor":3.0,"gold_loss":0.0,"damage_taken":3.0,"relics_obtained":["Sundial"]},{"damage_healed":0.0,"max_hp_gain":0.0,"max_hp_loss":0.0,"gold_gain":75.0,"event_name":"World of Goop","player_choice":"Gather Gold","floor":10.0,"gold_loss":0.0,"damage_taken":11.0},{"damage_healed":0,"gold_gain":275,"player_choice":"Desecrate","damage_taken":0,"max_hp_gain":0,"max_hp_loss":0,"event_name":"Golden Shrine","floor":22,"gold_loss":0,"cards_obtained":["Regret"]},{"damage_healed":0,"gold_gain":99,"player_choice":"Stole From Cult","damage_taken":0,"max_hp_gain":0,"max_hp_loss":0,"event_name":"Nest","floor":31,"gold_loss":0},{"cards_removed":["Pommel Strike"],"damage_healed":0,"gold_gain":0,"player_choice":"Removed Attack","damage_taken":0,"max_hp_gain":0,"max_hp_loss":0,"event_name":"Falling","floor":38,"gold_loss":0},{"damage_healed":0,"gold_gain":0,"player_choice":"Fight","damage_taken":0,"max_hp_gain":0,"max_hp_loss":0,"event_name":"Mysterious Sphere","floor":39,"gold_loss":0},{"damage_healed":0,"gold_gain":0,"player_choice":"Max HP","damage_taken":0,"max_hp_gain":0,"max_hp_loss":4,"event_name":"Winding Halls","floor":45,"gold_loss":0}],"is_beta":false,"boss_relics":[{"not_picked":["Black Blood","Runic Cube"],"picked":"Velvet Choker"},{"not_picked":["Philosopher\u0027s Stone","Tiny House"],"picked":"Busted Crown"}],"items_purged_floors":[27,44],"is_endless":false,"potions_floor_spawned":[1,8,12,14,19,21,28,29,41,42,47],"ascension_level":0}}