{"host":"q4axc00jr2bozlh9","time":1612215683,"event":{"mods":["AchievementEnabler","BaseMod","Bestiary","Colored Map","Colored Powertips","Curses Come First","Minty Spire (QoL Compilation)","Relic Stats","StSLib","SuperFastMode","UnlockEverythingMod"],"gold_per_floor":[16,16,35,35,46,66,66,80,80,80,80,92,92,123,123,223,223,238,252,252,281,281,281],"floor_reached":22,"language":"ENG","playtime":1213,"items_purged":[],"score":186,"play_id":"9a5cc4cb-72b6-4f1b-a617-113d0fd6a35c","local_time":"20210201224123","is_ascension_mode":false,"campfire_choices":[{"data":"Armaments","floor":7,"key":"SMITH"},{"data":"Armaments","floor":11,"key":"SMITH"},{"floor":13,"key":"REST"},{"floor":15,"key":"REST"}],"circlet_count":0,"master_deck":["Strike_R","Strike_R","Defend_R","Defend_R","Defend_R","Defend_R","Bash","Barricade","Armaments+1","Hemokinesis","Battle Trance","Shockwave","Infernal Blade","Armaments+1","Body Slam","Seeing Red","Demon Form","Ghostly Armor","Ghostly Armor+1","Necronomicurse"],"relics":["Burning Blood","Matryoshka","Art of War","Fusion Hammer","Necronomicon","Red Mask"],"acts_visited":["Exordium","TheCity"],"potions_floor_usage":[14,14,16,21],"damage_taken":[{"damage":13,"enemies":"Jaw Worm","floor":1,"turns":7},{"damage":16,"enemies":"Cultist","floor":3,"turns":8},{"damage":3,"enemies":"2 Louse","floor":5,"turns":4},{"damage":20,"enemies":"Exordium Thugs","floor":6,"turns":18},{"damage":6,"enemies":"Looter","floor":8,"turns":3},{"damage":8,"enemies":"Exordium Wildlife","floor":12,"turns":8},{"damage":33,"enemies":"3 Sentries","floor":14,"turns":9},{"damage":19,"enemies":"Slime Boss","floor":16,"turns":16},{"damage":9,"enemies":"Shell Parasite","floor":18,"turns":3},{"damage":4,"enemies":"2 Thieves","floor":19,"turns":4},{"damage":47,"enemies":"Masked Bandits","floor":21,"turns":6},{"damage":23,"enemies":"Snake Plant","floor":22,"turns":2}],"seed_played":"6220481183126571842","potions_obtained":[{"floor":6,"key":"DuplicationPotion"},{"floor":12,"key":"DuplicationPotion"},{"floor":14,"key":"ElixirPotion"},{"floor":16,"key":"SteroidPotion"}],"is_trial":false,"path_per_floor":["M","?","M","?","M","M","R","M","T","?","R","M","R","E","R","B",null,"M","M","?","?","M"],"character_chosen":"IRONCLAD","items_purchased":[],"campfire_rested":2,"item_purchase_floors":[],"current_hp_per_floor":[73,73,63,63,66,52,52,52,52,52,52,50,74,47,71,58,80,77,79,63,22,0,0],"gold":281,"neow_bonus":"THREE_RARE_CARDS","is_daily":false,"chose_seed":false,"campfire_upgraded":2,"win_rate":0.0,"timestamp":1612215683,"path_taken":["M","?","M","?","?","M","R","M","T","?","R","M","R","E","R","BOSS","M","?","?","?","M"],"items_purchased_type":[],"build_version":"2020-12-22","purchased_purges":0,"victory":false,"max_hp_per_floor":[80,80,80,80,80,80,80,80,80,80,80,80,80,80,80,80,80,80,80,80,80,80,80],"relic_stats":{"counters":[12,88],"Art of War":[7],"Necronomicon":[3],"obtain_stats":[{"Matryoshka":9,"Fusion Hammer":17,"Art of War":14,"Necronomicon":20,"Red Mask":21,"Burning Blood":0},{"Matryoshka":5,"Fusion Hammer":8,"Art of War":7,"Necronomicon":10,"Red Mask":11,"Burning Blood":0},{"Matryoshka":40,"Fusion Hammer":73,"Art of War":57,"Necronomicon":80,"Red Mask":86,"Burning Blood":0}],"Burning Blood":66},"card_choices":[{"not_picked":["Reaper","Offering"],"picked":"Barricade","floor":0},{"not_picked":["Sword Boomerang","Clothesline"],"picked":"Armaments","floor":1},{"not_picked":["Thunderclap","Perfected Strike"],"picked":"Battle Trance","floor":3},{"not_picked":["Sword Boomerang","Perfected Strike"],"picked":"Shockwave","floor":5},{"not_picked":["Cleave","Headbutt"],"picked":"Infernal Blade","floor":6},{"not_picked":["Clothesline","Flame Barrier"],"picked":"Armaments","floor":8},{"not_picked":["Dark Embrace","Headbutt"],"picked":"Body Slam","floor":12},{"not_picked":["Clothesline","Rampage"],"picked":"Seeing Red","floor":14},{"not_picked":["Immolate","Reaper"],"picked":"Demon Form","floor":16},{"not_picked":["Havoc","Clothesline+1"],"picked":"Ghostly Armor","floor":18},{"not_picked":["Burning Pact","Cleave"],"picked":"Ghostly Armor+1","floor":19}],"player_experience":226966,"relics_obtained":[{"floor":9,"key":"Matryoshka"},{"floor":14,"key":"Art of War"},{"floor":20,"key":"Necronomicon"},{"floor":21,"key":"Red Mask"}],"event_choices":[{"damage_healed":0,"gold_gain":0,"cards_transformed":["Strike_R"],"player_choice":"Change","damage_taken":0,"max_hp_gain":0,"max_hp_loss":0,"event_name":"Living Wall","floor":2,"gold_loss":0,"cards_obtained":["Hemokinesis"]},{"cards_removed":["Strike_R"],"damage_healed":0,"gold_gain":0,"player_choice":"Purged","damage_taken":0,"max_hp_gain":0,"max_hp_loss":0,"event_name":"Purifier","floor":4,"gold_loss":0},{"cards_removed":["Strike_R"],"damage_healed":0,"gold_gain":0,"player_choice":"Card Removal","damage_taken":0,"max_hp_gain":0,"max_hp_loss":0,"event_name":"Wheel of Change","floor":10,"gold_loss":0},{"damage_healed":0,"gold_gain":0,"player_choice":"Obtained Book","damage_taken":16,"max_hp_gain":0,"max_hp_loss":0,"event_name":"Cursed Tome","floor":20,"gold_loss":0},{"damage_healed":0,"gold_gain":0,"player_choice":"Fought Bandits","damage_taken":0,"max_hp_gain":0,"max_hp_loss":0,"event_name":"Masked Bandits","floor":21,"gold_loss":0}],"is_beta":false,"boss_relics":[{"not_picked":["Runic Cube","SacredBark"],"picked":"Fusion Hammer"}],"items_purged_floors":[],"is_endless":false,"potions_floor_spawned":[6,12,14,16],"killed_by":"Snake Plant","ascension_level":0}}