{"host":"lpzule13k694vaqg","time":1612185442,"event":{"mods":["BaseMod","Block Reminder","Colored Map","Colored Powertips","Minty Spire (QoL Compilation)","Permanent Neow"],"gold_per_floor":[119,43,43,63,82,82,1,1,82,82,113,126,160,177,177,177,177],"floor_reached":16,"language":"ENG","playtime":574,"items_purged":[],"score":110,"play_id":"6d00ee4c-fc12-4c3b-bc8a-79741542f292","local_time":"20210201141722","is_ascension_mode":false,"campfire_choices":[{"data":"Fusion","floor":6,"key":"SMITH"},{"data":"Self Repair","floor":10,"key":"SMITH"},{"floor":15,"key":"REST"}],"circlet_count":0,"master_deck":["Strike_B","Strike_B","Strike_B","Strike_B","Defend_B","Defend_B","Defend_B","Defend_B","Zap","Dualcast","Loop+1","Heatsinks","Barrage","Fusion+1","Self Repair+1","Defragment","Heatsinks","Fission","Compile Driver"],"relics":["Cracked Core","NeowsBlessing","Gremlin Horn","HornCleat","TungstenRod","CaptainsWheel"],"acts_visited":["Exordium"],"potions_floor_usage":[16],"damage_taken":[{"damage":0,"enemies":"2 Louse","floor":1,"turns":1},{"damage":0,"enemies":"Small Slimes","floor":4,"turns":1},{"damage":0,"enemies":"Jaw Worm","floor":5,"turns":1},{"damage":25,"enemies":"3 Sentries","floor":11,"turns":8},{"damage":18,"enemies":"Red Slaver","floor":12,"turns":4},{"damage":23,"enemies":"Lagavulin","floor":13,"turns":6},{"damage":4,"enemies":"Looter","floor":14,"turns":3},{"damage":44,"enemies":"The Guardian","floor":16,"turns":9}],"seed_played":"8188439568368717887","potions_obtained":[{"floor":4,"key":"GamblersBrew"},{"floor":11,"key":"BlessingOfTheForge"},{"floor":12,"key":"SteroidPotion"},{"floor":13,"key":"PotionOfCapacity"}],"is_trial":false,"path_per_floor":["M","$","?","M","M","R","$","?","T","R","E","M","E","M","R","B"],"character_chosen":"DEFECT","items_purchased":["Heatsinks","Self Repair"],"campfire_rested":1,"item_purchase_floors":[2,7],"current_hp_per_floor":[75,75,57,57,57,57,57,57,57,57,42,24,11,17,39,0,0],"gold":177,"neow_bonus":"THREE_ENEMY_KILL","is_daily":false,"chose_seed":false,"campfire_upgraded":2,"win_rate":0.0,"timestamp":1612185442,"path_taken":["M","$","?","M","M","R","$","?","T","R","E","M","E","?","R","BOSS"],"items_purchased_type":["Card","Card"],"build_version":"2020-12-22","purchased_purges":0,"victory":false,"max_hp_per_floor":[75,75,75,75,75,75,75,75,75,75,75,75,75,75,75,75,75],"card_choices":[{"not_picked":["Cold Snap","Sweeping Beam"],"picked":"Loop","floor":1},{"not_picked":["Hologram","Beam Cell"],"picked":"Barrage","floor":4},{"not_picked":["Steam","Leap"],"picked":"Fusion","floor":5},{"not_picked":["Coolheaded","Barrage"],"picked":"Defragment","floor":11},{"not_picked":["Steam","Barrage"],"picked":"Heatsinks","floor":12},{"not_picked":["Lockon","FTL"],"picked":"Fission","floor":13},{"not_picked":["Auto Shields","Scrape"],"picked":"Compile Driver","floor":14}],"player_experience":264,"relics_obtained":[{"floor":9,"key":"HornCleat"},{"floor":11,"key":"TungstenRod"},{"floor":13,"key":"CaptainsWheel"}],"event_choices":[{"damage_healed":0,"gold_gain":0,"player_choice":"Success","damage_taken":18,"relics_obtained":["Gremlin Horn"],"max_hp_gain":0,"max_hp_loss":0,"event_name":"Scrap Ooze","floor":3,"gold_loss":0},{"damage_healed":0,"gold_gain":0,"player_choice":"Grow","damage_taken":0,"max_hp_gain":0,"max_hp_loss":0,"event_name":"Living Wall","floor":8,"gold_loss":0,"cards_upgraded":["Loop"]}],"is_beta":false,"boss_relics":[],"items_purged_floors":[],"is_endless":false,"potions_floor_spawned":[4,11,12,13],"killed_by":"The Guardian","ascension_level":0}}