{"host":"jnpc5rzortks67vf","time":1612163270,"event":{"mods":["2.2 Compatiblity","AchievementEnabler","BaseMod","Colored Powertips","Downfall","Friendly Minions","Halation","HexUI Lib","Jorbs\u0027s Wanderer Trilogy","Mimic Mod","Minty Spire (QoL Compilation)","Rare Cards Sparkle","Relic Stats","Reliquary","Replay The Spire","Reworked Bosses","StSLib","The Construct","The Runesmith","Unceasing Turn Reminder"],"gold_per_floor":[114,39,39,54,54,54,70,70,107,124,144,177,177,196,196,269,269,287,157,172,185,185,185,185,185],"floor_reached":24,"language":"ENG","playtime":1020,"items_purged":["construct:Strike_Gold"],"score":396,"play_id":"bd58be75-bd89-46af-bc05-9fa8046228a9","local_time":"20210201000750","is_ascension_mode":true,"campfire_choices":[{"data":"construct:LaserCore","floor":6,"key":"SMITH"},{"data":"construct:LaserCore+1","floor":8,"key":"SMITH"},{"data":"construct:Synchronize","floor":13,"key":"SMITH"},{"floor":15,"key":"REST"},{"data":"construct:PanicFire","floor":23,"key":"SMITH"}],"circlet_count":0,"master_deck":["AscendersBane","construct:Strike_Gold","construct:Strike_Gold","construct:Strike_Gold","construct:Strike_Gold","construct:Defend_Gold","construct:Defend_Gold","construct:Defend_Gold","construct:Defend_Gold","construct:Defend_Gold","construct:DefenseMode","construct:LaserCore+2","construct:ReactiveShield","construct:Reinforce","construct:Synchronize+1","construct:PanicFire+1","construct:Autoturret"],"relics":["construct:ClockworkPhoenix","halation:PrussianBluePaint","reliquary:BallBearing","Painkiller Herb","ReplayTheSpireMod:Ring of Exchange","Ring of Fangs"],"acts_visited":["Exordium","TheCity"],"potions_floor_usage":[12,12,16,21],"damage_taken":[{"damage":7,"enemies":"2 Louse","floor":1,"turns":4},{"damage":4,"enemies":"Small Slimes","floor":4,"turns":25},{"damage":5,"enemies":"Jaw Worm","floor":7,"turns":7},{"damage":6,"enemies":"Looter","floor":9,"turns":8},{"damage":4,"enemies":"Looter","floor":10,"turns":5},{"damage":9,"enemies":"Blue Slaver","floor":11,"turns":5},{"damage":31,"enemies":"3 Sentries","floor":12,"turns":12},{"damage":18,"enemies":"Lots of Slimes","floor":14,"turns":3},{"damage":18,"enemies":"The Guardian","floor":16,"turns":8},{"damage":12,"enemies":"Spheric Guardian","floor":18,"turns":4},{"damage":16,"enemies":"Chosen","floor":20,"turns":6},{"damage":11,"enemies":"Snecko","floor":21,"turns":6},{"damage":29,"enemies":"Chosen and Byrds","floor":24,"turns":3}],"seed_played":"8977738791531238088","potions_obtained":[{"floor":7,"key":"Fire Potion"},{"floor":10,"key":"construct:ShiftPotion"},{"floor":11,"key":"Energy Potion"},{"floor":14,"key":"LifebloodPotion"},{"floor":20,"key":"ColorlessPotion"}],"is_trial":false,"path_per_floor":["M","?","?","M","?","R","M","R","MIM","M","M","E","R","M","R","B",null,"?","T","?","?","?","T","?"],"character_chosen":"THE_CONSTRUCT_MOD","items_purchased":["construct:Autoturret"],"campfire_rested":1,"item_purchase_floors":[19],"current_hp_per_floor":[65,65,58,54,80,80,75,75,69,65,56,25,25,7,31,13,63,51,51,35,24,24,24,0,0],"gold":185,"neow_bonus":"THREE_CARDS","is_daily":false,"chose_seed":false,"campfire_upgraded":4,"win_rate":0.0,"timestamp":1612163270,"path_taken":["M","?","?","M","?","R","M","R","MIM","M","M","E","R","M","R","BOSS","?","T","?","?","?","T","?"],"items_purchased_type":["Card"],"build_version":"2020-12-22","purchased_purges":1,"victory":false,"max_hp_per_floor":[80,80,80,80,80,80,80,80,80,80,80,80,80,80,80,80,80,80,80,80,80,80,80,80,80],"relic_stats":{"counters":[13,87],"obtain_stats":[{"ReplayTheSpireMod:Ring of Exchange":22,"Ring of Fangs":22,"halation:PrussianBluePaint":9,"Painkiller Herb":17,"reliquary:BallBearing":12,"construct:ClockworkPhoenix":0},{"ReplayTheSpireMod:Ring of Exchange":12,"Ring of Fangs":12,"halation:PrussianBluePaint":4,"Painkiller Herb":9,"reliquary:BallBearing":7,"construct:ClockworkPhoenix":0},{"ReplayTheSpireMod:Ring of Exchange":84,"Ring of Fangs":84,"halation:PrussianBluePaint":41,"Painkiller Herb":71,"reliquary:BallBearing":62,"construct:ClockworkPhoenix":0}]},"card_choices":[{"not_picked":["construct:SaveState","construct:Forcefield"],"picked":"construct:Chainstrike","floor":0},{"not_picked":["construct:ReactiveShield","construct:UnbalancingBlast"],"picked":"construct:LaserCore","floor":1},{"not_picked":["construct:Enhance","construct:Backfire"],"picked":"construct:ReactiveShield","floor":4},{"not_picked":["construct:ModeShift","construct:HeavyBolt","construct:Overcharge"],"picked":"SKIP","floor":7},{"not_picked":["construct:SaveState","construct:HeavyBolt","construct:Zapper"],"picked":"SKIP","floor":10},{"not_picked":["construct:Overcharge","construct:OneWayMirror"],"picked":"construct:Reinforce","floor":11},{"not_picked":["construct:Antimatter","construct:HeavyBolt"],"picked":"construct:Synchronize","floor":12},{"not_picked":["construct:ShiftStrike","construct:Backfire","construct:FocusedBeam"],"picked":"SKIP","floor":14},{"not_picked":["construct:ShieldBurst","construct:HyperBeam"],"picked":"construct:PanicFire","floor":16},{"not_picked":["construct:Isolate+1","construct:ClusterMines+1","construct:SweepLaser"],"picked":"SKIP","floor":18},{"not_picked":["construct:Accumulate","construct:ShiftStrike+1","construct:FierceBash"],"picked":"SKIP","floor":20},{"not_picked":["construct:VentSteam","construct:ShiftStrike","construct:PowerUp"],"picked":"SKIP","floor":21}],"player_experience":935686,"relics_obtained":[{"floor":9,"key":"halation:PrussianBluePaint"},{"floor":12,"key":"reliquary:BallBearing"},{"floor":22,"key":"ReplayTheSpireMod:Ring of Exchange"},{"floor":22,"key":"Ring of Fangs"}],"event_choices":[{"cards_removed":["construct:Chainstrike"],"damage_healed":0,"gold_gain":0,"player_choice":"Card Removal","damage_taken":0,"max_hp_gain":0,"max_hp_loss":0,"event_name":"The Cleric","floor":2,"gold_loss":75},{"cards_removed":["construct:AttackMode"],"damage_healed":0,"gold_gain":0,"player_choice":"Card Removal","damage_taken":7,"max_hp_gain":0,"max_hp_loss":0,"event_name":"Golden Wing","floor":3,"gold_loss":0},{"damage_healed":26,"gold_gain":0,"player_choice":"Banana","damage_taken":0,"max_hp_gain":0,"max_hp_loss":0,"event_name":"Big Fish","floor":5,"gold_loss":0}],"is_beta":false,"boss_relics":[{"not_picked":["halation:Yufonium","halation:PinkAlligatorPlush"],"picked":"Painkiller Herb"}],"items_purged_floors":[19],"is_endless":false,"potions_floor_spawned":[7,10,11,14,20],"killed_by":"Chosen and Byrds","ascension_level":20}}