{"host":"edndssuekvzbh3is","time":1612149178,"event":{"mods":["BaseMod","Colored Map","Colored Powertips","Minty Spire (QoL Compilation)","SuperFastMode"],"gold_per_floor":[114,124,28,40,52,78,94,94,94,129,129,147,208,242,242,338,338,352,368,140,55,89,89,102,119,143,143,143,143,162,175,175,277,277,293,24,72,83,8,8,39,52,52,52,52],"floor_reached":44,"language":"ENG","playtime":1432,"items_purged":["Strike_B"],"score":584,"play_id":"9883b21e-a5e1-48aa-94d3-937809ba5db3","local_time":"20210131221258","is_ascension_mode":true,"campfire_choices":[{"data":"Doom and Gloom","floor":8,"key":"SMITH"},{"data":"Leap","floor":11,"key":"SMITH"},{"floor":15,"key":"REST"},{"floor":23,"key":"REST"},{"data":"Loop","floor":28,"key":"SMITH"},{"floor":32,"key":"REST"},{"floor":40,"key":"REST"}],"circlet_count":0,"master_deck":["Defend_B","Defend_B","Defend_B","Defend_B","Zap","Dualcast","Ball Lightning","Conserve Battery+1","Ball Lightning","Leap+1","Sweeping Beam","Skim+1","Doom and Gloom+1","Ball Lightning","Fusion","Go for the Eyes","Hologram","Defragment","Electrodynamics","Go for the Eyes","Turbo","Loop+1","Steam","Cold Snap","FTL","Capacitor+1","Beam Cell","Ghostly","Ghostly","Ghostly","Ghostly","Ghostly","Fission","Glacier","Core Surge","FTL+1","Scrape+1","Steam Power+1","Barrage","Self Repair","Steam","Hello World+1","Auto Shields","Reprogram+1","Turbo"],"relics":["Cracked Core","NeowsBlessing","Ancient Tea Set","Symbiotic Virus","Bottled Flame","Kunai","War Paint","Philosopher\u0027s Stone","Potion Belt","Red Mask","Omamori","Astrolabe","Anchor","WingedGreaves","HornCleat","Eternal Feather"],"acts_visited":["Exordium","TheCity","TheBeyond"],"potions_floor_usage":[6,13,14,33,33,33,37],"damage_taken":[{"damage":0,"enemies":"Jaw Worm","floor":1,"turns":1},{"damage":0,"enemies":"Small Slimes","floor":2,"turns":1},{"damage":0,"enemies":"2 Louse","floor":4,"turns":1},{"damage":5,"enemies":"Blue Slaver","floor":5,"turns":3},{"damage":1,"enemies":"Gremlin Nob","floor":6,"turns":3},{"damage":14,"enemies":"Gremlin Gang","floor":7,"turns":4},{"damage":9,"enemies":"3 Sentries","floor":10,"turns":3},{"damage":4,"enemies":"Looter","floor":12,"turns":2},{"damage":9,"enemies":"Lagavulin Event","floor":13,"turns":4},{"damage":4,"enemies":"Gremlin Nob","floor":14,"turns":3},{"damage":26,"enemies":"The Guardian","floor":16,"turns":10},{"damage":26,"enemies":"Shell Parasite","floor":18,"turns":5},{"damage":0,"enemies":"Spheric Guardian","floor":19,"turns":3},{"damage":30,"enemies":"Masked Bandits","floor":22,"turns":4},{"damage":0,"enemies":"Snake Plant","floor":24,"turns":2},{"damage":2,"enemies":"Centurion and Healer","floor":25,"turns":5},{"damage":13,"enemies":"Shelled Parasite and Fungi","floor":30,"turns":5},{"damage":1,"enemies":"Sentry and Sphere","floor":31,"turns":4},{"damage":13,"enemies":"Champ","floor":33,"turns":11},{"damage":2,"enemies":"Orb Walker","floor":35,"turns":5},{"damage":37,"enemies":"2 Orb Walkers","floor":37,"turns":7},{"damage":16,"enemies":"3 Darklings","floor":38,"turns":7},{"damage":0,"enemies":"Reptomancer","floor":41,"turns":8},{"damage":24,"enemies":"4 Shapes","floor":42,"turns":5},{"damage":19,"enemies":"Giant Head","floor":44,"turns":5}],"seed_played":"-2514354589163309067","potions_obtained":[{"floor":2,"key":"Swift Potion"},{"floor":6,"key":"Block Potion"},{"floor":10,"key":"Fire Potion"},{"floor":12,"key":"PowerPotion"},{"floor":14,"key":"FairyPotion"},{"floor":16,"key":"Dexterity Potion"},{"floor":18,"key":"Block Potion"},{"floor":30,"key":"EssenceOfSteel"},{"floor":31,"key":"Dexterity Potion"},{"floor":35,"key":"Block Potion"},{"floor":41,"key":"Fire Potion"}],"is_trial":false,"path_per_floor":["M","M","$","M","M","E","M","R","T","E","R","M","?","E","R","B",null,"M","M","$","?","?","R","M","M","T","?","R","?","M","M","R","B",null,"M","$","?","M","$","R","E","M","T","E"],"character_chosen":"DEFECT","items_purchased":["Ball Lightning","Leap","Loop","Steam","Cold Snap","Self Repair","Anchor","Steam","Auto Shields"],"campfire_rested":4,"item_purchase_floors":[3,3,20,20,20,36,36,36,39],"current_hp_per_floor":[75,75,75,75,70,69,55,55,55,46,46,42,33,29,51,25,75,49,49,49,49,19,41,41,39,39,37,37,37,24,23,34,21,37,35,35,18,9,9,20,27,10,10,0,0],"gold":52,"neow_bonus":"THREE_ENEMY_KILL","is_daily":false,"chose_seed":false,"campfire_upgraded":3,"win_rate":0.0,"timestamp":1612149178,"path_taken":["M","M","$","M","M","E","M","R","T","E","R","M","?","E","R","BOSS","M","M","$","?","?","R","M","M","T","?","R","?","M","?","R","BOSS","M","$","?","M","$","R","E","M","T","E"],"items_purchased_type":["Card","Card","Card","Card","Card","Card","Relic","Card","Card"],"build_version":"2020-12-22","purchased_purges":1,"victory":false,"max_hp_per_floor":[75,75,75,75,75,75,75,75,75,75,75,75,75,75,75,75,75,75,75,75,75,75,75,75,75,75,37,37,37,37,37,37,37,37,37,37,37,37,37,37,37,37,37,37,37],"card_choices":[{"not_picked":["Stack","Storm"],"picked":"Ball Lightning","floor":1},{"not_picked":["BootSequence","FTL"],"picked":"Conserve Battery","floor":2},{"not_picked":["Reinforced Body","Redo"],"picked":"Sweeping Beam","floor":4},{"not_picked":["Stack","Blizzard"],"picked":"Skim","floor":5},{"not_picked":["Rebound","Seek"],"picked":"Doom and Gloom","floor":6},{"not_picked":["Sweeping Beam","Blizzard"],"picked":"Ball Lightning","floor":7},{"not_picked":["Amplify","Beam Cell"],"picked":"Fusion","floor":10},{"not_picked":["Ball Lightning","Redo"],"picked":"Go for the Eyes","floor":12},{"not_picked":["Go for the Eyes","Streamline"],"picked":"Hologram","floor":13},{"not_picked":["Gash","Rip and Tear"],"picked":"Defragment","floor":14},{"not_picked":["Reboot","Amplify"],"picked":"Electrodynamics","floor":16},{"not_picked":["Ball Lightning","Redo"],"picked":"Go for the Eyes","floor":18},{"not_picked":["Sweeping Beam+1","Conserve Battery"],"picked":"Turbo","floor":19},{"not_picked":["Rebound","Doom and Gloom"],"picked":"FTL","floor":22},{"not_picked":["Steam Power","Rip and Tear"],"picked":"Capacitor+1","floor":24},{"not_picked":["Cold Snap","Ball Lightning"],"picked":"Beam Cell","floor":25},{"not_picked":["Barrage","Cold Snap"],"picked":"Glacier","floor":30},{"not_picked":["Blizzard+1","Redo","Conserve Battery"],"picked":"SKIP","floor":31},{"not_picked":["Seek","Reboot"],"picked":"Core Surge","floor":33},{"not_picked":["Go for the Eyes","Gash"],"picked":"Barrage","floor":35},{"not_picked":["Steam","Hologram"],"picked":"Hello World+1","floor":37},{"not_picked":["Turbo","Cold Snap","Sweeping Beam"],"picked":"SKIP","floor":38},{"not_picked":["Cold Snap","Stack"],"picked":"Reprogram+1","floor":41},{"not_picked":["Streamline+1","Ball Lightning+1"],"picked":"Turbo","floor":42}],"player_experience":342824,"relics_obtained":[{"floor":6,"key":"Ancient Tea Set"},{"floor":9,"key":"Symbiotic Virus"},{"floor":10,"key":"Bottled Flame"},{"floor":14,"key":"War Paint"},{"floor":22,"key":"Red Mask"},{"floor":26,"key":"Omamori"},{"floor":37,"key":"WingedGreaves"},{"floor":41,"key":"HornCleat"},{"floor":43,"key":"Eternal Feather"}],"event_choices":[{"damage_healed":0,"gold_gain":0,"player_choice":"Searched \u00272\u0027 times","damage_taken":0,"relics_obtained":["Kunai"],"max_hp_gain":0,"max_hp_loss":0,"event_name":"Dead Adventurer","floor":13,"gold_loss":0},{"damage_healed":0,"gold_gain":0,"player_choice":"Obtained Relic","damage_taken":0,"relics_obtained":["Potion Belt"],"max_hp_gain":0,"max_hp_loss":0,"event_name":"Addict","floor":21,"gold_loss":85},{"damage_healed":0,"gold_gain":0,"player_choice":"Fought Bandits","damage_taken":0,"max_hp_gain":0,"max_hp_loss":0,"event_name":"Masked Bandits","floor":22,"gold_loss":0},{"damage_healed":0,"gold_gain":0,"player_choice":"Became a Ghost","damage_taken":0,"max_hp_gain":0,"max_hp_loss":38,"event_name":"Ghosts","floor":27,"gold_loss":0,"cards_obtained":["Ghostly","Ghostly","Ghostly","Ghostly","Ghostly"]},{"damage_healed":0,"gold_gain":0,"player_choice":"Read","damage_taken":0,"max_hp_gain":0,"max_hp_loss":0,"event_name":"The Library","floor":29,"gold_loss":0,"cards_obtained":["Fission"]},{"damage_healed":0,"gold_gain":0,"player_choice":"Fight","damage_taken":0,"max_hp_gain":0,"max_hp_loss":0,"event_name":"Mysterious Sphere","floor":37,"gold_loss":0}],"is_beta":false,"boss_relics":[{"not_picked":["Snecko Eye","Coffee Dripper"],"picked":"Philosopher\u0027s Stone"},{"not_picked":["Calling Bell","Fusion Hammer"],"picked":"Astrolabe"}],"items_purged_floors":[20],"is_endless":false,"potions_floor_spawned":[2,6,10,12,14,16,18,30,31,35,41],"killed_by":"Giant Head","ascension_level":2}}