{"host":"f0gpob8hq9vgebej","time":1612156377,"event":{"mods":["AchievementEnabler","BaseMod","Minty Spire (QoL Compilation)","Quick Restart","SuperFastMode"],"gold_per_floor":[113,130,142,154,171,171,201,201,201,214,231,241,225,275,275,352,352,370,370],"floor_reached":18,"language":"KOR","playtime":523,"items_purged":[],"score":306,"play_id":"be4c7adb-f106-423e-910e-eb2b639572bf","local_time":"20210201141257","is_ascension_mode":true,"campfire_choices":[{"data":"Rupture","floor":6.0,"key":"SMITH"},{"data":"Blood for Blood","floor":8.0,"key":"SMITH"},{"data":"Twin Strike","floor":15.0,"key":"SMITH"}],"circlet_count":0,"master_deck":["AscendersBane","Strike_R","Strike_R","Strike_R","Strike_R","Strike_R","Defend_R","Defend_R","Defend_R","Defend_R","Bash","Armaments","Cleave","Rupture+1","Seeing Red","Twin Strike+1","Blood for Blood+1","Intimidate","Limit Break","Rupture"],"relics":["Burning Blood","Shuriken","Vajra","Runic Cube"],"acts_visited":["Exordium","TheCity"],"potions_floor_usage":[16,16,18],"damage_taken":[{"damage":7.0,"enemies":"Small Slimes","floor":1.0,"turns":4.0},{"damage":1.0,"enemies":"Cultist","floor":2.0,"turns":3.0},{"damage":9.0,"enemies":"Jaw Worm","floor":3.0,"turns":4.0},{"damage":2.0,"enemies":"2 Fungi Beasts","floor":4.0,"turns":4.0},{"damage":1.0,"enemies":"3 Louse","floor":5.0,"turns":3.0},{"damage":20.0,"enemies":"Lagavulin","floor":7.0,"turns":7.0},{"damage":9.0,"enemies":"Red Slaver","floor":10.0,"turns":2.0},{"damage":3.0,"enemies":"2 Fungi Beasts","floor":11.0,"turns":4.0},{"damage":6.0,"enemies":"Looter","floor":12.0,"turns":4.0},{"damage":7.0,"enemies":"Exordium Thugs","floor":13.0,"turns":4.0},{"damage":19,"enemies":"Hexaghost","floor":16,"turns":9},{"damage":49,"enemies":"Spheric Guardian","floor":18,"turns":6}],"seed_played":"-9016864184881208917","potions_obtained":[{"floor":1.0,"key":"DuplicationPotion"},{"floor":4.0,"key":"DistilledChaos"},{"floor":7.0,"key":"Strength Potion"},{"floor":12.0,"key":"Block Potion"},{"floor":16,"key":"SkillPotion"},{"floor":18,"key":"BlessingOfTheForge"}],"is_trial":false,"path_per_floor":["M","M","M","M","M","R","E","R","T","M","M","M","M","?","R","B",null,"M"],"character_chosen":"IRONCLAD","items_purchased":[],"campfire_rested":0,"item_purchase_floors":[],"current_hp_per_floor":[74,79,76,80,82,82,68,68,68,65,68,68,67,59,59,46,73,30,30],"gold":370,"neow_bonus":"TEN_PERCENT_HP_BONUS","is_daily":false,"chose_seed":false,"campfire_upgraded":3,"win_rate":0.0,"timestamp":1612156377,"path_taken":["M","M","M","M","M","R","E","R","T","M","M","M","M","?","R","BOSS","M"],"items_purchased_type":[],"build_version":"2020-12-22","purchased_purges":0,"victory":false,"max_hp_per_floor":[82,82,82,82,82,82,82,82,82,82,82,82,82,82,82,82,82,82,82],"card_choices":[{"not_picked":["Searing Blow","Clash"],"picked":"Armaments","floor":1.0},{"not_picked":["Brutality","Battle Trance"],"picked":"Cleave","floor":2.0},{"not_picked":["Shrug It Off","Heavy Blade"],"picked":"Rupture","floor":3.0},{"not_picked":["Shrug It Off","Juggernaut"],"picked":"Seeing Red","floor":4.0},{"not_picked":["True Grit","Clash"],"picked":"Twin Strike","floor":5.0},{"not_picked":["Barricade","True Grit"],"picked":"Blood for Blood","floor":7.0},{"not_picked":["Metallicize","Wild Strike","Headbutt"],"picked":"SKIP","floor":10.0},{"not_picked":["True Grit","Perfected Strike","Second Wind"],"picked":"SKIP","floor":11.0},{"not_picked":["Whirlwind","Pommel Strike"],"picked":"Intimidate","floor":12.0},{"not_picked":["Dropkick","Body Slam","Clash"],"picked":"SKIP","floor":13.0},{"not_picked":["Exhume","Demon Form"],"picked":"Limit Break","floor":16},{"not_picked":["Armaments","Sword Boomerang"],"picked":"Rupture","floor":18}],"player_experience":339495,"relics_obtained":[{"floor":7.0,"key":"Shuriken"},{"floor":9.0,"key":"Vajra"}],"event_choices":[{"damage_healed":0.0,"max_hp_gain":0.0,"max_hp_loss":0.0,"gold_gain":50.0,"event_name":"FaceTrader","player_choice":"Touch","floor":14.0,"gold_loss":0.0,"damage_taken":8.0}],"is_beta":false,"boss_relics":[{"not_picked":["SacredBark","Tiny House"],"picked":"Runic Cube"}],"items_purged_floors":[],"is_endless":false,"potions_floor_spawned":[1,4,7,12,16,18],"killed_by":"Spheric Guardian","ascension_level":16}}