{"host":"ugys05tpep779cl6","time":1612168173,"event":{"mods":["AchievementEnabler","Aspiration","BaseMod","Beaked The Cultist","CatGirl Mod","Colored Powertips","HololiveMod","Lobotomy","Minty Spire (QoL Compilation)","Quick Restart","Replay The Spire","Spicy Shops","StSLib","The Druid"],"gold_per_floor":[116,126,7,25,36,71,87,87,87],"floor_reached":8,"language":"ENG","playtime":502,"items_purged":["Strike_G"],"score":114,"play_id":"0384a7aa-69fb-4459-b269-3d40aa625c0e","local_time":"20210201092933","is_ascension_mode":true,"campfire_choices":[],"circlet_count":0,"master_deck":["AscendersBane","Strike_G","Strike_G","Strike_G","Strike_G","Defend_G","Defend_G","Defend_G","Defend_G","Defend_G","Survivor","Neutralize","Cloak And Dagger","PiercingWail","Infinite Blades","Escape Plan","Blade Dance","Calculated Gamble"],"relics":["Ring of the Snake","aspiration:Nostalgia","theDruid:CrownOfTheWilds","Darkstone Periapt"],"acts_visited":["Exordium"],"potions_floor_usage":[6,6,8],"damage_taken":[{"damage":3.0,"enemies":"2 Louse","floor":1.0,"turns":4.0},{"damage":0.0,"enemies":"Cultist","floor":2.0,"turns":3.0},{"damage":1.0,"enemies":"Jaw Worm","floor":4.0,"turns":5.0},{"damage":21,"enemies":"Exordium Thugs","floor":5,"turns":7},{"damage":11,"enemies":"3 Sentries","floor":6,"turns":9},{"damage":1,"enemies":"2 Fungi Beasts","floor":7,"turns":4},{"damage":3,"enemies":"Gremlin Nob","floor":8,"turns":3}],"seed_played":"-4611992960224771887","potions_obtained":[{"floor":2.0,"key":"Swift Potion"},{"floor":4.0,"key":"Swift Potion"},{"floor":6,"key":"Poison Potion"}],"is_trial":false,"path_per_floor":["M","M","$","M","M","E","M","E"],"character_chosen":"THE_SILENT","items_purchased":["Infinite Blades"],"campfire_rested":0,"item_purchase_floors":[3],"current_hp_per_floor":[56,56,56,55,34,23,22,19,19],"gold":87,"neow_bonus":"NOSTALGIA","is_daily":false,"chose_seed":false,"campfire_upgraded":0,"win_rate":0.0,"timestamp":1612168173,"path_taken":["M","M","$","M","M","E","M","E"],"items_purchased_type":["Card"],"build_version":"2020-12-22","purchased_purges":1,"victory":false,"max_hp_per_floor":[66,66,66,66,66,66,66,66,66],"card_choices":[{"not_picked":["Outmaneuver","Hidden Blade"],"picked":"Cloak And Dagger","floor":1.0},{"not_picked":["Leg Sweep","Cloak And Dagger"],"picked":"PiercingWail","floor":2.0},{"not_picked":["Dodge and Roll","Poisoned Stab"],"picked":"Escape Plan","floor":4.0},{"not_picked":["Underhanded Strike","Tactician"],"picked":"Blade Dance","floor":5},{"not_picked":["Die Die Die","Outmaneuver"],"picked":"Calculated Gamble","floor":6},{"not_picked":["Backflip","PiercingWail","Distraction"],"picked":"SKIP","floor":7}],"player_experience":1180006,"relics_obtained":[{"floor":6,"key":"Darkstone Periapt"}],"event_choices":[],"is_beta":false,"boss_relics":[],"items_purged_floors":[3],"is_endless":false,"potions_floor_spawned":[2,4,6],"killed_by":"Gremlin Nob","ascension_level":18}}