{"host":"qdfumeom6htv8yxl","time":1612198134,"event":{"mods":["AchievementEnabler","BaseMod","Bestiary","Block Reminder","Highlight Path","Minty Spire (QoL Compilation)","Quick Restart","Relic Stats"],"gold_per_floor":[361,511,522,108,124,124,154,154,154,168,181,214,227,256,256,332,332,350,0,0,19,29,29,40,40,85,85,85],"floor_reached":27,"language":"ENG","playtime":1239,"items_purged":["Doubt","Parasite"],"score":475,"play_id":"5e53113a-4cde-4133-a599-4fde26d97859","local_time":"20210201104854","is_ascension_mode":true,"campfire_choices":[{"data":"Apotheosis","floor":6.0,"key":"SMITH"},{"floor":8.0,"key":"REST"},{"data":"Beam Cell","floor":15.0,"key":"SMITH"},{"floor":23.0,"key":"REST"}],"circlet_count":0,"master_deck":["AscendersBane","Strike_B","Strike_B","Strike_B","Strike_B","Defend_B","Defend_B","Defend_B","Defend_B","Zap","Dualcast","Streamline","Rebound","Apotheosis+1","Sweeping Beam","Undo","Beam Cell+1","Gash","Gash","Conserve Battery","Hyperbeam","Gash","Machine Learning","Gash","Panache","Gash","Hologram"],"relics":["Cracked Core","InkBottle","PreservedInsect","Odd Mushroom","Fusion Hammer","Nloth\u0027s Gift","Boot"],"acts_visited":["Exordium","TheCity"],"potions_floor_usage":[27],"damage_taken":[{"damage":0.0,"enemies":"2 Louse","floor":1.0,"turns":4.0},{"damage":7.0,"enemies":"Jaw Worm","floor":3.0,"turns":3.0},{"damage":6.0,"enemies":"Cultist","floor":5.0,"turns":3.0},{"damage":22.0,"enemies":"3 Sentries","floor":7.0,"turns":5.0},{"damage":12.0,"enemies":"3 Louse","floor":10.0,"turns":3.0},{"damage":6.0,"enemies":"Looter","floor":11.0,"turns":2.0},{"damage":8.0,"enemies":"Lagavulin","floor":12.0,"turns":6.0},{"damage":8.0,"enemies":"Blue Slaver","floor":13.0,"turns":3.0},{"damage":6.0,"enemies":"The Mushroom Lair","floor":14.0,"turns":3.0},{"damage":9.0,"enemies":"Hexaghost","floor":16.0,"turns":9.0},{"damage":13.0,"enemies":"Shell Parasite","floor":18.0,"turns":3.0},{"damage":17.0,"enemies":"2 Thieves","floor":21.0,"turns":2.0},{"damage":20.0,"enemies":"Snake Plant","floor":22.0,"turns":4.0},{"damage":11.0,"enemies":"Centurion and Healer","floor":24.0,"turns":3.0},{"damage":22,"enemies":"Shelled Parasite and Fungi","floor":27,"turns":3}],"seed_played":"-6178783332487111065","potions_obtained":[{"floor":1.0,"key":"SpeedPotion"},{"floor":5.0,"key":"Regen Potion"},{"floor":12.0,"key":"Energy Potion"},{"floor":14.0,"key":"EntropicBrew"},{"floor":21.0,"key":"LiquidMemories"},{"floor":22.0,"key":"Explosive Potion"},{"floor":24.0,"key":"Dexterity Potion"}],"is_trial":false,"path_per_floor":["M","?","M","$","M","R","E","R","T","M","M","E","M","?","R","B",null,"M","$","?","M","M","R","M","$","T","M"],"character_chosen":"DEFECT","items_purchased":["Apotheosis","Sweeping Beam","Undo","Panache","Gash"],"campfire_rested":2,"item_purchase_floors":[4,4,4,19,19],"current_hp_per_floor":[64,64,57,57,51,51,29,50,50,38,32,24,16,10,10,16,57,44,44,44,27,7,27,16,16,16,0,0],"gold":85,"neow_bonus":"TWO_FIFTY_GOLD","is_daily":false,"chose_seed":false,"campfire_upgraded":2,"win_rate":0.0,"timestamp":1612198134,"path_taken":["M","?","M","$","M","R","E","R","T","M","M","E","M","?","R","BOSS","M","$","?","M","M","R","M","?","T","M"],"items_purchased_type":["Card","Card","Card","Card","Card"],"build_version":"2020-12-22","purchased_purges":2,"victory":false,"max_hp_per_floor":[71,71,71,71,71,71,71,71,71,71,71,71,71,71,71,71,71,71,68,68,68,68,68,68,68,68,68,68],"relic_stats":{"counters":[15,56],"PreservedInsect":0,"Nloth\u0027s Gift":0,"Boot":[4],"obtain_stats":[{"PreservedInsect":12,"Fusion Hammer":17,"Nloth\u0027s Gift":20,"Odd Mushroom":14,"Cracked Core":0,"Symbiotic Virus":9,"Boot":26,"InkBottle":7},{"PreservedInsect":7,"Fusion Hammer":10,"Nloth\u0027s Gift":11,"Odd Mushroom":9,"Cracked Core":0,"Symbiotic Virus":4,"Boot":14,"InkBottle":4},{"PreservedInsect":26,"Fusion Hammer":41,"Nloth\u0027s Gift":44,"Odd Mushroom":32,"Cracked Core":0,"Symbiotic Virus":15,"Boot":53,"InkBottle":15}],"InkBottle":[14]},"card_choices":[{"not_picked":["Chill","Stack"],"picked":"Streamline","floor":1.0},{"not_picked":["Conserve Battery","Cold Snap"],"picked":"Rebound","floor":3.0},{"not_picked":["Cold Snap","Ball Lightning"],"picked":"Beam Cell","floor":5.0},{"not_picked":["Streamline","Redo","Creative AI"],"picked":"SKIP","floor":7.0},{"not_picked":["Force Field","Beam Cell"],"picked":"Gash","floor":10.0},{"not_picked":["Steam","Blizzard"],"picked":"Gash","floor":11.0},{"not_picked":["Ball Lightning","Glacier"],"picked":"Conserve Battery","floor":12.0},{"not_picked":["Steam","Aggregate"],"picked":"Hyperbeam","floor":13.0},{"not_picked":["Genetic Algorithm","Fusion"],"picked":"Gash","floor":14.0},{"not_picked":["Meteor Strike","Fission"],"picked":"Machine Learning","floor":16.0},{"not_picked":["Stack","Ball Lightning"],"picked":"Gash","floor":18.0},{"not_picked":["BootSequence","Fusion","Cold Snap+1"],"picked":"SKIP","floor":21.0},{"not_picked":["Streamline","Loop"],"picked":"Hologram","floor":22.0},{"not_picked":["Compile Driver","Auto Shields","Cold Snap+1"],"picked":"SKIP","floor":24.0}],"player_experience":1969149,"relics_obtained":[{"floor":7.0,"key":"InkBottle"},{"floor":9.0,"key":"Symbiotic Virus"},{"floor":12.0,"key":"PreservedInsect"},{"floor":14.0,"key":"Odd Mushroom"},{"floor":26.0,"key":"Boot"}],"event_choices":[{"damage_healed":0.0,"max_hp_gain":0.0,"max_hp_loss":0.0,"gold_gain":150.0,"event_name":"Liars Game","player_choice":"AGREE","floor":2.0,"gold_loss":0.0,"damage_taken":0.0,"cards_obtained":["Doubt"]},{"damage_healed":0.0,"max_hp_gain":0.0,"max_hp_loss":0.0,"gold_gain":0.0,"event_name":"Mushrooms","player_choice":"Fought Mushrooms","floor":14.0,"gold_loss":0.0,"damage_taken":0.0},{"damage_healed":0.0,"max_hp_gain":0.0,"max_hp_loss":0.0,"gold_gain":0.0,"event_name":"N\u0027loth","player_choice":"Traded Relic","floor":20.0,"relics_lost":["Symbiotic Virus"],"gold_loss":0.0,"damage_taken":0.0,"relics_obtained":["Nloth\u0027s Gift"]}],"is_beta":false,"boss_relics":[{"not_picked":["SacredBark","Sozu"],"picked":"Fusion Hammer"}],"items_purged_floors":[4,19],"is_endless":false,"potions_floor_spawned":[1,5,12,14,21,22,24],"killed_by":"Shelled Parasite and Fungi","ascension_level":20}}