{"host":"2htk0ftrajbcnypf","time":1612189672,"event":{"mods":["AchievementEnabler","BaseMod","Better Note","Custom Start","Minty Spire (QoL Compilation)","Rare Cards Sparkle","Relic Filter Mod","Remove Card Discount Mod","Replay The Spire","StSLib","SuperFastMode"],"gold_per_floor":[110,110,110,185,195,229,270,52,107,29,68,147,157,157],"floor_reached":13,"language":"ZHS","playtime":410,"items_purged":[],"score":124,"play_id":"5e3b0280-8014-4e68-b649-628403c057cd","local_time":"20210201222752","daily_mods":["Flight","DeadlyEvents","Elite Swarm"],"is_ascension_mode":false,"campfire_choices":[],"circlet_count":0,"master_deck":["ClearTheMind+1","FollowUp+1","CrushJoints+1","Blasphemy+1","Vault+1","Replay:AllIn+1","Weave+1"],"relics":["PureWater","Membership Card","Frozen Egg 2","Toxic Egg 2","Molten Egg 2","Quantum Egg","Whetstone","War Paint","Replay:Baseball","MawBank","Gremlin Horn","Replay:Bandana","Mango","Regal Pillow","Pen Nib","CeramicFish"],"acts_visited":["Exordium"],"potions_floor_usage":[7,13],"damage_taken":[{"damage":10,"enemies":"Small Slimes","floor":1,"turns":2},{"damage":11,"enemies":"Jaw Worm","floor":5,"turns":2},{"damage":9,"enemies":"Replay:BlueRogue","floor":6,"turns":4},{"damage":18,"enemies":"Lagavulin","floor":7,"turns":3},{"damage":0,"enemies":"Gremlin Nob","floor":11,"turns":2},{"damage":0,"enemies":"Gremlin Nob","floor":12,"turns":2},{"damage":9,"enemies":"3 Sentries","floor":13,"turns":2}],"seed_played":"891816161730583933","potions_obtained":[{"floor":1,"key":"LiquidBronze"},{"floor":5,"key":"Fire Potion"},{"floor":7,"key":"SpeedPotion"},{"floor":12,"key":"Dexterity Potion"}],"is_trial":true,"path_per_floor":["M","?","?","?","M","E","E","$","T","$","E","?","E"],"character_chosen":"WATCHER","items_purchased":["Replay:Bandana","Mango","Regal Pillow"],"campfire_rested":0,"item_purchase_floors":[8,8,10],"current_hp_per_floor":[62,62,62,55,44,35,17,31,31,31,31,31,22,22],"gold":157,"neow_bonus":"","is_daily":false,"chose_seed":false,"campfire_upgraded":0,"win_rate":0.0,"timestamp":1612189672,"path_taken":["M","?","?","?","?","E","E","?","T","$","?","?","E"],"items_purchased_type":["Relic","Relic","Relic"],"build_version":"2020-12-22","purchased_purges":0,"victory":false,"max_hp_per_floor":[72,72,72,72,72,72,72,86,86,86,86,86,86,86],"card_choices":[{"not_picked":["Sanctity+1","SashWhip+1","Protect+1"],"picked":"SKIP","floor":1},{"not_picked":["Evaluate+1","FlyingSleeves+1","CrushJoints+1"],"picked":"SKIP","floor":5},{"not_picked":["Ragnarok+1","Omniscience+1"],"picked":"Blasphemy+1","floor":6},{"not_picked":["Replay:LoomingThreat+1","Blasphemy+1"],"picked":"Vault+1","floor":7},{"not_picked":["MasterReality+1","DevaForm+1"],"picked":"Replay:AllIn+1","floor":11},{"not_picked":["Evaluate+1","Replay:Hum+1"],"picked":"Weave+1","floor":12}],"player_experience":18200,"relics_obtained":[{"floor":6,"key":"MawBank"},{"floor":7,"key":"Gremlin Horn"},{"floor":11,"key":"Pen Nib"},{"floor":12,"key":"CeramicFish"}],"event_choices":[{"damage_healed":0,"gold_gain":75,"player_choice":"Touch","damage_taken":7,"max_hp_gain":0,"max_hp_loss":0,"event_name":"FaceTrader","floor":4,"gold_loss":0},{"damage_healed":0,"gold_gain":0,"player_choice":"Searched \u00272\u0027 times","damage_taken":0,"max_hp_gain":0,"max_hp_loss":0,"event_name":"Dead Adventurer","floor":12,"gold_loss":0}],"is_beta":false,"boss_relics":[],"items_purged_floors":[],"is_endless":false,"potions_floor_spawned":[1,5,7,12],"killed_by":"3 Sentries","ascension_level":0}}