{"host":"gp1vppjkyvswqe8i","time":1612139851,"event":{"mods":["BaseMod","Colored Map","Downfall","Hermit","Hubris","Minty Spire (QoL Compilation)","Shop Mod","StSLib","The Bug Knight","The Cursed","The Necromancer"],"gold_per_floor":[118,134,153,6,25,25,35,68,68,18,18,18,35,35,35,130,130,147,37,37,37,57,57,84,84,137,137,148,148,77,93,93,195,195,215,215,66,76,92,121,24,24,72,72,72,122,137,150,150,150],"floor_reached":51,"language":"ENG","playtime":2102,"items_purged":["TheCursedMod:Strike_TheCursed+1","TheCursedMod:Strike_TheCursed"],"score":722,"play_id":"6fd5a7d5-68b8-4796-9e9a-fd3b4fafab41","local_time":"20210131183731","is_ascension_mode":false,"campfire_choices":[{"data":"TheCursedMod:CursedWand","floor":6,"key":"SMITH"},{"floor":15,"key":"REST"},{"floor":23,"key":"REST"},{"floor":25,"key":"REST"},{"floor":27,"key":"REST"},{"data":"TheCursedMod:AbyssShockwave","floor":32,"key":"SMITH"},{"floor":42,"key":"REST"},{"data":"TheCursedMod:SpreadPlague","floor":45,"key":"SMITH"},{"floor":49,"key":"REST"}],"circlet_count":0,"master_deck":["TheCursedMod:Strike_TheCursed","TheCursedMod:Strike_TheCursed","TheCursedMod:Defend_TheCursed+1","TheCursedMod:Defend_TheCursed+1","TheCursedMod:CursedWand+1","TheCursedMod:CleanUpWorkshop","TheCursedMod:Dregs","TheCursedMod:VitalStrike","TheCursedMod:SpitefulStrike","TheCursedMod:SoulReap","TheCursedMod:CircleOfFlame+1","TheCursedMod:SpreadPlague+1","TheCursedMod:SpreadPlague+1","TheCursedMod:CursedShiv","TheCursedMod:StunningStrike","TheCursedMod:CircleOfFlame","TheCursedMod:SoulReap","TheCursedMod:CircleOfFlame+1","TheCursedMod:Stigma","TheCursedMod:AbyssShockwave+1","TheCursedMod:LuckyCharm","TheCursedMod:Stigma","TheCursedMod:NeowsMight","TheCursedMod:WearCloak","TheCursedMod:LuckyCharm+1","TheCursedMod:SaltUponWound","TheCursedMod:CursedShiv","TheCursedMod:CircleOfFlame+1","TheCursedMod:SpitefulStrike"],"relics":["TheCursedMod:BlackMagic101","NeowsBlessing","TheCursedMod:PinkPellets","War Paint","Matryoshka","hubris:Icosahedron","TheCursedMod:OminousMark","hubris:TenFootPole","Orichalcum","MealTicket","hubris:VirtuousBlindfold","Bronze Scales","Pen Nib","Blood Vial","hubris:BundleOfHerbs"],"acts_visited":["Exordium","TheCity","TheBeyond"],"potions_floor_usage":[16,21,33,40,40,46,50,50],"damage_taken":[{"damage":0,"enemies":"Jaw Worm","floor":1,"turns":1},{"damage":0,"enemies":"Small Slimes","floor":2,"turns":1},{"damage":0,"enemies":"2 Louse","floor":3,"turns":1},{"damage":15,"enemies":"Looter","floor":5,"turns":3},{"damage":0,"enemies":"3 Louse","floor":7,"turns":3},{"damage":19,"enemies":"Lagavulin","floor":8,"turns":5},{"damage":6,"enemies":"Red Slaver","floor":13,"turns":3},{"damage":23,"enemies":"Hexaghost","floor":16,"turns":9},{"damage":23,"enemies":"2 Thieves","floor":18,"turns":3},{"damage":27,"enemies":"Spheric Guardian","floor":21,"turns":5},{"damage":18,"enemies":"Shelled Parasite and Fungi","floor":22,"turns":4},{"damage":38,"enemies":"HollowMod:Nosk","floor":24,"turns":6},{"damage":12,"enemies":"Chosen and Byrds","floor":28,"turns":5},{"damage":10,"enemies":"Snecko","floor":31,"turns":4},{"damage":58,"enemies":"hubris:MusketHawk","floor":33,"turns":8},{"damage":11,"enemies":"3 Darklings","floor":35,"turns":3},{"damage":21,"enemies":"Orb Walker","floor":38,"turns":3},{"damage":6,"enemies":"3 Darklings","floor":39,"turns":3},{"damage":50,"enemies":"Nemesis","floor":40,"turns":4},{"damage":24,"enemies":"Mind Bloom Boss Battle","floor":46,"turns":4},{"damage":19,"enemies":"Spire Growth","floor":47,"turns":4},{"damage":20,"enemies":"Sphere and 2 Shapes","floor":48,"turns":2},{"damage":64,"enemies":"hubris:GrandSnecko","floor":50,"turns":15}],"seed_played":"-5229017083525664102","potions_obtained":[{"floor":1,"key":"Block Potion"},{"floor":5,"key":"Swift Potion"},{"floor":13,"key":"Dexterity Potion"},{"floor":18,"key":"SmokeBomb"},{"floor":24,"key":"BlessingOfTheForge"},{"floor":33,"key":"EssenceOfSteel"},{"floor":40,"key":"DuplicationPotion"}],"is_trial":false,"path_per_floor":["M","M","M","$","M","R","M","E","T","?","?","?","M","?","R","B",null,"M","$","?","M","M","R","E","R","T","R","M","?","$","M","R","B",null,"M","?","$","M","M","E","$","R","T","?","R","?","M","M","R","B",null],"character_chosen":"THE_CURSED","items_purchased":["TheCursedMod:PinkPellets","TheCursedMod:SoulReap","TheCursedMod:LuckyCharm","TheCursedMod:WearCloak","Slimebound:ThreeZeroPotion"],"campfire_rested":6,"item_purchase_floors":[4,19,30,37,41],"current_hp_per_floor":[75,75,75,75,60,60,65,51,51,51,51,44,43,28,50,32,75,59,59,52,25,21,43,19,41,41,63,60,60,75,65,65,17,75,65,65,75,68,74,31,46,68,68,68,68,58,61,43,65,11],"gold":150,"neow_bonus":"THREE_ENEMY_KILL","is_daily":false,"chose_seed":false,"campfire_upgraded":3,"win_rate":0.0,"timestamp":1612139851,"path_taken":["M","M","M","$","M","R","M","E","T","?","?","?","M","?","R","BOSS","M","$","?","?","M","R","E","R","T","R","M","?","?","M","R","BOSS","M","?","$","M","M","E","$","R","T","?","R","?","M","?","R","BOSS"],"items_purchased_type":["Relic","Card","Card","Card","Potion"],"build_version":"2020-12-22","purchased_purges":2,"victory":true,"max_hp_per_floor":[75,75,75,75,75,75,75,75,75,75,75,75,75,75,75,75,75,75,75,75,75,75,75,75,75,75,75,75,75,75,75,75,75,75,75,75,75,75,75,75,75,75,75,75,75,75,75,75,75,75],"card_choices":[{"not_picked":["TheCursedMod:SoulReap","TheCursedMod:CursedAmulet"],"picked":"TheCursedMod:VitalStrike","floor":1},{"not_picked":["TheCursedMod:CursedAmulet","TheCursedMod:Wield"],"picked":"TheCursedMod:SpitefulStrike","floor":2},{"not_picked":["TheCursedMod:UltimatePain","TheCursedMod:FleshFromBone"],"picked":"TheCursedMod:SoulReap","floor":3},{"not_picked":["TheCursedMod:CursedBlade","TheCursedMod:CircleOfFocus"],"picked":"TheCursedMod:CircleOfFlame","floor":5},{"not_picked":["TheCursedMod:CursedAmulet","TheCursedMod:SpitefulPray"],"picked":"TheCursedMod:SpreadPlague","floor":7},{"not_picked":["TheCursedMod:BloodBarrier","TheCursedMod:TacticalStrike"],"picked":"TheCursedMod:SpreadPlague","floor":8},{"not_picked":["TheCursedMod:CursedBlade","TheCursedMod:CursedAmulet"],"picked":"TheCursedMod:CursedShiv","floor":13},{"not_picked":["TheCursedMod:VoidForm","TheCursedMod:DemonicPact"],"picked":"TheCursedMod:StunningStrike","floor":16},{"not_picked":["TheCursedMod:SoulCrush","TheCursedMod:CursedShiv"],"picked":"TheCursedMod:CircleOfFlame","floor":18},{"not_picked":["TheCursedMod:Grudge","TheCursedMod:TacticalStrike+1"],"picked":"TheCursedMod:CircleOfFlame+1","floor":22},{"not_picked":["TheCursedMod:ReleasedKnowledge","TheCursedMod:Torture"],"picked":"TheCursedMod:Stigma","floor":24},{"not_picked":["TheCursedMod:CircleOfWindfury+1","TheCursedMod:CursedShiv+1"],"picked":"TheCursedMod:AbyssShockwave","floor":28},{"not_picked":["TheCursedMod:Obscuration","TheCursedMod:BloodBarrier+1"],"picked":"TheCursedMod:Stigma","floor":31},{"not_picked":["TheCursedMod:ForbiddenAlchemy","TheCursedMod:OutForBlood"],"picked":"TheCursedMod:NeowsMight","floor":33},{"not_picked":["TheCursedMod:ReleasedKnowledge","TheCursedMod:Obscuration+1"],"picked":"TheCursedMod:Wield","floor":35},{"not_picked":["TheCursedMod:CursedSpellbook","TheCursedMod:CursedArmor+1"],"picked":"TheCursedMod:LuckyCharm+1","floor":38},{"not_picked":["TheCursedMod:Stretching","TheCursedMod:SpitefulPlan+1"],"picked":"TheCursedMod:SaltUponWound","floor":39},{"not_picked":["TheCursedMod:DarkBarrier","TheCursedMod:CircleOfWindfury"],"picked":"TheCursedMod:CursedShiv","floor":40},{"not_picked":["TheCursedMod:FleshFromBone+1","TheCursedMod:RapidMovement+1"],"picked":"TheCursedMod:CircleOfFlame+1","floor":46},{"not_picked":["TheCursedMod:Stigma","TheCursedMod:Obscuration+1"],"picked":"TheCursedMod:SpitefulStrike","floor":47},{"not_picked":["TheCursedMod:CircleOfCorruption","TheCursedMod:RapidMovement","TheCursedMod:VitalStrike"],"picked":"SKIP","floor":48}],"player_experience":267418,"relics_obtained":[{"floor":8,"key":"War Paint"},{"floor":9,"key":"Matryoshka"},{"floor":24,"key":"hubris:TenFootPole"},{"floor":26,"key":"Orichalcum"},{"floor":26,"key":"MealTicket"},{"floor":40,"key":"Bronze Scales"},{"floor":43,"key":"Pen Nib"},{"floor":43,"key":"Blood Vial"},{"floor":46,"key":"hubris:BundleOfHerbs"}],"event_choices":[{"cards_removed":["TheCursedMod:Defend_TheCursed"],"damage_healed":0,"gold_gain":0,"player_choice":"Card Removal","damage_taken":0,"max_hp_gain":0,"max_hp_loss":0,"event_name":"The Cleric","floor":10,"gold_loss":50},{"cards_removed":["TheCursedMod:Defend_TheCursed"],"damage_healed":0,"gold_gain":0,"player_choice":"Card Removal","damage_taken":7,"max_hp_gain":0,"max_hp_loss":0,"event_name":"Golden Wing","floor":12,"gold_loss":0},{"damage_healed":0,"gold_gain":0,"player_choice":"Entered Light","damage_taken":15,"max_hp_gain":0,"max_hp_loss":0,"event_name":"Shining Light","floor":14,"gold_loss":0,"cards_upgraded":["TheCursedMod:CircleOfFlame","TheCursedMod:Strike_TheCursed"]},{"damage_healed":0,"gold_gain":0,"player_choice":"Damaged","damage_taken":7,"max_hp_gain":0,"max_hp_loss":0,"event_name":"Wheel of Change","floor":20,"gold_loss":0},{"damage_healed":0,"gold_gain":0,"player_choice":"Ignored","damage_taken":0,"max_hp_gain":0,"max_hp_loss":0,"event_name":"Ghosts","floor":29,"gold_loss":0},{"cards_removed":["TheCursedMod:Wield"],"damage_healed":0,"gold_gain":0,"player_choice":"Removed Attack","damage_taken":0,"max_hp_gain":0,"max_hp_loss":0,"event_name":"Falling","floor":36,"gold_loss":0},{"damage_healed":0,"gold_gain":0,"player_choice":"Fight","damage_taken":0,"max_hp_gain":0,"max_hp_loss":0,"event_name":"MindBloom","floor":46,"gold_loss":0}],"is_beta":false,"boss_relics":[{"not_picked":["Ectoplasm","Pandora\u0027s Box"],"picked":"TheCursedMod:OminousMark"},{"not_picked":["Black Star","Snecko Eye"],"picked":"hubris:VirtuousBlindfold"}],"items_purged_floors":[19,37],"is_endless":false,"potions_floor_spawned":[1,5,13,18,24,31,33,35,38,39,40],"ascension_level":0}}