{"host":"8is2j71l4wmybkoi","time":1612167275,"event":{"mods":["AchievementEnabler","BaseMod","Colored Map","Minty Spire (QoL Compilation)","Rare Cards Sparkle","StSLib","SuperFastMode"],"gold_per_floor":[113,128,303,303,303,303,314,314,394,425,350,370,398,398,398,398,398],"floor_reached":16,"language":"KOR","playtime":486,"items_purged":["Strike_R"],"score":162,"play_id":"ceda37fc-c103-43c9-ba41-931c71010e96","local_time":"20210201171435","daily_mods":["Diverse","Heirloom"],"is_ascension_mode":true,"campfire_choices":[{"data":"Body Slam","floor":6,"key":"SMITH"},{"data":"Bash","floor":8,"key":"SMITH"},{"floor":15,"key":"RECALL"}],"circlet_count":0,"master_deck":["AscendersBane","Strike_R","Strike_R","Strike_R","Strike_R","Defend_R","Defend_R","Defend_R","Defend_R","Bash+1","Body Slam+1","Melter","Conclude","Double Energy+1","Acrobatics+1"],"relics":["Burning Blood","CaptainsWheel","Toxic Egg 2","Darkstone Periapt","Pen Nib","Sundial"],"acts_visited":["Exordium"],"potions_floor_usage":[10,10,10,10,13,16,16],"damage_taken":[{"damage":2,"enemies":"Jaw Worm","floor":1,"turns":4},{"damage":16,"enemies":"Small Slimes","floor":2,"turns":3},{"damage":0,"enemies":"Cultist","floor":7,"turns":3},{"damage":16,"enemies":"Gremlin Nob","floor":10,"turns":3},{"damage":8,"enemies":"3 Louse","floor":12,"turns":3},{"damage":20,"enemies":"Lagavulin","floor":13,"turns":3},{"damage":37,"enemies":"Hexaghost","floor":16,"turns":9}],"seed_played":"344851675094838010","potions_obtained":[{"floor":2,"key":"Swift Potion"},{"floor":5,"key":"CultistPotion"},{"floor":5,"key":"EntropicBrew"},{"floor":5,"key":"SkillPotion"},{"floor":10,"key":"AttackPotion"}],"is_trial":true,"path_per_floor":["M","M","?","?","?","R","M","R","T","E","$","M","E","?","R","B"],"character_chosen":"IRONCLAD","items_purchased":[],"campfire_rested":0,"item_purchase_floors":[],"current_hp_per_floor":[76,66,66,66,66,66,72,72,72,62,62,60,46,34,34,0,0],"gold":398,"neow_bonus":"","is_daily":false,"chose_seed":false,"campfire_upgraded":2,"win_rate":0.0,"timestamp":1612167275,"path_taken":["M","M","?","?","?","R","?","R","T","E","$","M","E","?","R","BOSS"],"items_purchased_type":[],"build_version":"2020-12-22","purchased_purges":1,"victory":false,"max_hp_per_floor":[80,80,80,80,80,80,80,80,80,80,80,80,80,80,80,80,80],"card_choices":[{"not_picked":["Go for the Eyes","Acrobatics"],"picked":"Body Slam","floor":1},{"not_picked":["Endless Agony","Flex"],"picked":"Melter","floor":2},{"not_picked":["Lockon","Choke"],"picked":"Conclude","floor":7},{"not_picked":["Calculated Gamble+1","Tempest+1"],"picked":"Double Energy+1","floor":10},{"not_picked":["CutThroughFate","Stack+1","Sweeping Beam"],"picked":"SKIP","floor":12},{"not_picked":["Dagger Spray","Terror+1"],"picked":"Acrobatics+1","floor":13}],"player_experience":902034,"relics_obtained":[{"floor":9,"key":"Toxic Egg 2"},{"floor":10,"key":"Darkstone Periapt"},{"floor":13,"key":"Pen Nib"}],"event_choices":[{"damage_healed":0,"gold_gain":175,"player_choice":"AGREE","damage_taken":0,"max_hp_gain":0,"max_hp_loss":0,"event_name":"Liars Game","floor":3,"gold_loss":0,"cards_obtained":["Doubt"]},{"cards_removed":["Doubt"],"damage_healed":0,"gold_gain":0,"player_choice":"Forget","damage_taken":0,"max_hp_gain":0,"max_hp_loss":0,"event_name":"Living Wall","floor":4,"gold_loss":0},{"damage_healed":0,"gold_gain":0,"player_choice":"Got Potions","damage_taken":0,"max_hp_gain":0,"max_hp_loss":0,"event_name":"Lab","floor":5,"gold_loss":0},{"damage_healed":0,"gold_gain":0,"player_choice":"Success","damage_taken":12,"relics_obtained":["Sundial"],"max_hp_gain":0,"max_hp_loss":0,"event_name":"Scrap Ooze","floor":14,"gold_loss":0}],"is_beta":false,"boss_relics":[],"items_purged_floors":[11],"is_endless":false,"potions_floor_spawned":[2,10],"killed_by":"Hexaghost","ascension_level":10}}