{"host":"2se5dq1do2gp0x9k","time":1612149810,"event":{"mods":["AchievementEnabler","BaseMod","Block Reminder","Colored Map","Colored Powertips","Minty Spire (QoL Compilation)","Relic Stats","StSLib","SuperFastMode"],"gold_per_floor":[110,25,25,43,59,92,103,103,183,183,197,197,209,227,227,302,302,314,314,314,29,45,73,83,107,159,186,186,211,211,230,230,230,230],"floor_reached":33,"language":"ENG","playtime":1263,"items_purged":["Strike_G"],"score":614,"play_id":"71602cc4-49e5-4863-b971-53014544a3d2","local_time":"20210131192330","is_ascension_mode":true,"campfire_choices":[{"floor":8.0,"key":"REST"},{"data":"Deadly Poison","floor":10.0,"key":"SMITH"},{"floor":15.0,"key":"REST"},{"floor":28.0,"key":"REST"},{"data":"Crippling Poison","floor":30,"key":"SMITH"},{"data":"Bouncing Flask","floor":32,"key":"SMITH"}],"circlet_count":0,"master_deck":["AscendersBane","Strike_G","Strike_G","Strike_G","Defend_G","Defend_G","Defend_G","Defend_G","Defend_G","Survivor","Neutralize","Deadly Poison+1","Bouncing Flask+1","Crippling Poison+1","Endless Agony","Cloak And Dagger","PiercingWail","Infinite Blades+1","Deflect","Dash","Phantasmal Killer","Predator","Decay","PiercingWail","Leg Sweep","Dash+1","Crippling Poison","Footwork+1","Backflip"],"relics":["WristBlade","Turnip","Frozen Egg 2","Snecko Eye","ClockworkSouvenir","Nunchaku","Pen Nib","Anchor","Kunai","Toy Ornithopter"],"acts_visited":["Exordium","TheCity"],"potions_floor_usage":[33],"damage_taken":[{"damage":0.0,"enemies":"2 Louse","floor":1.0,"turns":3.0},{"damage":9.0,"enemies":"Small Slimes","floor":4.0,"turns":4.0},{"damage":0.0,"enemies":"Cultist","floor":5.0,"turns":4.0},{"damage":41.0,"enemies":"3 Sentries","floor":6.0,"turns":12.0},{"damage":0.0,"enemies":"Exordium Thugs","floor":7.0,"turns":3.0},{"damage":11.0,"enemies":"Exordium Wildlife","floor":11.0,"turns":6.0},{"damage":2.0,"enemies":"3 Louse","floor":13.0,"turns":4.0},{"damage":0.0,"enemies":"Looter","floor":14.0,"turns":3.0},{"damage":17.0,"enemies":"The Guardian","floor":16.0,"turns":9.0},{"damage":21.0,"enemies":"2 Thieves","floor":18.0,"turns":3.0},{"damage":8.0,"enemies":"Chosen","floor":22.0,"turns":5.0},{"damage":14.0,"enemies":"Book of Stabbing","floor":23.0,"turns":5.0},{"damage":0.0,"enemies":"Centurion and Healer","floor":24.0,"turns":7.0},{"damage":18.0,"enemies":"Slavers","floor":27.0,"turns":4.0},{"damage":20,"enemies":"Gremlin Leader","floor":29,"turns":8},{"damage":3,"enemies":"Snake Plant","floor":31,"turns":4},{"damage":44,"enemies":"Collector","floor":33,"turns":7}],"seed_played":"8269791027323420135","potions_obtained":[{"floor":5.0,"key":"FearPotion"},{"floor":6.0,"key":"SteroidPotion"},{"floor":7.0,"key":"Poison Potion"},{"floor":11.0,"key":"DuplicationPotion"},{"floor":14.0,"key":"FearPotion"},{"floor":16.0,"key":"Poison Potion"},{"floor":24.0,"key":"Explosive Potion"},{"floor":29,"key":"AttackPotion"},{"floor":31,"key":"Weak Potion"}],"is_trial":false,"path_per_floor":["M","$","?","M","M","E","M","R","T","R","M","?","M","M","R","B",null,"M","?","?","$","M","E","M","T","T","E","R","E","R","M","R","B"],"character_chosen":"THE_SILENT","items_purchased":["Bouncing Flask","ClockworkSouvenir","PiercingWail"],"campfire_rested":3,"item_purchase_floors":[2,21,21],"current_hp_per_floor":[59,59,52,43,43,2,2,21,21,21,10,10,8,8,27,10,52,31,31,66,66,58,44,44,44,44,26,45,25,25,22,22,0,0],"gold":230,"neow_bonus":"BOSS_RELIC","is_daily":false,"chose_seed":false,"campfire_upgraded":3,"win_rate":0.0,"timestamp":1612149810,"path_taken":["M","$","?","M","M","E","M","R","T","R","M","?","M","M","R","BOSS","M","?","?","$","?","E","M","?","T","E","R","E","R","M","R","BOSS"],"items_purchased_type":["Card","Relic","Card"],"build_version":"2020-12-22","purchased_purges":1,"victory":false,"max_hp_per_floor":[66,66,66,66,66,66,66,66,66,66,66,66,66,66,66,66,66,66,66,66,66,66,66,66,66,66,66,66,66,66,66,66,66,66],"relic_stats":{"Nunchaku":[5],"counters":[17,91],"Snecko Eye":[77,77,62,78],"Turnip":[11],"Pen Nib":[4],"Kunai":[5],"obtain_stats":[{"Nunchaku":23,"Anchor":26,"WristBlade":0,"Snecko Eye":17,"Turnip":6,"Pen Nib":25,"Kunai":27,"Frozen Egg 2":9,"Toy Ornithopter":29,"Ring of the Snake":0,"ClockworkSouvenir":21},{"Nunchaku":12,"Anchor":13,"WristBlade":0,"Snecko Eye":9,"Turnip":4,"Pen Nib":13,"Kunai":14,"Frozen Egg 2":5,"Toy Ornithopter":15,"Ring of the Snake":0,"ClockworkSouvenir":10},{"Nunchaku":61,"Anchor":68,"WristBlade":0,"Snecko Eye":48,"Turnip":23,"Pen Nib":68,"Kunai":72,"Frozen Egg 2":26,"Toy Ornithopter":80,"Ring of the Snake":0,"ClockworkSouvenir":51}],"Toy Ornithopter":5},"card_choices":[{"not_picked":["Distraction","Dodge and Roll"],"picked":"Deadly Poison","floor":1.0},{"not_picked":["Endless Agony","Bouncing Flask"],"picked":"Crippling Poison","floor":4.0},{"not_picked":["Sucker Punch","Storm of Steel"],"picked":"Endless Agony","floor":5.0},{"not_picked":["Accuracy","Bane"],"picked":"Cloak And Dagger","floor":6.0},{"not_picked":["Underhanded Strike","Calculated Gamble"],"picked":"PiercingWail","floor":7.0},{"not_picked":["Blur","Backflip"],"picked":"Infinite Blades+1","floor":11.0},{"not_picked":["Prepared","A Thousand Cuts+1"],"picked":"Deflect","floor":13.0},{"not_picked":["Poisoned Stab","Deadly Poison"],"picked":"Dash","floor":14.0},{"not_picked":["Night Terror","Doppelganger"],"picked":"Phantasmal Killer","floor":16.0},{"not_picked":["Dodge and Roll","Sucker Punch"],"picked":"Predator","floor":18.0},{"not_picked":["Underhanded Strike","Heel Hook"],"picked":"Leg Sweep","floor":22.0},{"not_picked":["Bane","Finisher"],"picked":"Dash+1","floor":23.0},{"not_picked":["Acrobatics","Dagger Spray"],"picked":"Crippling Poison","floor":24.0},{"not_picked":["Poisoned Stab","Expertise","Quick Slash"],"picked":"SKIP","floor":27.0},{"not_picked":["Noxious Fumes+1","Accuracy+1"],"picked":"Footwork+1","floor":29},{"not_picked":["Accuracy+1","Tactician"],"picked":"Backflip","floor":31}],"player_experience":4034461,"relics_obtained":[{"floor":6.0,"key":"Turnip"},{"floor":9.0,"key":"Frozen Egg 2"},{"floor":23.0,"key":"Nunchaku"},{"floor":25.0,"key":"Pen Nib"},{"floor":26.0,"key":"Anchor"},{"floor":27.0,"key":"Kunai"},{"floor":29,"key":"Toy Ornithopter"}],"event_choices":[{"cards_removed":["Strike_G"],"damage_healed":0.0,"max_hp_gain":0.0,"max_hp_loss":0.0,"gold_gain":0.0,"event_name":"Golden Wing","player_choice":"Card Removal","floor":3.0,"gold_loss":0.0,"damage_taken":7.0},{"damage_healed":0.0,"max_hp_gain":0.0,"max_hp_loss":0.0,"gold_gain":0.0,"event_name":"Shining Light","player_choice":"Ignored","floor":12.0,"gold_loss":0.0,"damage_taken":0.0},{"damage_healed":0.0,"max_hp_gain":0.0,"max_hp_loss":0.0,"gold_gain":0.0,"event_name":"Forgotten Altar","player_choice":"Smashed Altar","floor":19.0,"gold_loss":0.0,"damage_taken":0.0,"cards_obtained":["Decay"]},{"damage_healed":35.0,"max_hp_gain":0.0,"max_hp_loss":0.0,"gold_gain":0.0,"event_name":"Wheel of Change","player_choice":"Full Heal","floor":20.0,"gold_loss":0.0,"damage_taken":0.0}],"is_beta":false,"boss_relics":[{"not_picked":["SacredBark","SlaversCollar"],"picked":"Snecko Eye"}],"items_purged_floors":[21],"is_endless":false,"potions_floor_spawned":[5,6,7,11,14,16,24,29,31],"killed_by":"Collector","ascension_level":20}}