{"host":"nx6t4q2fc0vdue7l","time":1612193677,"event":{"mods":["2.2 Compatiblity","BaseMod","Minty Spire (QoL Compilation)"],"gold_per_floor":[119,119,135,60,83,123,136,136,136],"floor_reached":8,"language":"ENG","playtime":344,"items_purged":["Strike_B"],"score":61,"play_id":"ad39c98e-1473-4d18-92d5-43990d51fea2","local_time":"20210201163437","is_ascension_mode":true,"campfire_choices":[],"circlet_count":0,"master_deck":["Strike_B","Strike_B","Strike_B","Defend_B","Defend_B","Defend_B","Defend_B","Zap","Dualcast","Steam","Melter","Stack"],"relics":["Cracked Core","NeowsBlessing","Golden Idol","Nunchaku"],"acts_visited":["Exordium"],"potions_floor_usage":[8,8],"damage_taken":[{"damage":0,"enemies":"Jaw Worm","floor":1,"turns":1},{"damage":0,"enemies":"2 Louse","floor":3,"turns":1},{"damage":0,"enemies":"Small Slimes","floor":5,"turns":1},{"damage":35,"enemies":"3 Sentries","floor":6,"turns":8},{"damage":8,"enemies":"2 Fungi Beasts","floor":7,"turns":3},{"damage":37,"enemies":"Gremlin Nob","floor":8,"turns":4}],"seed_played":"5544308100750494734","potions_obtained":[{"floor":3,"key":"BlessingOfTheForge"},{"floor":6,"key":"PowerPotion"}],"is_trial":false,"path_per_floor":["M","?","M","$","M","E","M","E"],"character_chosen":"DEFECT","items_purchased":[],"campfire_rested":0,"item_purchase_floors":[],"current_hp_per_floor":[75,57,57,57,57,22,14,0,0],"gold":136,"neow_bonus":"THREE_ENEMY_KILL","is_daily":false,"chose_seed":false,"campfire_upgraded":0,"win_rate":0.0,"timestamp":1612193677,"path_taken":["M","?","M","$","M","E","M","E"],"items_purchased_type":[],"build_version":"2020-12-22","purchased_purges":1,"victory":false,"max_hp_per_floor":[75,75,75,75,75,75,75,75,75],"card_choices":[{"not_picked":["Go for the Eyes","Reprogram","Fusion"],"picked":"SKIP","floor":1},{"not_picked":["Steam Power","Conserve Battery"],"picked":"Steam","floor":3},{"not_picked":["Sunder","Cold Snap"],"picked":"Melter","floor":5},{"not_picked":["Streamline","Turbo","Sweeping Beam"],"picked":"SKIP","floor":6},{"not_picked":["Reinforced Body","FTL"],"picked":"Stack","floor":7}],"player_experience":328882,"relics_obtained":[{"floor":6,"key":"Nunchaku"}],"event_choices":[{"damage_healed":0,"gold_gain":0,"player_choice":"Take Damage","damage_taken":18,"relics_obtained":["Golden Idol"],"max_hp_gain":0,"max_hp_loss":0,"event_name":"Golden Idol","floor":2,"gold_loss":0}],"is_beta":false,"boss_relics":[],"items_purged_floors":[4],"is_endless":false,"potions_floor_spawned":[3,6],"killed_by":"Gremlin Nob","ascension_level":1}}