{"host":"jnpc5rzortks67vf","time":1612161576,"event":{"mods":["2.2 Compatiblity","AchievementEnabler","BaseMod","Colored Powertips","Downfall","Friendly Minions","Halation","HexUI Lib","Jorbs\u0027s Wanderer Trilogy","Mimic Mod","Minty Spire (QoL Compilation)","Rare Cards Sparkle","Relic Stats","Reliquary","Replay The Spire","Reworked Bosses","StSLib","The Construct","The Runesmith","Unceasing Turn Reminder"],"gold_per_floor":[99,115,134,42,53,38,62,93,33,48,65,80,80,80,100,100,100,100],"floor_reached":16,"language":"ENG","playtime":922,"items_purged":[],"score":120,"play_id":"e516f1b2-937e-4905-ac69-c435bace6d7e","local_time":"20210131233936","is_ascension_mode":true,"campfire_choices":[{"floor":1,"key":"RECALL"},{"floor":13,"key":"REST"}],"circlet_count":0,"master_deck":["Slimebound:Strike_Slimebound","Slimebound:Strike_Slimebound","Slimebound:Strike_Slimebound","Slimebound:Tackle","Slimebound:Defend_Slimebound","Slimebound:Defend_Slimebound","Slimebound:Defend_Slimebound","Slimebound:Defend_Slimebound","Slimebound:Split","Slimebound:CorrosiveSpit","Slimebound:MegaLick","Slimebound:Prepare","Slimebound:SplitBruiser","Slimebound:LeadByExample","Slimebound:GoopSpray","Slimebound:Overexert","Slimebound:SplitAcid","Slimebound:SplitBruiser","Slimebound:SamplingLick","Slimebound:ItLooksTasty","Slimebound:SpikyOuterGoop","Slimebound:MinionMaster","Slimebound:RejuvenatingLick"],"relics":["Slimebound:AbsorbEndCombat","Bag of Preparation","halation:PinkSoulGem"],"acts_visited":["Exordium"],"potions_floor_usage":[4,9,11,16],"damage_taken":[{"damage":3,"enemies":"Cultist","floor":2,"turns":3},{"damage":3,"enemies":"Small Slimes","floor":3,"turns":3},{"damage":11,"enemies":"downfall:FleeingMerchant","floor":4,"turns":4},{"damage":3,"enemies":"Jaw Worm","floor":5,"turns":3},{"damage":8,"enemies":"downfall:FleeingMerchant","floor":6,"turns":4},{"damage":44,"enemies":"Gremlin Nob","floor":8,"turns":4},{"damage":18,"enemies":"downfall:FleeingMerchant","floor":9,"turns":4},{"damage":3,"enemies":"Blue Slaver","floor":10,"turns":4},{"damage":8,"enemies":"Exordium Thugs","floor":11,"turns":3},{"damage":8,"enemies":"3 Louse","floor":12,"turns":2},{"damage":25,"enemies":"Exordium Wildlife","floor":15,"turns":4},{"damage":24,"enemies":"WA_ARCHETYPE_RETAIN","floor":16,"turns":5}],"seed_played":"81716024813963703","potions_obtained":[{"floor":2,"key":"GamblersBrew"},{"floor":3,"key":"Regen Potion"},{"floor":10,"key":"Adrenaline Potion"},{"floor":12,"key":"construct:ShiftPotion"},{"floor":15,"key":"Venom Potion"}],"is_trial":false,"path_per_floor":["R","M","M","$","M","$","T","E","$","M","M","M","R","?","M","B"],"character_chosen":"SLIMEBOUND","items_purchased":["Slimebound:LeadByExample","Slimebound:SamplingLick"],"campfire_rested":1,"item_purchase_floors":[4,9],"current_hp_per_floor":[71,71,71,62,65,63,63,25,27,24,20,18,39,39,18,0,0,0],"gold":100,"neow_bonus":"TEN_PERCENT_HP_BONUS","is_daily":false,"chose_seed":false,"campfire_upgraded":0,"win_rate":0.0,"timestamp":1612161576,"path_taken":["R","M","M","$","M","?","T","E","$","M","M","M","R","?","M","BOSS"],"items_purchased_type":["Card","Card"],"build_version":"2020-12-22","purchased_purges":0,"victory":false,"max_hp_per_floor":[71,71,71,71,71,71,71,71,71,71,71,71,71,71,71,71,71,71],"relic_stats":{"counters":[12,41],"Bag of Preparation":[12],"obtain_stats":[{"Slimebound:AbsorbEndCombat":0,"Bag of Preparation":8,"halation:PinkSoulGem":14},{"Slimebound:AbsorbEndCombat":0,"Bag of Preparation":6,"halation:PinkSoulGem":10},{"Slimebound:AbsorbEndCombat":0,"Bag of Preparation":21,"halation:PinkSoulGem":32}]},"card_choices":[{"not_picked":["Slimebound:GoopTackle","Slimebound:ProtectTheBoss"],"picked":"Slimebound:MegaLick","floor":2},{"not_picked":["Slimebound:ServeAndProtect","Slimebound:DisruptingSlam"],"picked":"Slimebound:Prepare","floor":3},{"not_picked":["Slimebound:HauntingLick","Slimebound:ServeAndProtect"],"picked":"Slimebound:SplitBruiser","floor":4},{"not_picked":["Slimebound:ComboTackle","Slimebound:Equalize"],"picked":"Slimebound:GoopSpray","floor":5},{"not_picked":["Slimebound:SplitLeeching","Slimebound:SplitBruiser"],"picked":"Slimebound:Overexert","floor":6},{"not_picked":["Slimebound:MegaLick","Slimebound:Schlurp"],"picked":"Slimebound:SplitAcid","floor":8},{"not_picked":["Slimebound:HauntingLick","Slimebound:SamplingLick"],"picked":"Slimebound:SplitBruiser","floor":9},{"not_picked":["Slimebound:LivingWall","Slimebound:GoopSpray"],"picked":"Slimebound:ItLooksTasty","floor":10},{"not_picked":["Slimebound:SplitBruiser","Slimebound:HauntingLick"],"picked":"Slimebound:SpikyOuterGoop","floor":11},{"not_picked":["Slimebound:SlimeSpikes","Slimebound:SplitMire"],"picked":"Slimebound:MinionMaster","floor":12},{"not_picked":["Slimebound:LivingWall","Slimebound:Chomp"],"picked":"Slimebound:RejuvenatingLick","floor":15}],"player_experience":934169,"relics_obtained":[{"floor":8,"key":"Bag of Preparation"}],"event_choices":[],"is_beta":false,"boss_relics":[],"items_purged_floors":[],"is_endless":false,"potions_floor_spawned":[2,3,10,12,15],"killed_by":"WA_ARCHETYPE_RETAIN","ascension_level":3}}