{"host":"qjy62f5erwny7xxh","time":1612222545,"event":{"mods":["2.2 Compatiblity","AchievementEnabler","BaseMod","Colored Powertips","Curses Come First","DeckTracker","Downfall","Minty Spire (QoL Compilation)","StSLib"],"gold_per_floor":[99,112,112,187,203,231,231,246,46,57,75,143,171,190,210,310,310,310,323,323,423,443,443,443],"floor_reached":23,"language":"ENG","playtime":1455,"items_purged":[],"score":350,"play_id":"3326a7f5-7c87-4c9a-a587-22646a39ac31","local_time":"20210201233545","is_ascension_mode":true,"campfire_choices":[{"floor":1.0,"key":"RECALL"},{"floor":9.0,"key":"REST"},{"data":"Limit Break","floor":18.0,"key":"SMITH"}],"circlet_count":0,"master_deck":["AscendersBane","Strike_R","Strike_R","Strike_R","Strike_R","Strike_R","Defend_R","Defend_R","Defend_R","Defend_R","Bash","Reaper+1","Cleave","Disarm","Wild Strike","Anger+1","Limit Break+1","Disarm","Immolate+1","Spot Weakness","Power Through","Exhume","Shrug It Off+1","Writhe","Fire Breathing+1","Twin Strike+1"],"relics":["Burning Blood","Strawberry","Molten Egg 2","downfall:HeartBlessingRed","downfall:HeartBlessingGreen","Pear","SacredBark","Smiling Mask","Unceasing Top","The Courier"],"acts_visited":["Exordium","TheCity"],"potions_floor_usage":[23],"damage_taken":[{"damage":0.0,"enemies":"2 Louse","floor":2.0,"turns":3.0},{"damage":7.0,"enemies":"Small Slimes","floor":5.0,"turns":4.0},{"damage":70.0,"enemies":"3 Sentries","floor":6.0,"turns":12.0},{"damage":13.0,"enemies":"Jaw Worm","floor":8.0,"turns":4.0},{"damage":0.0,"enemies":"3 Louse","floor":10.0,"turns":3.0},{"damage":12.0,"enemies":"Large Slime","floor":11.0,"turns":5.0},{"damage":38.0,"enemies":"Gremlin Nob","floor":13.0,"turns":5.0},{"damage":6.0,"enemies":"2 Fungi Beasts","floor":14.0,"turns":2.0},{"damage":26.0,"enemies":"Gremlin Gang","floor":15.0,"turns":3.0},{"damage":6.0,"enemies":"The Guardian","floor":16.0,"turns":9.0},{"damage":5.0,"enemies":"Spheric Guardian","floor":19.0,"turns":3.0},{"damage":82.0,"enemies":"Colosseum Nobs","floor":21.0,"turns":6.0},{"damage":35.0,"enemies":"Shelled Parasite and Fungi","floor":22.0,"turns":8.0},{"damage":14,"enemies":"Cultist and Chosen","floor":23,"turns":4}],"seed_played":"5591610020751010784","potions_obtained":[{"floor":5.0,"key":"ElixirPotion"},{"floor":10.0,"key":"DistilledChaos"},{"floor":13.0,"key":"PowerPotion"},{"floor":16.0,"key":"Explosive Potion"},{"floor":22.0,"key":"ElixirPotion"}],"is_trial":false,"path_per_floor":["R","M","?","?","M","E","T","M","R","M","M","?","E","M","M","B",null,"R","M","?","?","M","M"],"character_chosen":"IRONCLAD","items_purchased":[],"campfire_rested":1,"item_purchase_floors":[],"current_hp_per_floor":[72,80,80,69,71,29,29,27,53,62,63,63,41,53,61,97,97,97,97,97,31,13,0,0],"gold":443,"neow_bonus":"ONE_RANDOM_RARE_CARD","is_daily":false,"chose_seed":false,"campfire_upgraded":1,"win_rate":0.0,"timestamp":1612222545,"path_taken":["R","M","?","?","M","E","T","M","R","M","M","?","E","M","M","BOSS","R","M","?","?","M","?"],"items_purchased_type":[],"build_version":"2020-12-22","purchased_purges":0,"victory":false,"max_hp_per_floor":[80,80,80,80,80,87,87,87,87,87,87,87,97,97,97,97,97,97,97,97,97,97,97,97],"card_choices":[{"not_picked":["Shrug It Off","Warcry"],"picked":"Cleave","floor":2.0},{"not_picked":["Shrug It Off","Wild Strike"],"picked":"Disarm","floor":5.0},{"not_picked":["Pommel Strike","True Grit"],"picked":"Wild Strike","floor":6.0},{"not_picked":["Infernal Blade","Flex"],"picked":"Anger+1","floor":8.0},{"not_picked":["Sword Boomerang+1","Havoc"],"picked":"Limit Break","floor":10.0},{"not_picked":["Flex","Armaments"],"picked":"Disarm","floor":11.0},{"not_picked":["Flex","Fire Breathing"],"picked":"Immolate+1","floor":13.0},{"not_picked":["Cleave+1","Body Slam+1"],"picked":"Spot Weakness","floor":14.0},{"not_picked":["Flex","Warcry"],"picked":"Power Through","floor":15.0},{"not_picked":["Impervious","Juggernaut"],"picked":"Exhume","floor":16.0},{"not_picked":["Havoc","Pommel Strike+1"],"picked":"Shrug It Off+1","floor":19.0},{"not_picked":["Armaments","True Grit"],"picked":"Fire Breathing+1","floor":21.0},{"not_picked":["True Grit","Searing Blow+1"],"picked":"Twin Strike+1","floor":22.0}],"player_experience":1142818,"relics_obtained":[{"floor":6.0,"key":"Strawberry"},{"floor":7.0,"key":"Molten Egg 2"},{"floor":13.0,"key":"Pear"},{"floor":21.0,"key":"Unceasing Top"},{"floor":21.0,"key":"The Courier"}],"event_choices":[{"damage_healed":0.0,"max_hp_gain":0.0,"max_hp_loss":0.0,"gold_gain":0.0,"event_name":"Living Wall","player_choice":"Grow","floor":3.0,"gold_loss":0.0,"damage_taken":0.0,"cards_upgraded":["Reaper"]},{"damage_healed":0.0,"max_hp_gain":0.0,"max_hp_loss":0.0,"gold_gain":75.0,"event_name":"World of Goop","player_choice":"Gather Gold","floor":4.0,"gold_loss":0.0,"damage_taken":11.0},{"damage_healed":0.0,"max_hp_gain":0.0,"max_hp_loss":0.0,"gold_gain":68.0,"event_name":"Golden Wing","player_choice":"Gained Gold","floor":12.0,"gold_loss":0.0,"damage_taken":0.0}],"is_beta":false,"boss_relics":[{"not_picked":["Runic Dome","Runic Pyramid"],"picked":"SacredBark"}],"items_purged_floors":[],"is_endless":false,"potions_floor_spawned":[5,10,13,16,22],"killed_by":"Cultist and Chosen","ascension_level":12}}