{"host":"1fg1a150gjswaegv","time":1612170547,"event":{"mods":["AchievementEnabler","BaseMod","Downfall","Minty Spire (QoL Compilation)","StSLib"],"gold_per_floor":[99,118,136,286,301,315,339,364,364,364,379,393,404,404,414,516,516,516,527,539,553,66,95,148,148,180,197,197,213,313,325,344,446,446,446,464,464,480,42,61,84,84,94,94,124,36,48,80,110,122],"floor_reached":51,"language":"ENG","playtime":4425,"items_purged":["Guardian:Strike_Guardian"],"score":852,"play_id":"5d6ebb0e-3e23-49b8-a488-da3d9277df56","local_time":"20210201030907","is_ascension_mode":false,"campfire_choices":[{"data":"Guardian:TwinSlam","floor":1.0,"key":"SMITH"},{"data":"Guardian:PiercingHide","floor":9.0,"key":"SMITH"},{"data":"Guardian:GuardianWhirl","floor":18.0,"key":"SMITH"},{"data":"Guardian:FloatingOrbs","floor":28,"key":"SMITH"},{"floor":35,"key":"REST"},{"floor":42,"key":"RECALL"},{"floor":44,"key":"REST"},{"floor":46,"key":"REST"}],"circlet_count":0,"master_deck":["Guardian:Strike_Guardian+1","Guardian:Defend_Guardian","Guardian:Defend_Guardian","Guardian:Defend_Guardian","Guardian:Defend_Guardian","Guardian:CurlUp","Guardian:TwinSlam+1","Guardian:ArmoredProtocol","Guardian:ShieldCharger","Guardian:PiercingHide+1","Guardian:PiercingHide","Guardian:GuardianWhirl+1","Guardian:BronzeArmor","Guardian:GuardianWhirl","Guardian:RollAttack","Guardian:CrystalBeam+1","Guardian:FloatingOrbs+1","Guardian:PiercingHide","Guardian:PrismaticBeam+1","Guardian:RefractedBeam+1","Guardian:ExploitGems","J.A.X.","Guardian:PiercingHide","downfall:Aged","Guardian:CrystalBeam","Guardian:PrimingBeam+1","Guardian:SpikerProtocol","expansioncontent:QuickStudy","expansioncontent:InvincibleStrength","Guardian:SpikerProtocol","Guardian:DonusPower+1","Guardian:WalkerClaw"],"relics":["Guardian:ModeShifterPlus","Toy Ornithopter","Strawberry","Question Card","Boot","ClockworkSouvenir","Whetstone","Centennial Puzzle","Bag of Marbles","MutagenicStrength","Fusion Hammer","Guardian:StasisEgg","MawBank","downfall:HeartBlessingRed"],"acts_visited":["Exordium","TheCity","TheBeyond"],"potions_floor_usage":[29,30,33,33,33,50,50,50],"damage_taken":[{"damage":2.0,"enemies":"Small Slimes","floor":2.0,"turns":4.0},{"damage":6.0,"enemies":"Jaw Worm","floor":3.0,"turns":3.0},{"damage":2.0,"enemies":"2 Louse","floor":5.0,"turns":3.0},{"damage":0.0,"enemies":"3 Louse","floor":6.0,"turns":2.0},{"damage":46.0,"enemies":"3 Sentries","floor":8.0,"turns":13.0},{"damage":10.0,"enemies":"Large Slime","floor":11.0,"turns":8.0},{"damage":0.0,"enemies":"Lots of Slimes","floor":12.0,"turns":3.0},{"damage":2.0,"enemies":"Blue Slaver","floor":13.0,"turns":4.0},{"damage":2.0,"enemies":"3 Louse","floor":15.0,"turns":2.0},{"damage":19.0,"enemies":"downfall:Silent","floor":16.0,"turns":14.0},{"damage":2.0,"enemies":"Shell Parasite","floor":19.0,"turns":9.0},{"damage":10.0,"enemies":"Chosen","floor":20.0,"turns":6.0},{"damage":0,"enemies":"Snake Plant","floor":21,"turns":5},{"damage":0,"enemies":"downfall:FleeingMerchant","floor":22,"turns":4},{"damage":32,"enemies":"Gremlin Leader","floor":23,"turns":5},{"damage":0,"enemies":"Book of Stabbing","floor":26,"turns":5},{"damage":0,"enemies":"Shelled Parasite and Fungi","floor":27,"turns":4},{"damage":8,"enemies":"3 Cultists","floor":29,"turns":4},{"damage":3,"enemies":"downfall:Augmenter","floor":30,"turns":5},{"damage":2,"enemies":"Chosen and Byrds","floor":31,"turns":2},{"damage":0,"enemies":"Cultist and Chosen","floor":32,"turns":4},{"damage":3,"enemies":"DF_ARCHETYPE_CLAW","floor":33,"turns":9},{"damage":4,"enemies":"3 Shapes","floor":36,"turns":1},{"damage":0,"enemies":"Orb Walker","floor":38,"turns":2},{"damage":3,"enemies":"downfall:FleeingMerchant","floor":39,"turns":4},{"damage":0,"enemies":"Jaw Worm Horde","floor":40,"turns":3},{"damage":0,"enemies":"Transient","floor":43,"turns":5},{"damage":0,"enemies":"Nemesis","floor":45,"turns":5},{"damage":0,"enemies":"Writhing Mass","floor":48,"turns":4},{"damage":10,"enemies":"4 Shapes","floor":49,"turns":2},{"damage":39,"enemies":"IC_BLOCK_ARCHETYPE","floor":50,"turns":9}],"seed_played":"1013419439119450023","potions_obtained":[{"floor":2.0,"key":"SpeedPotion"},{"floor":5.0,"key":"Fire Potion"},{"floor":11.0,"key":"Strength Potion"},{"floor":12.0,"key":"Fire Potion"},{"floor":16.0,"key":"Guardian:DefensiveModePotion"},{"floor":20.0,"key":"SkillPotion"},{"floor":23,"key":"PowerPotion"},{"floor":29,"key":"Fire Potion"},{"floor":31,"key":"Regen Potion"},{"floor":33,"key":"Swift Potion"},{"floor":36,"key":"champ:CounterPotion"},{"floor":40,"key":"Energy Potion"},{"floor":48,"key":"Strength Potion"}],"is_trial":false,"path_per_floor":["R","M","M","?","M","M","T","E","R","T","M","M","M","?","M","B",null,"R","M","M","M","$","E","T","?","E","M","R","M","?","M","M","B",null,"R","M","?","M","$","M","T","R","M","R","E","R","?","M","M","B",null],"character_chosen":"GUARDIAN","items_purchased":["Guardian:FloatingOrbs","Guardian:Gem_Synthetic","Boot","ClockworkSouvenir","Guardian:SpikerProtocol","expansioncontent:QuickStudy","expansioncontent:InvincibleStrength"],"campfire_rested":3,"item_purchase_floors":[22,22,22,22,39,39,39],"current_hp_per_floor":[88,86,80,80,78,78,78,39,39,39,29,29,32,32,30,21,95,95,93,83,83,83,51,51,51,51,51,51,48,50,48,48,74,95,95,91,91,91,88,88,88,88,88,95,95,95,95,95,85,61],"gold":134,"neow_bonus":"TEN_PERCENT_HP_BONUS","is_daily":false,"chose_seed":false,"campfire_upgraded":4,"win_rate":0.0,"timestamp":1612170547,"path_taken":["R","M","M","?","M","M","T","E","R","?","M","M","M","?","M","BOSS","R","M","M","M","$","E","T","?","E","M","R","M","?","M","M","BOSS","R","M","?","M","$","M","T","R","M","R","E","R","?","M","M","BOSS"],"items_purchased_type":["Card","Card","Relic","Relic","Card","Card","Card"],"build_version":"2020-12-22","purchased_purges":1,"victory":true,"max_hp_per_floor":[88,88,88,88,88,88,88,95,95,95,95,95,95,95,95,95,95,95,95,95,95,95,95,95,95,95,95,95,95,95,95,95,95,95,95,95,95,95,95,95,95,95,95,95,95,95,95,95,95,95],"card_choices":[{"not_picked":["Guardian:Reroute","Guardian:PrismaticBeam"],"picked":"Guardian:ArmoredProtocol","floor":2.0},{"not_picked":["Guardian:CrystalBeam","Guardian:Gem_Lightblue"],"picked":"Guardian:Gem_Red","floor":3.0},{"not_picked":["Guardian:VentSteam","Guardian:BronzeOrb"],"picked":"Guardian:ShieldCharger","floor":5.0},{"not_picked":["Guardian:Gem_Red","Guardian:TemporalShield"],"picked":"Guardian:PiercingHide","floor":6.0},{"not_picked":["Guardian:SphericShield","Guardian:Repulse"],"picked":"Guardian:Gem_Lightblue","floor":8.0},{"not_picked":["Guardian:BronzeArmor","Guardian:Gem_Cyan","Guardian:BronzeOrb"],"picked":"Guardian:PiercingHide","floor":11.0},{"not_picked":["Guardian:EvasiveProtocol","Guardian:Reroute","Guardian:Planning"],"picked":"Guardian:GuardianWhirl","floor":12.0},{"not_picked":["Guardian:Suspension","Guardian:PiercingHide","Guardian:ArmoredProtocol"],"picked":"Guardian:Gem_Cyan","floor":13.0},{"not_picked":["Guardian:Incinerate","Guardian:ChargeCore","Guardian:TemporalStrike"],"picked":"Guardian:BronzeArmor","floor":15.0},{"not_picked":["Guardian:SphericShield","Guardian:ExploitGems","Guardian:ConstructionForm"],"picked":"Guardian:Gem_Synthetic","floor":16.0},{"not_picked":["Guardian:TemporalShield","Guardian:Gem_Lightblue","Guardian:VentSteam"],"picked":"Guardian:GuardianWhirl","floor":19.0},{"not_picked":["Guardian:TemporalStrike+1","Guardian:PrimingBeam","Guardian:Preprogram"],"picked":"Guardian:RollAttack","floor":20.0},{"not_picked":["Guardian:Planning","Guardian:ArmoredProtocol","Guardian:Gem_Cyan"],"picked":"Guardian:CrystalBeam+1","floor":21},{"not_picked":["Guardian:TemporalShield","Guardian:BronzeArmor","Guardian:ChargeCore"],"picked":"Guardian:PrismaticBarrier","floor":22},{"not_picked":["Guardian:Recover+1","Guardian:Incinerate","Guardian:PrismaticBarrier"],"picked":"Guardian:PiercingHide","floor":23},{"not_picked":["Guardian:BaubleBeam","Guardian:EvasiveProtocol","Guardian:Gem_Green"],"picked":"Guardian:PrismaticBeam+1","floor":26},{"not_picked":["Guardian:PiercingHide+1","Guardian:VentSteam","Guardian:Gem_Cyan"],"picked":"Guardian:Gem_Orange","floor":27},{"not_picked":["Guardian:ChargeCore","Guardian:Emergency","Guardian:TimeBomb+1"],"picked":"Guardian:RefractedBeam+1","floor":29},{"not_picked":[],"picked":"J.A.X.","floor":30},{"not_picked":["Guardian:VentSteam","Guardian:Suspension","Guardian:Clone"],"picked":"Guardian:PiercingHide","floor":30},{"not_picked":["Guardian:CrystalBeam","Guardian:PiercingHide","Guardian:Gem_Green"],"picked":"Guardian:Gem_Cyan","floor":31},{"not_picked":["Guardian:TimeCapacitor","Guardian:ArmoredProtocol","Guardian:Gem_Cyan"],"picked":"Guardian:Gem_Blue","floor":32},{"not_picked":["Guardian:Gem_Synthetic","Guardian:AncientConstruct","Guardian:FastForward"],"picked":"Guardian:Gem_Orange","floor":33},{"not_picked":["Guardian:ArmoredProtocol+1","Guardian:Incinerate","Guardian:PrimingBeam"],"picked":"Guardian:Gem_Yellow","floor":36},{"not_picked":["Guardian:ShieldCharger","Guardian:TemporalStrike+1","Guardian:Incinerate+1"],"picked":"Guardian:CrystalBeam","floor":38},{"not_picked":["Guardian:RefractedBeam","Guardian:TimeCapacitor","Guardian:ShieldCharger"],"picked":"Guardian:PrimingBeam+1","floor":39},{"not_picked":["Guardian:PiercingHide","Guardian:FloatingOrbs","Guardian:Reroute"],"picked":"Guardian:SpikerProtocol","floor":40},{"not_picked":["Guardian:PrimingBeam+1","Guardian:BronzeOrb","Guardian:Planning+1","Guardian:Reroute+1"],"picked":"SKIP","floor":43},{"not_picked":["Guardian:Gem_Green","Guardian:ShieldCharger+1","Guardian:WalkerClaw"],"picked":"Guardian:Gem_Fragmented","floor":45},{"not_picked":["Guardian:TemporalStrike+1","Guardian:StasisField","Guardian:Gem_Purple"],"picked":"Guardian:DonusPower+1","floor":48},{"not_picked":["Guardian:Reroute+1","Guardian:Gem_Green","Guardian:Clone+1"],"picked":"Guardian:WalkerClaw","floor":49}],"player_experience":28311,"relics_obtained":[{"floor":7.0,"key":"Toy Ornithopter"},{"floor":8.0,"key":"Strawberry"},{"floor":10.0,"key":"Question Card"},{"floor":23,"key":"Whetstone"},{"floor":24,"key":"Centennial Puzzle"},{"floor":26,"key":"Bag of Marbles"},{"floor":30,"key":"MutagenicStrength"},{"floor":45,"key":"MawBank"}],"event_choices":[{"cards_removed":["Slimebound:Icky"],"damage_healed":0.0,"max_hp_gain":0.0,"max_hp_loss":0.0,"gold_gain":0.0,"event_name":"Living Wall","player_choice":"Forget","floor":14.0,"gold_loss":0.0,"damage_taken":0.0},{"damage_healed":0,"gold_gain":0,"player_choice":"Ignored","damage_taken":0,"max_hp_gain":0,"max_hp_loss":0,"event_name":"Ghosts","floor":25,"gold_loss":0},{"cards_removed":["Guardian:PrismaticBarrier"],"damage_healed":0,"gold_gain":0,"player_choice":"Removed Skill","damage_taken":0,"max_hp_gain":0,"max_hp_loss":0,"event_name":"Falling","floor":47,"gold_loss":0}],"is_beta":false,"boss_relics":[{"not_picked":["Empty Cage","Coffee Dripper"],"picked":"Guardian:ModeShifterPlus"},{"not_picked":["Tiny House","Busted Crown"],"picked":"Fusion Hammer"}],"items_purged_floors":[39],"is_endless":false,"potions_floor_spawned":[2,5,11,12,16,20,23,29,31,33,36,40,45,48],"ascension_level":0}}