{"host":"pgm1p3lvdjflie30","time":1612152956,"event":{"mods":["ATMod(阿瑾Mod)","AchievementEnabler","Alarm Clock","Aspiration","Astrologer","Bard","BaseMod","Colored Map","Colored Powertips","Conspire","Dark Map","Dota2Spire","Downfall","Energized Spire","Highlight Path","Hunter ?人","LagranYue(拉格朗·月)","Mari Mod (Legacy)","Mari\u0027s V1 Patch","Minty Spire (QoL Compilation)","MostiFishMod","Nova Terra(?娃·泰拉)","Quarter Circle Forward PUNCH!","Quick Restart","Relic Stats","Reliquary","Replay The Spire","SOS（斯巴?之子）","Spicy Shops","StSLib","TestMod","The Blackbeard","The Bladedancer","The Bug Knight","The Cursed","The Hierophant","The IronCluck","The Jungle","The Mystic","The Runesmith","The Saiyan","The Showman","TheHeartMod","TheWitcher","Waifu the Spire","【?物卡牌】REMEMod","篝火指南"],"gold_per_floor":[114,133,148,168,178,210,210,210,281,281,292,307,307,332,332,335,335,354,504,7,37,47,47,66,66,66,66,114,414,427,447,447,550,550,562,576,171,182,182,182,109,109,160,70,88,188,188,198,268,274,274,274,19,39,29,29],"floor_reached":55,"language":"ZHS","playtime":1521,"items_purged":[],"score":1086,"play_id":"980b6105-10c7-401e-8c42-5e70bc37136e","local_time":"20210201121556","is_ascension_mode":false,"campfire_choices":[{"floor":8,"key":"RECALL"},{"data":"LagranYue:AttackRubyCard","floor":10,"key":"SMITH"},{"data":"LagranYue:AttackEmeraldCard","floor":23,"key":"SMITH"},{"data":"LagranYue:AttackRubyCard","floor":25,"key":"SMITH"},{"data":"LagranYue:AttackRavagedCard","floor":27,"key":"SMITH"},{"data":"LagranYue:AttackBetterCard","floor":32,"key":"SMITH"},{"data":"LagranYue:PowerFurnaceCard","floor":40,"key":"SMITH"},{"data":"LagranYue:AttackLakeCard","floor":42,"key":"SMITH"},{"data":"LagranYue:AttackBetterCard","floor":52,"key":"SMITH"}],"circlet_count":0,"master_deck":["LagranYue:BaseAttackCard","LagranYue:BaseAttackCard","LagranYue:BaseAttackCard","LagranYue:BaseDefendCard+1","LagranYue:BaseDefendCard","LagranYue:BaseDefendCard+1","LagranYue:AttackTopazCard","LagranYue:SkillBrokenSwordCard","LagranYue:BaseAttackCard","LagranYue:BaseDefendCard","Blueorb","ReplayTheSpireMod:IOU","Languid","Sickly","AT_FamilyPortrait","LagranYue:AttackRubyCard+1","LagranYue:AttackRavagedCard+1","LagranYue:SkillBlazingSevenRingsCard","LagranYue:AttackBetterCard+1","LagranYue:AttackGoldCard","LagranYue:AttackFlintCard","LagranYue:AttackDevilCard","LagranYue:SkillGanJiangMoYeSwordCard","Regret","LagranYue:PowerDarkTempleCard","LagranYue:AttackEmeraldCard+1","LagranYue:AttackIceCard","Parasite","LagranYue:AttackWaltzCard","LagranYue:AttackRubyCard+1","LagranYue:SkillIncompleteArchCard","LagranYue:AttackIceCard+1","LagranYue:SkillChiharaHoundCard+1","LagranYue:AttackLakeCard+1","LagranYue:SkillDeadlyBloomCard+1","LagranYue:AttackSapphireCard","LagranYue:PowerFurnaceCard+1","LagranYue:AttackBetterCard+1","LagranYue:AttackBetterCard+1","LagranYue:AttackRubyCard+1","downfall:Haunted","downfall:Haunted","ReplayTheSpireMod:Splinters","LagranYue:PowerWindKingEnchantmentCard","SnafuTest:CurseImprisonment","Sickly","LagranYue:AttackTopazCard","LagranYue:LifeForgingCard+1"],"relics":["LagranYue:ArmsProficiencyRelics","AT_ATBox","REME_ComplimentaryCards","DaveBox","testmod-TestBox","PatriotShield","testmod-Laevatain","NeowsBlessing","SynthV:TestCard","conspire:TopHat","Happy Flower","LagranYue:MagicReflectiveArmorRelic","Centennial Puzzle","ExusiaiGun","Iron Hammer","Sling","Meat on the Bone","Replay:Bottled Steam","Du-Vu Doll","War Paint","energizedSpire:OgreHead","conspire:DeflatedDodgeball","Toolbox","Gremlin Food","aspiration:FetidBarrel","AT_EbonyIvory","Darkstone Periapt","reliquary:HotPoker","Blue Candle","Mummified Hand"],"acts_visited":["Exordium","Exordium","TheBeyond","TheEnding"],"potions_floor_usage":[6,14,16,33,41,41],"damage_taken":[{"damage":0,"enemies":"Cultist","floor":1,"turns":1},{"damage":0,"enemies":"2 Louse","floor":2,"turns":1},{"damage":0,"enemies":"Jaw Worm","floor":3,"turns":1},{"damage":0,"enemies":"2 Fungi Beasts","floor":4,"turns":2},{"damage":0,"enemies":"Blue Slaver","floor":5,"turns":2},{"damage":6,"enemies":"Gremlin Nob","floor":6,"turns":3},{"damage":0,"enemies":"Looter","floor":11,"turns":1},{"damage":0,"enemies":"3 Louse","floor":12,"turns":2},{"damage":0,"enemies":"3 Sentries","floor":14,"turns":2},{"damage":3,"enemies":"Slime Boss","floor":16,"turns":4},{"damage":0,"enemies":"theJungle:Flameango_and_Byrd","floor":18,"turns":1},{"damage":0,"enemies":"conspire:MimicChest","floor":21,"turns":1},{"damage":0,"enemies":"theJungle:GiantWrat","floor":22,"turns":1},{"damage":0,"enemies":"theJungle:2_Snecko_Cultists","floor":24,"turns":1},{"damage":0,"enemies":"theJungle:Lyon","floor":30,"turns":1},{"damage":0,"enemies":"Snake Plant","floor":31,"turns":1},{"damage":11,"enemies":"theJungle:TotemBoss","floor":33,"turns":1},{"damage":0,"enemies":"Orb Walker","floor":35,"turns":1},{"damage":0,"enemies":"3 Darklings","floor":36,"turns":1},{"damage":0,"enemies":"Writhing Mass","floor":38,"turns":1},{"damage":0,"enemies":"Reptomancer","floor":41,"turns":3},{"damage":6,"enemies":"4 Shapes","floor":44,"turns":2},{"damage":0,"enemies":"Maw","floor":45,"turns":1},{"damage":0,"enemies":"Writhing Mass","floor":48,"turns":1},{"damage":0,"enemies":"Donu and Deca","floor":50,"turns":1},{"damage":1,"enemies":"Shield and Spear","floor":54,"turns":1},{"damage":186,"enemies":"The Heart","floor":55,"turns":3}],"seed_played":"303562814345199811","potions_obtained":[{"floor":3,"key":"Swift Potion"},{"floor":6,"key":"SteroidPotion"},{"floor":11,"key":"Dota2Spire:Clarity"},{"floor":12,"key":"Regen Potion"},{"floor":14,"key":"EssenceOfSteel"},{"floor":18,"key":"AttackPotion"},{"floor":21,"key":"Adrenaline Potion"},{"floor":35,"key":"ColorlessPotion"},{"floor":45,"key":"ColorlessPotion"}],"is_trial":false,"path_per_floor":["M","M","M","M","M","E","?","R","T","R","M","M","?","E","R_BF","B",null,"M","?","$","?","M","R","M","R","T","R","T","?","M","M","R","B",null,"M","M","$","M","?","R","E","R","T","M","M","?","T","M","R_BF","B",null,"R","$","E","B"],"character_chosen":"LagranYueCharacter","items_purchased":["Iron Hammer","Sling","Meat on the Bone","conspire:DeflatedDodgeball","Toolbox","Blue Candle"],"campfire_rested":0,"item_purchase_floors":[20,20,20,37,37,53],"current_hp_per_floor":[75,75,75,75,75,69,57,57,57,57,57,57,57,62,62,59,85,85,85,85,85,85,85,85,85,85,85,85,85,85,85,85,74,85,85,85,85,85,85,85,95,95,95,89,89,124,124,124,124,140,160,160,160,159,0,0],"gold":29,"neow_bonus":"THREE_ENEMY_KILL","is_daily":false,"chose_seed":false,"campfire_upgraded":8,"win_rate":0.0,"timestamp":1612152956,"path_taken":["M","M","M","M","M","E","?","R","T","R","M","M","?","E","R_BF","BOSS","M","?","$","?","M","R","M","R","T","R","?","?","M","M","R","BOSS","M","M","$","M","?","R","E","R","T","?","M","?","?","M","R_BF","BOSS","R","$","E","BOSS"],"items_purchased_type":["Relic","Relic","Relic","Relic","Relic","Relic"],"build_version":"2020-12-22","purchased_purges":0,"victory":false,"max_hp_per_floor":[75,75,75,75,75,75,75,75,75,75,75,75,75,75,75,85,85,85,85,85,85,85,85,85,85,85,85,85,85,85,85,85,85,85,85,85,85,85,85,85,105,105,105,115,115,150,150,150,150,160,160,160,160,160,160,160],"relic_stats":{"Darkstone Periapt":30,"Centennial Puzzle":[15],"Happy Flower":[10],"counters":[27,40],"Mummified Hand":[0],"Blue Candle":[2],"War Paint":["LagranYue:BaseDefendCard","LagranYue:BaseDefendCard"],"obtain_stats":[{"Darkstone Periapt":46,"PatriotShield":0,"AT_ATBox":0,"DaveBox":0,"LagranYue:RandomDrawCardRelic":0,"ExusiaiGun":17,"LagranYue:MagicReflectiveArmorRelic":13,"Sling":20,"conspire:TopHat":6,"Centennial Puzzle":14,"reliquary:HotPoker":47,"testmod-Laevatain":0,"Mummified Hand":54,"LagranYue:ArmsProficiencyRelics":0,"Toolbox":37,"Iron Hammer":20,"Replay:Bottled Steam":21,"Gremlin Food":39,"testmod-TestBox":0,"NeowsBlessing":0,"Happy Flower":7,"aspiration:FetidBarrel":41,"Blue Candle":53,"AT_EbonyIvory":43,"energizedSpire:OgreHead":34,"War Paint":28,"Du-Vu Doll":26,"SynthV:TestCard":1,"conspire:DeflatedDodgeball":37,"REME_ComplimentaryCards":0,"Meat on the Bone":20},{"Darkstone Periapt":23,"PatriotShield":0,"AT_ATBox":0,"DaveBox":0,"LagranYue:RandomDrawCardRelic":0,"ExusiaiGun":10,"LagranYue:MagicReflectiveArmorRelic":8,"Sling":11,"conspire:TopHat":6,"Centennial Puzzle":9,"reliquary:HotPoker":23,"testmod-Laevatain":0,"Mummified Hand":26,"LagranYue:ArmsProficiencyRelics":0,"Toolbox":19,"Iron Hammer":11,"Replay:Bottled Steam":12,"Gremlin Food":20,"testmod-TestBox":0,"NeowsBlessing":0,"Happy Flower":6,"aspiration:FetidBarrel":21,"Blue Candle":25,"AT_EbonyIvory":21,"energizedSpire:OgreHead":17,"War Paint":14,"Du-Vu Doll":14,"SynthV:TestCard":1,"conspire:DeflatedDodgeball":19,"REME_ComplimentaryCards":0,"Meat on the Bone":11},{"Darkstone Periapt":35,"PatriotShield":0,"AT_ATBox":0,"DaveBox":0,"LagranYue:RandomDrawCardRelic":0,"ExusiaiGun":19,"LagranYue:MagicReflectiveArmorRelic":13,"Sling":20,"conspire:TopHat":10,"Centennial Puzzle":15,"reliquary:HotPoker":35,"testmod-Laevatain":0,"Mummified Hand":38,"LagranYue:ArmsProficiencyRelics":0,"Toolbox":28,"Iron Hammer":20,"Replay:Bottled Steam":21,"Gremlin Food":29,"testmod-TestBox":0,"NeowsBlessing":0,"Happy Flower":10,"aspiration:FetidBarrel":32,"Blue Candle":37,"AT_EbonyIvory":32,"energizedSpire:OgreHead":26,"War Paint":23,"Du-Vu Doll":23,"SynthV:TestCard":1,"conspire:DeflatedDodgeball":28,"REME_ComplimentaryCards":0,"Meat on the Bone":20}],"Meat on the Bone":0},"card_choices":[{"not_picked":["LagranYue:AttackEnchantmentCard","LagranYue:SkillTestamentCard"],"picked":"LagranYue:AttackRubyCard","floor":1},{"not_picked":["LagranYue:SkillDeathBolgCard","LagranYue:EmeraldRemorseCard","LagranYue:AttackCrowCrossbowCard","LagranYue:FantasyCard"],"picked":"LagranYue:AttackRavagedCard","floor":2},{"not_picked":["LagranYue:AttackFaithCard","LagranYue:SkillIncompleteArchCard","LagranYue:AttackTopazCard","LagranYue:SkillDeathBolgCard"],"picked":"LagranYue:SkillBlazingSevenRingsCard","floor":3},{"not_picked":["LagranYue:AttackKingCard","LagranYue:SkillDevilKissCard","LagranYue:PowerTwelveTrialsCard","LagranYue:AttackDivineGuidanceCard"],"picked":"LagranYue:AttackBetterCard","floor":4},{"not_picked":["LagranYue:AttackRubyCard","LagranYue:SkillBrokenSwordCard","LagranYue:SkillWoodSpearCard","LagranYue:SkillTestamentCard"],"picked":"LagranYue:AttackGoldCard","floor":5},{"not_picked":["LagranYue:AttackBetterCard","LagranYue:LifeForgingCard","LagranYue:SkillExplosiveArmorCard","LagranYue:PurpleNightmareCard"],"picked":"LagranYue:AttackFlintCard","floor":6},{"not_picked":["LagranYue:SkillGaeBolgCard","LagranYue:AttackIceCard","LagranYue:SkillKadeboSwordCard","LagranYue:AttackTopazCard"],"picked":"LagranYue:AttackDevilCard","floor":11},{"not_picked":["LagranYue:DefendBetterCard","LagranYue:SkillWoodSpearCard","LagranYue:AttackRavagedCard","LagranYue:AttackBetterCard"],"picked":"LagranYue:SkillGanJiangMoYeSwordCard","floor":12},{"not_picked":["LagranYue:AttackMagicStarsCard","LagranYue:AttackMagicMoonCard","LagranYue:AttackDevilCard","LagranYue:GoldForgingCard"],"picked":"LagranYue:PowerDarkTempleCard","floor":14},{"not_picked":["LagranYue:SkillDisasterEquipmentCard","LagranYue:AttackGodArchCard","LagranYue:PowerWindKingEnchantmentCard","LagranYue:PowerDoubleArmsCard"],"picked":"LagranYue:AttackEmeraldCard","floor":16},{"not_picked":["LagranYue:SkillExplosiveArmorCard","LagranYue:PurpleNightmareCard","LagranYue:SkillBrokenSwordCard","LagranYue:AttackBetterCard"],"picked":"LagranYue:AttackIceCard","floor":18},{"not_picked":["LagranYue:SkillFalseAerialAceCard+1","LagranYue:ForgingCard","LagranYue:SkillBrokenSwordCard","LagranYue:AttackPurpleCard"],"picked":"LagranYue:AttackWaltzCard","floor":21},{"not_picked":["LagranYue:PrematureBurialCard","LagranYue:PowerTwelveTrialsCard+1","LagranYue:SkillDistortionCard","LagranYue:AttackEnchantmentCard+1"],"picked":"LagranYue:AttackRubyCard","floor":22},{"not_picked":["LagranYue:MultipleThornsCard","LagranYue:SkillLiberationCard+1","LagranYue:AttackIceCard","LagranYue:DefendBetterCard+1"],"picked":"LagranYue:SkillIncompleteArchCard","floor":24},{"not_picked":["LagranYue:ForgingCard","LagranYue:SkillGaeBolgCard+1","LagranYue:AttackBetterCard","LagranYue:SkillFalseAerialAceCard"],"picked":"LagranYue:AttackIceCard+1","floor":30},{"not_picked":["LagranYue:AttackKingCard+1","LagranYue:SkillEightFeetJadeCard","LagranYue:AttackBetterCard+1","LagranYue:AttackPurpleCard"],"picked":"LagranYue:SkillChiharaHoundCard+1","floor":31},{"not_picked":["LagranYue:PowerWindKingEnchantmentCard","LagranYue:SkillHeartWaterCard","LagranYue:AttackCellGodCard","LagranYue:SkillBlazingSevenRingsCard"],"picked":"LagranYue:AttackLakeCard","floor":33},{"not_picked":["LagranYue:AttackMagicStarsCard","LagranYue:RubyDefendCard","LagranYue:SkillDistortionCard+1","LagranYue:MultipleThornsCard"],"picked":"LagranYue:SkillDeadlyBloomCard+1","floor":35},{"not_picked":["LagranYue:SkillBrokenSwordCard+1","LagranYue:SkillBrokenShieldCard+1","LagranYue:AttackTopazCard","LagranYue:RubyDefendCard"],"picked":"LagranYue:AttackSapphireCard","floor":36},{"not_picked":["LagranYue:EmeraldRemorseCard","LagranYue:PowerTwelveTrialsCard","LagranYue:SapphirePrayerCard","LagranYue:AttackPurpleCard+1"],"picked":"LagranYue:PowerFurnaceCard","floor":38},{"not_picked":["LagranYue:SkillDistortionCard","LagranYue:AttackKillerCard+1","LagranYue:AttackRavagedCard","LagranYue:RubyDefendCard"],"picked":"LagranYue:AttackBetterCard","floor":41},{"not_picked":["LagranYue:SkillDeadlyBloomCard+1","LagranYue:AttackRavagedCard+1","LagranYue:SkillLegendPaladinCard","LagranYue:AttackSummerCard"],"picked":"LagranYue:AttackBetterCard+1","floor":44},{"not_picked":["LagranYue:SkillDistortionCard+1","LagranYue:PowerKingTreasureCard","LagranYue:AttackCrowCrossbowCard+1","LagranYue:SkillKadeboSwordCard+1"],"picked":"LagranYue:AttackRubyCard+1","floor":45},{"not_picked":["LagranYue:DefendBetterCard","LagranYue:PhysicalFitnessCard+1","LagranYue:RubyDefendCard","LagranYue:SkillGanJiangMoYeSwordCard"],"picked":"LagranYue:AttackTopazCard","floor":48},{"not_picked":["LagranYue:SkillExplosiveArmorCard+1","LagranYue:AttackCrowCrossbowCard+1","LagranYue:PrematureBurialCard+1","LagranYue:AttackDevilCard"],"picked":"LagranYue:LifeForgingCard+1","floor":54}],"player_experience":271960,"relics_obtained":[{"floor":1,"key":"SynthV:TestCard"},{"floor":6,"key":"conspire:TopHat"},{"floor":14,"key":"Centennial Puzzle"},{"floor":21,"key":"Replay:Bottled Steam"},{"floor":26,"key":"Du-Vu Doll"},{"floor":28,"key":"War Paint"},{"floor":41,"key":"aspiration:FetidBarrel"},{"floor":43,"key":"AT_EbonyIvory"},{"floor":47,"key":"reliquary:HotPoker"},{"floor":54,"key":"Mummified Hand"}],"event_choices":[{"damage_healed":0,"gold_gain":0,"player_choice":"Success","damage_taken":12,"relics_obtained":["Happy Flower"],"max_hp_gain":0,"max_hp_loss":0,"event_name":"Scrap Ooze","floor":7,"gold_loss":0},{"damage_healed":0,"gold_gain":0,"player_choice":"Box","damage_taken":0,"relics_obtained":["LagranYue:MagicReflectiveArmorRelic"],"max_hp_gain":0,"max_hp_loss":0,"event_name":"Big Fish","floor":13,"gold_loss":0,"cards_obtained":["Regret"]},{"damage_healed":0,"gold_gain":0,"player_choice":"Leave","damage_taken":0,"max_hp_gain":0,"max_hp_loss":0,"event_name":"The Cleric","floor":15,"gold_loss":0},{"damage_healed":0,"gold_gain":300,"player_choice":"Sell","damage_taken":0,"max_hp_gain":0,"max_hp_loss":0,"event_name":"恩洛斯的?子","floor":29,"relics_lost":["LagranYue:RandomDrawCardRelic"],"gold_loss":0},{"damage_healed":0,"gold_gain":0,"player_choice":"Gave Potion","damage_taken":0,"relics_obtained":["Gremlin Food"],"max_hp_gain":0,"max_hp_loss":0,"event_name":"WeMeetAgain","floor":39,"gold_loss":0}],"is_beta":false,"boss_relics":[{"not_picked":["Replay:Bronze Core","reliquary:WritOfMandamus"],"picked":"ExusiaiGun"},{"not_picked":["reliquary:Craggleroot","testmod-DeterminationOfClimber"],"picked":"energizedSpire:OgreHead"}],"items_purged_floors":[],"is_endless":false,"potions_floor_spawned":[3,6,11,12,14,18,21,35,45],"killed_by":"The Heart","ascension_level":0}}