{"host":"nptej036rrbiurf5","time":1612145051,"event":{"mods":["BaseMod","Colored Map","Colored Powertips","DeckTracker","Minty Spire (QoL Compilation)","StSLib","SuperFastMode"],"gold_per_floor":[110,260,260,270,56,86,101,121,121,132,132,146,164,181,181,181,181],"floor_reached":16,"language":"KOR","playtime":317,"items_purged":["Doubt"],"score":262,"play_id":"65bb01fc-ef60-456d-9661-7bed6c39769c","local_time":"20210201110411","is_ascension_mode":true,"campfire_choices":[{"data":"1","floor":11.0,"key":"LIFT"},{"data":"2","floor":15.0,"key":"LIFT"}],"circlet_count":0,"master_deck":["AscendersBane","Strike_G","Strike_G","Strike_G","Strike_G","Strike_G","Defend_G","Defend_G","Defend_G","Defend_G","Defend_G","Survivor","Neutralize","Dash+1","Acrobatics","Noxious Fumes","Deadly Poison","Skewer","Backflip","Crippling Poison","Calculated Gamble"],"relics":["Ring of the Snake","NeowsBlessing","Girya","Singing Bowl"],"acts_visited":["Exordium"],"potions_floor_usage":[16,16],"damage_taken":[{"damage":0.0,"enemies":"Cultist","floor":1.0,"turns":1.0},{"damage":0.0,"enemies":"Jaw Worm","floor":4.0,"turns":1.0},{"damage":0.0,"enemies":"3 Sentries","floor":6.0,"turns":2.0},{"damage":0.0,"enemies":"Small Slimes","floor":7.0,"turns":3.0},{"damage":0.0,"enemies":"2 Fungi Beasts","floor":8.0,"turns":4.0},{"damage":13.0,"enemies":"Blue Slaver","floor":10.0,"turns":4.0},{"damage":9.0,"enemies":"Exordium Thugs","floor":12.0,"turns":5.0},{"damage":4.0,"enemies":"2 Fungi Beasts","floor":13.0,"turns":3.0},{"damage":12.0,"enemies":"3 Louse","floor":14.0,"turns":3.0},{"damage":18,"enemies":"Slime Boss","floor":16,"turns":5}],"seed_played":"-4872227360388367333","potions_obtained":[{"floor":1.0,"key":"SneckoOil"},{"floor":12.0,"key":"SmokeBomb"},{"floor":13.0,"key":"LiquidMemories"},{"floor":14.0,"key":"PowerPotion"}],"is_trial":false,"path_per_floor":["M","?","?","M","$","E","M","M","T","M","R","M","M","M","R","B"],"character_chosen":"THE_SILENT","items_purchased":["Noxious Fumes","Deadly Poison"],"campfire_rested":0,"item_purchase_floors":[5,5],"current_hp_per_floor":[59,59,59,59,59,59,59,59,59,48,48,39,35,25,25,7,7],"gold":181,"neow_bonus":"THREE_ENEMY_KILL","is_daily":false,"chose_seed":false,"campfire_upgraded":0,"win_rate":0.0,"timestamp":1612145051,"path_taken":["M","?","?","?","$","E","M","M","T","?","R","M","M","M","R","BOSS"],"items_purchased_type":["Card","Card"],"build_version":"2020-12-22","purchased_purges":1,"victory":false,"max_hp_per_floor":[66,66,66,66,66,66,66,66,66,68,68,68,68,70,70,70,70],"card_choices":[{"not_picked":["Flying Knee","Concentrate"],"picked":"Dash","floor":1.0},{"not_picked":["Dodge and Roll","Prepared"],"picked":"Acrobatics","floor":4.0},{"not_picked":["Eviscerate","Blur"],"picked":"Skewer","floor":6.0},{"not_picked":["Accuracy","Flying Knee","Distraction"],"picked":"SKIP","floor":7.0},{"not_picked":["Slice","Sucker Punch"],"picked":"Backflip","floor":8.0},{"not_picked":["Backstab","Distraction","Blur"],"picked":"Singing Bowl","floor":10.0},{"not_picked":["Setup","Bane"],"picked":"Crippling Poison","floor":12.0},{"not_picked":["A Thousand Cuts","Blur"],"picked":"Calculated Gamble","floor":13.0},{"not_picked":["Poisoned Stab","Underhanded Strike","Prepared"],"picked":"Singing Bowl","floor":14.0}],"player_experience":898848,"relics_obtained":[{"floor":6.0,"key":"Girya"},{"floor":9.0,"key":"Singing Bowl"}],"event_choices":[{"damage_healed":0.0,"max_hp_gain":0.0,"max_hp_loss":0.0,"gold_gain":150.0,"event_name":"Liars Game","player_choice":"AGREE","floor":2.0,"gold_loss":0.0,"damage_taken":0.0,"cards_obtained":["Doubt"]},{"damage_healed":0.0,"max_hp_gain":0.0,"max_hp_loss":0.0,"gold_gain":0.0,"event_name":"Accursed Blacksmith","player_choice":"Forge","floor":3.0,"gold_loss":0.0,"damage_taken":0.0,"cards_upgraded":["Dash"]}],"is_beta":false,"boss_relics":[],"items_purged_floors":[5],"is_endless":false,"potions_floor_spawned":[1,12,13,14],"killed_by":"Slime Boss","ascension_level":20}}