{"host":"trw84khdytc0ixrp","time":1612219767,"event":{"mods":["BaseMod","Downfall","Minty Spire (QoL Compilation)","StSLib"],"gold_per_floor":[99,116,116,127,37,49,49,65,95,95,120,133,133,147,166,270,270,270,282,295,364,378,378,378,378,378,430,457,470,496,515,533,633,633,433,450,500,186,186,186,186,186,186,205,224,124,175,188,199,199,199,224,5,5,5,5],"floor_reached":57,"language":"ENG","playtime":7206,"items_purged":["downfall:Malfunctioning","Slimebound:CorrosiveSpit"],"score":1181,"play_id":"9663122a-7471-4cb3-a79e-b4c82a587b40","local_time":"20210201234927","is_ascension_mode":false,"campfire_choices":[{"data":"Slimebound:Split","floor":1.0,"key":"SMITH"},{"data":"Slimebound:RallyTheTroops","floor":18.0,"key":"SMITH"},{"data":"Slimebound:LevelUp","floor":23.0,"key":"SMITH"},{"data":"Slimebound:LeadByExample","floor":35.0,"key":"SMITH"},{"floor":43.0,"key":"RECALL"},{"data":"Slimebound:Overexert","floor":46,"key":"SMITH"},{"data":"Slimebound:LevelUp","floor":54,"key":"SMITH"}],"circlet_count":0,"master_deck":["Slimebound:Strike_Slimebound+1","Slimebound:Strike_Slimebound+1","Slimebound:Defend_Slimebound+1","Slimebound:Defend_Slimebound","Slimebound:Defend_Slimebound","Slimebound:Defend_Slimebound","Slimebound:Split+1","Slimebound:FirmFortitude","Slimebound:GoopSpray","Slimebound:SlimeSpikes","Slimebound:ProtectTheBoss","Slimebound:DisruptingSlam+1","Slimebound:MinionMaster","Slimebound:LevelUp+1","Slimebound:SplitBruiser","Slimebound:Split+1","Slimebound:SlimeBrawl","Slimebound:SplitBruiser","Slimebound:RallyTheTroops+1","Slimebound:GoopSpray+1","Slimebound:LivingWall+1","Slimebound:SlimeTap","Slimebound:LeadByExample+1","Slimebound:SplitAcid+1","Slimebound:SplitLeeching+1","Slimebound:SlimeTap+1","Slimebound:Overexert+1","Slimebound:Prepare+1","Slimebound:SlimeTap","Slimebound:SplitAcid+1","Slimebound:Prepare","expansioncontent:DashGenerateEvil+1","Slimebound:FormOfPuddle+1","Slimebound:Prepare+1","Slimebound:PrepareCrush+1","Slimebound:LevelUp+1","Slimebound:LevelUp+1","Slimebound:FormOfPuddle+1"],"relics":["Slimebound:AbsorbEndCombat","Mango","Mummified Hand","Anchor","Toy Ornithopter","SacredBark","InkBottle","HornCleat","MealTicket","PreservedInsect","Snecko Eye","downfall:HeartBlessingGreen","downfall:HeartBlessingBlue","StoneCalendar","Blue Candle","Toxic Egg 2","downfall:HeartBlessingRed","Lantern","Whetstone"],"acts_visited":["Exordium","TheCity","TheBeyond","TheEnding"],"potions_floor_usage":[50,55,56],"damage_taken":[{"damage":2.0,"enemies":"Small Slimes","floor":2.0,"turns":4.0},{"damage":0.0,"enemies":"Jaw Worm","floor":4.0,"turns":3.0},{"damage":3.0,"enemies":"downfall:FleeingMerchant","floor":5.0,"turns":4.0},{"damage":0.0,"enemies":"Cultist","floor":6.0,"turns":3.0},{"damage":9.0,"enemies":"3 Louse","floor":8.0,"turns":2.0},{"damage":21.0,"enemies":"3 Sentries","floor":9.0,"turns":8.0},{"damage":3.0,"enemies":"Lagavulin","floor":11.0,"turns":6.0},{"damage":1.0,"enemies":"Large Slime","floor":12.0,"turns":5.0},{"damage":0.0,"enemies":"2 Fungi Beasts","floor":14.0,"turns":4.0},{"damage":0.0,"enemies":"Large Slime","floor":15.0,"turns":4.0},{"damage":30.0,"enemies":"WA_ARCHETYPE_RETAIN","floor":16.0,"turns":7.0},{"damage":5.0,"enemies":"3 Byrds","floor":19.0,"turns":4.0},{"damage":9.0,"enemies":"Shell Parasite","floor":20.0,"turns":5.0},{"damage":11.0,"enemies":"Centurion and Healer","floor":22.0,"turns":5.0},{"damage":11.0,"enemies":"Book of Stabbing","floor":28.0,"turns":5.0},{"damage":0.0,"enemies":"Snake Plant","floor":29.0,"turns":2.0},{"damage":6.0,"enemies":"Gremlin Leader","floor":30.0,"turns":5.0},{"damage":19.0,"enemies":"Cultist and Chosen","floor":31.0,"turns":5.0},{"damage":18.0,"enemies":"Snecko","floor":32.0,"turns":5.0},{"damage":7.0,"enemies":"DF_ARCHETYPE_CLAW","floor":33.0,"turns":6.0},{"damage":0.0,"enemies":"3 Shapes","floor":36.0,"turns":3.0},{"damage":0.0,"enemies":"3 Shapes","floor":37.0,"turns":3.0},{"damage":0.0,"enemies":"downfall:FleeingMerchant","floor":38.0,"turns":4.0},{"damage":5,"enemies":"Orb Walker","floor":44,"turns":2},{"damage":0,"enemies":"3 Darklings","floor":45,"turns":2},{"damage":0,"enemies":"Sphere and 2 Shapes","floor":48,"turns":4},{"damage":0,"enemies":"Writhing Mass","floor":49,"turns":3},{"damage":50,"enemies":"IC_BLOCK_ARCHETYPE","floor":50,"turns":11},{"damage":10,"enemies":"downfall:CharBossMerchant","floor":52,"turns":4},{"damage":3,"enemies":"downfall:NeowBoss","floor":55,"turns":9},{"damage":8,"enemies":"downfall:NeowBossFinal","floor":56,"turns":8}],"seed_played":"365327571674597145","potions_obtained":[{"floor":6.0,"key":"champ:CounterPotion"},{"floor":8.0,"key":"Explosive Potion"},{"floor":11.0,"key":"AttackPotion"},{"floor":15.0,"key":"Guardian:BlockOnCardUsePotion"},{"floor":16.0,"key":"CultistPotion"},{"floor":19.0,"key":"Fire Potion"},{"floor":22.0,"key":"Dexterity Potion"},{"floor":31.0,"key":"BlessingOfTheForge"},{"floor":33.0,"key":"FearPotion"},{"floor":45,"key":"Ancient Potion"},{"floor":48,"key":"CultistPotion"}],"is_trial":false,"path_per_floor":["R","M","?","M","$","M","T","M","E","?","E","M","?","M","M","B",null,"R","M","M","T","M","R","T","?","?","T","E","M","E","M","M","B",null,"R","M","?","$","?","?","T","?","R","M","M","R","T","M","M","B",null,"E","$","R","B","B",null],"character_chosen":"SLIMEBOUND","items_purchased":["Slimebound:Prepare","expansioncontent:DashGenerateEvil","Slimebound:FormOfPuddle+1","Energy Potion","SneckoOil"],"campfire_rested":0,"item_purchase_floors":[38,38,53,53,53],"current_hp_per_floor":[65,63,63,65,65,65,79,74,57,54,59,64,64,64,66,49,79,79,74,69,69,64,64,64,64,64,64,57,62,72,55,41,38,79,89,89,89,89,89,84,84,76,76,71,71,71,71,71,73,36,89,79,89,89,86,83],"gold":5,"neow_bonus":"ONE_RANDOM_RARE_CARD","is_daily":false,"chose_seed":false,"campfire_upgraded":6,"win_rate":0.0,"timestamp":1612219767,"path_taken":["R","M","?","M","$","M","T","M","E","?","E","M","?","M","M","BOSS","R","M","M","?","M","R","T","?","?","?","E","M","E","M","M","BOSS","R","M","?","$","?","?","T","?","R","M","?","R","?","M","M","BOSS","E","$","R","BOSS","BOSS"],"items_purchased_type":["Card","Card","Card","Potion","Potion"],"build_version":"2020-12-22","purchased_purges":2,"victory":true,"max_hp_per_floor":[65,65,65,65,65,65,79,79,79,79,79,79,79,79,79,79,79,79,79,79,79,79,79,79,79,79,79,79,79,79,79,79,79,79,89,89,89,89,89,89,89,89,89,89,89,89,89,89,89,89,89,89,89,89,89,89],"card_choices":[{"not_picked":["Slimebound:LivingWall","Slimebound:Nibble"],"picked":"Slimebound:GoopSpray","floor":2.0},{"not_picked":["Slimebound:Chomp","Slimebound:LeechingTouch"],"picked":"Slimebound:SlimeSpikes","floor":4.0},{"not_picked":["Slimebound:Equalize","Slimebound:SlimeSpikes","Slimebound:Schlurp"],"picked":"SKIP","floor":5.0},{"not_picked":["Slimebound:GoopTackle","Slimebound:GrowthPunch"],"picked":"Slimebound:ProtectTheBoss","floor":6.0},{"not_picked":["Slimebound:RollThrough","Slimebound:Replication"],"picked":"Slimebound:DisruptingSlam","floor":8.0},{"not_picked":["Slimebound:Gluttony","Slimebound:Prepare"],"picked":"Slimebound:MinionMaster","floor":9.0},{"not_picked":["Slimebound:FlameTackle","Slimebound:Schlurp"],"picked":"Slimebound:LevelUp","floor":11.0},{"not_picked":["Slimebound:Prepare","Slimebound:FormOfPuddle"],"picked":"Slimebound:SplitBruiser","floor":12.0},{"not_picked":["Slimebound:Schlurp","Slimebound:Prepare"],"picked":"Slimebound:SlimeBrawl","floor":14.0},{"not_picked":["Slimebound:SlimeSpikes","Slimebound:DisruptingSlam"],"picked":"Slimebound:SplitBruiser","floor":15.0},{"not_picked":["Slimebound:FirmFortitude","Slimebound:DouseInSlime"],"picked":"Slimebound:RallyTheTroops","floor":16.0},{"not_picked":["Slimebound:ViciousTackle+1","Slimebound:Schlurp"],"picked":"Slimebound:GoopSpray+1","floor":19.0},{"not_picked":["Slimebound:ForwardTackle","Slimebound:OneTwoCombo"],"picked":"Slimebound:LivingWall+1","floor":20.0},{"not_picked":["Slimebound:FinishingTackle+1","Slimebound:Chomp"],"picked":"Slimebound:SlimeTap","floor":22.0},{"not_picked":["Slimebound:SamplingLick","Slimebound:FinishingTackle","Slimebound:LivingWall"],"picked":"SKIP","floor":28.0},{"not_picked":["Slimebound:LivingWall","Slimebound:FormOfPuddle+1"],"picked":"Slimebound:LeadByExample","floor":29.0},{"not_picked":["Slimebound:Prepare","Slimebound:SlimeBarrage+1"],"picked":"Slimebound:SplitAcid+1","floor":30.0},{"not_picked":["Slimebound:Prepare+1","Slimebound:PressTheAttack"],"picked":"Slimebound:SplitLeeching+1","floor":31.0},{"not_picked":["Slimebound:TongueLash","Slimebound:SlimeSpikes"],"picked":"Slimebound:SlimeTap+1","floor":32.0},{"not_picked":["Slimebound:OozeBath","Slimebound:LeechLife"],"picked":"Slimebound:Overexert","floor":33.0},{"not_picked":["Slimebound:FlameTackle","Slimebound:LeechingTouch+1"],"picked":"Slimebound:Prepare+1","floor":36.0},{"not_picked":["Slimebound:SplitMire+1","Slimebound:ItLooksTasty"],"picked":"Slimebound:SlimeTap","floor":37.0},{"not_picked":["Slimebound:PressTheAttack","Slimebound:SlimeSpikes+1"],"picked":"Slimebound:SplitAcid+1","floor":38.0},{"not_picked":["Slimebound:Dissolve+1","Slimebound:BestDefense+1"],"picked":"Slimebound:FormOfPuddle+1","floor":44},{"not_picked":["Slimebound:ItLooksTasty","Slimebound:LeechingTouch"],"picked":"Slimebound:Prepare+1","floor":45},{"not_picked":["Slimebound:GoopTackle+1","Slimebound:SpikyOuterGoop+1"],"picked":"Slimebound:PrepareCrush+1","floor":48},{"not_picked":["Slimebound:Chomp","Slimebound:RejuvenatingLick+1"],"picked":"Slimebound:LevelUp+1","floor":49},{"not_picked":["Slimebound:LeechingTouch","Slimebound:HauntingLick+1"],"picked":"Slimebound:LevelUp","floor":52}],"player_experience":3061,"relics_obtained":[{"floor":7.0,"key":"Mango"},{"floor":9.0,"key":"Mummified Hand"},{"floor":11.0,"key":"Toy Ornithopter"},{"floor":21.0,"key":"InkBottle"},{"floor":24.0,"key":"HornCleat"},{"floor":28.0,"key":"MealTicket"},{"floor":30.0,"key":"PreservedInsect"},{"floor":37.0,"key":"StoneCalendar"},{"floor":41.0,"key":"Toxic Egg 2"},{"floor":47,"key":"Lantern"},{"floor":52,"key":"Whetstone"}],"event_choices":[{"damage_healed":0.0,"max_hp_gain":0.0,"max_hp_loss":0.0,"gold_gain":0.0,"event_name":"Scrap Ooze","player_choice":"Success","floor":10.0,"gold_loss":0.0,"damage_taken":3.0,"relics_obtained":["Anchor"]},{"cards_removed":["Slimebound:Strike_Slimebound"],"damage_healed":0.0,"max_hp_gain":0.0,"max_hp_loss":0.0,"gold_gain":0.0,"event_name":"Falling","player_choice":"Removed Attack","floor":39.0,"gold_loss":0.0,"damage_taken":0.0}],"is_beta":false,"boss_relics":[{"not_picked":["Runic Dome","bronze:MakeshiftBattery"],"picked":"SacredBark"},{"not_picked":["Velvet Choker","Black Star"],"picked":"Snecko Eye"}],"items_purged_floors":[5,38],"is_endless":false,"potions_floor_spawned":[6,8,11,15,16,19,22,31,33,45,48],"ascension_level":0}}