{"host":"5n1fl7z5i1vf7jan","time":1612151610,"event":{"mods":["BaseMod","Minty Spire (QoL Compilation)","Quick Restart","Relic Stats"],"gold_per_floor":[109,122,122,145,169,210,223,223,269,302,323,12,28,28,28,123,123,144,144,59,59,79,79,99,130,130,130,130,5,20,33,33,132,132,156,156,175,475,496,496,540,540,540,540,540],"floor_reached":44,"language":"ENG","playtime":1980,"items_purged":["Pain"],"score":866,"play_id":"8ebe92ed-f9ec-4bcb-8ada-ad38feee98cf","local_time":"20210131195330","is_ascension_mode":true,"campfire_choices":[{"floor":8.0,"key":"REST"},{"floor":15.0,"key":"REST"},{"data":"Hyperbeam","floor":23.0,"key":"SMITH"},{"data":"Scrawl","floor":27.0,"key":"SMITH"},{"floor":32.0,"key":"REST"},{"data":"TalkToTheHand","floor":40.0,"key":"SMITH"},{"floor":42.0,"key":"REST"}],"circlet_count":0,"master_deck":["AscendersBane","Strike_P","Defend_P","Defend_P","Defend_P","Defend_P","Eruption","Vigilance","FollowUp","SashWhip","DeceiveReality","BowlingBash","Weave","CarveReality","CrushJoints","TalkToTheHand+1","LikeWater","Hyperbeam+1","Headbutt","Inflame","Scrawl+1","BootSequence","CutThroughFate","EmptyFist+1","Prostrate+1","Battle Trance","Trip+1","Footwork"],"relics":["PureWater","NeowsBlessing","Golden Idol","Ancient Tea Set","Orichalcum","Sundial","PrismaticShard","Cursed Key","Strawberry","Gremlin Horn","WarpedTongs","Astrolabe","Potion Belt"],"acts_visited":["Exordium","TheCity","TheBeyond"],"potions_floor_usage":[44],"damage_taken":[{"damage":0.0,"enemies":"Jaw Worm","floor":1.0,"turns":1.0},{"damage":0.0,"enemies":"Small Slimes","floor":2.0,"turns":1.0},{"damage":0.0,"enemies":"2 Louse","floor":4.0,"turns":1.0},{"damage":5.0,"enemies":"2 Fungi Beasts","floor":5.0,"turns":3.0},{"damage":31.0,"enemies":"Lagavulin","floor":6.0,"turns":10.0},{"damage":0.0,"enemies":"Large Slime","floor":7.0,"turns":2.0},{"damage":8.0,"enemies":"Gremlin Nob","floor":10.0,"turns":4.0},{"damage":12.0,"enemies":"Exordium Thugs","floor":11.0,"turns":5.0},{"damage":11.0,"enemies":"Lots of Slimes","floor":13.0,"turns":6.0},{"damage":13.0,"enemies":"Hexaghost","floor":16.0,"turns":11.0},{"damage":5.0,"enemies":"Spheric Guardian","floor":18.0,"turns":3.0},{"damage":0.0,"enemies":"3 Byrds","floor":22.0,"turns":3.0},{"damage":0.0,"enemies":"Centurion and Healer","floor":24.0,"turns":3.0},{"damage":14.0,"enemies":"Slavers","floor":25.0,"turns":4.0},{"damage":0.0,"enemies":"Shelled Parasite and Fungi","floor":30.0,"turns":1.0},{"damage":0.0,"enemies":"Snecko","floor":31.0,"turns":2.0},{"damage":57.0,"enemies":"Collector","floor":33.0,"turns":9.0},{"damage":0.0,"enemies":"3 Shapes","floor":35.0,"turns":2.0},{"damage":0.0,"enemies":"3 Darklings","floor":37.0,"turns":3.0},{"damage":0.0,"enemies":"Transient","floor":39.0,"turns":5.0},{"damage":67.0,"enemies":"Giant Head","floor":41.0,"turns":8.0},{"damage":22,"enemies":"Reptomancer","floor":44,"turns":2}],"seed_played":"-1012625247559964200","potions_obtained":[{"floor":7.0,"key":"StancePotion"},{"floor":10.0,"key":"BlessingOfTheForge"},{"floor":11.0,"key":"GamblersBrew"},{"floor":22.0,"key":"SmokeBomb"},{"floor":25.0,"key":"Block Potion"},{"floor":35.0,"key":"Block Potion"},{"floor":41.0,"key":"Dexterity Potion"}],"is_trial":false,"path_per_floor":["M","M","?","M","M","E","M","R","T","E","M","$","M","?","R","B",null,"M","?","?","$","M","R","M","E","T","R","?","$","M","M","R","B",null,"M","?","M","?","M","R","E","R","T","E"],"character_chosen":"WATCHER","items_purchased":["PrismaticShard","TalkToTheHand","StancePotion","Strength Potion"],"campfire_rested":4,"item_purchase_floors":[12,12,12,29],"current_hp_per_floor":[61,61,61,61,56,25,25,43,43,35,23,23,12,12,30,17,51,46,46,53,53,53,53,53,39,39,39,39,39,39,39,59,2,52,52,69,69,69,69,69,2,22,22,0,0],"gold":540,"neow_bonus":"THREE_ENEMY_KILL","is_daily":false,"chose_seed":false,"campfire_upgraded":3,"win_rate":0.0,"timestamp":1612151610,"path_taken":["M","M","?","M","M","E","M","R","T","E","M","$","M","?","R","BOSS","M","?","?","$","M","R","M","E","T","R","?","$","M","M","R","BOSS","M","?","?","?","?","R","E","R","T","E"],"items_purchased_type":["Relic","Card","Potion","Potion"],"build_version":"2020-12-22","purchased_purges":1,"victory":false,"max_hp_per_floor":[68,68,62,62,62,62,62,62,62,62,62,62,62,62,62,62,62,62,62,69,69,69,69,69,69,69,69,69,69,69,69,69,69,69,69,69,69,69,69,69,69,69,69,69,69],"relic_stats":{"Gremlin Horn":[11,12],"counters":[22,89],"Golden Idol":129,"Sundial":[6],"Astrolabe":["EmptyFist","Prostrate","Swivel"],"Orichalcum":[54],"Cursed Key":0,"obtain_stats":[{"Potion Belt":41,"NeowsBlessing":0,"Gremlin Horn":25,"Golden Idol":3,"Astrolabe":34,"Orichalcum":9,"Ancient Tea Set":6,"PrismaticShard":12,"Cursed Key":17,"WarpedTongs":28,"Sundial":10,"Strawberry":20,"PureWater":0},{"Potion Belt":21,"NeowsBlessing":0,"Gremlin Horn":14,"Golden Idol":2,"Astrolabe":17,"Orichalcum":6,"Ancient Tea Set":5,"PrismaticShard":8,"Cursed Key":10,"WarpedTongs":14,"Sundial":7,"Strawberry":11,"PureWater":0},{"Potion Belt":87,"NeowsBlessing":0,"Gremlin Horn":57,"Golden Idol":2,"Astrolabe":69,"Orichalcum":18,"Ancient Tea Set":16,"PrismaticShard":27,"Cursed Key":44,"WarpedTongs":57,"Sundial":22,"Strawberry":47,"PureWater":0}],"WarpedTongs":[32]},"card_choices":[{"not_picked":["ThirdEye","JustLucky"],"picked":"FollowUp","floor":1.0},{"not_picked":["Nirvana","Study"],"picked":"SashWhip","floor":2.0},{"not_picked":["EmptyBody","Protect"],"picked":"DeceiveReality","floor":4.0},{"not_picked":["Halt","CutThroughFate"],"picked":"BowlingBash","floor":5.0},{"not_picked":["DeceiveReality","Worship"],"picked":"Weave","floor":6.0},{"not_picked":["SashWhip","Indignation","FlyingSleeves"],"picked":"SKIP","floor":7.0},{"not_picked":["WreathOfFlame","WindmillStrike"],"picked":"CarveReality","floor":10.0},{"not_picked":["Halt","SpiritShield"],"picked":"CrushJoints","floor":11.0},{"not_picked":["Madness","Pommel Strike"],"picked":"LikeWater","floor":13.0},{"not_picked":["Burst","Grand Finale"],"picked":"Hyperbeam","floor":16.0},{"not_picked":["Underhanded Strike","Concentrate"],"picked":"Headbutt","floor":18.0},{"not_picked":["Underhanded Strike+1","Rip and Tear","Choke"],"picked":"SKIP","floor":22.0},{"not_picked":["Static Discharge","ForeignInfluence"],"picked":"Inflame","floor":24.0},{"not_picked":["Iron Wave","Tactician"],"picked":"Scrawl","floor":25.0},{"not_picked":["Sword Boomerang","Concentrate"],"picked":"BootSequence","floor":30.0},{"not_picked":["Wild Strike","Crescendo"],"picked":"CutThroughFate","floor":31.0},{"not_picked":["Cloak And Dagger+1","Prepared","Lockon"],"picked":"SKIP","floor":35.0},{"not_picked":["Distraction","Quick Slash"],"picked":"Battle Trance","floor":37.0},{"not_picked":["FearNoEvil","Conserve Battery"],"picked":"Trip+1","floor":39.0},{"not_picked":["Metallicize","Pommel Strike+1"],"picked":"Footwork","floor":41.0}],"player_experience":290624,"relics_obtained":[{"floor":6.0,"key":"Ancient Tea Set"},{"floor":9.0,"key":"Orichalcum"},{"floor":10.0,"key":"Sundial"},{"floor":25.0,"key":"Gremlin Horn"},{"floor":41.0,"key":"Potion Belt"}],"event_choices":[{"damage_healed":0.0,"max_hp_gain":0.0,"max_hp_loss":6.0,"gold_gain":0.0,"event_name":"Golden Idol","player_choice":"Lose Max HP","floor":3.0,"gold_loss":0.0,"damage_taken":0.0,"relics_obtained":["Golden Idol"]},{"damage_healed":0.0,"max_hp_gain":0.0,"max_hp_loss":0.0,"gold_gain":0.0,"event_name":"Shining Light","player_choice":"Ignored","floor":14.0,"gold_loss":0.0,"damage_taken":0.0},{"damage_healed":0.0,"max_hp_gain":0.0,"max_hp_loss":0.0,"gold_gain":0.0,"event_name":"Vampires","player_choice":"Ignored","floor":19.0,"gold_loss":0.0,"damage_taken":0.0},{"damage_healed":0.0,"max_hp_gain":0.0,"max_hp_loss":0.0,"gold_gain":0.0,"event_name":"Addict","player_choice":"Obtained Relic","floor":20.0,"gold_loss":85.0,"damage_taken":0.0,"relics_obtained":["Strawberry"]},{"damage_healed":0.0,"max_hp_gain":0.0,"max_hp_loss":0.0,"gold_gain":0.0,"event_name":"Accursed Blacksmith","player_choice":"Rummage","floor":28.0,"gold_loss":0.0,"damage_taken":0.0,"relics_obtained":["WarpedTongs"],"cards_obtained":["Pain"]},{"cards_removed":["Swivel"],"damage_healed":17.0,"max_hp_gain":0.0,"max_hp_loss":0.0,"gold_gain":0.0,"event_name":"Bonfire Elementals","player_choice":"Offered Uncommon","floor":36.0,"gold_loss":0.0,"damage_taken":0.0},{"damage_healed":0.0,"max_hp_gain":0.0,"max_hp_loss":0.0,"gold_gain":300.0,"event_name":"Wheel of Change","player_choice":"Gold","floor":38.0,"gold_loss":0.0,"damage_taken":0.0}],"is_beta":false,"boss_relics":[{"not_picked":["Runic Dome","Coffee Dripper"],"picked":"Cursed Key"},{"not_picked":["SlaversCollar","Calling Bell"],"picked":"Astrolabe"}],"items_purged_floors":[29],"is_endless":false,"potions_floor_spawned":[7,10,11,22,25,35,41],"killed_by":"Reptomancer","ascension_level":15}}