{"host":"a3wpq7kyokchzawk","time":1612197816,"event":{"mods":["BaseMod","Colored Map","Highlight Path","Minty Spire (QoL Compilation)","Permanent Neow","Potion Indicator Mod","Relic Stats","Weighted Paths"],"gold_per_floor":[20,36,36,53,63,94,94,108,108,123,149,149,149,149],"floor_reached":13,"language":"ENG","playtime":1630,"items_purged":[],"score":189,"play_id":"1593428a-6026-4ab6-9cf2-873a5e81f526","local_time":"20210201144336","is_ascension_mode":true,"campfire_choices":[{"floor":7.0,"key":"REST"},{"floor":12.0,"key":"REST"}],"circlet_count":0,"master_deck":["AscendersBane","Strike_B","Strike_B","Strike_B","Defend_B","Defend_B","Defend_B","Zap","Dualcast","Compile Driver","Steam","Glacier","Reinforced Body","Tempest+1","Turbo+1","Coolheaded+1","Aggregate+1"],"relics":["Cracked Core","White Beast Statue","Toxic Egg 2","Oddly Smooth Stone","Sundial"],"acts_visited":["Exordium"],"potions_floor_usage":[],"damage_taken":[{"damage":1.0,"enemies":"Cultist","floor":1.0,"turns":3.0},{"damage":7.0,"enemies":"Jaw Worm","floor":2.0,"turns":3.0},{"damage":7.0,"enemies":"Small Slimes","floor":4.0,"turns":3.0},{"damage":2.0,"enemies":"3 Louse","floor":5.0,"turns":4.0},{"damage":34.0,"enemies":"3 Sentries","floor":6.0,"turns":18.0},{"damage":1.0,"enemies":"Large Slime","floor":8.0,"turns":4.0},{"damage":6.0,"enemies":"Blue Slaver","floor":10.0,"turns":3.0},{"damage":13.0,"enemies":"Gremlin Nob","floor":11.0,"turns":4.0},{"damage":35,"enemies":"3 Sentries","floor":13,"turns":13}],"seed_played":"1078657257960021215","potions_obtained":[{"floor":2.0,"key":"SmokeBomb"},{"floor":4.0,"key":"Dexterity Potion"},{"floor":5.0,"key":"EssenceOfSteel"},{"floor":6.0,"key":"EssenceOfSteel"},{"floor":11.0,"key":"Weak Potion"}],"is_trial":false,"path_per_floor":["M","M","T","M","M","E","R","M","T","M","E","R","E"],"character_chosen":"DEFECT","items_purchased":[],"campfire_rested":2,"item_purchase_floors":[],"current_hp_per_floor":[63,56,56,49,47,13,34,33,33,27,14,35,0,0],"gold":149,"neow_bonus":"REMOVE_TWO","is_daily":false,"chose_seed":false,"campfire_upgraded":0,"win_rate":0.0,"timestamp":1612197816,"path_taken":["M","M","?","M","M","E","R","M","T","M","E","R","E"],"items_purchased_type":[],"build_version":"2020-12-22","purchased_purges":0,"victory":false,"max_hp_per_floor":[71,71,71,71,71,71,71,71,71,71,71,71,71,71],"relic_stats":{"counters":[9,55],"Sundial":[2],"obtain_stats":[{"Sundial":11,"Oddly Smooth Stone":9,"Toxic Egg 2":6,"Cracked Core":0,"White Beast Statue":3},{"Sundial":8,"Oddly Smooth Stone":6,"Toxic Egg 2":5,"Cracked Core":0,"White Beast Statue":2},{"Sundial":42,"Oddly Smooth Stone":35,"Toxic Egg 2":31,"Cracked Core":0,"White Beast Statue":6}]},"card_choices":[{"not_picked":["Streamline","Rebound"],"picked":"Compile Driver","floor":1.0},{"not_picked":["Compile Driver","Melter"],"picked":"Steam","floor":2.0},{"not_picked":["Streamline","Fusion"],"picked":"Glacier","floor":4.0},{"not_picked":["Beam Cell","Barrage"],"picked":"Reinforced Body","floor":5.0},{"not_picked":["Leap+1","Core Surge"],"picked":"Tempest+1","floor":6.0},{"not_picked":["Gash","Recycle+1"],"picked":"Turbo+1","floor":8.0},{"not_picked":["Rip and Tear","Ball Lightning"],"picked":"Coolheaded+1","floor":10.0},{"not_picked":["Go for the Eyes","Ball Lightning"],"picked":"Aggregate+1","floor":11.0}],"player_experience":2518935,"relics_obtained":[{"floor":3.0,"key":"White Beast Statue"},{"floor":6.0,"key":"Toxic Egg 2"},{"floor":9.0,"key":"Oddly Smooth Stone"},{"floor":11.0,"key":"Sundial"}],"event_choices":[],"is_beta":false,"boss_relics":[],"items_purged_floors":[],"is_endless":false,"potions_floor_spawned":[2,4,5,6,8,10,11],"killed_by":"3 Sentries","ascension_level":19}}