{"host":"w8jq41i5zn1fudf9","time":1612208608,"event":{"mods":["AchievementEnabler","BaseMod","Colored Map","Colored Powertips","Curses Come First","GifTheSpireLib","Googly Eyes","Minty Spire (QoL Compilation)","Quick Restart","Rare Cards Sparkle","Relic Stats","StSLib","The Awakened One except there are too many feathers","egg","everything is the same but u backflip on backflip","slay the spire mod where everything is the same but ironclad has a cowboy hat"],"gold_per_floor":[411,121,121,138,155,155,155,190,235,235,249,249,249,278,278,375,375,391,115,115,135,148,148,178,178,228,244,263,223,253,278,290,302,302],"floor_reached":33,"language":"ENG","playtime":1160,"items_purged":[],"score":354,"play_id":"ccc5964e-8b9e-4d2c-af9b-f3d4bf4086ae","local_time":"20210201124328","is_ascension_mode":true,"campfire_choices":[{"data":"Sunder","floor":6,"key":"SMITH"},{"floor":10,"key":"REST"},{"data":"Fusion","floor":12,"key":"SMITH"},{"data":"Rainbow","floor":15,"key":"SMITH"},{"floor":23,"key":"REST"},{"data":"Zap","floor":25,"key":"SMITH"},{"data":"Chaos","floor":32,"key":"SMITH"}],"circlet_count":0,"master_deck":["Strike_B","Strike_B","Strike_B","Strike_B+1","Defend_B","Defend_B","Defend_B","Defend_B","Zap+1","Dualcast+1","Chaos+1","Cold Snap","Ball Lightning","Sunder+1","Fusion+1","Ball Lightning","Rainbow+1","Echo Form","Conserve Battery","Zap+1","Recycle+1","Conserve Battery+1","Leap"],"relics":["Cracked Core","Old Coin","Meat on the Bone","Blood Vial","Vajra","Regal Pillow","Eternal Feather","Busted Crown","Membership Card","Ornamental Fan","The Courier","Anchor","MawBank"],"acts_visited":["Exordium","TheCity"],"potions_floor_usage":[16,16,16,24,24,30,33],"damage_taken":[{"damage":15,"enemies":"2 Louse","floor":1,"turns":3},{"damage":0,"enemies":"Cultist","floor":4,"turns":3},{"damage":0,"enemies":"Small Slimes","floor":5,"turns":2},{"damage":29,"enemies":"Gremlin Nob","floor":8,"turns":4},{"damage":1,"enemies":"Gremlin Gang","floor":11,"turns":4},{"damage":15,"enemies":"3 Sentries","floor":14,"turns":4},{"damage":19,"enemies":"Slime Boss","floor":16,"turns":5},{"damage":36,"enemies":"2 Thieves","floor":18,"turns":4},{"damage":2,"enemies":"Chosen","floor":21,"turns":3},{"damage":18,"enemies":"Snecko","floor":22,"turns":3},{"damage":12,"enemies":"Book of Stabbing","floor":24,"turns":4},{"damage":0,"enemies":"Chosen and Byrds","floor":27,"turns":4},{"damage":12,"enemies":"Shelled Parasite and Fungi","floor":28,"turns":4},{"damage":16,"enemies":"Gremlin Leader","floor":30,"turns":7},{"damage":19,"enemies":"Centurion and Healer","floor":31,"turns":6},{"damage":81,"enemies":"Collector","floor":33,"turns":7}],"seed_played":"8663768048643389402","potions_obtained":[{"floor":1,"key":"BlessingOfTheForge"},{"floor":4,"key":"SpeedPotion"},{"floor":8,"key":"EntropicBrew"},{"floor":16,"key":"Explosive Potion"},{"floor":18,"key":"LiquidMemories"},{"floor":21,"key":"EssenceOfDarkness"},{"floor":27,"key":"SkillPotion"}],"is_trial":false,"path_per_floor":["M","$","?","M","M","R","?","E","T","R","M","R","?","E","R","B",null,"M","$","?","M","M","R","E","R","T","M","M","?","E","M","R","B"],"character_chosen":"DEFECT","items_purchased":["Meat on the Bone","Cold Snap","Membership Card","Ornamental Fan"],"campfire_rested":2,"item_purchase_floors":[2,2,19,19],"current_hp_per_floor":[39,39,39,39,39,39,39,24,24,61,62,62,62,49,58,41,75,39,39,39,39,35,75,63,75,75,75,63,63,49,44,56,0,0],"gold":302,"neow_bonus":"ONE_RARE_RELIC","is_daily":false,"chose_seed":false,"campfire_upgraded":5,"win_rate":0.0,"timestamp":1612208608,"path_taken":["M","$","?","M","M","R","?","E","T","R","?","R","?","E","R","BOSS","M","?","?","?","M","R","E","R","T","M","M","?","E","M","R","BOSS"],"items_purchased_type":["Relic","Card","Relic","Relic"],"build_version":"2020-12-22","purchased_purges":0,"victory":false,"max_hp_per_floor":[75,75,75,75,75,75,75,75,75,75,75,75,75,75,75,75,75,75,75,75,75,75,75,75,75,75,75,75,75,75,75,75,75,75],"relic_stats":{"Blood Vial":18,"Regal Pillow":21,"Busted Crown":16,"counters":[16,67],"Ornamental Fan":[40],"Eternal Feather":45,"MawBank":36,"obtain_stats":[{"Regal Pillow":9,"Vajra":8,"Eternal Feather":14,"The Courier":24,"MawBank":30,"Old Coin":0,"Blood Vial":7,"Anchor":26,"Busted Crown":17,"Ornamental Fan":19,"Membership Card":19,"Cracked Core":0,"Meat on the Bone":2},{"Regal Pillow":4,"Vajra":4,"Eternal Feather":6,"The Courier":11,"MawBank":14,"Old Coin":0,"Blood Vial":3,"Anchor":11,"Busted Crown":7,"Ornamental Fan":8,"Membership Card":8,"Cracked Core":0,"Meat on the Bone":1},{"Regal Pillow":12,"Vajra":12,"Eternal Feather":20,"The Courier":39,"MawBank":54,"Old Coin":0,"Blood Vial":8,"Anchor":39,"Busted Crown":25,"Ornamental Fan":29,"Membership Card":29,"Cracked Core":0,"Meat on the Bone":3}],"Meat on the Bone":36},"card_choices":[{"not_picked":["Loop","Rebound"],"picked":"Chaos","floor":1},{"not_picked":["Sunder","Chaos"],"picked":"Ball Lightning","floor":4},{"not_picked":["Conserve Battery","BootSequence"],"picked":"Sunder","floor":5},{"not_picked":["Tempest","Machine Learning"],"picked":"Fusion","floor":8},{"not_picked":["Steam","Stack"],"picked":"Ball Lightning","floor":11},{"not_picked":["Rebound","Barrage"],"picked":"Rainbow","floor":14},{"not_picked":["All For One","Multi-Cast"],"picked":"Echo Form","floor":16},{"not_picked":[],"picked":"Conserve Battery","floor":18},{"not_picked":["Stack"],"picked":"SKIP","floor":21},{"not_picked":[],"picked":"Recycle+1","floor":22},{"not_picked":["Go for the Eyes"],"picked":"SKIP","floor":24},{"not_picked":["Beam Cell"],"picked":"SKIP","floor":27},{"not_picked":[],"picked":"Conserve Battery+1","floor":28},{"not_picked":[],"picked":"Leap","floor":30},{"not_picked":["Heatsinks"],"picked":"SKIP","floor":31}],"player_experience":80248,"relics_obtained":[{"floor":8,"key":"Vajra"},{"floor":9,"key":"Regal Pillow"},{"floor":14,"key":"Eternal Feather"},{"floor":24,"key":"The Courier"},{"floor":26,"key":"Anchor"},{"floor":30,"key":"MawBank"}],"event_choices":[{"damage_healed":0,"gold_gain":0,"player_choice":"Grow","damage_taken":0,"max_hp_gain":0,"max_hp_loss":0,"event_name":"Living Wall","floor":3,"gold_loss":0,"cards_upgraded":["Zap"]},{"damage_healed":0,"gold_gain":0,"player_choice":"Gave Potion","damage_taken":0,"relics_obtained":["Blood Vial"],"max_hp_gain":0,"max_hp_loss":0,"event_name":"WeMeetAgain","floor":7,"gold_loss":0},{"damage_healed":0,"gold_gain":0,"player_choice":"Bought 0 Potions","damage_taken":0,"max_hp_gain":0,"max_hp_loss":0,"event_name":"The Woman in Blue","floor":13,"gold_loss":0},{"damage_healed":0,"gold_gain":0,"player_choice":"1 cards matched","damage_taken":0,"max_hp_gain":0,"max_hp_loss":0,"event_name":"Match and Keep!","floor":20,"gold_loss":0,"cards_obtained":["Zap"]},{"damage_healed":0,"gold_gain":0,"player_choice":"Upgraded Two","damage_taken":0,"max_hp_gain":0,"max_hp_loss":0,"event_name":"Designer","floor":29,"gold_loss":40,"cards_upgraded":["Strike_B","Dualcast"]}],"is_beta":false,"boss_relics":[{"not_picked":["Coffee Dripper","Ectoplasm"],"picked":"Busted Crown"}],"items_purged_floors":[],"is_endless":false,"potions_floor_spawned":[1,4,8,16,18,21,27],"killed_by":"Collector","ascension_level":4}}