{"host":"h0a8ax0qh8ne70gi","time":1612204803,"event":{"mods":["AchievementEnabler","BaseMod","BetterRewards","Card Filter","Gold Saver","Grow up Mod","Minty Spire (QoL Compilation)","Permanent Neow","Remove Card Discount Mod","StSLib"],"gold_per_floor":[117,129,149,159,176,201,201,228,228,253,353,364,364,374,374,476,476,494,509,448,460,474,502,514,529,529,562,562,581,581,608,608,704,704,722,735,735,746,257,289,47,73,73,87,115,0,0,0,0,0,0,0,0,27,27],"floor_reached":56,"language":"ENG","playtime":6389,"items_purged":["Strike_P","Strike_P","Strike_P","Strike_P","Defend_P","Defend_P","Defend_P"],"score":1501,"play_id":"6cdedcf0-d67b-4dd3-b66c-07f66b02b7e0","local_time":"20210201104003","is_ascension_mode":true,"campfire_choices":[{"floor":7,"key":"RECALL"},{"data":"BattleHymn","floor":13,"key":"SMITH"},{"data":"Eruption","floor":15,"key":"SMITH"},{"data":"MasterReality","floor":28,"key":"SMITH"},{"data":"FlurryOfBlows","floor":30,"key":"SMITH"},{"data":"Prostrate","floor":32,"key":"SMITH"},{"data":"Alpha","floor":47,"key":"SMITH"},{"data":"Establishment","floor":49,"key":"SMITH"},{"data":"Consecrate","floor":52,"key":"SMITH"}],"circlet_count":0,"master_deck":["Eruption+1","Vigilance","FlurryOfBlows+1","JustLucky","Tantrum","ReachHeaven","Vault","Prostrate","Consecrate","SandsOfTime","BattleHymn+1","ReachHeaven","MasterReality+1","EmptyFist+1","Worship+1","Prostrate+1","ThirdEye","Consecrate+1","Conclude","Alpha+1","Halt","Consecrate+1","DeceiveReality","SandsOfTime","Establishment+1","FollowUp+1","Prostrate+1","Parasite","DeusExMachina","Weave","Vengeance+1","Judgement","Weave+1","Consecrate+1","SandsOfTime+1"],"relics":["PureWater","Bottled Lightning","Nunchaku","Meat on the Bone","VioletLotus","Mango","Sundial","FossilizedHelix","Thread and Needle","Coffee Dripper","Strange Spoon","Bottled Flame","Singing Bowl","Molten Egg 2","Blue Candle","Pocketwatch","Omamori","Red Mask","Shuriken"],"acts_visited":["Exordium","TheCity","TheBeyond","TheEnding"],"potions_floor_usage":[],"damage_taken":[{"damage":23,"enemies":"Jaw Worm","floor":1,"turns":7},{"damage":0,"enemies":"Cultist","floor":2,"turns":3},{"damage":4,"enemies":"Small Slimes","floor":3,"turns":4},{"damage":9,"enemies":"Exordium Wildlife","floor":4,"turns":3},{"damage":0,"enemies":"2 Fungi Beasts","floor":5,"turns":2},{"damage":0,"enemies":"Gremlin Nob","floor":6,"turns":3},{"damage":37,"enemies":"3 Sentries","floor":8,"turns":4},{"damage":43,"enemies":"Gremlin Nob","floor":10,"turns":4},{"damage":8,"enemies":"Red Slaver","floor":12,"turns":3},{"damage":0,"enemies":"Blue Slaver","floor":14,"turns":2},{"damage":86,"enemies":"Hexaghost","floor":16,"turns":6},{"damage":22,"enemies":"Shell Parasite","floor":18,"turns":5},{"damage":29,"enemies":"2 Thieves","floor":19,"turns":3},{"damage":28,"enemies":"3 Cultists","floor":21,"turns":4},{"damage":6,"enemies":"Snecko","floor":22,"turns":4},{"damage":85,"enemies":"Gremlin Leader","floor":23,"turns":6},{"damage":38,"enemies":"Snake Plant","floor":24,"turns":5},{"damage":35,"enemies":"Cultist and Chosen","floor":25,"turns":7},{"damage":32,"enemies":"Book of Stabbing","floor":27,"turns":5},{"damage":10,"enemies":"Centurion and Healer","floor":29,"turns":5},{"damage":88,"enemies":"Slavers","floor":31,"turns":6},{"damage":58,"enemies":"Collector","floor":33,"turns":6},{"damage":33,"enemies":"3 Darklings","floor":35,"turns":5},{"damage":50,"enemies":"3 Shapes","floor":36,"turns":3},{"damage":46,"enemies":"Writhing Mass","floor":38,"turns":6},{"damage":43,"enemies":"Giant Head","floor":40,"turns":8},{"damage":14,"enemies":"Nemesis","floor":42,"turns":5},{"damage":11,"enemies":"4 Shapes","floor":44,"turns":4},{"damage":0,"enemies":"Giant Head","floor":45,"turns":5},{"damage":160,"enemies":"Donu and Deca","floor":50,"turns":10},{"damage":145,"enemies":"Shield and Spear","floor":54,"turns":8},{"damage":269,"enemies":"The Heart","floor":55,"turns":11}],"seed_played":"-3787438552069094560","potions_obtained":[{"floor":4,"key":"BottledMiracle"},{"floor":5,"key":"Explosive Potion"},{"floor":10,"key":"Energy Potion"}],"is_trial":false,"path_per_floor":["M","M","M","M","M","E","R","E","T","E","?","M","R","M","R","B",null,"M","M","$","M","M","E","M","M","T","E","R","M","R","E","R","B",null,"M","M","?","M","$","E","$","E","T","M","E","?","R","?","R","B",null,"R","$","E","B",null],"character_chosen":"WATCHER","items_purchased":["Prostrate","Strange Spoon","Bottled Flame","Weave","Molten Egg 2"],"campfire_rested":0,"item_purchase_floors":[20,39,39,39,41],"current_hp_per_floor":[69,79,85,86,96,106,116,89,99,66,76,90,100,122,132,68,252,240,221,231,213,217,168,152,139,149,139,149,161,171,105,115,79,436,413,373,383,347,357,324,334,330,340,339,349,359,369,586,596,446,616,626,636,501,254],"gold":27,"neow_bonus":"ONE_RANDOM_RARE_CARD","is_daily":false,"chose_seed":false,"campfire_upgraded":8,"win_rate":0.0,"timestamp":1612204803,"path_taken":["M","M","M","M","M","E","R","E","T","E","?","?","R","M","R","BOSS","M","?","$","M","M","E","M","M","T","E","R","M","R","E","R","BOSS","M","M","?","M","$","E","$","E","T","M","E","?","R","?","R","BOSS","R","$","E","BOSS"],"items_purchased_type":["Card","Relic","Relic","Card","Relic"],"build_version":"2020-12-22","purchased_purges":7,"victory":true,"max_hp_per_floor":[92,102,112,122,132,142,152,162,172,182,192,202,212,222,232,242,252,262,272,282,292,302,326,336,346,356,366,376,386,396,406,416,426,436,446,456,466,476,486,496,506,516,526,536,546,556,566,586,596,606,616,626,636,646,656],"card_choices":[{"not_picked":["Halt","EmptyBody"],"picked":"FlurryOfBlows","floor":1},{"not_picked":["Protect","WreathOfFlame"],"picked":"JustLucky","floor":2},{"not_picked":["FlyingSleeves","CrushJoints"],"picked":"Tantrum","floor":3},{"not_picked":["PathToVictory","ForeignInfluence"],"picked":"ReachHeaven","floor":4},{"not_picked":["Protect","Evaluate"],"picked":"Vault","floor":5},{"not_picked":["FollowUp","Halt"],"picked":"Prostrate","floor":6},{"not_picked":["FlyingSleeves","CrushJoints"],"picked":"Consecrate","floor":8},{"not_picked":["Perseverance","WreathOfFlame"],"picked":"SandsOfTime","floor":10},{"not_picked":["FlyingSleeves","Evaluate"],"picked":"BattleHymn","floor":12},{"not_picked":["BowlingBash","Wallop"],"picked":"ReachHeaven","floor":14},{"not_picked":["SpiritShield","Scrawl"],"picked":"MasterReality","floor":16},{"not_picked":["Meditate","Pray"],"picked":"EmptyFist+1","floor":18},{"not_picked":["BowlingBash+1","PathToVictory"],"picked":"Worship+1","floor":19},{"not_picked":["SashWhip","Evaluate"],"picked":"ThirdEye","floor":21},{"not_picked":["Perseverance","EmptyFist"],"picked":"Consecrate","floor":22},{"not_picked":["Meditate","JustLucky"],"picked":"Conclude","floor":23},{"not_picked":["Consecrate","LikeWater+1"],"picked":"Alpha","floor":24},{"not_picked":["Wireheading","ReachHeaven"],"picked":"Halt","floor":25},{"not_picked":["FlyingSleeves","WaveOfTheHand"],"picked":"Consecrate+1","floor":27},{"not_picked":["Study+1","Halt+1"],"picked":"DeceiveReality","floor":29},{"not_picked":["Swivel","Halt+1"],"picked":"SandsOfTime","floor":31},{"not_picked":["Devotion","Judgement"],"picked":"Establishment","floor":33},{"not_picked":["Sanctity","Halt"],"picked":"FollowUp+1","floor":35},{"not_picked":["ThirdEye+1","EmptyFist"],"picked":"Prostrate+1","floor":36},{"not_picked":["FollowUp+1","EmptyBody+1"],"picked":"DeusExMachina","floor":38},{"not_picked":["ForeignInfluence+1","Protect"],"picked":"Vengeance+1","floor":40},{"not_picked":["FlurryOfBlows+1","EmptyFist+1"],"picked":"Judgement","floor":42},{"not_picked":["EmptyFist+1","Adaptation+1"],"picked":"Weave+1","floor":44},{"not_picked":["EmptyFist+1","Protect"],"picked":"Consecrate+1","floor":45},{"not_picked":["InnerPeace+1","Tantrum+1"],"picked":"SandsOfTime+1","floor":54}],"player_experience":148732,"relics_obtained":[{"floor":6,"key":"Bottled Lightning"},{"floor":8,"key":"Nunchaku"},{"floor":10,"key":"Meat on the Bone"},{"floor":23,"key":"Mango"},{"floor":26,"key":"Sundial"},{"floor":27,"key":"FossilizedHelix"},{"floor":31,"key":"Thread and Needle"},{"floor":40,"key":"Singing Bowl"},{"floor":42,"key":"Blue Candle"},{"floor":43,"key":"Pocketwatch"},{"floor":45,"key":"Omamori"},{"floor":54,"key":"Shuriken"}],"event_choices":[{"damage_healed":0,"gold_gain":100,"player_choice":"Pray","damage_taken":0,"max_hp_gain":0,"max_hp_loss":0,"event_name":"Golden Shrine","floor":11,"gold_loss":0},{"cards_removed":["Defend_P"],"damage_healed":0,"gold_gain":0,"player_choice":"Removed Skill","damage_taken":0,"max_hp_gain":0,"max_hp_loss":0,"event_name":"Falling","floor":37,"gold_loss":0},{"damage_healed":0,"gold_gain":0,"player_choice":"Paid","damage_taken":0,"relics_obtained":["Red Mask"],"max_hp_gain":0,"max_hp_loss":0,"event_name":"Tomb of Lord Red Mask","floor":46,"gold_loss":115},{"cards_removed":["Scrawl"],"damage_healed":197,"gold_gain":0,"player_choice":"Offered Rare","damage_taken":0,"max_hp_gain":10,"max_hp_loss":0,"event_name":"Bonfire Elementals","floor":48,"gold_loss":0}],"is_beta":false,"boss_relics":[{"not_picked":["Cursed Key","Fusion Hammer"],"picked":"VioletLotus"},{"not_picked":["Philosopher\u0027s Stone","Sozu"],"picked":"Coffee Dripper"}],"items_purged_floors":[20,20,20,20,39,39,39],"is_endless":false,"potions_floor_spawned":[4,5,10,14,18,21,25,29,33,35,36,40,45],"ascension_level":2}}