{"host":"xz7n3qy1zq36rzpg","time":1612190455,"event":{"mods":["BaseMod","Colored Map","Colored Powertips","Highlight Path","Minty Spire (QoL Compilation)","Quick Restart","Shop Mod"],"gold_per_floor":[109,128,78,26,26,55,69,69,69],"floor_reached":8,"language":"ENG","playtime":369,"items_purged":[],"score":64,"play_id":"df2fade9-a385-4ff3-8562-17d2f9416edf","local_time":"20210201154055","is_ascension_mode":true,"campfire_choices":[],"circlet_count":0,"master_deck":["Strike_B","Strike_B","Strike_B","Strike_B","Defend_B","Defend_B","Defend_B","Zap","Dualcast","Reboot","Coolheaded","Hologram+1","Cold Snap","Capacitor","Beam Cell"],"relics":["Cracked Core","Dead Branch"],"acts_visited":["Exordium"],"potions_floor_usage":[6,8],"damage_taken":[{"damage":4,"enemies":"Small Slimes","floor":1,"turns":3},{"damage":2,"enemies":"Jaw Worm","floor":2,"turns":3},{"damage":40,"enemies":"Gremlin Nob","floor":6,"turns":6},{"damage":0,"enemies":"Cultist","floor":7,"turns":3},{"damage":22,"enemies":"Lagavulin","floor":8,"turns":5}],"seed_played":"-5452287320271973381","potions_obtained":[{"floor":2,"key":"ColorlessPotion"},{"floor":6,"key":"DistilledChaos"}],"is_trial":false,"path_per_floor":["M","M","?","$","?","E","M","E"],"character_chosen":"DEFECT","items_purchased":["Cold Snap"],"campfire_rested":0,"item_purchase_floors":[4],"current_hp_per_floor":[64,62,62,62,62,22,22,0,0],"gold":69,"neow_bonus":"THREE_RARE_CARDS","is_daily":false,"chose_seed":false,"campfire_upgraded":0,"win_rate":0.0,"timestamp":1612190455,"path_taken":["M","M","?","$","?","E","M","E"],"items_purchased_type":["Card"],"build_version":"2020-12-22","purchased_purges":0,"victory":false,"max_hp_per_floor":[68,68,68,68,68,68,68,68,68],"card_choices":[{"not_picked":["Fission","Core Surge"],"picked":"Reboot","floor":0},{"not_picked":["Leap","Compile Driver"],"picked":"Coolheaded","floor":1},{"not_picked":["Rip and Tear","Darkness"],"picked":"Hologram","floor":2},{"not_picked":["Rebound","Compile Driver"],"picked":"Capacitor","floor":6},{"not_picked":["Streamline","Redo"],"picked":"Beam Cell","floor":7}],"player_experience":406379,"relics_obtained":[{"floor":6,"key":"Dead Branch"}],"event_choices":[{"cards_removed":["Defend_B"],"damage_healed":0,"gold_gain":0,"player_choice":"Card Removal","damage_taken":0,"max_hp_gain":0,"max_hp_loss":0,"event_name":"The Cleric","floor":3,"gold_loss":50},{"damage_healed":0,"gold_gain":0,"player_choice":"Upgraded","damage_taken":0,"max_hp_gain":0,"max_hp_loss":0,"event_name":"Upgrade Shrine","floor":5,"gold_loss":0,"cards_upgraded":["Hologram"]}],"is_beta":false,"boss_relics":[],"items_purged_floors":[],"is_endless":false,"potions_floor_spawned":[2,6],"killed_by":"Lagavulin","ascension_level":3}}