{"host":"mw3dmj42qtkbha4b","time":1612184553,"event":{"mods":["BaseMod","Colored Map","Colored Powertips","DeckTracker","Minty Spire (QoL Compilation)","StSLib","SuperFastMode"],"gold_per_floor":[115,129,129,129,141,141,160,160,160,85,10,42,42,68,68,68,68],"floor_reached":16,"language":"KOR","playtime":374,"items_purged":["Strike_P"],"score":216,"play_id":"a47c7cc9-6149-4f63-b838-b1e56ac09deb","local_time":"20210201220233","is_ascension_mode":true,"campfire_choices":[{"data":"Vigilance","floor":6.0,"key":"SMITH"},{"data":"Strike_P","floor":8.0,"key":"SMITH"},{"floor":13.0,"key":"REST"},{"data":"Defend_P","floor":15.0,"key":"SMITH"}],"circlet_count":0,"master_deck":["AscendersBane","Strike_P","Strike_P","Strike_P+1","Defend_P+1","Defend_P","Defend_P","Eruption+1","Vigilance+1","Adaptation+1"],"relics":["PureWater","NeowsBlessing","Frozen Egg 2","Sundial","Kunai"],"acts_visited":["Exordium"],"potions_floor_usage":[16],"damage_taken":[{"damage":0.0,"enemies":"Cultist","floor":1.0,"turns":1.0},{"damage":0.0,"enemies":"Jaw Worm","floor":2.0,"turns":1.0},{"damage":0.0,"enemies":"2 Louse","floor":5.0,"turns":1.0},{"damage":0.0,"enemies":"Exordium Thugs","floor":7.0,"turns":4.0},{"damage":37.0,"enemies":"Gremlin Nob","floor":12.0,"turns":4.0},{"damage":15.0,"enemies":"3 Sentries","floor":14.0,"turns":9.0},{"damage":29,"enemies":"Hexaghost","floor":16,"turns":10}],"seed_played":"7289560014575200400","potions_obtained":[{"floor":5.0,"key":"Ambrosia"},{"floor":12.0,"key":"Dexterity Potion"},{"floor":14.0,"key":"EssenceOfSteel"}],"is_trial":false,"path_per_floor":["M","M","$","?","M","R","M","R","T","?","$","E","R","E","R","B"],"character_chosen":"WATCHER","items_purchased":[],"campfire_rested":1,"item_purchase_floors":[],"current_hp_per_floor":[61,61,61,61,61,61,61,61,61,61,61,24,44,29,29,0,0],"gold":68,"neow_bonus":"THREE_ENEMY_KILL","is_daily":false,"chose_seed":false,"campfire_upgraded":3,"win_rate":0.0,"timestamp":1612184553,"path_taken":["M","?","$","?","M","R","?","R","T","?","$","E","R","E","R","BOSS"],"items_purchased_type":[],"build_version":"2020-12-22","purchased_purges":1,"victory":false,"max_hp_per_floor":[68,68,68,68,68,68,68,68,68,68,68,68,68,68,68,68,68],"card_choices":[{"not_picked":["BowlingBash","Fasting2","Prostrate"],"picked":"SKIP","floor":1.0},{"not_picked":["Crescendo","WaveOfTheHand","Perseverance"],"picked":"SKIP","floor":2.0},{"not_picked":["EmptyBody","LikeWater","SashWhip"],"picked":"SKIP","floor":5.0},{"not_picked":["PathToVictory","FollowUp","ReachHeaven"],"picked":"SKIP","floor":7.0},{"not_picked":["EmptyBody","Wireheading+1","Collect"],"picked":"SKIP","floor":12.0},{"not_picked":["JustLucky","FollowUp"],"picked":"Adaptation+1","floor":14.0}],"player_experience":1775291,"relics_obtained":[{"floor":9.0,"key":"Frozen Egg 2"},{"floor":12.0,"key":"Sundial"},{"floor":14.0,"key":"Kunai"}],"event_choices":[{"damage_healed":0.0,"max_hp_gain":0.0,"max_hp_loss":0.0,"gold_gain":0.0,"event_name":"Accursed Blacksmith","player_choice":"Forge","floor":4.0,"gold_loss":0.0,"damage_taken":0.0,"cards_upgraded":["Eruption"]},{"cards_removed":["Defend_P"],"damage_healed":0.0,"max_hp_gain":0.0,"max_hp_loss":0.0,"gold_gain":0.0,"event_name":"The Cleric","player_choice":"Card Removal","floor":10.0,"gold_loss":75.0,"damage_taken":0.0}],"is_beta":false,"boss_relics":[],"items_purged_floors":[11],"is_endless":false,"potions_floor_spawned":[5,12,14],"killed_by":"Hexaghost","ascension_level":20}}