{"host":"jm9833yuloeli2yd","time":1612200797,"event":{"mods":["BaseMod","Better Altar","Better Match","Better Note","Better Sensory Stone","Better Skull","Better Third Choice","Better Vampires","BetterRewards","Colored Map","Colored Powertips","DeckTracker","Minty Spire (QoL Compilation)","Permanent Neow","Quick Restart","StSLib","SuperFastMode"],"gold_per_floor":[118,128,47,60,76,107,107,72,99,119,147,161,187,187,187,264,264,282,298,316,316,331,331,331,331],"floor_reached":24,"language":"ENG","playtime":865,"items_purged":[],"score":490,"play_id":"c87bd14a-4879-4520-9aa2-4a87ab36b891","local_time":"20210201123317","is_ascension_mode":true,"campfire_choices":[{"data":"Go for the Eyes","floor":7.0,"key":"SMITH"},{"data":"Hologram","floor":15.0,"key":"SMITH"},{"floor":23,"key":"REST"}],"circlet_count":0,"master_deck":["AscendersBane","Strike_B","Strike_B","Defend_B","Defend_B","Defend_B","Defend_B","Zap","Dualcast","Ball Lightning","Cold Snap","Ball Lightning","Cold Snap","Go for the Eyes+1","Glacier","Barrage","Cold Snap","Hologram+1","Creative AI+1","Seek","Hologram","Core Surge","Core Surge","Stack+1"],"relics":["Runic Dome","Juzu Bracelet","Toy Ornithopter","Orichalcum","Cables","Runic Pyramid"],"acts_visited":["Exordium","TheCity"],"potions_floor_usage":[19],"damage_taken":[{"damage":3.0,"enemies":"2 Louse","floor":1.0,"turns":3.0},{"damage":2.0,"enemies":"Small Slimes","floor":2.0,"turns":3.0},{"damage":0.0,"enemies":"Jaw Worm","floor":4.0,"turns":3.0},{"damage":22.0,"enemies":"Exordium Wildlife","floor":5.0,"turns":4.0},{"damage":13.0,"enemies":"Lagavulin","floor":6.0,"turns":6.0},{"damage":15.0,"enemies":"2 Fungi Beasts","floor":10.0,"turns":3.0},{"damage":0.0,"enemies":"Gremlin Nob","floor":11.0,"turns":3.0},{"damage":1.0,"enemies":"Gremlin Gang","floor":12.0,"turns":3.0},{"damage":5.0,"enemies":"3 Sentries","floor":13.0,"turns":7.0},{"damage":18.0,"enemies":"Slime Boss","floor":16.0,"turns":7.0},{"damage":7.0,"enemies":"Spheric Guardian","floor":18.0,"turns":5.0},{"damage":1,"enemies":"Shell Parasite","floor":19,"turns":8},{"damage":41,"enemies":"Centurion and Healer","floor":20,"turns":12},{"damage":8,"enemies":"3 Cultists","floor":22,"turns":5},{"damage":30,"enemies":"Book of Stabbing","floor":24,"turns":5}],"seed_played":"-7822975336008969565","potions_obtained":[{"floor":2.0,"key":"DuplicationPotion"},{"floor":6.0,"key":"GamblersBrew"},{"floor":10.0,"key":"Strength Potion"},{"floor":13.0,"key":"Dexterity Potion"},{"floor":18.0,"key":"AttackPotion"}],"is_trial":false,"path_per_floor":["M","M","$","M","M","E","R","?","T","M","E","M","E","?","R","B",null,"M","M","M","?","M","R","E"],"character_chosen":"DEFECT","items_purchased":["Ball Lightning","SteroidPotion"],"campfire_rested":1,"item_purchase_floors":[3,3],"current_hp_per_floor":[61,59,59,59,37,24,24,41,41,26,31,35,30,30,30,12,56,49,53,12,12,4,25,0,0],"gold":331,"neow_bonus":"BOSS_RELIC","is_daily":false,"chose_seed":false,"campfire_upgraded":2,"win_rate":0.0,"timestamp":1612200797,"path_taken":["M","M","$","M","M","E","R","?","T","M","E","M","E","?","R","BOSS","M","M","M","?","M","R","E"],"items_purchased_type":["Card","Potion"],"build_version":"2020-12-22","purchased_purges":0,"victory":false,"max_hp_per_floor":[71,71,71,71,71,71,71,71,71,71,71,71,71,71,71,71,71,71,71,71,71,71,71,71,71],"card_choices":[{"not_picked":["Cold Snap","Turbo"],"picked":"Ball Lightning","floor":1.0},{"not_picked":["Beam Cell","Rebound"],"picked":"Cold Snap","floor":2.0},{"not_picked":["Compile Driver","Stack"],"picked":"Cold Snap","floor":4.0},{"not_picked":["Recycle","Machine Learning"],"picked":"Go for the Eyes","floor":5.0},{"not_picked":["Sweeping Beam","Conserve Battery"],"picked":"Glacier","floor":6.0},{"not_picked":["Go for the Eyes","Coolheaded"],"picked":"Barrage","floor":10.0},{"not_picked":["Stack","Skim"],"picked":"Cold Snap","floor":11.0},{"not_picked":["Heatsinks","Steam"],"picked":"Hologram","floor":12.0},{"not_picked":["Lockon","Amplify"],"picked":"Creative AI","floor":13.0},{"not_picked":["Hyperbeam","Rainbow"],"picked":"Seek","floor":16.0},{"not_picked":["Reinforced Body","Ball Lightning"],"picked":"Hologram","floor":18.0},{"not_picked":["Coolheaded","Conserve Battery","Stack"],"picked":"SKIP","floor":19},{"not_picked":["Hologram","Leap","Streamline"],"picked":"SKIP","floor":20},{"not_picked":["Multi-Cast","Ball Lightning"],"picked":"Stack+1","floor":22}],"player_experience":1354752,"relics_obtained":[{"floor":6.0,"key":"Juzu Bracelet"},{"floor":9.0,"key":"Toy Ornithopter"},{"floor":11.0,"key":"Orichalcum"},{"floor":13.0,"key":"Cables"}],"event_choices":[{"damage_healed":17.0,"max_hp_gain":0.0,"max_hp_loss":0.0,"gold_gain":0.0,"event_name":"The Cleric","player_choice":"Healed","floor":8.0,"gold_loss":35.0,"damage_taken":0.0},{"damage_healed":0.0,"max_hp_gain":0.0,"max_hp_loss":0.0,"gold_gain":0.0,"event_name":"Living Wall","player_choice":"Grow","floor":14.0,"gold_loss":0.0,"damage_taken":0.0,"cards_upgraded":["Creative AI"]},{"damage_healed":0,"gold_gain":0,"cards_transformed":["Strike_B","Strike_B"],"player_choice":"Became Test Subject","damage_taken":0,"max_hp_gain":0,"max_hp_loss":0,"event_name":"Drug Dealer","floor":21,"gold_loss":0,"cards_obtained":["Core Surge","Core Surge"]}],"is_beta":false,"boss_relics":[{"not_picked":["Sozu","Ectoplasm"],"picked":"Runic Pyramid"}],"items_purged_floors":[],"is_endless":false,"potions_floor_spawned":[2,6,10,13,18],"killed_by":"Book of Stabbing","ascension_level":20}}