{"host":"mnpd8gh7cwxsn5kh","time":1612175533,"event":{"mods":["BaseMod","Bestiary","Block Reminder","Colored Map","Colored Powertips","Highlight Path","Minty Spire (QoL Compilation)","Relic Sorter","Relic Stats"],"gold_per_floor":[109,121,396,34,49,84,84,96,96,96,111,111,142,161,161,263,263,277,277,277,277,72,102,102,121,169,195,205,11,27,62,62,166,166,179,179,193,193,70,103,115,141,141,158,175,228,228,562,562,562],"floor_reached":51,"language":"ENG","playtime":6002,"items_purged":["Regret","Strike_R"],"score":1069,"play_id":"c13c4d75-6754-4be8-b6fe-ffc5d4a23371","local_time":"20210201113213","is_ascension_mode":true,"campfire_choices":[{"data":"Armaments","floor":7,"key":"SMITH"},{"data":"Shrug It Off","floor":12,"key":"SMITH"},{"floor":15,"key":"REST"},{"data":"Body Slam","floor":24,"key":"SMITH"},{"floor":32,"key":"REST"},{"data":"Demon Form","floor":47,"key":"SMITH"},{"data":"Limit Break","floor":49,"key":"SMITH"}],"circlet_count":0,"master_deck":["Strike_R+1","Strike_R","Strike_R","Defend_R","Defend_R","Defend_R","Defend_R","Bash","Shrug It Off+1","Twin Strike","Bludgeon","Armaments+1","Spot Weakness+1","Carnage+1","Whirlwind","True Grit","Cleave","Reaper+1","Shrug It Off+1","Body Slam+1","Shockwave+1","Disarm+1","Demon Form+1","Power Through","Pummel","Shrug It Off","Clothesline","Battle Trance","Flame Barrier","Berserk","Exhume","Exhume","Power Through+1","Flex","Parasite","Dual Wield+1","Sword Boomerang+1","Limit Break+1"],"relics":["SlaversCollar","Tiny Chest","Dream Catcher","InkBottle","Mark of Pain","Nloth\u0027s Gift","Peace Pipe","Membership Card","Red Skull","War Paint","Whetstone","TungstenRod","Sundial","Runic Pyramid","Bottled Tornado","Lantern","Blue Candle","HornCleat","Lizard Tail","CaptainsWheel","Old Coin"],"acts_visited":["Exordium","TheCity","TheBeyond"],"potions_floor_usage":[2,28,33,33,35,46],"damage_taken":[{"damage":1,"enemies":"Cultist","floor":1,"turns":3},{"damage":8,"enemies":"2 Louse","floor":2,"turns":3},{"damage":7,"enemies":"Jaw Worm","floor":5,"turns":2},{"damage":8,"enemies":"Gremlin Nob","floor":6,"turns":3},{"damage":9,"enemies":"Red Slaver","floor":8,"turns":4},{"damage":1,"enemies":"Exordium Thugs","floor":11,"turns":4},{"damage":16,"enemies":"Lagavulin","floor":13,"turns":4},{"damage":0,"enemies":"2 Fungi Beasts","floor":14,"turns":2},{"damage":41,"enemies":"The Guardian","floor":16,"turns":12},{"damage":0,"enemies":"3 Byrds","floor":18,"turns":5},{"damage":58,"enemies":"Slavers","floor":23,"turns":7},{"damage":22,"enemies":"2 Thieves","floor":25,"turns":3},{"damage":15,"enemies":"Gremlin Leader","floor":27,"turns":5},{"damage":21,"enemies":"Cultist and Chosen","floor":28,"turns":6},{"damage":6,"enemies":"Centurion and Healer","floor":30,"turns":7},{"damage":20,"enemies":"Book of Stabbing","floor":31,"turns":5},{"damage":12,"enemies":"Champ","floor":33,"turns":10},{"damage":16,"enemies":"3 Darklings","floor":35,"turns":5},{"damage":38,"enemies":"3 Shapes","floor":37,"turns":10},{"damage":36,"enemies":"Nemesis","floor":40,"turns":15},{"damage":42,"enemies":"Jaw Worm Horde","floor":41,"turns":4},{"damage":25,"enemies":"Reptomancer","floor":42,"turns":8},{"damage":0,"enemies":"Writhing Mass","floor":44,"turns":12},{"damage":20,"enemies":"4 Shapes","floor":45,"turns":4},{"damage":53,"enemies":"2 Orb Walkers","floor":46,"turns":5},{"damage":1,"enemies":"Nemesis","floor":48,"turns":5},{"damage":14,"enemies":"Donu and Deca","floor":50,"turns":6}],"seed_played":"-8129240753453160774","potions_obtained":[{"floor":1,"key":"SteroidPotion"},{"floor":11,"key":"ElixirPotion"},{"floor":16,"key":"FairyPotion"},{"floor":25,"key":"ElixirPotion"},{"floor":31,"key":"ColorlessPotion"},{"floor":33,"key":"PowerPotion"},{"floor":41,"key":"Strength Potion"},{"floor":42,"key":"ElixirPotion"},{"floor":46,"key":"GamblersBrew"}],"is_trial":false,"path_per_floor":["M","M","?","$","M","E","R","M","T","?","M","R","E","M","R","B",null,"M","?","T","?","$","E","R","M","T","E","M","$","M","E","R","B",null,"M","?","M","T","$","E","M","E","T","M","M","?","R","E","R","B",null],"character_chosen":"IRONCLAD","items_purchased":["Bludgeon","Tiny Chest","Membership Card","Body Slam","Shockwave","Pummel","Shrug It Off","TungstenRod","Lantern"],"campfire_rested":2,"item_purchase_floors":[4,4,22,22,22,29,29,29,39],"current_hp_per_floor":[71,63,63,63,56,48,48,39,39,39,38,38,22,22,46,5,61,69,69,69,69,69,29,29,21,21,48,27,27,26,24,48,36,69,64,64,39,39,39,47,36,57,57,80,79,74,74,80,80,66],"gold":562,"neow_bonus":"BOSS_RELIC","is_daily":false,"chose_seed":false,"campfire_upgraded":5,"win_rate":0.0,"timestamp":1612175533,"path_taken":["M","?","?","$","M","E","R","?","T","?","M","R","E","M","R","BOSS","M","?","?","?","$","E","R","?","T","E","M","$","M","E","R","BOSS","M","?","M","?","$","E","M","E","T","M","?","?","R","E","R","BOSS"],"items_purchased_type":["Card","Relic","Relic","Card","Card","Card","Card","Relic","Relic"],"build_version":"2020-12-22","purchased_purges":2,"victory":true,"max_hp_per_floor":[80,80,80,80,80,80,80,80,80,80,80,80,80,80,80,80,80,80,80,80,80,80,80,80,80,80,80,80,80,80,80,80,80,80,80,80,80,80,80,80,80,80,80,80,80,80,80,80,80,80],"relic_stats":{"counters":[27,159],"Blue Candle":[2],"Whetstone":["Strike_R","Carnage"],"War Paint":["Spot Weakness","Shockwave"],"Peace Pipe":1,"Dream Catcher":2,"Lizard Tail":0,"Sundial":[2],"Tiny Chest":2,"Nloth\u0027s Gift":8,"obtain_stats":[{"Lantern":39,"Blue Candle":40,"Whetstone":27,"War Paint":26,"Bottled Tornado":38,"Burning Blood":0,"Old Coin":48,"Peace Pipe":20,"SlaversCollar":0,"Dream Catcher":9,"Lizard Tail":43,"CaptainsWheel":46,"HornCleat":42,"Sundial":31,"Tiny Chest":4,"Mark of Pain":17,"Bag of Marbles":6,"Nloth\u0027s Gift":19,"Membership Card":22,"InkBottle":13,"Red Skull":23,"TungstenRod":29,"Runic Pyramid":34},{"Lantern":19,"Blue Candle":20,"Whetstone":13,"War Paint":12,"Bottled Tornado":19,"Burning Blood":0,"Old Coin":26,"Peace Pipe":10,"SlaversCollar":0,"Dream Catcher":5,"Lizard Tail":22,"CaptainsWheel":25,"HornCleat":22,"Sundial":16,"Tiny Chest":2,"Mark of Pain":9,"Bag of Marbles":4,"Nloth\u0027s Gift":10,"Membership Card":10,"InkBottle":7,"Red Skull":11,"TungstenRod":14,"Runic Pyramid":17},{"Lantern":100,"Blue Candle":115,"Whetstone":57,"War Paint":52,"Bottled Tornado":100,"Burning Blood":0,"Old Coin":153,"Peace Pipe":42,"SlaversCollar":0,"Dream Catcher":15,"Lizard Tail":127,"CaptainsWheel":148,"HornCleat":127,"Sundial":75,"Tiny Chest":6,"Mark of Pain":37,"Bag of Marbles":11,"Nloth\u0027s Gift":42,"Membership Card":42,"InkBottle":23,"Red Skull":49,"TungstenRod":63,"Runic Pyramid":85}],"InkBottle":[34],"TungstenRod":48},"card_choices":[{"not_picked":["Cleave","Bloodletting"],"picked":"Shrug It Off","floor":1},{"not_picked":["Wild Strike","Sword Boomerang"],"picked":"Twin Strike","floor":2},{"not_picked":["Searing Blow","Berserk"],"picked":"Pommel Strike","floor":5},{"not_picked":["Headbutt","Body Slam"],"picked":"Armaments","floor":6},{"not_picked":["Twin Strike","Wild Strike"],"picked":"Spot Weakness","floor":8},{"not_picked":["Wild Strike","Bloodletting"],"picked":"Carnage","floor":11},{"not_picked":["Thunderclap","Body Slam"],"picked":"Whirlwind","floor":13},{"not_picked":["Pommel Strike","Twin Strike"],"picked":"True Grit","floor":14},{"not_picked":["Perfected Strike","Armaments"],"picked":"Cleave","floor":15},{"not_picked":["Double Tap","Exhume"],"picked":"Reaper","floor":16},{"not_picked":["Cleave+1","Pommel Strike"],"picked":"Shrug It Off+1","floor":18},{"not_picked":["Flex","Fire Breathing"],"picked":"Disarm+1","floor":23},{"not_picked":["Searing Blow+1","Body Slam","Heavy Blade"],"picked":"SKIP","floor":25},{"not_picked":["Rampage","Juggernaut"],"picked":"Demon Form","floor":27},{"not_picked":["Spot Weakness","Clash"],"picked":"Power Through","floor":28},{"not_picked":["Reckless Charge","Clash"],"picked":"Clothesline","floor":30},{"not_picked":["Demon Form","Berserk"],"picked":"Battle Trance","floor":31},{"not_picked":["Flex","Twin Strike"],"picked":"Flame Barrier","floor":32},{"not_picked":["Brutality","Bludgeon"],"picked":"Berserk","floor":33},{"not_picked":["Sword Boomerang+1","Flex+1"],"picked":"Exhume","floor":35},{"not_picked":["Cleave","Pommel Strike+1","Combust"],"picked":"SKIP","floor":37},{"not_picked":["Cleave","Pommel Strike+1","Combust"],"picked":"SKIP","floor":37},{"not_picked":["Power Through","Reckless Charge+1"],"picked":"Exhume","floor":40},{"not_picked":["Perfected Strike","Fire Breathing"],"picked":"Power Through+1","floor":41},{"not_picked":["Rampage","Heavy Blade"],"picked":"Flex","floor":42},{"not_picked":["Wild Strike+1","Pommel Strike"],"picked":"Dual Wield+1","floor":44},{"not_picked":["Wild Strike+1","Carnage"],"picked":"Sword Boomerang+1","floor":45},{"not_picked":["Juggernaut","Demon Form"],"picked":"Limit Break","floor":48}],"player_experience":232457,"relics_obtained":[{"floor":6,"key":"Bag of Marbles"},{"floor":9,"key":"Dream Catcher"},{"floor":13,"key":"InkBottle"},{"floor":20,"key":"Peace Pipe"},{"floor":23,"key":"Red Skull"},{"floor":26,"key":"War Paint"},{"floor":27,"key":"Whetstone"},{"floor":31,"key":"Sundial"},{"floor":38,"key":"Bottled Tornado"},{"floor":40,"key":"Blue Candle"},{"floor":42,"key":"HornCleat"},{"floor":43,"key":"Lizard Tail"},{"floor":46,"key":"CaptainsWheel"},{"floor":48,"key":"Old Coin"}],"event_choices":[{"damage_healed":0,"gold_gain":275,"player_choice":"Desecrate","damage_taken":0,"max_hp_gain":0,"max_hp_loss":0,"event_name":"Golden Shrine","floor":3,"gold_loss":0,"cards_obtained":["Regret"]},{"cards_removed":["Strike_R"],"damage_healed":0,"gold_gain":0,"player_choice":"Offered Basic","damage_taken":0,"max_hp_gain":0,"max_hp_loss":0,"event_name":"Bonfire Elementals","floor":10,"gold_loss":0},{"damage_healed":0,"gold_gain":0,"player_choice":"Traded Relic","damage_taken":0,"relics_obtained":["Nloth\u0027s Gift"],"max_hp_gain":0,"max_hp_loss":0,"event_name":"N\u0027loth","floor":19,"relics_lost":["Bag of Marbles"],"gold_loss":0},{"damage_healed":0,"gold_gain":0,"player_choice":"Upgraded","damage_taken":0,"max_hp_gain":0,"max_hp_loss":0,"event_name":"Upgrade Shrine","floor":21,"gold_loss":0,"cards_upgraded":["Reaper"]},{"cards_removed":["Pommel Strike"],"damage_healed":0,"gold_gain":0,"player_choice":"Removed Attack","damage_taken":0,"max_hp_gain":0,"max_hp_loss":0,"event_name":"Falling","floor":36,"gold_loss":0},{"damage_healed":0,"gold_gain":0,"player_choice":"Fight","damage_taken":0,"max_hp_gain":0,"max_hp_loss":0,"event_name":"Mysterious Sphere","floor":46,"gold_loss":0}],"is_beta":false,"boss_relics":[{"not_picked":["Black Star","Fusion Hammer"],"picked":"Mark of Pain"},{"not_picked":["SacredBark","Empty Cage"],"picked":"Runic Pyramid"}],"items_purged_floors":[4,39],"is_endless":false,"potions_floor_spawned":[1,11,16,25,31,33,41,42,46,48],"ascension_level":7}}