{"host":"1c17lcvl7acx821p","time":1612185195,"event":{"mods":["AchievementEnabler","BaseMod","Colored Map","Minty Spire (QoL Compilation)","Quick Restart","Relic Sorter","StSLib"],"gold_per_floor":[115,190,200,216,227,227,257,257,257,432,432,465,465,482,482,558,558,541,440,451,36,54,80,80,96,96,96,96,130,146,172,192,192,266,266,276,291,75,75,350,379,379,411,411,424,458,468,497,511,511,511,511,511,37,71,71],"floor_reached":57,"language":"ENG","playtime":6255,"items_purged":["Strike_G","Strike_G"],"score":2087,"play_id":"eb006c4a-6ce1-4a77-a1ae-ce0a59586374","local_time":"20210201151315","is_ascension_mode":true,"campfire_choices":[{"data":"Dash","floor":6,"key":"SMITH"},{"data":"Deadly Poison","floor":8,"key":"SMITH"},{"data":"Night Terror","floor":13,"key":"SMITH"},{"data":"Poisoned Stab","floor":15,"key":"SMITH"},{"data":"Venomology","floor":24,"key":"SMITH"},{"data":"Deadly Poison","floor":33,"key":"SMITH"},{"data":"Neutralize","floor":42,"key":"SMITH"},{"floor":50,"key":"RECALL"},{"data":"Envenom","floor":53,"key":"SMITH"}],"circlet_count":0,"master_deck":["AscendersBane","Strike_G","Strike_G","Strike_G","Defend_G","Defend_G","Defend_G","Defend_G","Defend_G+1","Survivor+1","Neutralize+1","Backstab","Deadly Poison+1","Dash+1","Poisoned Stab+1","Night Terror+1","Venomology+1","Deadly Poison+1","Leg Sweep+1","Deadly Poison+1","Deflect+1","Acrobatics+1","Escape Plan+1","Escape Plan+1","Backflip+1","Blur+1","Burst+1","Backflip+1","Master of Strategy+1","Escape Plan+1","Regret","Acrobatics+1","Envenom+1","Noxious Fumes","Acrobatics+1"],"relics":["Coffee Dripper","Singing Bowl","Boot","Toy Ornithopter","Black Star","Toxic Egg 2","Paper Crane","Pear","Bottled Flame","Nunchaku","Du-Vu Doll","Sundial","White Beast Statue","Dream Catcher","SlaversCollar","Ornamental Fan","Mummified Hand","Akabeko","Bottled Lightning","Meat on the Bone","Potion Belt","Question Card","Ancient Tea Set","OrangePellets","Kunai","War Paint","Pen Nib"],"acts_visited":["Exordium","TheCity","TheBeyond","TheEnding"],"potions_floor_usage":[12,16,18,20,22,23,23,25,25,29,29,29,30,31,31,32,32,32,32,34,34,34,34,34,34,34,34,34,36,37,37,37,41,41,43,43,43,43,43,43,43,43,45,45,45,45,46,46,46,48,48,48,48,48,48,48,49,49,49,51,51,51,55,56,56,56,56,56,56,56,56,56],"damage_taken":[{"damage":0,"enemies":"Cultist","floor":1,"turns":4},{"damage":5,"enemies":"Jaw Worm","floor":3,"turns":4},{"damage":0,"enemies":"Small Slimes","floor":4,"turns":3},{"damage":4,"enemies":"3 Louse","floor":5,"turns":3},{"damage":10,"enemies":"Lagavulin","floor":12,"turns":4},{"damage":9,"enemies":"Red Slaver","floor":14,"turns":2},{"damage":11,"enemies":"Hexaghost","floor":16,"turns":8},{"damage":17,"enemies":"2 Thieves","floor":18,"turns":4},{"damage":7,"enemies":"3 Byrds","floor":20,"turns":3},{"damage":11,"enemies":"Cultist and Chosen","floor":22,"turns":8},{"damage":15,"enemies":"Book of Stabbing","floor":23,"turns":6},{"damage":7,"enemies":"Shelled Parasite and Fungi","floor":25,"turns":5},{"damage":2,"enemies":"Gremlin Leader","floor":29,"turns":18},{"damage":28,"enemies":"3 Cultists","floor":30,"turns":5},{"damage":8,"enemies":"Slavers","floor":31,"turns":7},{"damage":7,"enemies":"Chosen and Byrds","floor":32,"turns":7},{"damage":20,"enemies":"Champ","floor":34,"turns":11},{"damage":7,"enemies":"Orb Walker","floor":36,"turns":5},{"damage":6,"enemies":"3 Shapes","floor":37,"turns":6},{"damage":3,"enemies":"Giant Head","floor":41,"turns":8},{"damage":1,"enemies":"Reptomancer","floor":43,"turns":7},{"damage":34,"enemies":"Sphere and 2 Shapes","floor":45,"turns":6},{"damage":28,"enemies":"Nemesis","floor":46,"turns":9},{"damage":28,"enemies":"4 Shapes","floor":47,"turns":11},{"damage":8,"enemies":"Giant Head","floor":48,"turns":9},{"damage":0,"enemies":"Maw","floor":49,"turns":7},{"damage":59,"enemies":"Time Eater","floor":51,"turns":13},{"damage":21,"enemies":"Shield and Spear","floor":55,"turns":10},{"damage":35,"enemies":"The Heart","floor":56,"turns":14}],"seed_played":"4471283209589913688","potions_obtained":[{"floor":3,"key":"SteroidPotion"},{"floor":5,"key":"DistilledChaos"},{"floor":16,"key":"ColorlessPotion"},{"floor":22,"key":"LiquidMemories"},{"floor":23,"key":"FairyPotion"},{"floor":25,"key":"FairyPotion"},{"floor":28,"key":"AttackPotion"},{"floor":28,"key":"EssenceOfSteel"},{"floor":28,"key":"Poison Potion"},{"floor":29,"key":"BlessingOfTheForge"},{"floor":30,"key":"Energy Potion"},{"floor":32,"key":"DistilledChaos"},{"floor":34,"key":"Energy Potion"},{"floor":36,"key":"EntropicBrew"},{"floor":37,"key":"AttackPotion"},{"floor":41,"key":"DuplicationPotion"},{"floor":43,"key":"BlessingOfTheForge"},{"floor":45,"key":"BlessingOfTheForge"},{"floor":46,"key":"DuplicationPotion"},{"floor":47,"key":"SkillPotion"},{"floor":48,"key":"Block Potion"},{"floor":49,"key":"LiquidBronze"},{"floor":55,"key":"DistilledChaos"}],"is_trial":false,"path_per_floor":["M","?","M","M","M","R","?","R","T","?","?","E","R","M","R","B",null,"M","$","M","$","M","E","R","M","T","T","?","E","M","E","M","R","B",null,"M","M","$","?","?","E","R","E","T","M","E","M","E","M","R","B",null,"R","$","E","B",null],"character_chosen":"THE_SILENT","items_purchased":["Deadly Poison","Toxic Egg 2","Deadly Poison+1","Deflect+1","Master of Strategy+1","Escape Plan+1","OrangePellets","Noxious Fumes","Kunai","Acrobatics+1"],"campfire_rested":0,"item_purchase_floors":[19,21,21,21,38,38,54,54,54,54],"current_hp_per_floor":[59,48,43,43,39,39,39,39,39,39,39,29,29,22,22,16,55,45,45,43,43,37,44,44,47,47,47,47,60,39,41,54,54,73,81,81,86,86,82,82,81,81,85,85,54,43,29,92,92,92,50,82,82,82,68,78],"gold":71,"neow_bonus":"BOSS_RELIC","is_daily":false,"chose_seed":false,"campfire_upgraded":8,"win_rate":0.0,"timestamp":1612185195,"path_taken":["M","?","M","M","M","R","?","R","T","?","?","E","R","?","R","BOSS","M","$","M","$","M","E","R","M","T","T","?","E","?","E","?","R","BOSS","M","M","$","?","?","E","R","E","T","M","E","M","E","M","R","BOSS","R","$","E","BOSS"],"items_purchased_type":["Card","Relic","Card","Card","Card","Card","Relic","Card","Relic","Card"],"build_version":"2020-12-22","purchased_purges":2,"victory":true,"max_hp_per_floor":[66,66,66,66,66,66,66,66,66,66,66,66,66,68,68,68,68,70,70,70,70,70,82,82,82,82,82,82,82,84,84,84,84,84,84,86,86,86,82,82,84,84,86,86,88,90,92,92,92,92,92,92,92,92,94,94],"card_choices":[{"not_picked":["Outmaneuver","Dodge and Roll"],"picked":"Backstab","floor":1},{"not_picked":["Blade Dance","Deflect"],"picked":"Deadly Poison","floor":3},{"not_picked":["Backstab","A Thousand Cuts"],"picked":"Dash","floor":4},{"not_picked":["Backflip","Blade Dance"],"picked":"Poisoned Stab","floor":5},{"not_picked":["Distraction","Dagger Throw"],"picked":"Night Terror","floor":12},{"not_picked":["Slice","Outmaneuver","Dagger Throw"],"picked":"Singing Bowl","floor":14},{"not_picked":["Envenom","Glass Knife"],"picked":"Venomology","floor":16},{"not_picked":["Distraction","Sucker Punch","Cloak And Dagger"],"picked":"Singing Bowl","floor":18},{"not_picked":["Noxious Fumes","Terror"],"picked":"Leg Sweep+1","floor":20},{"not_picked":["PiercingWail+1","Backflip+1"],"picked":"Acrobatics+1","floor":22},{"not_picked":["Endless Agony","Quick Slash","Predator"],"picked":"Singing Bowl","floor":23},{"not_picked":["Deflect+1","Flying Knee"],"picked":"Escape Plan+1","floor":25},{"not_picked":["Phantasmal Killer+1","Accuracy"],"picked":"Escape Plan+1","floor":29},{"not_picked":["Outmaneuver+1","Prepared+1","Slice"],"picked":"Singing Bowl","floor":30},{"not_picked":["Dodge and Roll+1","Escape Plan+1"],"picked":"Backflip+1","floor":31},{"not_picked":["Expertise+1","Prepared+1"],"picked":"Blur+1","floor":32},{"not_picked":["Corpse Explosion+1","A Thousand Cuts"],"picked":"Burst+1","floor":34},{"not_picked":["Dodge and Roll+1","Outmaneuver+1","Caltrops"],"picked":"Singing Bowl","floor":36},{"not_picked":["Well Laid Plans","Dash+1"],"picked":"Backflip+1","floor":37},{"not_picked":["Heel Hook","Accuracy","Underhanded Strike"],"picked":"Singing Bowl","floor":41},{"not_picked":["Dagger Spray","Dodge and Roll+1","Blade Dance+1"],"picked":"Singing Bowl","floor":43},{"not_picked":["Concentrate+1","Choke","Sucker Punch"],"picked":"Singing Bowl","floor":45},{"not_picked":["Distraction+1","Sucker Punch+1","Accuracy+1"],"picked":"Singing Bowl","floor":46},{"not_picked":["Bane","Flechettes","Setup+1"],"picked":"Singing Bowl","floor":47},{"not_picked":["Sucker Punch","Deflect+1"],"picked":"Acrobatics+1","floor":48},{"not_picked":["Deflect+1","Slice","Skewer+1"],"picked":"Envenom","floor":49},{"not_picked":["Choke","Poisoned Stab+1","Escape Plan+1","Dash"],"picked":"Singing Bowl","floor":55}],"player_experience":258001,"relics_obtained":[{"floor":9,"key":"Boot"},{"floor":12,"key":"Toy Ornithopter"},{"floor":23,"key":"Paper Crane"},{"floor":23,"key":"Pear"},{"floor":26,"key":"Bottled Flame"},{"floor":27,"key":"Nunchaku"},{"floor":29,"key":"Du-Vu Doll"},{"floor":29,"key":"Sundial"},{"floor":31,"key":"White Beast Statue"},{"floor":31,"key":"Dream Catcher"},{"floor":41,"key":"Ornamental Fan"},{"floor":41,"key":"Mummified Hand"},{"floor":43,"key":"Akabeko"},{"floor":43,"key":"Bottled Lightning"},{"floor":46,"key":"Meat on the Bone"},{"floor":46,"key":"Potion Belt"},{"floor":48,"key":"Question Card"},{"floor":48,"key":"Ancient Tea Set"},{"floor":55,"key":"War Paint"},{"floor":55,"key":"Pen Nib"}],"event_choices":[{"damage_healed":0,"gold_gain":75,"player_choice":"Gather Gold","damage_taken":11,"max_hp_gain":0,"max_hp_loss":0,"event_name":"World of Goop","floor":2,"gold_loss":0},{"damage_healed":0,"gold_gain":30,"player_choice":"Searched \u00273\u0027 times","damage_taken":0,"relics_obtained":["Singing Bowl"],"max_hp_gain":0,"max_hp_loss":0,"event_name":"Dead Adventurer","floor":7,"gold_loss":0},{"damage_healed":0,"gold_gain":175,"player_choice":"AGREE","damage_taken":0,"max_hp_gain":0,"max_hp_loss":0,"event_name":"Liars Game","floor":10,"gold_loss":0,"cards_obtained":["Doubt"]},{"cards_removed":["Doubt"],"damage_healed":0,"gold_gain":0,"player_choice":"Purged","damage_taken":0,"max_hp_gain":0,"max_hp_loss":0,"event_name":"Purifier","floor":11,"gold_loss":0},{"damage_healed":0,"gold_gain":0,"player_choice":"Got Potions","damage_taken":0,"max_hp_gain":0,"max_hp_loss":0,"event_name":"Lab","floor":28,"gold_loss":0},{"damage_healed":0,"gold_gain":0,"player_choice":"Max HP","damage_taken":0,"max_hp_gain":0,"max_hp_loss":4,"event_name":"Winding Halls","floor":39,"gold_loss":0},{"damage_healed":0,"gold_gain":275,"player_choice":"Desecrate","damage_taken":0,"max_hp_gain":0,"max_hp_loss":0,"event_name":"Golden Shrine","floor":40,"gold_loss":0,"cards_obtained":["Regret"]}],"is_beta":false,"boss_relics":[{"not_picked":["HoveringKite","Sozu"],"picked":"Black Star"},{"not_picked":["Philosopher\u0027s Stone","Cursed Key"],"picked":"SlaversCollar"}],"items_purged_floors":[19,21],"is_endless":false,"potions_floor_spawned":[3,5,16,22,23,25,29,30,32,34,36,37,41,43,45,46,47,48,49,55],"ascension_level":14}}