{"host":"4mwxwqvoirj3cq7x","time":1612141763,"event":{"mods":["BaseMod","KinomotoSakuraMod(Ä¾Ö®±¾Ó£)","Minty Spire (QoL Compilation)","StSLib"],"gold_per_floor":[116,266,43,53,66,66,93,93,93,110,110,110,127,141,141,217,217,234,234,250,261,277,312,312,312,312,322,337,337,368,387,387,466,466,485,495,512,522,206,232,232,261,270,296,306,341,384,384,384,384,384,384,117,151,151,151],"floor_reached":55,"language":"ZHS","playtime":2067,"items_purged":["Doubt","Injury","Pain"],"score":1636,"play_id":"7412cb68-fa2a-4816-b303-283fbd94ac75","local_time":"20210201090923","is_ascension_mode":true,"campfire_choices":[{"data":"ClowCardTheArrow","floor":6.0,"key":"SMITH"},{"data":"SpellCardSeal","floor":8.0,"key":"SMITH"},{"data":"ClowCardTheChange","floor":11.0,"key":"SMITH"},{"data":"ClowCardTheGlow","floor":15.0,"key":"SMITH"},{"floor":25.0,"key":"REST"},{"floor":29.0,"key":"REST"},{"data":"ClowCardTheFloat","floor":32,"key":"SMITH"},{"floor":49,"key":"RECALL"},{"data":"ClowCardTheBig","floor":52,"key":"SMITH"}],"circlet_count":0,"master_deck":["SakuraCardTheShield+","SakuraCardTheFly+","SakuraCardTheSword+","AscendersBane","ClowCardTheSword+1","ClowCardTheSword+1","ClowCardTheSword+1","ClowCardTheShield+1","ClowCardTheShield+1","SpellCardSeal+1","SpellCardRelease","ClowCardTheChange+1","ClowCardTheArrow+1","ClowCardTheGlow+1","ClowCardTheLight+1","ClowCardTheFly+1","ClowCardTheFloat+1","ClowCardTheBig+1","ClowCardTheNothing","ClowCardTheJump"],"relics":["KSMOD_SealedBook","KSMOD_SealedWand","Potion Belt","Chemical X","StoneCalendar","Cursed Key","Darkstone Periapt","Mercury Hourglass","CeramicFish","Busted Crown","Lee\u0027s Waffle","Mango","FossilizedHelix","Letter Opener","Boot","Nunchaku","Orrery","Toy Ornithopter"],"acts_visited":["TheCity","TheBeyond","TheEnding"],"potions_floor_usage":[37,40,46,55,55,55],"damage_taken":[{"damage":6.0,"enemies":"Jaw Worm","floor":1.0,"turns":4.0},{"damage":3.0,"enemies":"Small Slimes","floor":4.0,"turns":4.0},{"damage":0.0,"enemies":"2 Louse","floor":5.0,"turns":1.0},{"damage":0.0,"enemies":"Gremlin Nob","floor":7.0,"turns":1.0},{"damage":6.0,"enemies":"Lots of Slimes","floor":10.0,"turns":2.0},{"damage":0.0,"enemies":"2 Fungi Beasts","floor":13.0,"turns":2.0},{"damage":0.0,"enemies":"Large Slime","floor":14.0,"turns":3.0},{"damage":12.0,"enemies":"The Guardian","floor":16.0,"turns":7.0},{"damage":3.0,"enemies":"3 Byrds","floor":18.0,"turns":4.0},{"damage":11.0,"enemies":"2 Thieves","floor":20.0,"turns":2.0},{"damage":0.0,"enemies":"Snecko","floor":21.0,"turns":2.0},{"damage":9.0,"enemies":"3 Cultists","floor":22.0,"turns":5.0},{"damage":23.0,"enemies":"Slavers","floor":23.0,"turns":4.0},{"damage":14.0,"enemies":"Centurion and Healer","floor":27.0,"turns":2.0},{"damage":0.0,"enemies":"Cultist and Chosen","floor":28.0,"turns":2.0},{"damage":0.0,"enemies":"Book of Stabbing","floor":30.0,"turns":2.0},{"damage":6,"enemies":"Snake Plant","floor":31,"turns":2},{"damage":17,"enemies":"Automaton","floor":33,"turns":5},{"damage":11,"enemies":"3 Shapes","floor":35,"turns":4},{"damage":9,"enemies":"3 Darklings","floor":36,"turns":3},{"damage":0,"enemies":"Spire Growth","floor":37,"turns":4},{"damage":12,"enemies":"4 Shapes","floor":38,"turns":4},{"damage":6,"enemies":"Reptomancer","floor":40,"turns":5},{"damage":0,"enemies":"Giant Head","floor":42,"turns":4},{"damage":5,"enemies":"Reptomancer","floor":44,"turns":2},{"damage":3,"enemies":"Maw","floor":45,"turns":3},{"damage":6,"enemies":"Nemesis","floor":46,"turns":4},{"damage":24,"enemies":"KSMOD_TheNothingMonster","floor":47,"turns":3},{"damage":47,"enemies":"Donu and Deca","floor":50,"turns":6},{"damage":40,"enemies":"Shield and Spear","floor":54,"turns":4},{"damage":105,"enemies":"The Heart","floor":55,"turns":6}],"seed_played":"7865284240221427992","potions_obtained":[{"floor":4.0,"key":"DuplicationPotion"},{"floor":13.0,"key":"Fruit Juice"},{"floor":16.0,"key":"DuplicationPotion"},{"floor":22.0,"key":"ColorlessPotion"},{"floor":27.0,"key":"Swift Potion"},{"floor":28.0,"key":"Block Potion"},{"floor":30.0,"key":"Dexterity Potion"},{"floor":31,"key":"Energy Potion"},{"floor":33,"key":"Swift Potion"},{"floor":40,"key":"SkillPotion"},{"floor":41,"key":"FairyPotion"},{"floor":46,"key":"FearPotion"}],"is_trial":false,"path_per_floor":["M","?","$","M","M","R","E","R","T","M","R","?","M","M","R","B",null,"M","?","M","M","M","E","?","R","T","M","M","R","E","M","R","B",null,"M","M","M","M","$","E","?","E","T","E","M","E","?","?","R","B",null,"R","$","E","B"],"character_chosen":"KINOMOTOSAKURA","items_purchased":["Chemical X","ClowCardTheBig","Lee\u0027s Waffle","Orrery"],"campfire_rested":2,"item_purchase_floors":[3,39,39,53],"current_hp_per_floor":[53,53,53,50,50,50,50,50,50,44,44,44,49,49,49,37,62,59,59,48,48,39,16,16,37,43,29,29,51,51,45,45,28,64,53,44,44,32,83,91,91,91,97,92,89,83,59,59,59,12,80,80,80,40,0,0],"gold":151,"neow_bonus":"RANDOM_COMMON_RELIC","is_daily":false,"chose_seed":false,"campfire_upgraded":6,"win_rate":0.0,"timestamp":1612141763,"path_taken":["M","?","$","M","M","R","E","R","T","M","R","?","M","M","R","BOSS","M","?","M","M","M","E","?","R","T","M","?","R","E","M","R","BOSS","M","M","M","M","$","E","?","E","T","E","?","E","?","?","R","BOSS","R","$","E","BOSS"],"items_purchased_type":["Relic","Card","Relic","Relic"],"build_version":"2020-12-22","purchased_purges":3,"victory":false,"max_hp_per_floor":[65,65,65,65,65,65,65,65,65,65,65,65,70,70,70,70,70,70,70,70,70,70,70,70,70,76,76,76,76,76,76,76,76,76,76,76,76,76,83,97,97,97,103,103,103,103,103,103,103,103,103,103,103,103,103,103],"card_choices":[{"not_picked":["ClowCardTheMist","ClowCardTheLibra"],"picked":"ClowCardTheChange","floor":1.0},{"not_picked":["ClowCardTheMirror","ClowCardTheCloud"],"picked":"ClowCardTheArrow","floor":4.0},{"not_picked":["ClowCardTheMist","ClowCardTheErase","ClowCardTheCloud"],"picked":"SKIP","floor":5.0},{"not_picked":["ClowCardTheShadow","ClowCardTheSand","ClowCardTheThrough"],"picked":"SKIP","floor":7.0},{"not_picked":["ClowCardTheFirey","ClowCardTheLock","ClowCardTheWave"],"picked":"SKIP","floor":10.0},{"not_picked":["ClowCardTheRain","ClowCardThePower","ClowCardTheSnow"],"picked":"SKIP","floor":13.0},{"not_picked":["ClowCardTheShadow","ClowCardTheRain"],"picked":"ClowCardTheGlow","floor":14.0},{"not_picked":["ClowCardTheThunder","ClowCardTheTime"],"picked":"ClowCardTheLight","floor":16.0},{"not_picked":["ClowCardTheSleep+1","ClowCardTheRain"],"picked":"ClowCardTheFly","floor":18.0},{"not_picked":["ClowCardTheLittle","ClowCardTheWatery","ClowCardTheArrow"],"picked":"SKIP","floor":20.0},{"not_picked":["ClowCardTheSong","ClowCardTheErase","ClowCardThePower"],"picked":"SKIP","floor":21.0},{"not_picked":["ClowCardTheFloat","ClowCardTheSong","ClowCardTheRain"],"picked":"SKIP","floor":22.0},{"not_picked":["ClowCardTheFloat","ClowCardTheSong","ClowCardTheRain"],"picked":"SKIP","floor":22.0},{"not_picked":["ClowCardTheLoop","ClowCardTheFloat"],"picked":"ClowCardTheFly","floor":23.0},{"not_picked":["ClowCardTheCloud+1","ClowCardTheRain","ClowCardTheLight"],"picked":"SKIP","floor":27.0},{"not_picked":["ClowCardTheIllusion","ClowCardTheCloud","ClowCardTheLoop"],"picked":"SKIP","floor":28.0},{"not_picked":["ClowCardTheSleep","ClowCardTheLoop","ClowCardTheShadow"],"picked":"SKIP","floor":30.0},{"not_picked":["ClowCardThePower","ClowCardTheWood"],"picked":"ClowCardTheFloat","floor":31},{"not_picked":["ClowCardTheShot"],"picked":"SKIP","floor":35},{"not_picked":["ClowCardTheLibra"],"picked":"SKIP","floor":36},{"not_picked":["ClowCardTheRain"],"picked":"SKIP","floor":37},{"not_picked":["ClowCardTheErase"],"picked":"SKIP","floor":38},{"not_picked":["ClowCardTheWood"],"picked":"SKIP","floor":40},{"not_picked":["ClowCardTheCloud+1"],"picked":"SKIP","floor":42},{"not_picked":["ClowCardThePower"],"picked":"SKIP","floor":44},{"not_picked":["ClowCardTheWindy"],"picked":"SKIP","floor":45},{"not_picked":["ClowCardTheSleep"],"picked":"SKIP","floor":46},{"not_picked":[],"picked":"ClowCardTheJump","floor":53},{"not_picked":["ClowCardTheTwin"],"picked":"SKIP","floor":54}],"player_experience":625362,"relics_obtained":[{"floor":7.0,"key":"StoneCalendar"},{"floor":23.0,"key":"Darkstone Periapt"},{"floor":26.0,"key":"Mercury Hourglass"},{"floor":30.0,"key":"CeramicFish"},{"floor":40,"key":"Mango"},{"floor":42,"key":"FossilizedHelix"},{"floor":43,"key":"Letter Opener"},{"floor":44,"key":"Boot"},{"floor":46,"key":"Nunchaku"},{"floor":54,"key":"Toy Ornithopter"}],"event_choices":[{"damage_healed":0.0,"max_hp_gain":0.0,"max_hp_loss":0.0,"gold_gain":150.0,"event_name":"Liars Game","player_choice":"AGREE","floor":2.0,"gold_loss":0.0,"damage_taken":0.0,"cards_obtained":["Doubt"]},{"cards_removed":["ClowCardTheShield"],"damage_healed":0.0,"max_hp_gain":0.0,"max_hp_loss":0.0,"gold_gain":0.0,"event_name":"Living Wall","player_choice":"Forget","floor":12.0,"gold_loss":0.0,"damage_taken":0.0},{"damage_healed":0.0,"max_hp_gain":0.0,"max_hp_loss":0.0,"gold_gain":0.0,"event_name":"Back to Basics","player_choice":"Simplicity","floor":19.0,"gold_loss":0.0,"damage_taken":0.0,"cards_upgraded":["ClowCardTheSword","ClowCardTheSword","ClowCardTheSword","ClowCardTheShield","ClowCardTheShield","ClowCardTheShield"]},{"damage_healed":0.0,"max_hp_gain":0.0,"max_hp_loss":0.0,"gold_gain":0.0,"event_name":"Accursed Blacksmith","player_choice":"Forge","floor":24.0,"gold_loss":0.0,"damage_taken":0.0,"cards_upgraded":["ClowCardTheFly"]},{"damage_healed":0,"gold_gain":0,"player_choice":"Got Potions","damage_taken":0,"max_hp_gain":0,"max_hp_loss":0,"event_name":"Lab","floor":41,"gold_loss":0},{"damage_healed":0,"gold_gain":0,"player_choice":"Upgraded","damage_taken":0,"max_hp_gain":0,"max_hp_loss":0,"event_name":"Upgrade Shrine","floor":48,"gold_loss":0,"cards_upgraded":["ClowCardTheLight"]}],"is_beta":false,"boss_relics":[{"not_picked":["Pandora\u0027s Box","SlaversCollar"],"picked":"Cursed Key"},{"not_picked":["Fusion Hammer","Philosopher\u0027s Stone"],"picked":"Busted Crown"}],"items_purged_floors":[3,39,53],"is_endless":false,"potions_floor_spawned":[4,13,16,22,27,28,30,31,33,35,40,45,46,47,54],"killed_by":"The Heart","ascension_level":15}}