{"host":"72j3if4hls1tefkc","time":1612210320,"event":{"mods":["AchievementEnabler","Always Whale","Aspiration","BaseMod","Colored Map","Conspire","FetchMod","Halation","Hubris","Infinite Spire","Minty Spire (QoL Compilation)","Reliquary","Replay The Spire","Shop Mod","StSLib","The Construct","The Jungle"],"gold_per_floor":[117,132,152,170,170,199,214,214,282,282,301,112,127,147,147,249,249,264,264,244,264,281,281,281],"floor_reached":23,"language":"ENG","playtime":1053,"items_purged":["Strike_R"],"score":326,"play_id":"a256f1a5-4da6-4538-a4f2-3a88dbf249f3","local_time":"20210201131200","is_ascension_mode":true,"campfire_choices":[{"data":"Inflame","floor":10,"key":"SMITH"},{"floor":15,"key":"REST"}],"circlet_count":0,"master_deck":["Strike_R","Strike_R","Defend_R","Defend_R","Defend_R","Defend_R","Bash","Inflame+1","Flex","conspire:Charge","Heavy Blade","Heavy Blade","Seeing Red","ReplayTheSpireMod:Stacked","Iron Wave","Pummel","Feed","Warcry+1","Anger+1"],"relics":["Burning Blood","infinitespire:DarkRift","Smiling Mask","reliquary:Stiletto","halation:Toothbrush","MerchantsRug","conspire:RunicOctahedron"],"acts_visited":["Exordium","TheCity"],"potions_floor_usage":[6,11,22,23,23],"damage_taken":[{"damage":19,"enemies":"infinitespire:Voidling","floor":1,"turns":4},{"damage":13,"enemies":"2 Louse","floor":2,"turns":3},{"damage":7,"enemies":"Small Slimes","floor":3,"turns":5},{"damage":7,"enemies":"2 Fungi Beasts","floor":4,"turns":5},{"damage":20,"enemies":"Lagavulin","floor":6,"turns":5},{"damage":11,"enemies":"Looter","floor":7,"turns":2},{"damage":24,"enemies":"Lots of Slimes","floor":11,"turns":5},{"damage":4,"enemies":"Gremlin Gang","floor":13,"turns":4},{"damage":1,"enemies":"Exordium Wildlife","floor":14,"turns":4},{"damage":0,"enemies":"Slime Boss","floor":16,"turns":2},{"damage":1,"enemies":"Chosen","floor":18,"turns":4},{"damage":16,"enemies":"Shell Parasite","floor":21,"turns":6},{"damage":8,"enemies":"Centurion and Healer","floor":22,"turns":5},{"damage":80,"enemies":"Slavers","floor":23,"turns":6}],"seed_played":"-7555435671617972733","potions_obtained":[{"floor":4,"key":"PowerPotion"},{"floor":7,"key":"BlessingOfTheForge"},{"floor":13,"key":"SpeedPotion"},{"floor":18,"key":"LiquidMemories"},{"floor":20,"key":"FearPotion"}],"is_trial":false,"path_per_floor":["M","M","M","M","?","E","M","?","T","R","M","$","M","M","R","B",null,"M","?","?","M","M","E"],"character_chosen":"IRONCLAD","items_purchased":["Iron Wave","MerchantsRug"],"campfire_rested":1,"item_purchase_floors":[12,12],"current_hp_per_floor":[76,69,68,67,64,50,45,38,38,38,20,23,25,30,54,60,83,83,86,86,79,80,0,0],"gold":281,"neow_bonus":"NOSTALGIA","is_daily":false,"chose_seed":false,"campfire_upgraded":1,"win_rate":0.0,"timestamp":1612210320,"path_taken":["M","M","?","M","?","E","M","?","T","R","M","$","M","M","R","BOSS","M","?","?","M","M","E"],"items_purchased_type":["Card","Relic"],"build_version":"2020-12-22","purchased_purges":1,"victory":false,"max_hp_per_floor":[80,80,80,80,80,80,80,80,80,80,80,83,83,83,83,83,83,83,86,86,89,92,92,92],"card_choices":[{"not_picked":["Searing Blow","Perfected Strike"],"picked":"Inflame","floor":1},{"not_picked":["Warcry","ReplayTheSpireMod:Limb From Limb"],"picked":"Flex","floor":2},{"not_picked":["Clash","Pommel Strike"],"picked":"conspire:Charge","floor":3},{"not_picked":["Perfected Strike","Clothesline"],"picked":"Heavy Blade","floor":4},{"not_picked":["Bludgeon","Headbutt"],"picked":"Heavy Blade","floor":6},{"not_picked":["Run Through","Replay:Undeath\u0027s Touch"],"picked":"Seeing Red","floor":7},{"not_picked":["Clothesline","Armaments"],"picked":"ReplayTheSpireMod:Stacked","floor":11},{"not_picked":["Infernal Blade","Flame Barrier","ReplayTheSpireMod:Corrosion Curse"],"picked":"SKIP","floor":13},{"not_picked":["Perfected Strike","Clash"],"picked":"Pummel","floor":14},{"not_picked":["Juggernaut","Bludgeon"],"picked":"Feed","floor":16},{"not_picked":["Blood for Blood","Sever Soul","Warcry"],"picked":"SKIP","floor":18},{"not_picked":["Cleave","Anger"],"picked":"Warcry+1","floor":21},{"not_picked":["Perfected Strike","Havoc+1"],"picked":"Anger+1","floor":22}],"player_experience":321691,"relics_obtained":[{"floor":6,"key":"reliquary:Stiletto"},{"floor":9,"key":"halation:Toothbrush"}],"event_choices":[{"damage_healed":0,"gold_gain":0,"player_choice":"Success","damage_taken":3,"relics_obtained":["Smiling Mask"],"max_hp_gain":0,"max_hp_loss":0,"event_name":"Scrap Ooze","floor":5,"gold_loss":0},{"cards_removed":["Strike_R"],"damage_healed":0,"gold_gain":0,"player_choice":"Card Removal","damage_taken":7,"max_hp_gain":0,"max_hp_loss":0,"event_name":"Golden Wing","floor":8,"gold_loss":0},{"cards_removed":["Strike_R"],"damage_healed":0,"gold_gain":0,"player_choice":"Elegance","damage_taken":0,"max_hp_gain":0,"max_hp_loss":0,"event_name":"Back to Basics","floor":19,"gold_loss":0},{"damage_healed":0,"gold_gain":0,"player_choice":"Bought 1 Potion","damage_taken":0,"max_hp_gain":0,"max_hp_loss":0,"event_name":"The Woman in Blue","floor":20,"gold_loss":0}],"is_beta":false,"boss_relics":[{"not_picked":["aspiration:SecretTechniqueScroll","halation:MonkeysPaw"],"picked":"conspire:RunicOctahedron"}],"items_purged_floors":[12],"is_endless":false,"potions_floor_spawned":[4,7,13,18],"killed_by":"Slavers","ascension_level":4}}