{"host":"p0aue7rxhhd16ni6","time":1612155953,"event":{"mods":["BaseMod","Minty Spire (QoL Compilation)","StSLib","The Bug Knight","[IsaacMod]ÒÔÈö¼âËþ"],"gold_per_floor":[119,119,137,137,137,152,152,187,187,187,37,76,90,104,104,230,230,253,253,269,113,113,113,138,138,138,161,233,233,233],"floor_reached":29,"language":"ZHS","playtime":1151,"items_purged":[],"score":283,"play_id":"944d4631-f48b-4960-a570-2b9e32435c20","local_time":"20210201130553","is_ascension_mode":false,"campfire_choices":[{"data":"HollowMod:ChannelNail","floor":7,"key":"SMITH"},{"data":"HollowMod:FocusHealStart","floor":10,"key":"SMITH"},{"data":"HollowMod:MonarchWings","floor":15,"key":"SMITH"},{"data":"HollowMod:PureVessel","floor":23,"key":"SMITH"},{"data":"HollowMod:NewLittleFool","floor":25,"key":"SMITH"}],"circlet_count":0,"master_deck":["HollowMod:FocusHealStart+1","HollowMod:PogoStrike","HollowMod:CloakDash","HollowMod:CloakDash","HollowMod:NewJinnsSoul","HollowMod:ChannelNail+1","HollowMod:SoulSplash","HollowMod:MonarchWings+1","HollowMod:Grubsong","HollowMod:PureVessel+1","HollowMod:GreatSlash","HollowMod:HornetsHelp","HollowMod:InfectedAttack","HollowMod:BaldurShell","HollowMod:MothsMistake","HollowMod:CornifersMapStart","HollowMod:NewLittleFool+1","HollowMod:SiblingsSouls"],"relics":["HollowMod:VesselMask","HushsDoor","NeowsBlessing","DeathBook","Golden Idol","Sundial","HollowMod:PaleOreRelic","HollowMod:StagPassRelic","HornCleat","Pandora\u0027s Box","GuppysTail","Akabeko","Enchiridion","BloodDonationMachine","Singing Bowl"],"acts_visited":["Exordium","TheCity"],"potions_floor_usage":[16,27,29,29],"damage_taken":[{"damage":0,"enemies":"2 Louse","floor":1,"turns":1},{"damage":0,"enemies":"Cultist","floor":3,"turns":2},{"damage":0,"enemies":"Small Slimes","floor":6,"turns":1},{"damage":0,"enemies":"3 Sentries","floor":8,"turns":1},{"damage":0,"enemies":"HollowMod:MossKnight","floor":12,"turns":3},{"damage":0,"enemies":"3 Louse","floor":13,"turns":1},{"damage":8,"enemies":"Red Slaver","floor":14,"turns":5},{"damage":35,"enemies":"The Guardian","floor":16,"turns":8},{"damage":43,"enemies":"Spheric Guardian","floor":18,"turns":7},{"damage":0,"enemies":"3 Byrds","floor":20,"turns":1},{"damage":35,"enemies":"Sentry and Sphere","floor":24,"turns":6},{"damage":26,"enemies":"Chosen and Byrds","floor":27,"turns":6},{"damage":6,"enemies":"Snake Plant","floor":29,"turns":4}],"seed_played":"-2875351148223564363","potions_obtained":[{"floor":6,"key":"CultistPotion"},{"floor":12,"key":"AttackPotion"},{"floor":13,"key":"Strength Potion"},{"floor":16,"key":"BlessingOfTheForge"},{"floor":24,"key":"Regen Potion"},{"floor":27,"key":"Fire Potion"}],"is_trial":false,"path_per_floor":["M","?","M","?","?","M","R","E","T","R","?","E","M","M","R","B",null,"M","?","M","$","?","R","M","R","T","M","T","M"],"character_chosen":"THE_BUGKNIGHT","items_purchased":["GuppysTail","Akabeko"],"campfire_rested":0,"item_purchase_floors":[17,21],"current_hp_per_floor":[75,57,57,50,50,50,50,50,50,50,50,60,60,61,61,38,59,20,69,69,69,53,53,24,24,24,16,16,16,16],"gold":233,"neow_bonus":"THREE_ENEMY_KILL","is_daily":false,"chose_seed":false,"campfire_upgraded":5,"win_rate":0.0,"timestamp":1612155953,"path_taken":["M","?","?","?","?","?","R","E","T","R","?","E","M","M","R","BOSS","M","?","M","?","?","R","M","R","T","?","?","M"],"items_purchased_type":["Relic","Relic"],"build_version":"2020-12-22","purchased_purges":0,"victory":false,"max_hp_per_floor":[75,75,75,75,75,75,75,75,75,75,75,72,69,69,69,69,59,59,69,69,69,69,69,69,69,69,69,69,69,69],"card_choices":[{"not_picked":[],"picked":"BloodyBrimstone","floor":0},{"not_picked":["HollowMod:VengefulSpirit","HollowMod:ShadowDash"],"picked":"HollowMod:CloakDash","floor":1},{"not_picked":["HollowMod:SharpenedNail","HollowMod:CornifersMapStart"],"picked":"HollowMod:CloakDash","floor":3},{"not_picked":["HollowMod:DashSlash","HollowMod:InfectedCysts"],"picked":"HollowMod:ChannelNail","floor":6},{"not_picked":["HollowMod:InfectedCysts","HollowMod:DashSlash"],"picked":"HollowMod:SoulSplash","floor":8},{"not_picked":["HollowMod:GoodIntentions","HollowMod:HeavyBlow","HollowMod:InfectedAttack"],"picked":"SKIP","floor":12},{"not_picked":["HollowMod:NewJinnsSoul","HollowMod:HeavyBlow"],"picked":"HollowMod:MonarchWings","floor":13},{"not_picked":["HollowMod:InfectionAssault","HollowMod:CoiledNail"],"picked":"HollowMod:Grubsong","floor":14},{"not_picked":["HollowMod:LordofShades","HollowMod:VoidDash"],"picked":"HollowMod:PureVessel","floor":16},{"not_picked":["HollowMod:VengefulVoid","HollowMod:CornifersMapStart"],"picked":"HollowMod:NewLittleFool","floor":18},{"not_picked":["HollowMod:GrimmsGift","HollowMod:SharpenedNail"],"picked":"HollowMod:SiblingsSouls","floor":20},{"not_picked":["HollowMod:CoiledNail","HollowMod:TaintedHusks+1","HollowMod:FallenFury"],"picked":"SKIP","floor":24},{"not_picked":["HollowMod:SoulStrike","HollowMod:SoulSplash+1","HollowMod:GreatSlash+1"],"picked":"SKIP","floor":27}],"player_experience":474248,"relics_obtained":[{"floor":8,"key":"Sundial"},{"floor":9,"key":"HollowMod:PaleOreRelic"},{"floor":12,"key":"HornCleat"},{"floor":22,"key":"Enchiridion"},{"floor":26,"key":"BloodDonationMachine"},{"floor":28,"key":"Singing Bowl"}],"event_choices":[{"damage_healed":0,"gold_gain":0,"player_choice":"Take Damage","damage_taken":18,"relics_obtained":["Golden Idol"],"max_hp_gain":0,"max_hp_loss":0,"event_name":"Golden Idol","floor":2,"gold_loss":0},{"cards_removed":["HollowMod:QuickDashStart"],"damage_healed":0,"gold_gain":0,"player_choice":"Card Removal","damage_taken":7,"max_hp_gain":0,"max_hp_loss":0,"event_name":"Golden Wing","floor":4,"gold_loss":0},{"damage_healed":0,"gold_gain":0,"cards_transformed":["HollowMod:NailStrikeStart"],"player_choice":"Change","damage_taken":0,"max_hp_gain":0,"max_hp_loss":0,"event_name":"Living Wall","floor":5,"gold_loss":0,"cards_obtained":["HollowMod:NewJinnsSoul"]},{"cards_removed":["BloodyBrimstone"],"damage_healed":39,"gold_gain":0,"player_choice":"Offered Rare","damage_taken":0,"max_hp_gain":10,"max_hp_loss":0,"event_name":"Bonfire Elementals","floor":19,"gold_loss":0},{"damage_healed":0,"gold_gain":0,"player_choice":"Obtained Book","damage_taken":16,"max_hp_gain":0,"max_hp_loss":0,"event_name":"Cursed Tome","floor":22,"gold_loss":0}],"is_beta":false,"boss_relics":[{"not_picked":["Snecko Eye","Runic Dome"],"picked":"Pandora\u0027s Box"},{"not_picked":[]}],"items_purged_floors":[],"is_endless":false,"potions_floor_spawned":[6,12,13,16,24,27],"killed_by":"Snake Plant","ascension_level":0}}