{"host":"pesfwaef25r60kxm","time":1612201549,"event":{"mods":["ATMod(阿瑾Mod)","Act Like it!","Arknights","BaseMod","Colored Powertips","Downfall","Gensokyo","Minty Spire (QoL Compilation)","Pale of the Ancients","Replay The Spire","RumiaBox-露米娅的神秘盒子","Shop Mod","Spicy Shops","StSLib","Waifu the Spire","WarShipGirlsR/战舰少女R mod","[IsaacMod]以撒尖塔","noobMod","【功能Mod】聪明的最终Boss","【遗物卡牌】REMEMod"],"gold_per_floor":[116,131,147,166,183,214,227,227,304,318,10,36,36,46,46,346,346,361,411,423,441,458,490,589,600,647,677,677,688,706,89,89,189,189,204,257,306,319,319,353,353,405,405,405,21,36,52,68,68,68,84,104,159,5,5,25,25,25,25,4],"floor_reached":61,"language":"ZHS","playtime":3821,"items_purged":["ats:Defend","ats:Strike C","ats:Strike V"],"score":1365,"play_id":"ae0e15ab-f7e5-4f9f-be4a-6656a670ebda","local_time":"20210202014549","is_ascension_mode":true,"campfire_choices":[{"data":"AT_BreakingExtremeWeapon","floor":8.0,"key":"SMITH"},{"data":"ats:Ambush","floor":15.0,"key":"SMITH"},{"data":"ats:Rapid Magazine","floor":32.0,"key":"SMITH"},{"data":"ats:True Silver Slash","floor":41.0,"key":"SMITH"},{"data":"ats:Durian","floor":44.0,"key":"SMITH"},{"data":"ats:Disruption Kick","floor":49.0,"key":"SMITH"},{"data":"ats:Rat Pack","floor":55,"key":"SMITH"},{"floor":57,"key":"RECALL"}],"circlet_count":0,"master_deck":["AT_BreakingExtremeWeapon+1","ats:Explosion Area Strengthen","ats:Poison Spread","ats:Volcano","ats:Thermite Blade","ats:Ambush+1","ats:Powerful Strike","ats:Wolf Pack","ats:Rapid Magazine+1","ats:Consecutive Shot Auto","ats:Shell Defense","ats:Spore Proliferation+1","ats:Nebulous Foxfire","ats:Consecutive Shot Auto","ats:Calcification","ats:True Silver Slash+1","ats:Disruption Kick","ats:Hook Shot","ats:Calcification","ats:Nebulous Foxfire","ats:Fractured Body","ats:Wolf Pack","ats:Disruption Kick+1","ats:Rat Pack+1","ats:Durian+1","ats:Roar Of Ursus","ats:Soul Rend","ats:Thorns+1","ats:Dogmatic Field+1","ats:Flexible Camouflage+1","ats:Red Shift+1","ats:Flexible Camouflage","ats:Neurotoxin+1","ats:Neurotoxin+1"],"relics":["ats:Sanity","HushsDoor","ice","REME_ComplimentaryCards","AT_ATBox","DeadEye","NeowsBlessing","ats:Originium","Mercury Hourglass","Gremlin Horn","SteamSale","ats:Spiritual Recovery","Replay:Rubber Ducky","MagicMushroom","Leech","GodSword3","AT_SeraphEmbrace","Ornamental Fan","ats:Berate","ReplayTheSpireMod:TigerMarble","ReplayTheSpireMod:Lightbulb","Oddly Smooth Stone","Divine Protection","Incense Burner","SoulBox","GuppysHairball","D6","SumBook","MagicDraw4","Pear","Bottled Tornado","ats:Ability Aura","Golden Egg","paleoftheancients:Timepiece","paleoftheancients:KeyRelic","Spirit Poop","paleoftheancients:SoulOfTheShapes","HowToJump","AT_ImmortalShieldbow","TuHaoJin"],"acts_visited":["Exordium","TheCity","TheBeyond","TheBeyond"],"potions_floor_usage":[60,60,60,60],"damage_taken":[{"damage":0.0,"enemies":"Gensokyo:Python","floor":1.0,"turns":1.0},{"damage":0.0,"enemies":"Gensokyo:3_Fairies","floor":2.0,"turns":2.0},{"damage":0.0,"enemies":"Gensokyo:Gryphon","floor":3.0,"turns":1.0},{"damage":48.0,"enemies":"Gensokyo:3_Kodama","floor":4.0,"turns":5.0},{"damage":7.0,"enemies":"Gensokyo:Python_and_Kodama","floor":5.0,"turns":4.0},{"damage":6.0,"enemies":"Gensokyo:Mamizou","floor":6.0,"turns":9.0},{"damage":9.0,"enemies":"Gensokyo:VengefulSpirit","floor":7.0,"turns":3.0},{"damage":0.0,"enemies":"Gensokyo:Gryphon_and_Rabbit","floor":10.0,"turns":1.0},{"damage":6.0,"enemies":"Gensokyo:Cirno","floor":12.0,"turns":5.0},{"damage":22.0,"enemies":"Gensokyo:Kitsune","floor":14.0,"turns":4.0},{"damage":28.0,"enemies":"Gensokyo:Reimu","floor":16.0,"turns":6.0},{"damage":4.0,"enemies":"Shell Parasite","floor":18.0,"turns":3.0},{"damage":0.0,"enemies":"Hiden Room Battle","floor":19.0,"turns":4.0},{"damage":1.0,"enemies":"Spheric Guardian","floor":20.0,"turns":3.0},{"damage":5.0,"enemies":"Shelled Parasite and Fungi","floor":21.0,"turns":5.0},{"damage":13.0,"enemies":"Centurion and Healer","floor":22.0,"turns":6.0},{"damage":0.0,"enemies":"Book of Stabbing","floor":23.0,"turns":6.0},{"damage":0.0,"enemies":"Snake Plant","floor":25.0,"turns":4.0},{"damage":20.0,"enemies":"Gremlin Leader","floor":27.0,"turns":4.0},{"damage":8.0,"enemies":"Sentry and Sphere","floor":29.0,"turns":4.0},{"damage":2.0,"enemies":"Shelled Parasite and Fungi","floor":30.0,"turns":3.0},{"damage":11.0,"enemies":"Pondfish","floor":33.0,"turns":8.0},{"damage":0.0,"enemies":"3 Shapes","floor":35.0,"turns":3.0},{"damage":0.0,"enemies":"2 Orb Walkers","floor":36.0,"turns":5.0},{"damage":4.0,"enemies":"3 Darklings","floor":38.0,"turns":3.0},{"damage":20.0,"enemies":"Nemesis","floor":40.0,"turns":7.0},{"damage":10.0,"enemies":"Giant Head","floor":42.0,"turns":8.0},{"damage":0.0,"enemies":"Sphere and 2 Shapes","floor":46.0,"turns":2.0},{"damage":0.0,"enemies":"Writhing Mass","floor":47.0,"turns":2.0},{"damage":0.0,"enemies":"Maw","floor":48.0,"turns":6.0},{"damage":12.0,"enemies":"Donu and Deca","floor":50.0,"turns":9.0},{"damage":16.0,"enemies":"Donu and Deca","floor":51.0,"turns":9.0},{"damage":94,"enemies":"","floor":52,"turns":37},{"damage":37,"enemies":"","floor":56,"turns":16},{"damage":197,"enemies":"Delirium","floor":60,"turns":35}],"seed_played":"3135967597540843600","potions_obtained":[{"floor":1.0,"key":"SpeedPotion"},{"floor":2.0,"key":"SkillPotion"},{"floor":4.0,"key":"Fire Potion"},{"floor":16.0,"key":"ColorlessPotion"},{"floor":36.0,"key":"ColorlessPotion"},{"floor":46.0,"key":"Adrenaline Potion"}],"is_trial":false,"path_per_floor":["M","M","M","M","M","E","M","R","T","M","COS","E","?","M","R","B",null,"M","?","M","M","M","E","?","M","T","E","?","M","M","$","R","B",null,"M","?","T","M","?","E","R","E","T","R","$","M","M","M","R","B","M","M","?","$","R","M","R","T","?","B",null],"character_chosen":"DOCTOR_CLASS","items_purchased":["ReplayTheSpireMod:Lightbulb","Oddly Smooth Stone","Divine Protection","PowerPotion","REME_GoldPotion","Incense Burner","GuppysHairball","ats:True Silver Slash","ats:Disruption Kick","Bottled Tornado","ats:Ability Aura","Golden Egg","ChaosCard","AT_ImmortalShieldbow","ats:Neurotoxin"],"campfire_rested":0,"item_purchase_floors":[31,31,31,31,31,31,34,34,34,45,45,45,45,54,54],"current_hp_per_floor":[72,72,72,24,17,66,57,57,57,57,57,51,58,36,36,8,99,95,84,86,87,80,86,86,91,91,76,76,72,73,73,73,78,137,139,145,145,145,145,139,139,154,164,164,164,168,171,178,178,200,199,201,201,201,201,201,201,201,201,201],"gold":4,"neow_bonus":"THREE_ENEMY_KILL","is_daily":false,"chose_seed":false,"campfire_upgraded":7,"win_rate":0.0,"timestamp":1612201549,"path_taken":["M","?","?","M","M","E","M","R","T","M","COS","E","?","?","R","BOSS","M","?","M","M","?","E","?","M","T","E","?","M","M","$","R","BOSS","M","?","?","M","?","E","R","E","T","R","$","M","?","?","R","BOSS","M","M","?","$","R","M","R","T","?","BOSS"],"items_purchased_type":["Relic","Relic","Relic","Potion","Potion","Relic","Relic","Card","Card","Relic","Relic","Relic","Card","Relic","Card"],"build_version":"2020-12-22","purchased_purges":3,"victory":true,"max_hp_per_floor":[72,72,72,72,72,73,74,74,74,75,75,78,85,88,88,92,99,103,104,105,111,115,122,122,125,125,133,133,136,139,139,139,160,137,141,146,146,148,148,156,156,162,172,172,172,173,174,179,179,200,201,201,201,201,201,201,201,201,201,201],"card_choices":[{"not_picked":["ats:Closed Bolt Burst Fire","ats:Powerful Strike","ats:Shell Defense"],"picked":"SKIP","floor":1.0},{"not_picked":["ats:Absolute Focus","ats:Burning Ground","ats:Hammer On"],"picked":"SKIP","floor":2.0},{"not_picked":["ats:Assault Order","ats:Apocalypse","ats:Beaten Up"],"picked":"SKIP","floor":3.0},{"not_picked":["ats:Phantom","ats:Powerful Strike"],"picked":"ats:Explosion Area Strengthen","floor":4.0},{"not_picked":["ats:Fractured Body","ats:Song Of Battle"],"picked":"ats:Poison Spread","floor":5.0},{"not_picked":["ats:Echo Reverb","ats:Sunburst"],"picked":"ats:Volcano","floor":6.0},{"not_picked":["ats:Cat Scratch","ats:Hammer On"],"picked":"ats:Thermite Blade","floor":7.0},{"not_picked":["ats:Hook Shot","ats:Assault Order","ats:Collapsing Strike"],"picked":"SKIP","floor":10.0},{"not_picked":["ats:Flexible Camouflage","ats:Cat Scratch"],"picked":"ats:Ambush","floor":12.0},{"not_picked":["ats:Flexible Camouflage","ats:Directed Diagnosis"],"picked":"ats:Powerful Strike","floor":14.0},{"not_picked":["ats:Ambush","ats:Nebulous Foxfire"],"picked":"ats:Wolf Pack","floor":16.0},{"not_picked":["ats:Curse Doll","ats:Charging Defense","ats:Apocalypse"],"picked":"SKIP","floor":18.0},{"not_picked":["ats:Absolute Focus","ats:Healing Drone+1"],"picked":"ats:Rapid Magazine","floor":19.0},{"not_picked":["ats:Curse Doll+1","ats:Hammer On","ats:Directed Diagnosis"],"picked":"SKIP","floor":20.0},{"not_picked":["ats:Flexible Camouflage","ats:Ignite"],"picked":"ats:Consecutive Shot Auto","floor":21.0},{"not_picked":["ats:Poison Spread","ats:LN2 Cannon+1"],"picked":"ats:Shell Defense","floor":22.0},{"not_picked":["ats:Flame Of Heaven","ats:Ignite"],"picked":"ats:Spore Proliferation+1","floor":23.0},{"not_picked":["ats:Phantom","ats:Healing Drone","ats:Closed Bolt Burst Fire"],"picked":"SKIP","floor":25.0},{"not_picked":["ats:Explosion Area Strengthen","ats:Revitalization"],"picked":"ats:Nebulous Foxfire","floor":27.0},{"not_picked":["ats:Demon Strength","ats:Rapid Magazine+1","ats:Steam Pump"],"picked":"SKIP","floor":29.0},{"not_picked":["ats:Shell Defense","ats:Cat Scratch"],"picked":"ats:Consecutive Shot Auto","floor":30.0},{"not_picked":["ats:Fractured Body","ats:Wolf Pack"],"picked":"ats:Calcification","floor":33.0},{"not_picked":["ats:Absolute Focus","ats:Literary Storm+1","ats:Explosion Area Strengthen+1"],"picked":"SKIP","floor":35.0},{"not_picked":["ats:Shell Defense+1","ats:Very Hot Blade"],"picked":"ats:Hook Shot","floor":36.0},{"not_picked":["ats:Assault Order","ats:Curse Doll+1","ats:Part Time Job"],"picked":"SKIP","floor":38.0},{"not_picked":[],"picked":"ats:Calcification","floor":39.0},{"not_picked":["ats:Encircling Forest","ats:Ambush","ats:Poison Spread"],"picked":"SKIP","floor":40.0},{"not_picked":["ats:Explosion Area Strengthen","ats:Apocalypse+1"],"picked":"ats:Soul Rend","floor":42.0},{"not_picked":["ats:Blood Oath+1","ats:Revitalization","ats:Rapid Magazine+1"],"picked":"SKIP","floor":46.0},{"not_picked":["ats:Hook Shot","ats:Healing Strengthening"],"picked":"ats:Thorns+1","floor":47.0},{"not_picked":["ats:Consecutive Shot Auto+1","ats:Poison Spread+1","ats:Leaping Hammer"],"picked":"SKIP","floor":48.0},{"not_picked":["ats:Phantom","ats:Thorns+1"],"picked":"ats:Dogmatic Field","floor":51.0},{"not_picked":["ats:Absolute Focus","ats:Guard Mode+1"],"picked":"ats:Flexible Camouflage+1","floor":52},{"not_picked":["ats:Thermite Blade+1","ats:Ignite"],"picked":"ats:Red Shift+1","floor":53},{"not_picked":["ats:Assault Order","ats:Chain Hook+1"],"picked":"ats:Flexible Camouflage","floor":53},{"not_picked":["ats:Cat Scratch","ats:Assault Order+1","ats:Shell Defense"],"picked":"SKIP","floor":56}],"player_experience":134021,"relics_obtained":[{"floor":6.0,"key":"ats:Originium"},{"floor":6.0,"key":"Mercury Hourglass"},{"floor":9.0,"key":"Gremlin Horn"},{"floor":12.0,"key":"ats:Originium"},{"floor":12.0,"key":"ats:Spiritual Recovery"},{"floor":19.0,"key":"GodSword3"},{"floor":19.0,"key":"AT_ArchangelStaff"},{"floor":23.0,"key":"ats:Originium"},{"floor":23.0,"key":"Ornamental Fan"},{"floor":26.0,"key":"ats:Berate"},{"floor":27.0,"key":"ats:Originium"},{"floor":27.0,"key":"ReplayTheSpireMod:TigerMarble"},{"floor":36.0,"key":"D6"},{"floor":40.0,"key":"SumBook"},{"floor":42.0,"key":"MagicDraw4"},{"floor":43.0,"key":"Pear"},{"floor":52,"key":"paleoftheancients:SoulOfTheShapes"},{"floor":53,"key":"HowToJump"},{"floor":56,"key":"paleoftheancients:SoulOfTheDefect"},{"floor":58,"key":"TuHaoJin"}],"event_choices":[{"damage_healed":0.0,"max_hp_gain":0.0,"max_hp_loss":0.0,"gold_gain":0.0,"event_name":"HidenRoomEvent","player_choice":"Fight","floor":19.0,"gold_loss":0.0,"damage_taken":0.0},{"damage_healed":0.0,"max_hp_gain":0.0,"max_hp_loss":0.0,"gold_gain":99.0,"event_name":"Nest","player_choice":"Stole From Cult","floor":24.0,"gold_loss":0.0,"damage_taken":0.0},{"damage_healed":0.0,"max_hp_gain":0.0,"max_hp_loss":0.0,"gold_gain":0.0,"event_name":"Mysterious Sphere","player_choice":"Fight","floor":36.0,"gold_loss":0.0,"damage_taken":0.0}],"is_beta":false,"boss_relics":[{"not_picked":["Replay:Grab Bag","SacredBark"],"picked":"MagicMushroom"},{"not_picked":[]},{"not_picked":["Astrolabe","Busted Crown"],"picked":"SoulBox"},{"not_picked":[]}],"items_purged_floors":[31,31,34],"is_endless":false,"potions_floor_spawned":[1,2,4,12,16,18,21,23,25,27,36,42,46,48,51],"ascension_level":2}}