{"host":"czyddnh1ekzxzhp2","time":1612149010,"event":{"mods":["BaseMod","Better Third Choice","BetterRewards","Hermit","Minty Spire (QoL Compilation)","StSLib"],"gold_per_floor":[360,380,87,103,103,103,134,134,134,167,183,194,220,238,238,238,238],"floor_reached":16,"language":"ENG","playtime":735,"items_purged":[],"score":134,"play_id":"60993415-50bb-4f23-b215-469ef8c27e83","local_time":"20210131221010","is_ascension_mode":true,"campfire_choices":[{"floor":6,"key":"REST"},{"data":"hermit:BlackWind","floor":8,"key":"SMITH"},{"floor":15,"key":"REST"}],"circlet_count":0,"master_deck":["hermit:Strike_Hermit","hermit:Strike_Hermit","hermit:Strike_Hermit","hermit:Strike_Hermit","hermit:Defend_Hermit","hermit:Defend_Hermit","hermit:Defend_Hermit","hermit:Defend_Hermit","hermit:Snapshot","hermit:Covet","hermit:Enervate","hermit:BlackWind+1","hermit:NoHoldsBarred"],"relics":["hermit:Momento","PreservedInsect","Prayer Wheel","Darkstone Periapt","Ornamental Fan","Incense Burner"],"acts_visited":["Exordium"],"potions_floor_usage":[16,16],"damage_taken":[{"damage":0,"enemies":"Small Slimes","floor":1,"turns":3},{"damage":0,"enemies":"Cultist","floor":2,"turns":3},{"damage":2,"enemies":"Jaw Worm","floor":4,"turns":2},{"damage":15,"enemies":"Lagavulin","floor":7,"turns":5},{"damage":16,"enemies":"Gremlin Nob","floor":10,"turns":3},{"damage":0,"enemies":"3 Louse","floor":11,"turns":2},{"damage":8,"enemies":"Large Slime","floor":12,"turns":3},{"damage":8,"enemies":"Lagavulin","floor":13,"turns":3},{"damage":3,"enemies":"Blue Slaver","floor":14,"turns":2},{"damage":69,"enemies":"Hexaghost","floor":16,"turns":12}],"seed_played":"-3183335265497669355","potions_obtained":[{"floor":1,"key":"Ancient Potion"},{"floor":10,"key":"FearPotion"},{"floor":12,"key":"Swift Potion"},{"floor":13,"key":"Regen Potion"},{"floor":14,"key":"FairyPotion"}],"is_trial":false,"path_per_floor":["M","M","$","M","?","R","E","R","T","E","M","M","E","M","R","B"],"character_chosen":"HERMIT","items_purchased":["PreservedInsect","hermit:BlackWind"],"campfire_rested":2,"item_purchase_floors":[3,3],"current_hp_per_floor":[54,54,54,52,52,74,59,59,59,43,43,35,27,24,46,0,0],"gold":238,"neow_bonus":"TWO_FIFTY_GOLD","is_daily":false,"chose_seed":false,"campfire_upgraded":1,"win_rate":0.0,"timestamp":1612149010,"path_taken":["M","M","$","M","?","R","E","R","T","E","M","M","E","?","R","BOSS"],"items_purchased_type":["Relic","Card"],"build_version":"2020-12-22","purchased_purges":0,"victory":false,"max_hp_per_floor":[75,75,75,75,75,75,75,75,75,75,75,75,75,75,75,75,75],"card_choices":[{"not_picked":["hermit:Midnight","hermit:HoleUp"],"picked":"hermit:Enervate","floor":1},{"not_picked":["hermit:Glare","hermit:HighCaliber","hermit:Roulette"],"picked":"SKIP","floor":2},{"not_picked":["hermit:Scavenge","hermit:BodyArmor","hermit:TakeCover"],"picked":"SKIP","floor":4},{"not_picked":["hermit:SprayPray","hermit:Coalescence","hermit:Gambit"],"picked":"SKIP","floor":7},{"not_picked":["hermit:DeadMansHand","hermit:Coalescence","hermit:BodyArmor"],"picked":"SKIP","floor":10},{"not_picked":["hermit:Misfire","hermit:ItchyTrigger"],"picked":"hermit:NoHoldsBarred","floor":11},{"not_picked":["hermit:Grudge","hermit:Dive","hermit:LuckOfTheDraw"],"picked":"SKIP","floor":11},{"not_picked":["hermit:Scavenge","hermit:ItchyTrigger","hermit:Enervate"],"picked":"SKIP","floor":12},{"not_picked":["hermit:Glare","hermit:Manifest","hermit:LowProfile"],"picked":"SKIP","floor":12},{"not_picked":["hermit:HoleUp","hermit:Purgatory","hermit:BodyArmor"],"picked":"SKIP","floor":13},{"not_picked":["hermit:WideOpen","hermit:Misfire","hermit:HoleUp"],"picked":"SKIP","floor":14},{"not_picked":["hermit:Deadeye","hermit:GoldenBullet","hermit:CalledShot"],"picked":"SKIP","floor":14}],"player_experience":886441,"relics_obtained":[{"floor":7,"key":"Prayer Wheel"},{"floor":9,"key":"Darkstone Periapt"},{"floor":10,"key":"Ornamental Fan"},{"floor":13,"key":"Incense Burner"}],"event_choices":[{"damage_healed":0,"gold_gain":0,"player_choice":"Bought 0 Potions","damage_taken":0,"max_hp_gain":0,"max_hp_loss":0,"event_name":"The Woman in Blue","floor":5,"gold_loss":0}],"is_beta":false,"boss_relics":[],"items_purged_floors":[],"is_endless":false,"potions_floor_spawned":[1,10,12,13,14],"killed_by":"Hexaghost","ascension_level":2}}