{"host":"wf1r1zhguvoo22rf","time":1612181139,"event":{"mods":["BaseMod","Colored Powertips","Minty Spire (QoL Compilation)","StSLib"],"gold_per_floor":[119,136,136,147,11,45,45,62,89,115,115,134,134,162,162,267,267,285,303,79,95,105,105,130,130,130,130,130,157,174,174,174,277,277,295,345,345,26,26,52,52,82,105,105,128,156,156,175,175,175],"floor_reached":51,"language":"ENG","playtime":2525,"items_purged":[],"score":973,"play_id":"48e47702-531a-49ca-9ae1-b20528eef595","local_time":"20210201140539","is_ascension_mode":true,"campfire_choices":[{"floor":7,"key":"REST"},{"data":"Electrodynamics","floor":11,"key":"SMITH"},{"floor":15,"key":"REST"},{"floor":23,"key":"REST"},{"floor":25,"key":"REST"},{"data":"Hello World","floor":27,"key":"SMITH"},{"floor":32,"key":"REST"},{"floor":41,"key":"REST"},{"floor":47,"key":"REST"},{"data":"Electrodynamics","floor":49,"key":"SMITH"}],"circlet_count":0,"master_deck":["Strike_B","Strike_B","Strike_B","Strike_B","Defend_B","Defend_B","Defend_B","Defend_B","Zap","Dualcast","Storm+1","Ball Lightning","Leap","Electrodynamics+1","Ball Lightning","Lockon","Double Energy","Lockon","Electrodynamics+1","Thunder Strike","Storm","Hello World+1","Auto Shields","Cold Snap+1","Static Discharge","Creative AI","White Noise","Defragment","Secret Technique","Ball Lightning","BootSequence+1"],"relics":["Cracked Core","Centennial Puzzle","Lantern","Bronze Scales","Toy Ornithopter","Oddly Smooth Stone","Velvet Choker","Regal Pillow","PreservedInsect","Symbiotic Virus","Enchiridion","Du-Vu Doll","Black Star","Lizard Tail","Mercury Hourglass","Bottled Flame","Pen Nib","Sundial","Boot","Juzu Bracelet","Bag of Preparation","Pantograph","Question Card"],"acts_visited":["Exordium","TheCity","TheBeyond"],"potions_floor_usage":[8,10,10,22,24,33,46,48,50,50,50],"damage_taken":[{"damage":2,"enemies":"Jaw Worm","floor":1,"turns":3},{"damage":1,"enemies":"Cultist","floor":2,"turns":4},{"damage":12,"enemies":"2 Louse","floor":4,"turns":3},{"damage":22,"enemies":"Lagavulin","floor":6,"turns":5},{"damage":0,"enemies":"Gremlin Gang","floor":8,"turns":2},{"damage":0,"enemies":"3 Sentries","floor":10,"turns":1},{"damage":3,"enemies":"Blue Slaver","floor":12,"turns":2},{"damage":16,"enemies":"Gremlin Nob","floor":14,"turns":3},{"damage":0,"enemies":"Slime Boss","floor":16,"turns":4},{"damage":11,"enemies":"3 Byrds","floor":18,"turns":3},{"damage":11,"enemies":"Spheric Guardian","floor":19,"turns":3},{"damage":24,"enemies":"Snake Plant","floor":21,"turns":3},{"damage":17,"enemies":"Centurion and Healer","floor":22,"turns":2},{"damage":17,"enemies":"Book of Stabbing","floor":24,"turns":3},{"damage":0,"enemies":"Gremlin Leader","floor":29,"turns":3},{"damage":20,"enemies":"Shelled Parasite and Fungi","floor":30,"turns":1},{"damage":4,"enemies":"Champ","floor":33,"turns":6},{"damage":11,"enemies":"Orb Walker","floor":35,"turns":2},{"damage":3,"enemies":"Mind Bloom Boss Battle","floor":36,"turns":4},{"damage":33,"enemies":"Giant Head","floor":40,"turns":6},{"damage":38,"enemies":"Reptomancer","floor":42,"turns":3},{"damage":12,"enemies":"Nemesis","floor":46,"turns":3},{"damage":20,"enemies":"3 Shapes","floor":48,"turns":2},{"damage":74,"enemies":"Time Eater","floor":50,"turns":7}],"seed_played":"-5310635079531246702","potions_obtained":[{"floor":1,"key":"EssenceOfSteel"},{"floor":6,"key":"FocusPotion"},{"floor":8,"key":"DuplicationPotion"},{"floor":19,"key":"DistilledChaos"},{"floor":21,"key":"DistilledChaos"},{"floor":22,"key":"Explosive Potion"},{"floor":29,"key":"SkillPotion"},{"floor":36,"key":"LiquidBronze"},{"floor":42,"key":"EssenceOfDarkness"},{"floor":46,"key":"BlessingOfTheForge"},{"floor":48,"key":"Fire Potion"}],"is_trial":false,"path_per_floor":["M","M","?","M","$","E","R","M","T","E","R","M","?","E","R","B",null,"M","M","$","M","M","R","E","R","T","R","?","E","M","?","R","B",null,"M","?","?","$","?","E","R","E","T","?","T","E","R","M","R","B",null],"character_chosen":"DEFECT","items_purchased":["Electrodynamics","Hello World","Regal Pillow","Mercury Hourglass","Defragment"],"campfire_rested":7,"item_purchase_floors":[5,20,20,38,38],"current_hp_per_floor":[73,72,72,60,60,38,60,60,60,60,60,57,57,41,63,63,75,64,53,53,29,17,54,42,75,75,75,59,59,39,39,75,71,75,64,61,61,61,61,28,65,27,27,27,27,20,57,42,42,1],"gold":175,"neow_bonus":"RANDOM_COMMON_RELIC","is_daily":false,"chose_seed":false,"campfire_upgraded":3,"win_rate":0.0,"timestamp":1612181139,"path_taken":["M","M","?","M","?","E","R","M","T","E","R","?","?","E","R","BOSS","M","M","$","?","?","R","E","R","T","R","?","E","M","?","R","BOSS","M","?","?","?","?","E","R","E","T","?","?","E","R","M","R","BOSS"],"items_purchased_type":["Card","Card","Relic","Relic","Card"],"build_version":"2020-12-22","purchased_purges":0,"victory":true,"max_hp_per_floor":[75,75,75,75,75,75,75,75,75,75,75,75,75,75,75,75,75,75,75,75,75,75,75,75,75,75,75,75,75,75,75,75,75,75,75,75,75,75,75,75,75,75,75,75,75,75,75,75,75,75],"card_choices":[{"not_picked":["Force Field","Compile Driver"],"picked":"Storm","floor":1},{"not_picked":["Coolheaded","Chaos"],"picked":"Ball Lightning","floor":2},{"not_picked":["Barrage","Compile Driver"],"picked":"Leap","floor":4},{"not_picked":["Genetic Algorithm","Barrage"],"picked":"Ball Lightning","floor":6},{"not_picked":["Turbo","Consume"],"picked":"Lockon","floor":8},{"not_picked":["Steam","Core Surge"],"picked":"Double Energy","floor":10},{"not_picked":["Go for the Eyes","Stack"],"picked":"Lockon","floor":12},{"not_picked":["Beam Cell","Storm"],"picked":"Electrodynamics","floor":14},{"not_picked":["Machine Learning","Seek"],"picked":"Thunder Strike","floor":16},{"not_picked":["Turbo+1","Darkness"],"picked":"Storm","floor":18},{"not_picked":["Redo","Scrape+1","Skim+1"],"picked":"SKIP","floor":19},{"not_picked":["Leap","Hologram"],"picked":"Auto Shields","floor":21},{"not_picked":["Aggregate+1","Leap"],"picked":"Cold Snap+1","floor":22},{"not_picked":["Lockon+1","Coolheaded"],"picked":"Static Discharge","floor":24},{"not_picked":["Reboot","Static Discharge"],"picked":"Creative AI","floor":29},{"not_picked":["Auto Shields","Turbo+1","Conserve Battery"],"picked":"SKIP","floor":30},{"not_picked":["Steam Power","Hologram","Compile Driver"],"picked":"SKIP","floor":35},{"not_picked":["Coolheaded+1","Beam Cell+1"],"picked":"White Noise","floor":36},{"not_picked":["Flash of Steel","Master of Strategy"],"picked":"Secret Technique","floor":39},{"not_picked":["Blizzard+1","Genetic Algorithm"],"picked":"Ball Lightning","floor":40},{"not_picked":["Sweeping Beam+1","Steam","Compile Driver"],"picked":"SKIP","floor":42},{"not_picked":["Lockon","Stack","Undo"],"picked":"SKIP","floor":46},{"not_picked":["Go for the Eyes","Rebound+1","Hyperbeam"],"picked":"BootSequence+1","floor":48}],"player_experience":220477,"relics_obtained":[{"floor":6,"key":"Lantern"},{"floor":9,"key":"Bronze Scales"},{"floor":10,"key":"Toy Ornithopter"},{"floor":14,"key":"Oddly Smooth Stone"},{"floor":24,"key":"PreservedInsect"},{"floor":26,"key":"Symbiotic Virus"},{"floor":28,"key":"Enchiridion"},{"floor":29,"key":"Du-Vu Doll"},{"floor":36,"key":"Lizard Tail"},{"floor":40,"key":"Bottled Flame"},{"floor":40,"key":"Pen Nib"},{"floor":42,"key":"Sundial"},{"floor":42,"key":"Boot"},{"floor":43,"key":"Juzu Bracelet"},{"floor":45,"key":"Bag of Preparation"},{"floor":46,"key":"Pantograph"},{"floor":46,"key":"Question Card"}],"event_choices":[{"damage_healed":0,"gold_gain":0,"player_choice":"Bought 0 Potions","damage_taken":0,"max_hp_gain":0,"max_hp_loss":0,"event_name":"The Woman in Blue","floor":3,"gold_loss":0},{"damage_healed":0,"gold_gain":0,"player_choice":"Upgraded","damage_taken":0,"max_hp_gain":0,"max_hp_loss":0,"event_name":"Upgrade Shrine","floor":13,"gold_loss":0,"cards_upgraded":["Storm"]},{"damage_healed":0,"gold_gain":0,"player_choice":"Obtained Book","damage_taken":16,"max_hp_gain":0,"max_hp_loss":0,"event_name":"Cursed Tome","floor":28,"gold_loss":0},{"damage_healed":0,"gold_gain":0,"player_choice":"Ignored","damage_taken":0,"max_hp_gain":0,"max_hp_loss":0,"event_name":"Ghosts","floor":31,"gold_loss":0},{"damage_healed":0,"gold_gain":0,"player_choice":"Fight","damage_taken":0,"max_hp_gain":0,"max_hp_loss":0,"event_name":"MindBloom","floor":36,"gold_loss":0},{"damage_healed":0,"gold_gain":0,"player_choice":"Ignored","damage_taken":0,"max_hp_gain":0,"max_hp_loss":0,"event_name":"Tomb of Lord Red Mask","floor":37,"gold_loss":0},{"damage_healed":0,"gold_gain":0,"player_choice":"Memory 1","damage_taken":0,"max_hp_gain":0,"max_hp_loss":0,"event_name":"SensoryStone","floor":39,"gold_loss":0},{"damage_healed":0,"gold_gain":0,"player_choice":"Ignored","damage_taken":0,"max_hp_gain":0,"max_hp_loss":0,"event_name":"Mysterious Sphere","floor":44,"gold_loss":0}],"is_beta":false,"boss_relics":[{"not_picked":["FrozenCore","Inserter"],"picked":"Velvet Choker"},{"not_picked":["Tiny House","Empty Cage"],"picked":"Black Star"}],"items_purged_floors":[],"is_endless":false,"potions_floor_spawned":[1,6,8,19,21,22,29,36,42,46,48],"ascension_level":2}}