{"host":"18wi9kpcl4eah7pe","time":1612160144,"event":{"mods":["BaseMod","Colored Powertips","Downfall","Minty Spire (QoL Compilation)","StSLib"],"gold_per_floor":[99,99,99,99,118,130,130,163,178,78,78,93,93,109,124,223,223,23,41,53,69,88,119,192,192,292,292,292,292],"floor_reached":27,"language":"ENG","playtime":1166,"items_purged":[],"score":247,"play_id":"fe19f3fb-975f-401d-8a3a-ebdaa988de3a","local_time":"20210201001544","is_ascension_mode":true,"campfire_choices":[{"floor":1.0,"key":"RECALL"},{"floor":10,"key":"REST"},{"floor":13,"key":"REST"},{"data":"Slimebound:MassRepurpose","floor":18,"key":"SMITH"}],"circlet_count":0,"master_deck":["Slimebound:Strike_Slimebound","Slimebound:Strike_Slimebound","Slimebound:Strike_Slimebound","Slimebound:Tackle","Slimebound:Defend_Slimebound","Slimebound:Defend_Slimebound","Slimebound:Defend_Slimebound","Slimebound:Defend_Slimebound","Slimebound:Split+1","Slimebound:CorrosiveSpit","Slimebound:Nibble","Slimebound:SlimeSpikes","Slimebound:SplitMire","Slimebound:RollThrough","Slimebound:HungryTackle","Slimebound:GrowthPunch","Slimebound:Chomp","Slimebound:Gluttony","Slimebound:LeechEnergy","Slimebound:AcidTongue","Slimebound:MassRepurpose+1","Slimebound:PressTheAttack","Slimebound:MegaLick+1","Slimebound:ServeAndProtect","Slimebound:SplitMire+1","Slimebound:Prepare+1","Necronomicurse"],"relics":["Slimebound:AbsorbEndCombat","downfall:HeartsMalice","Bronze Scales","downfall:HeartBlessingRed","downfall:HeartBlessingGreen","downfall:HeartBlessingBlue","Red Mask","Bottled Flame","Necronomicon"],"acts_visited":["Exordium","TheCity"],"potions_floor_usage":[12,15,16,16,16,21,22,23],"damage_taken":[{"damage":0.0,"enemies":"Cultist","floor":2.0,"turns":1.0},{"damage":0.0,"enemies":"2 Louse","floor":3.0,"turns":1.0},{"damage":0.0,"enemies":"Small Slimes","floor":4.0,"turns":1.0},{"damage":13.0,"enemies":"Exordium Wildlife","floor":5.0,"turns":4.0},{"damage":9.0,"enemies":"2 Fungi Beasts","floor":6.0,"turns":3.0},{"damage":28.0,"enemies":"3 Sentries","floor":8.0,"turns":7.0},{"damage":12.0,"enemies":"Blue Slaver","floor":9.0,"turns":3.0},{"damage":3,"enemies":"Exordium Wildlife","floor":12,"turns":2},{"damage":26,"enemies":"Exordium Thugs","floor":14,"turns":4},{"damage":6,"enemies":"Blue Slaver","floor":15,"turns":2},{"damage":28,"enemies":"WA_ARCHETYPE_RETAIN","floor":16,"turns":6},{"damage":25,"enemies":"Spheric Guardian","floor":19,"turns":5},{"damage":12,"enemies":"Chosen","floor":20,"turns":4},{"damage":23,"enemies":"Centurion and Healer","floor":21,"turns":5},{"damage":17,"enemies":"Snake Plant","floor":22,"turns":3},{"damage":19,"enemies":"Masked Bandits","floor":23,"turns":3},{"damage":3,"enemies":"3 Cultists","floor":27,"turns":1}],"seed_played":"-1720305325078864198","potions_obtained":[{"floor":5.0,"key":"Slimebound:SlimedPotion"},{"floor":8.0,"key":"SteroidPotion"},{"floor":9.0,"key":"SteroidPotion"},{"floor":14,"key":"EntropicBrew"},{"floor":15,"key":"Dexterity Potion"},{"floor":22,"key":"Slimebound:SlimedPotion"},{"floor":23,"key":"Guardian:BlockOnCardUsePotion"}],"is_trial":false,"path_per_floor":["R","M","M","M","M","M","T","E","M","R","?","M","R","M","M","B",null,"R","M","M","M","M","?","T","?","?","M"],"character_chosen":"SLIMEBOUND","items_purchased":[],"campfire_rested":2,"item_purchase_floors":[],"current_hp_per_floor":[65,65,65,65,58,57,57,37,27,46,46,45,64,42,40,20,65,75,56,52,37,28,17,17,1,1,0,0,0],"gold":292,"neow_bonus":"THREE_ENEMY_KILL","is_daily":false,"chose_seed":false,"campfire_upgraded":1,"win_rate":0.0,"timestamp":1612160144,"path_taken":["R","M","M","M","M","?","T","E","M","R","?","?","R","M","M","BOSS","R","M","M","M","M","?","T","?","?","M"],"items_purchased_type":[],"build_version":"2020-12-22","purchased_purges":0,"victory":false,"max_hp_per_floor":[65,65,65,65,65,65,65,65,65,65,65,65,65,65,65,65,65,75,75,75,75,75,75,75,75,75,75,75,75],"card_choices":[{"not_picked":["Slimebound:Gluttony","Slimebound:HungryTackle"],"picked":"Slimebound:Nibble","floor":2.0},{"not_picked":["Slimebound:Nibble","Slimebound:LivingWall"],"picked":"Slimebound:SlimeSpikes","floor":3.0},{"not_picked":["Slimebound:Dissolve","Slimebound:ComboTackle"],"picked":"Slimebound:SplitMire","floor":4.0},{"not_picked":["Slimebound:SlimeSpikes","Slimebound:LivingWall"],"picked":"Slimebound:RollThrough","floor":5.0},{"not_picked":["Slimebound:GoopTackle","Slimebound:TongueLash"],"picked":"Slimebound:HungryTackle","floor":6.0},{"not_picked":["Slimebound:Nibble","Slimebound:MassRepurpose"],"picked":"Slimebound:GrowthPunch","floor":8.0},{"not_picked":["Slimebound:SplitAcid","Slimebound:SplitMire"],"picked":"Slimebound:Chomp","floor":9.0},{"not_picked":["Slimebound:SplitLeeching","Slimebound:Prepare"],"picked":"Slimebound:Gluttony","floor":12},{"not_picked":["Slimebound:ProtectTheBoss","Slimebound:Schlurp"],"picked":"Slimebound:LeechEnergy","floor":14},{"not_picked":["Slimebound:Schlurp","Slimebound:SlimeSpikes"],"picked":"Slimebound:AcidTongue","floor":15},{"not_picked":["Slimebound:Recycling","Slimebound:Darklings"],"picked":"Slimebound:MassRepurpose","floor":16},{"not_picked":["Slimebound:HungryTackle+1","Slimebound:LeechingTouch"],"picked":"Slimebound:PressTheAttack","floor":19},{"not_picked":["Slimebound:SplitBruiser+1","Slimebound:SlimeSpikes"],"picked":"Slimebound:MegaLick+1","floor":20},{"not_picked":["Slimebound:SplitMire","Slimebound:SplitBruiser+1"],"picked":"Slimebound:ServeAndProtect","floor":21},{"not_picked":["Slimebound:FinishingTackle+1","Slimebound:LeadByExample"],"picked":"Slimebound:SplitMire+1","floor":22},{"not_picked":["Slimebound:ItLooksTasty","Slimebound:SamplingLick+1"],"picked":"Slimebound:Prepare+1","floor":23}],"player_experience":979442,"relics_obtained":[{"floor":8.0,"key":"Bronze Scales"},{"floor":23,"key":"Red Mask"},{"floor":24,"key":"Bottled Flame"},{"floor":25,"key":"Necronomicon"}],"event_choices":[{"damage_healed":0,"gold_gain":0,"player_choice":"Fought Bandits","damage_taken":0,"max_hp_gain":0,"max_hp_loss":0,"event_name":"Masked Bandits","floor":23,"gold_loss":0}],"is_beta":false,"boss_relics":[{"not_picked":["Runic Pyramid","Coffee Dripper","Snecko Eye"]}],"items_purged_floors":[],"is_endless":false,"potions_floor_spawned":[5,8,9,14,15,20,22,23],"killed_by":"3 Cultists","ascension_level":3}}