{"host":"oigynbtg272c19pw","time":1612196970,"event":{"mods":["BaseMod","Colored Map","Minty Spire (QoL Compilation)","Relic Stats","Slay the Relics Exporter","StSLib"],"gold_per_floor":[118,118,141,141,170,207,207,244,244,244,286,305,325,348,348,348,348],"floor_reached":16,"playtime":501,"items_purged":[],"score":244,"play_id":"7c41143c-55e3-489c-9b76-855a86839202","local_time":"20210201172930","is_ascension_mode":true,"campfire_choices":[{"data":"Perfected Strike","floor":7,"key":"SMITH"},{"floor":10,"key":"REST"},{"floor":15,"key":"REST"}],"circlet_count":0,"master_deck":["AscendersBane","Strike_R","Strike_R","Strike_R","Strike_R","Defend_R","Defend_R","Defend_R","Defend_R","Bash","Twin Strike","Spot Weakness","Perfected Strike+1","True Grit","Barricade","True Grit","Dark Embrace","Exhume","Headbutt"],"relics":["Burning Blood","CeramicFish","PreservedInsect","StoneCalendar","Bird Faced Urn","Paper Frog","Champion Belt"],"acts_visited":["Exordium"],"potions_floor_usage":[6,8,13],"damage_taken":[{"damage":16,"enemies":"Small Slimes","floor":1,"turns":5},{"damage":3,"enemies":"2 Louse","floor":3,"turns":3},{"damage":4,"enemies":"Jaw Worm","floor":5,"turns":3},{"damage":8,"enemies":"Gremlin Nob","floor":6,"turns":3},{"damage":16,"enemies":"3 Sentries","floor":8,"turns":7},{"damage":15,"enemies":"Lagavulin","floor":11,"turns":4},{"damage":16,"enemies":"Blue Slaver","floor":12,"turns":6},{"damage":11,"enemies":"Looter","floor":13,"turns":4},{"damage":19,"enemies":"Gremlin Gang","floor":14,"turns":7},{"damage":0,"enemies":"Slime Boss","floor":16,"turns":3}],"seed_played":"-2920186893875054265","potions_obtained":[{"floor":3,"key":"DistilledChaos"},{"floor":6,"key":"EssenceOfSteel"},{"floor":8,"key":"BlessingOfTheForge"},{"floor":11,"key":"BlessingOfTheForge"}],"is_trial":false,"path_per_floor":["M","?","M","?","M","E","R","E","T","R","E","M","M","M","R","B"],"character_chosen":"IRONCLAD","items_purchased":[],"campfire_rested":2,"item_purchase_floors":[],"current_hp_per_floor":[58,51,54,28,30,28,28,18,18,40,31,23,20,7,29,31,31],"gold":348,"neow_bonus":"RANDOM_COMMON_RELIC","is_daily":false,"chose_seed":false,"campfire_upgraded":1,"win_rate":0.0,"timestamp":1612196970,"path_taken":["M","?","M","?","M","E","R","E","T","R","E","?","M","M","R","BOSS"],"items_purchased_type":[],"build_version":"2020-12-13","purchased_purges":0,"victory":false,"max_hp_per_floor":[75,75,75,75,75,75,75,75,75,75,75,75,75,75,75,75,75],"relic_stats":{"counters":[10,45],"CeramicFish":81,"Bird Faced Urn":[6],"StoneCalendar":[33],"PreservedInsect":85,"Champion Belt":[1],"obtain_stats":[{"CeramicFish":0,"Bird Faced Urn":8,"StoneCalendar":6,"PreservedInsect":4,"Champion Belt":11,"Burning Blood":0,"Paper Frog":9},{"CeramicFish":0,"Bird Faced Urn":5,"StoneCalendar":4,"PreservedInsect":2,"Champion Belt":6,"Burning Blood":0,"Paper Frog":5},{"CeramicFish":0,"Bird Faced Urn":21,"StoneCalendar":14,"PreservedInsect":8,"Champion Belt":25,"Burning Blood":0,"Paper Frog":21}],"Burning Blood":54},"card_choices":[{"not_picked":["Perfected Strike","Body Slam"],"picked":"Twin Strike","floor":1},{"not_picked":["Blood for Blood","Seeing Red"],"picked":"Spot Weakness","floor":3},{"not_picked":["Rage","Shrug It Off"],"picked":"Perfected Strike","floor":5},{"not_picked":["Body Slam","Sword Boomerang"],"picked":"True Grit","floor":6},{"not_picked":["Pummel","Pommel Strike"],"picked":"Barricade","floor":8},{"not_picked":["Carnage","Dual Wield"],"picked":"True Grit","floor":11},{"not_picked":["Shrug It Off","Fire Breathing"],"picked":"Dark Embrace","floor":12},{"not_picked":["Wild Strike","Heavy Blade"],"picked":"Exhume","floor":13},{"not_picked":["Cleave","Spot Weakness"],"picked":"Headbutt","floor":14}],"player_experience":1525433,"relics_obtained":[{"floor":6,"key":"StoneCalendar"},{"floor":8,"key":"Bird Faced Urn"},{"floor":9,"key":"Paper Frog"},{"floor":11,"key":"Champion Belt"}],"event_choices":[{"cards_removed":["Strike_R"],"damage_healed":0,"gold_gain":0,"player_choice":"Card Removal","damage_taken":7,"max_hp_gain":0,"max_hp_loss":0,"event_name":"Golden Wing","floor":2,"gold_loss":0},{"damage_healed":0,"gold_gain":0,"player_choice":"Success","damage_taken":26,"relics_obtained":["PreservedInsect"],"max_hp_gain":0,"max_hp_loss":0,"event_name":"Scrap Ooze","floor":4,"gold_loss":0}],"is_beta":false,"boss_relics":[],"items_purged_floors":[],"is_endless":false,"potions_floor_spawned":[3,6,8,11],"killed_by":"Slime Boss","ascension_level":20}}