{"host":"8962ghaoa8fyttvy","time":1612174050,"event":{"mods":["2.2 Compatiblity","AchievementEnabler","BaseMod","Bestiary","Colored Map","Colored Powertips","Curses Come First","Highlight Path","Keyboard Shortcuts","Minty Spire (QoL Compilation)","Relic Stats","Slay the Relics Exporter","StSLib","SuperFastMode"],"gold_per_floor":[109,109,109,109,123,123,139,139,139,139,174,189,205,228,228,351,351,365,465,238,238,261,300,300,399,446,470,470,470,470],"floor_reached":29,"language":"ENG","playtime":933,"items_purged":["Skim+1"],"score":245,"play_id":"2cb9a589-cd92-4050-9f1c-e95d8d11f1ad","local_time":"20210201050730","is_ascension_mode":false,"campfire_choices":[{"data":"Static Discharge","floor":6,"key":"SMITH"},{"data":"Conserve Battery","floor":10,"key":"SMITH"},{"data":"Defragment","floor":15,"key":"SMITH"},{"data":"Capacitor","floor":24,"key":"SMITH"}],"circlet_count":0,"master_deck":["Strike_B+1","Strike_B+1","Defend_B","Defend_B","Defend_B","Zap","Dualcast","Conserve Battery+1","Static Discharge+1","Conserve Battery+1","Stack+1","Echo Form","Tempest+1","Defragment+1","Creative AI","Rip and Tear+1","Melter+1","Force Field+1","Capacitor+1","Lockon+1"],"relics":["Cracked Core","NeowsBlessing","Golden Idol","Toxic Egg 2","Eternal Feather","Astrolabe","PreservedInsect","StoneCalendar","Whetstone"],"acts_visited":["Exordium","TheCity"],"potions_floor_usage":[16,27,28],"damage_taken":[{"damage":0,"enemies":"Small Slimes","floor":1,"turns":1},{"damage":0,"enemies":"Jaw Worm","floor":5,"turns":1},{"damage":0,"enemies":"Cultist","floor":7,"turns":1},{"damage":36,"enemies":"Lagavulin","floor":11,"turns":6},{"damage":1,"enemies":"Large Slime","floor":12,"turns":4},{"damage":8,"enemies":"2 Fungi Beasts","floor":13,"turns":4},{"damage":20,"enemies":"Looter","floor":14,"turns":3},{"damage":13,"enemies":"The Guardian","floor":16,"turns":9},{"damage":0,"enemies":"Chosen","floor":18,"turns":4},{"damage":0,"enemies":"Spheric Guardian","floor":22,"turns":3},{"damage":39,"enemies":"Gremlin Leader","floor":23,"turns":5},{"damage":17,"enemies":"Snake Plant","floor":27,"turns":5},{"damage":18,"enemies":"3 Cultists","floor":28,"turns":4},{"damage":10,"enemies":"Cultist and Chosen","floor":29,"turns":4}],"seed_played":"-8797592585469683365","potions_obtained":[{"floor":5,"key":"FocusPotion"},{"floor":12,"key":"LiquidMemories"},{"floor":13,"key":"SmokeBomb"},{"floor":27,"key":"Dexterity Potion"}],"is_trial":false,"path_per_floor":["M","?","?","?","M","R","M","?","T","R","E","M","M","M","R","B",null,"M","?","$","?","M","E","R","?","T","M","M","M"],"character_chosen":"DEFECT","items_purchased":["PreservedInsect"],"campfire_rested":0,"item_purchase_floors":[20],"current_hp_per_floor":[75,80,80,80,80,80,80,74,74,74,38,37,29,9,18,5,74,74,74,74,74,74,35,44,44,44,27,9,0,0],"gold":470,"neow_bonus":"THREE_ENEMY_KILL","is_daily":false,"chose_seed":false,"campfire_upgraded":4,"win_rate":0.0,"timestamp":1612174050,"path_taken":["M","?","?","?","M","R","?","?","T","R","E","M","M","M","R","BOSS","M","?","?","?","M","E","R","?","T","M","M","M"],"items_purchased_type":["Relic"],"build_version":"2020-12-22","purchased_purges":1,"victory":false,"max_hp_per_floor":[75,80,80,80,80,80,80,74,74,74,74,74,74,74,74,74,74,74,74,74,74,74,74,74,74,74,74,74,74,74],"relic_stats":{"counters":[14,54],"Golden Idol":69,"Astrolabe":["Rip and Tear","Skim","Melter"],"Eternal Feather":18,"StoneCalendar":[0],"PreservedInsect":43,"Whetstone":["Strike_B","Strike_B"],"obtain_stats":[{"NeowsBlessing":0,"Golden Idol":8,"Astrolabe":17,"Eternal Feather":11,"StoneCalendar":23,"PreservedInsect":20,"Whetstone":26,"Toxic Egg 2":9,"Cracked Core":0},{"NeowsBlessing":0,"Golden Idol":3,"Astrolabe":8,"Eternal Feather":4,"StoneCalendar":11,"PreservedInsect":9,"Whetstone":11,"Toxic Egg 2":3,"Cracked Core":0},{"NeowsBlessing":0,"Golden Idol":3,"Astrolabe":29,"Eternal Feather":9,"StoneCalendar":41,"PreservedInsect":33,"Whetstone":41,"Toxic Egg 2":3,"Cracked Core":0}]},"card_choices":[{"not_picked":["Rebound","Double Energy"],"picked":"Conserve Battery","floor":1},{"not_picked":["Beam Cell","Steam Power"],"picked":"Static Discharge","floor":5},{"not_picked":["Rebound","Go for the Eyes"],"picked":"Conserve Battery","floor":7},{"not_picked":["Aggregate+1","Undo+1"],"picked":"Stack+1","floor":11},{"not_picked":["Blizzard","Glacier+1"],"picked":"Echo Form","floor":12},{"not_picked":["Barrage","Steam Power+1"],"picked":"Tempest+1","floor":13},{"not_picked":["Cold Snap","Static Discharge"],"picked":"Defragment","floor":14},{"not_picked":["Echo Form","Biased Cognition"],"picked":"Creative AI","floor":16},{"not_picked":["FTL","Sweeping Beam"],"picked":"Force Field+1","floor":18},{"not_picked":["Double Energy+1","Compile Driver","Stack+1"],"picked":"SKIP","floor":22},{"not_picked":["Scrape","Fusion+1","Seek+1"],"picked":"SKIP","floor":23},{"not_picked":["Beam Cell+1","Stack+1"],"picked":"Lockon+1","floor":27}],"player_experience":11675,"relics_obtained":[{"floor":9,"key":"Toxic Egg 2"},{"floor":11,"key":"Eternal Feather"},{"floor":23,"key":"StoneCalendar"},{"floor":26,"key":"Whetstone"}],"event_choices":[{"damage_healed":0,"gold_gain":0,"player_choice":"Donut","damage_taken":0,"max_hp_gain":5,"max_hp_loss":0,"event_name":"Big Fish","floor":2,"gold_loss":0},{"damage_healed":0,"gold_gain":0,"player_choice":"Grow","damage_taken":0,"max_hp_gain":0,"max_hp_loss":0,"event_name":"Living Wall","floor":3,"gold_loss":0,"cards_upgraded":["Conserve Battery"]},{"damage_healed":0,"gold_gain":0,"player_choice":"Ignored","damage_taken":0,"max_hp_gain":0,"max_hp_loss":0,"event_name":"Liars Game","floor":4,"gold_loss":0},{"damage_healed":0,"gold_gain":0,"player_choice":"Lose Max HP","damage_taken":0,"relics_obtained":["Golden Idol"],"max_hp_gain":0,"max_hp_loss":6,"event_name":"Golden Idol","floor":8,"gold_loss":0},{"damage_healed":0,"gold_gain":100,"player_choice":"Pray","damage_taken":0,"max_hp_gain":0,"max_hp_loss":0,"event_name":"Golden Shrine","floor":19,"gold_loss":0},{"damage_healed":0,"gold_gain":0,"player_choice":"Read","damage_taken":0,"max_hp_gain":0,"max_hp_loss":0,"event_name":"The Library","floor":21,"gold_loss":0,"cards_obtained":["Capacitor"]},{"damage_healed":0,"gold_gain":99,"player_choice":"Stole From Cult","damage_taken":0,"max_hp_gain":0,"max_hp_loss":0,"event_name":"Nest","floor":25,"gold_loss":0}],"is_beta":false,"boss_relics":[{"not_picked":["Black Star","Inserter"],"picked":"Astrolabe"}],"items_purged_floors":[20],"is_endless":false,"potions_floor_spawned":[5,12,13,14,22,27],"killed_by":"Cultist and Chosen","ascension_level":0}}