{"host":"mmro3auxcbu5pwad","time":1612215886,"event":{"mods":["Aspiration","BaseMod","Conspire","Energized Spire","Halation","Hubris","Infinite Spire","Minty Spire (QoL Compilation)","Permanent Neow","Replay The Spire","StSLib"],"gold_per_floor":[109,109,125,139,139,139,152,152,152,170,170,181,181,198,198,198,198],"floor_reached":16,"language":"ENG","playtime":453,"items_purged":[],"score":103,"play_id":"4085569c-c5c7-4113-87d5-573cac4a579b","local_time":"20210201224446","is_ascension_mode":true,"campfire_choices":[{"data":"Eruption","floor":6,"key":"SMITH"},{"data":"PathToVictory","floor":8,"key":"SMITH"},{"floor":15,"key":"REST"}],"circlet_count":0,"master_deck":["Strike_P","Strike_P","Strike_P","Strike_P","Defend_P","Defend_P","Defend_P","Defend_P","Eruption+1","Vigilance","PathToVictory+1","EmptyBody","Gash"],"relics":["PureWater","aspiration:Nostalgia","Iron Core","hubris:Icosahedron","infinitespire:Bottled Soul","Snack Pack"],"acts_visited":["Exordium"],"potions_floor_usage":[],"damage_taken":[{"damage":6,"enemies":"conspire:RoseBush","floor":1,"turns":2},{"damage":1,"enemies":"Cultist","floor":3,"turns":3},{"damage":7,"enemies":"Small Slimes","floor":4,"turns":3},{"damage":9,"enemies":"Blue Slaver","floor":7,"turns":5},{"damage":4,"enemies":"Looter","floor":10,"turns":3},{"damage":0,"enemies":"3 Louse","floor":12,"turns":2},{"damage":8,"enemies":"Exordium Wildlife","floor":14,"turns":3},{"damage":41,"enemies":"Fading Forest","floor":16,"turns":5}],"seed_played":"2126175245565824654","potions_obtained":[{"floor":1,"key":"Milkshake"},{"floor":3,"key":"Fire Potion"},{"floor":4,"key":"LifebloodPotion"}],"is_trial":false,"path_per_floor":["M","?","M","M","?","R","M","R","T","M","?","M","?","M","R","B"],"character_chosen":"WATCHER","items_purchased":[],"campfire_rested":1,"item_purchase_floors":[],"current_hp_per_floor":[66,66,65,58,58,58,49,49,49,45,33,35,35,29,50,9,9],"gold":198,"neow_bonus":"NOSTALGIA","is_daily":false,"chose_seed":false,"campfire_upgraded":2,"win_rate":0.0,"timestamp":1612215886,"path_taken":["M","?","?","M","?","R","M","R","T","M","?","M","?","M","R","BOSS"],"items_purchased_type":[],"build_version":"2020-12-22","purchased_purges":0,"victory":false,"max_hp_per_floor":[72,72,72,72,72,72,72,72,72,72,72,72,72,72,72,72,72],"card_choices":[{"not_picked":["Hologram","Protect"],"picked":"PathToVictory","floor":1},{"not_picked":["Heavy Blade","Replay:AtTheReady","Fasting2"],"picked":"SKIP","floor":3},{"not_picked":["Nirvana","Prostrate","Halt"],"picked":"SKIP","floor":4},{"not_picked":["Consecrate","Turbo"],"picked":"EmptyBody","floor":7},{"not_picked":["Vault","Nirvana","Replay:Vibes"],"picked":"SKIP","floor":10},{"not_picked":["FlurryOfBlows","Turbo"],"picked":"Gash","floor":12},{"not_picked":["Rebound","Fire Breathing","Replay:Vibes"],"picked":"SKIP","floor":14}],"player_experience":88773,"relics_obtained":[{"floor":9,"key":"infinitespire:Bottled Soul"}],"event_choices":[{"damage_healed":0,"gold_gain":0,"player_choice":"Bought 0 Potions","damage_taken":0,"max_hp_gain":0,"max_hp_loss":0,"event_name":"The Woman in Blue","floor":2,"gold_loss":0},{"damage_healed":0,"gold_gain":0,"player_choice":"Success","damage_taken":12,"relics_obtained":["Snack Pack"],"max_hp_gain":0,"max_hp_loss":0,"event_name":"Scrap Ooze","floor":11,"gold_loss":0},{"damage_healed":0,"gold_gain":0,"player_choice":"Ignored","damage_taken":0,"max_hp_gain":0,"max_hp_loss":0,"event_name":"Golden Idol","floor":13,"gold_loss":0}],"is_beta":false,"boss_relics":[],"items_purged_floors":[],"is_endless":false,"potions_floor_spawned":[1,3,4],"killed_by":"Fading Forest","ascension_level":2}}