{"host":"yans4pr1zf0lm9bx","time":1612193654,"event":{"mods":["AchievementEnabler","BaseMod","Downfall","Minty Spire (QoL Compilation)","StSLib","SuperFastMode","slay the spire mod where everything is the same but ironclad has a cowboy hat"],"gold_per_floor":[99,115,115,134,52,78,147,147,92,122,36,36,85,109,127,234,234,234,256,276,292,307,307,375,78,103,103,103,130,130,130,130],"floor_reached":30,"language":"ENG","playtime":2189,"items_purged":["hexamod:Strike"],"score":255,"play_id":"ea914b14-6e3c-420a-a971-3a7f16404868","local_time":"20210201103414","is_ascension_mode":false,"campfire_choices":[{"data":"hexamod:Defend","floor":1,"key":"SMITH"},{"data":"hexamod:TimeOfNeed","floor":8,"key":"SMITH"},{"data":"hexamod:EmpoweredFlame","floor":12,"key":"SMITH"},{"data":"hexamod:UnleashSpirits","floor":18,"key":"SMITH"},{"data":"hexamod:RecurringNightmare","floor":28,"key":"SMITH"}],"circlet_count":0,"master_deck":["hexamod:Sear","hexamod:Float","hexamod:SecondSeal","hexamod:RadiantFlame+1","hexamod:TimeOfNeed+1","hexamod:BurningTouch","hexamod:SpectersWail","hexamod:FastForward+1","hexamod:ThirdSeal","hexamod:Hexaguard+1","hexamod:EmpoweredFlame+1","hexamod:GhostOfSpireFuture+1","hexamod:PhantomFireball+1","hexamod:UnleashSpirits+1","hexamod:SixthSeal","hexamod:FastForward+1","hexamod:NightmareStrike+1","hexamod:FastForward+1","hexamod:SkipABeat","hexamod:BacktrackSmack+1","hexamod:ExtraCrispy+1","hexamod:SpectralAdrenaline","hexamod:SwordOfDarkness+1","hexamod:CouncilsJustice","hexamod:CouncilsJustice","hexamod:CouncilsJustice","Ghostly","Ghostly","Ghostly","hexamod:FourthSeal","hexamod:NightmareGuise","hexamod:RecurringNightmare+1","hexamod:GhostShield","hexamod:GhostShield","hexamod:FirstSeal"],"relics":["hexamod:SpiritBrand","Shuriken","MealTicket","Smiling Mask","Coffee Dripper","Singing Bowl","Nloth\u0027s Gift"],"acts_visited":["Exordium","TheCity"],"potions_floor_usage":[10,25,26],"damage_taken":[{"damage":0,"enemies":"2 Louse","floor":2,"turns":3},{"damage":0,"enemies":"Cultist","floor":4,"turns":4},{"damage":0,"enemies":"downfall:FleeingMerchant","floor":5,"turns":4},{"damage":6,"enemies":"Jaw Worm","floor":6,"turns":3},{"damage":7,"enemies":"downfall:FleeingMerchant","floor":9,"turns":4},{"damage":25,"enemies":"3 Sentries","floor":10,"turns":7},{"damage":7,"enemies":"downfall:FleeingMerchant","floor":11,"turns":4},{"damage":1,"enemies":"Exordium Wildlife","floor":15,"turns":6},{"damage":38,"enemies":"SI_SHIV_ARCHETYPE","floor":16,"turns":9},{"damage":12,"enemies":"Chosen","floor":19,"turns":7},{"damage":6,"enemies":"Shell Parasite","floor":20,"turns":6},{"damage":35,"enemies":"Shelled Parasite and Fungi","floor":21,"turns":6},{"damage":13,"enemies":"Snecko","floor":22,"turns":4},{"damage":5,"enemies":"downfall:FleeingMerchant","floor":25,"turns":4},{"damage":19,"enemies":"Centurion and Healer","floor":26,"turns":6},{"damage":5,"enemies":"Cultist and Chosen","floor":29,"turns":6},{"damage":12,"enemies":"Sentry and Sphere","floor":30,"turns":5}],"seed_played":"-4110278878843159605","potions_obtained":[{"floor":3,"key":"SmokeBomb"},{"floor":3,"key":"Fire Potion"},{"floor":3,"key":"Guardian:BlockOnCardUsePotion"},{"floor":10,"key":"Energy Potion"},{"floor":15,"key":"hexamod:EctoCoolerPotion"},{"floor":19,"key":"hexamod:SoulburnPotion"},{"floor":26,"key":"hexamod:DoubleChargePotion"},{"floor":29,"key":"Guardian:BlockOnCardUsePotion"},{"floor":29,"key":"hexamod:SoulburnPotion"}],"is_trial":false,"path_per_floor":["R","M","?","M","$","M","T","R","$","E","$","R","T","T","M","B",null,"R","M","M","M","M","?","T","$","M","?","R","M","M"],"character_chosen":"THE_SPIRIT","items_purchased":["hexamod:FastForward","hexamod:EmpoweredFlame","hexamod:NightmareGuise","hexamod:RecurringNightmare","Strawberry"],"campfire_rested":0,"item_purchase_floors":[9,11,25,25,25],"current_hp_per_floor":[77,77,77,77,77,71,71,71,64,39,47,47,47,47,46,8,77,77,65,59,24,11,11,11,28,9,9,9,6,0,0,0],"gold":130,"neow_bonus":"TEN_PERCENT_HP_BONUS","is_daily":false,"chose_seed":false,"campfire_upgraded":5,"win_rate":0.0,"timestamp":1612193654,"path_taken":["R","M","?","M","$","?","T","R","$","E","?","R","?","?","M","BOSS","R","M","M","M","?","?","T","$","M","?","R","M","?"],"items_purchased_type":["Card","Card","Card","Card","Relic"],"build_version":"2020-12-22","purchased_purges":1,"victory":false,"max_hp_per_floor":[77,77,77,77,77,77,77,77,77,77,77,77,77,77,77,77,77,77,77,77,77,77,38,38,45,45,45,45,47,47,47,47],"card_choices":[{"not_picked":["hexamod:HeatMetal","hexamod:ThermalTransfer"],"picked":"hexamod:SecondSeal","floor":2},{"not_picked":["hexamod:Haunt","hexamod:BacktrackSmack"],"picked":"hexamod:RadiantFlame","floor":4},{"not_picked":["hexamod:ShieldOfDarkness","hexamod:HeatMetal"],"picked":"hexamod:TimeOfNeed","floor":5},{"not_picked":["hexamod:HeatMetal","hexamod:FirstSeal"],"picked":"hexamod:BurningTouch","floor":6},{"not_picked":["hexamod:NightmareStrike","hexamod:NightmareGuise"],"picked":"hexamod:SpectersWail","floor":9},{"not_picked":["hexamod:NightmareGuise","hexamod:Rewind"],"picked":"hexamod:ThirdSeal","floor":10},{"not_picked":["hexamod:SwordOfDarkness","hexamod:NightmareStrike"],"picked":"hexamod:Hexaguard","floor":11},{"not_picked":["hexamod:BacktrackSmack","hexamod:GhostShield","hexamod:Firestarter"],"picked":"SKIP","floor":11},{"not_picked":["hexamod:BacktrackSmack","hexamod:HeatShield"],"picked":"hexamod:GhostOfSpireFuture","floor":15},{"not_picked":["hexamod:TurnItUp","hexamod:ThermalTransfer"],"picked":"hexamod:PhantomFireball","floor":15},{"not_picked":["hexamod:VolcanoVisage","hexamod:FifthSeal"],"picked":"hexamod:UnleashSpirits","floor":16},{"not_picked":["hexamod:HexaLevel","hexamod:UnlimitedPower"],"picked":"hexamod:SixthSeal","floor":16},{"not_picked":["hexamod:InspiringFlames","hexamod:SecondSeal"],"picked":"hexamod:FastForward+1","floor":19},{"not_picked":["hexamod:HauntingEcho","hexamod:PhantomFireball"],"picked":"hexamod:NightmareStrike+1","floor":19},{"not_picked":["hexamod:ExtraCrispy","hexamod:PhantomCloak"],"picked":"hexamod:FastForward+1","floor":20},{"not_picked":["hexamod:Hexaguard","hexamod:BacktrackSmack"],"picked":"hexamod:SkipABeat","floor":20},{"not_picked":["hexamod:CatchUp","hexamod:SecondSeal"],"picked":"hexamod:BacktrackSmack","floor":21},{"not_picked":["hexamod:BurningTouch","hexamod:SpectersWail"],"picked":"hexamod:ExtraCrispy+1","floor":21},{"not_picked":["hexamod:SwordOfDarkness","hexamod:WildfireWeapon"],"picked":"hexamod:SpectralAdrenaline","floor":22},{"not_picked":["hexamod:NightmareStrike","hexamod:ShieldOfDarkness"],"picked":"hexamod:SwordOfDarkness+1","floor":22},{"not_picked":["hexamod:NightmareGuise","hexamod:HauntingEcho"],"picked":"hexamod:FourthSeal","floor":25},{"not_picked":["hexamod:BurningTouch+1","hexamod:Hexaguard"],"picked":"hexamod:GhostShield","floor":26},{"not_picked":["hexamod:FastForward","hexamod:GhostflameInferno"],"picked":"hexamod:GhostShield","floor":26},{"not_picked":["hexamod:RetreatToShadows","hexamod:HauntingEcho"],"picked":"hexamod:FirstSeal","floor":29},{"not_picked":["hexamod:GhostLash+1","hexamod:FirstSeal","hexamod:BacktrackSmack"],"picked":"Singing Bowl","floor":29}],"player_experience":276164,"relics_obtained":[{"floor":7,"key":"Shuriken"},{"floor":10,"key":"MealTicket"},{"floor":13,"key":"Smiling Mask"},{"floor":24,"key":"Singing Bowl"}],"event_choices":[{"damage_healed":0,"gold_gain":0,"player_choice":"Got Potions","damage_taken":0,"max_hp_gain":0,"max_hp_loss":0,"event_name":"Lab","floor":3,"gold_loss":0}],"is_beta":false,"boss_relics":[{"not_picked":["Empty Cage","Fusion Hammer"],"picked":"Coffee Dripper"}],"items_purged_floors":[5],"is_endless":false,"potions_floor_spawned":[4,10,15,19,29],"killed_by":"Sentry and Sphere","ascension_level":0}}