{"host":"lzlnscgb2n0l5w2m","time":1612139397,"event":{"mods":["AchievementEnabler","BaseMod","Block Reminder","Colored Powertips","Highlight Path","Minty Spire (QoL Compilation)","Permanent Neow","Relic Stats","StSLib","The Bug Knight","Yuri Mod"],"gold_per_floor":[109,109,122,72,83,108,108,33,56,56,68,98,273,273,273,377,377,388,402,418,0,0,0,28,41,41,57,88,88,119,93,93,195,195,207,218,218,218,42,42,77,77,153,153,171,76,126,173,173,173,173,173,8,33,33],"floor_reached":56,"language":"ZHS","playtime":5171,"items_purged":["Defend_G","Strike_G","Strike_G"],"score":1510,"play_id":"8108a959-274a-41a2-ba11-e3834eb1db86","local_time":"20210201082957","is_ascension_mode":true,"campfire_choices":[{"data":"Neutralize","floor":7.0,"key":"SMITH"},{"data":"Leg Sweep","floor":10.0,"key":"SMITH"},{"data":"Malaise","floor":15.0,"key":"SMITH"},{"floor":23.0,"key":"REST"},{"data":"Cloak And Dagger","floor":29.0,"key":"SMITH"},{"floor":32.0,"key":"REST"},{"data":"After Image","floor":40.0,"key":"SMITH"},{"data":"Acrobatics","floor":42.0,"key":"SMITH"},{"floor":49,"key":"RECALL"},{"data":"Accuracy","floor":52,"key":"SMITH"}],"circlet_count":0,"master_deck":["Strike_G","Strike_G","Defend_G","Defend_G","Defend_G","Defend_G","Survivor","Neutralize+1","Predator","Cloak And Dagger+1","Leg Sweep+1","Blade Dance","Heel Hook","Malaise+1","Unload","Deflect","After Image+1","Accuracy+1","Outmaneuver","Heel Hook","Phantasmal Killer","Dodge and Roll+1","Acrobatics+1","Master of Strategy","Leg Sweep","Shame","Madness+1","Blade Dance+1","Blade Dance+1","Accuracy+1","Doppelganger+1","Quick Slash","Flechettes","Cloak And Dagger+1"],"relics":["SlaversCollar","WarpedTongs","Happy Flower","Oddly Smooth Stone","Mummified Hand","Sozu","HollowMod:LifeEnderRelic","HornCleat","Bronze Scales","Red Mask","Cursed Key","Bottled Tornado","Toxic Egg 2","StoneCalendar","FossilizedHelix","Anchor"],"acts_visited":["Exordium","TheCity","TheBeyond","TheEnding"],"potions_floor_usage":[],"damage_taken":[{"damage":9.0,"enemies":"Cultist","floor":1.0,"turns":5.0},{"damage":7.0,"enemies":"2 Louse","floor":3.0,"turns":3.0},{"damage":0.0,"enemies":"Small Slimes","floor":5.0,"turns":3.0},{"damage":1.0,"enemies":"Lagavulin","floor":6.0,"turns":6.0},{"damage":2.0,"enemies":"Looter","floor":11.0,"turns":3.0},{"damage":1.0,"enemies":"Gremlin Nob","floor":12.0,"turns":4.0},{"damage":6.0,"enemies":"The Guardian","floor":16.0,"turns":10.0},{"damage":0.0,"enemies":"Chosen","floor":18.0,"turns":5.0},{"damage":0.0,"enemies":"3 Byrds","floor":19.0,"turns":6.0},{"damage":21.0,"enemies":"Snake Plant","floor":20.0,"turns":8.0},{"damage":8.0,"enemies":"Gremlin Leader","floor":24.0,"turns":9.0},{"damage":2.0,"enemies":"Cultist and Chosen","floor":25.0,"turns":7.0},{"damage":7.0,"enemies":"Centurion and Healer","floor":27.0,"turns":4.0},{"damage":10.0,"enemies":"HollowMod:Nosk","floor":28.0,"turns":8.0},{"damage":15.0,"enemies":"Masked Bandits","floor":30.0,"turns":4.0},{"damage":6.0,"enemies":"Automaton","floor":33.0,"turns":10.0},{"damage":2.0,"enemies":"3 Darklings","floor":35.0,"turns":5.0},{"damage":0.0,"enemies":"3 Shapes","floor":36.0,"turns":7.0},{"damage":2.0,"enemies":"Giant Head","floor":41.0,"turns":6.0},{"damage":0,"enemies":"Spire Growth","floor":45,"turns":4},{"damage":0,"enemies":"Mind Bloom Boss Battle","floor":47,"turns":4},{"damage":0,"enemies":"2 Orb Walkers","floor":48,"turns":4},{"damage":0,"enemies":"Awakened One","floor":50,"turns":8},{"damage":0,"enemies":"Shield and Spear","floor":54,"turns":5},{"damage":47,"enemies":"The Heart","floor":55,"turns":8}],"seed_played":"-3825589721270257937","potions_obtained":[{"floor":1.0,"key":"GhostInAJar"},{"floor":3.0,"key":"ColorlessPotion"},{"floor":6.0,"key":"LiquidBronze"}],"is_trial":false,"path_per_floor":["M","?","M","?","M","E","R","$","T","R","M","E","?","?","R","B",null,"M","M","M","$","?","R","E","M","T","M","E","R","?","$","R","B",null,"M","M","?","?","$","R","E","R","T","?","M","$","?","?","R","B",null,"R","$","E","B",null],"character_chosen":"THE_SILENT","items_purchased":["After Image","HollowMod:LifeEnderRelic","Backflip","Master of Strategy","Blade Dance+1","Accuracy","Flechettes"],"campfire_rested":2,"item_purchase_floors":[21,21,31,39,46,46,53],"current_hp_per_floor":[54,54,47,47,47,46,46,46,46,46,44,43,43,36,36,30,60,60,60,39,39,39,60,52,50,50,43,33,33,18,18,39,33,61,59,59,59,59,59,59,57,57,57,57,57,57,57,57,57,57,64,64,64,64,17],"gold":33,"neow_bonus":"BOSS_RELIC","is_daily":false,"chose_seed":false,"campfire_upgraded":7,"win_rate":0.0,"timestamp":1612139397,"path_taken":["M","?","?","?","M","E","R","$","T","R","M","E","?","?","R","BOSS","M","M","M","$","?","R","E","M","T","?","E","R","?","$","R","BOSS","M","M","?","?","$","R","E","R","T","?","M","$","?","?","R","BOSS","R","$","E","BOSS"],"items_purchased_type":["Card","Relic","Card","Card","Card","Card","Card"],"build_version":"2020-12-22","purchased_purges":3,"victory":true,"max_hp_per_floor":[70,70,70,70,70,70,70,70,70,70,70,70,70,70,70,70,70,70,70,70,70,70,70,70,70,70,70,70,70,70,70,70,70,70,70,70,70,66,66,66,66,66,66,66,66,66,66,66,66,66,66,66,66,66,66],"relic_stats":{"Sozu":6,"Happy Flower":[43],"counters":[25,146],"Mummified Hand":[35],"Bronze Scales":[243],"StoneCalendar":[104],"Cursed Key":1,"obtain_stats":[{"HollowMod:LifeEnderRelic":21,"Happy Flower":6,"Oddly Smooth Stone":9,"StoneCalendar":47,"Bottled Tornado":41,"Cursed Key":34,"WarpedTongs":2,"Sozu":17,"SlaversCollar":0,"Anchor":54,"HornCleat":24,"Mummified Hand":12,"Bronze Scales":28,"Red Mask":30,"Toxic Egg 2":43,"FossilizedHelix":48,"Ring of the Snake":0},{"HollowMod:LifeEnderRelic":10,"Happy Flower":4,"Oddly Smooth Stone":4,"StoneCalendar":21,"Bottled Tornado":19,"Cursed Key":16,"WarpedTongs":1,"Sozu":7,"SlaversCollar":0,"Anchor":24,"HornCleat":11,"Mummified Hand":6,"Bronze Scales":14,"Red Mask":15,"Toxic Egg 2":19,"FossilizedHelix":22,"Ring of the Snake":0},{"HollowMod:LifeEnderRelic":53,"Happy Flower":17,"Oddly Smooth Stone":17,"StoneCalendar":121,"Bottled Tornado":113,"Cursed Key":95,"WarpedTongs":5,"Sozu":34,"SlaversCollar":0,"Anchor":138,"HornCleat":62,"Mummified Hand":24,"Bronze Scales":81,"Red Mask":85,"Toxic Egg 2":113,"FossilizedHelix":125,"Ring of the Snake":0}],"WarpedTongs":[140]},"card_choices":[{"not_picked":["Slice","Calculated Gamble"],"picked":"Predator","floor":1.0},{"not_picked":["Prepared","Backflip"],"picked":"Cloak And Dagger","floor":3.0},{"not_picked":["Choke","Infinite Blades"],"picked":"Leg Sweep","floor":5.0},{"not_picked":["Dodge and Roll","Prepared"],"picked":"Blade Dance","floor":6.0},{"not_picked":["Underhanded Strike","PiercingWail"],"picked":"Heel Hook","floor":11.0},{"not_picked":["Catalyst","Bouncing Flask"],"picked":"Malaise","floor":12.0},{"not_picked":["Venomology","Grand Finale"],"picked":"Unload","floor":16.0},{"not_picked":["Cloak And Dagger","PiercingWail"],"picked":"Deflect","floor":18.0},{"not_picked":["Quick Slash","Dagger Spray+1","Envenom"],"picked":"SKIP","floor":19.0},{"not_picked":["Dagger Spray","Acrobatics","Bouncing Flask+1"],"picked":"SKIP","floor":20.0},{"not_picked":["Eviscerate","Quick Slash"],"picked":"Accuracy+1","floor":24.0},{"not_picked":["Choke","Sucker Punch"],"picked":"Outmaneuver","floor":25.0},{"not_picked":["Deflect+1","Riddle With Holes"],"picked":"Heel Hook","floor":27.0},{"not_picked":["Slice","Flechettes","Bane"],"picked":"SKIP","floor":28.0},{"not_picked":["Wraith Form v2","Grand Finale"],"picked":"Phantasmal Killer","floor":33.0},{"not_picked":["Flying Knee+1","Noxious Fumes"],"picked":"Dodge and Roll+1","floor":35.0},{"not_picked":["Bane+1","Quick Slash+1"],"picked":"Acrobatics","floor":36.0},{"not_picked":["Die Die Die","Slice+1"],"picked":"Leg Sweep","floor":41.0},{"not_picked":["Dark Shackles+1","Impatience+1"],"picked":"Madness+1","floor":44.0},{"not_picked":["Acrobatics+1","Skewer+1"],"picked":"Blade Dance+1","floor":45},{"not_picked":["Acrobatics+1","Noxious Fumes+1"],"picked":"Doppelganger+1","floor":47},{"not_picked":["Dagger Throw+1","Crippling Poison+1"],"picked":"Quick Slash","floor":48},{"not_picked":["Reflex+1","Die Die Die"],"picked":"Cloak And Dagger+1","floor":54}],"player_experience":334836,"relics_obtained":[{"floor":6.0,"key":"Happy Flower"},{"floor":9.0,"key":"Oddly Smooth Stone"},{"floor":12.0,"key":"Mummified Hand"},{"floor":24.0,"key":"HornCleat"},{"floor":28.0,"key":"Bronze Scales"},{"floor":30.0,"key":"Red Mask"},{"floor":41.0,"key":"Bottled Tornado"},{"floor":43.0,"key":"Toxic Egg 2"},{"floor":47,"key":"StoneCalendar"},{"floor":48,"key":"FossilizedHelix"},{"floor":54,"key":"Anchor"}],"event_choices":[{"damage_healed":0.0,"max_hp_gain":0.0,"max_hp_loss":0.0,"gold_gain":0.0,"event_name":"Accursed Blacksmith","player_choice":"Rummage","floor":2.0,"gold_loss":0.0,"damage_taken":0.0,"relics_obtained":["WarpedTongs"],"cards_obtained":["Pain"]},{"cards_removed":["Pain"],"damage_healed":0.0,"max_hp_gain":0.0,"max_hp_loss":0.0,"gold_gain":0.0,"event_name":"The Cleric","player_choice":"Card Removal","floor":4.0,"gold_loss":50.0,"damage_taken":0.0},{"damage_healed":0.0,"max_hp_gain":0.0,"max_hp_loss":0.0,"gold_gain":175.0,"event_name":"Liars Game","player_choice":"AGREE","floor":13.0,"gold_loss":0.0,"damage_taken":0.0,"cards_obtained":["Doubt"]},{"cards_removed":["Doubt"],"damage_healed":0.0,"max_hp_gain":0.0,"max_hp_loss":0.0,"gold_gain":0.0,"event_name":"Golden Wing","player_choice":"Card Removal","floor":14.0,"gold_loss":0.0,"damage_taken":7.0},{"cards_removed":["Strike_G"],"damage_healed":0.0,"max_hp_gain":0.0,"max_hp_loss":0.0,"gold_gain":0.0,"event_name":"Purifier","player_choice":"Purged","floor":22.0,"gold_loss":0.0,"damage_taken":0.0},{"damage_healed":0.0,"max_hp_gain":0.0,"max_hp_loss":0.0,"gold_gain":0.0,"event_name":"Masked Bandits","player_choice":"Fought Bandits","floor":30.0,"gold_loss":0.0,"damage_taken":0.0},{"cards_removed":["Backflip"],"damage_healed":0.0,"max_hp_gain":0.0,"max_hp_loss":0.0,"gold_gain":0.0,"event_name":"Falling","player_choice":"Removed Skill","floor":37.0,"gold_loss":0.0,"damage_taken":0.0},{"damage_healed":0.0,"max_hp_gain":0.0,"max_hp_loss":4.0,"gold_gain":0.0,"event_name":"Winding Halls","player_choice":"Max HP","floor":38.0,"gold_loss":0.0,"damage_taken":0.0},{"damage_healed":0.0,"max_hp_gain":0.0,"max_hp_loss":0.0,"gold_gain":0.0,"event_name":"SensoryStone","player_choice":"Memory 1","floor":44.0,"gold_loss":0.0,"damage_taken":0.0},{"damage_healed":0,"gold_gain":0,"player_choice":"Fight","damage_taken":0,"max_hp_gain":0,"max_hp_loss":0,"event_name":"MindBloom","floor":47,"gold_loss":0},{"damage_healed":0,"gold_gain":0,"player_choice":"Fight","damage_taken":0,"max_hp_gain":0,"max_hp_loss":0,"event_name":"Mysterious Sphere","floor":48,"gold_loss":0}],"is_beta":false,"boss_relics":[{"not_picked":["WristBlade","Empty Cage"],"picked":"Sozu"},{"not_picked":["Runic Pyramid","Runic Dome"],"picked":"Cursed Key"}],"items_purged_floors":[8,21,53],"is_endless":false,"potions_floor_spawned":[1,3,6,25,27,28,33,35,45],"ascension_level":6}}