{"host":"whyfdmrq1ty0e9zp","time":1612193547,"event":{"mods":["Act Like it!","BaseMod","Colored Map","Colored Powertips","Conspire","Energized Spire","Gensokyo","Marisa£®ÏF”Í°°ƒß¿Ì…≥£©","Minty Spire (QoL Compilation)","MostiFishMod","Prisma Mod","Quick Restart","Relic Stats","Remilia£®¿Ÿ√◊¿Ú—«£©","Replay The Spire","StSLib","TestMod","The Servant 0.9.4","°æ“≈ŒÔø®≈∆°øREMEMod"],"gold_per_floor":[119,70,87,87,171,171,181,238,238,26,83,100,0,35,35,165,165,178,178,178,247,314,314,342,217,217,237,237,270,24,90,90,190,190,210,210,210,210,210,293,293,371,371,43,53,53,53,87,87,87],"floor_reached":51,"language":"ZHS","playtime":1724,"items_purged":["Strike_MRS","Strike_MRS","Strike_MRS","Strike_MRS","MasterSpark"],"score":1561,"play_id":"0afac518-e524-4ddb-ae5d-f31ece8eada3","local_time":"20210201233227","is_ascension_mode":true,"campfire_choices":[{"data":"WitchOfGreed","floor":6.0,"key":"SMITH"},{"data":"StarDustReverie","floor":15.0,"key":"SMITH"},{"data":"OpenUniverse","floor":23.0,"key":"SMITH"},{"data":"DarkMatter","floor":32.0,"key":"SMITH"},{"data":"StarDustReverie","floor":41,"key":"SMITH"},{"data":"CasketOfStar","floor":47,"key":"SMITH"},{"data":"OpenUniverse+1","floor":49,"key":"SMITH"}],"circlet_count":0,"master_deck":["AscendersBane","Defend_MRS","Defend_MRS","UpSweep","MostiFishMod:Chiaki","Acceleration+1","GrandCross","ShootTheMoon","WitchOfGreed+1","OpenUniverse+2","UltimateShortwave","StarDustReverie+1","IllusionStar+1","CasketOfStar+1","Madness","DarkMatter+1","DragonMeteor","ShootingEcho+1","StarDustReverie+1","Gensokyo:DreamlikeParadise+1"],"relics":["MiniHakkero","testmod-TestBox","DaveBox","REME_ComplimentaryCards","Civilization","testmod-Alchemist","NeowsBlessing","SynthV:TestCard","Replay:Wax Seal","testmod-Brilliant","Iron Hammer","conspire:InfiniteJournal","FeatherPendant","ReplayTheSpireMod:Ring of Exchange","Bottled Flame","testmod-LifeArmor","The Courier","PreservedInsect","Membership Card","Meat on the Bone","CaptainsWheel","ReplayTheSpireMod:TigerMarble","Durian","Akabeko","Nunchaku","testmod-InjuryResistance","ReplayTheSpireMod:Lightbulb"],"acts_visited":["Exordium","TheCity","TheCity"],"potions_floor_usage":[40,42],"damage_taken":[{"damage":0.0,"enemies":"Jaw Worm","floor":1.0,"turns":1.0},{"damage":0.0,"enemies":"Small Slimes","floor":3.0,"turns":1.0},{"damage":0.0,"enemies":"Cultist","floor":7.0,"turns":1.0},{"damage":18.0,"enemies":"Gremlin Nob","floor":8.0,"turns":3.0},{"damage":0.0,"enemies":"Lagavulin","floor":11.0,"turns":5.0},{"damage":0.0,"enemies":"Lots of Slimes","floor":12.0,"turns":1.0},{"damage":12.0,"enemies":"Large Slime","floor":14.0,"turns":2.0},{"damage":21.0,"enemies":"Fading Forest","floor":16.0,"turns":11.0},{"damage":0.0,"enemies":"3 Byrds","floor":18.0,"turns":1.0},{"damage":0.0,"enemies":"Chosen","floor":21.0,"turns":2.0},{"damage":0.0,"enemies":"3 Cultists","floor":22.0,"turns":2.0},{"damage":0.0,"enemies":"Gremlin Leader","floor":24.0,"turns":1.0},{"damage":0.0,"enemies":"Snake Plant","floor":27.0,"turns":1.0},{"damage":0.0,"enemies":"Book of Stabbing","floor":29.0,"turns":2.0},{"damage":0.0,"enemies":"Centurion and Healer","floor":31.0,"turns":2.0},{"damage":0.0,"enemies":"Automaton","floor":33.0,"turns":2.0},{"damage":0.0,"enemies":"Gensokyo:AncientGuardian","floor":35.0,"turns":2.0},{"damage":0,"enemies":"Gensokyo:AncientGuardian","floor":38,"turns":2},{"damage":0,"enemies":"Gensokyo:Kasen","floor":40,"turns":2},{"damage":23,"enemies":"Gensokyo:Marisa","floor":42,"turns":3},{"damage":0,"enemies":"Gensokyo:3_Bats","floor":45,"turns":1},{"damage":0,"enemies":"Gensokyo:Doremy","floor":48,"turns":2},{"damage":4,"enemies":"Gensokyo:Yuyuko","floor":50,"turns":2}],"seed_played":"8514569662982576497","potions_obtained":[{"floor":3.0,"key":"Death Potion"},{"floor":8.0,"key":"PowerPotion"},{"floor":11.0,"key":"SkillPotion"},{"floor":11.0,"key":"Toxic Potion"},{"floor":14.0,"key":"Block Potion"},{"floor":16.0,"key":"Block Potion"},{"floor":21.0,"key":"testmod-SpacePotion"},{"floor":21.0,"key":"Weak Potion"},{"floor":21.0,"key":"testmod-TestPotion"},{"floor":40,"key":"Venom Potion"},{"floor":42,"key":"CultistPotion"},{"floor":42,"key":"Toxic Potion"},{"floor":42,"key":"AttackPotion"}],"is_trial":false,"path_per_floor":["M","$","M","?","?","R","M","E","T","$","E","M","$","M","R","B",null,"M","?","?","M","M","R","E","$","T","M","?","E","$","M","R","B",null,"M","?","?","?","?","E","R","E","T","$","M","?","R","E","R","B",null],"character_chosen":"MARISA","items_purchased":["GrandCross","UltimateShortwave","PreservedInsect","Akabeko","Nunchaku","testmod-InjuryResistance"],"campfire_rested":0,"item_purchase_floors":[2,10,30,44,44,44],"current_hp_per_floor":[69,69,72,72,53,53,57,44,44,44,49,54,54,47,47,31,89,94,94,94,99,104,104,109,109,109,114,114,119,119,124,124,129,143,148,148,118,118,96,101,101,95,100,100,113,113,113,118,118,118],"gold":87,"neow_bonus":"THREE_ENEMY_KILL","is_daily":false,"chose_seed":false,"campfire_upgraded":7,"win_rate":0.0,"timestamp":1612193547,"path_taken":["M","$","M","?","?","R","?","E","T","?","E","M","$","M","R","BOSS","M","?","?","?","M","R","E","$","T","M","?","E","$","M","R","BOSS","M","?","?","?","?","E","R","E","T","$","M","?","R","E","R","BOSS"],"items_purchased_type":["Card","Card","Relic","Relic","Relic","Relic"],"build_version":"2020-12-22","purchased_purges":5,"victory":true,"max_hp_per_floor":[76,76,79,79,79,79,83,88,88,88,93,98,98,103,103,108,108,113,113,113,118,123,123,128,128,128,133,133,138,138,143,143,148,148,153,153,153,153,153,158,158,163,168,168,173,173,173,178,178,183],"relic_stats":{"Nunchaku":[3],"counters":[23,52],"PreservedInsect":380,"obtain_stats":[{"ReplayTheSpireMod:Ring of Exchange":19,"DaveBox":0,"Gremlin Horn":22,"testmod-LifeArmor":26,"conspire:InfiniteJournal":11,"Civilization":0,"testmod-Brilliant":8,"Nunchaku":44,"testmod-Alchemist":0,"testmod-InjuryResistance":44,"Sundial":40,"Iron Hammer":9,"Replay:Wax Seal":5,"testmod-TestBox":0,"NeowsBlessing":0,"Blue Candle":50,"The Courier":29,"PreservedInsect":30,"Letter Opener":50,"Akabeko":44,"Mercury Hourglass":50,"Bottled Flame":24,"CaptainsWheel":40,"SynthV:TestCard":1,"FeatherPendant":17,"Ornamental Fan":22,"Shuriken":50,"ReplayTheSpireMod:TigerMarble":42,"Durian":43,"MiniHakkero":0,"Membership Card":34,"ReplayTheSpireMod:Lightbulb":48,"REME_ComplimentaryCards":0,"Meat on the Bone":37},{"ReplayTheSpireMod:Ring of Exchange":9,"DaveBox":0,"Gremlin Horn":11,"testmod-LifeArmor":12,"conspire:InfiniteJournal":5,"Civilization":0,"testmod-Brilliant":4,"Nunchaku":20,"testmod-Alchemist":0,"testmod-InjuryResistance":20,"Sundial":19,"Iron Hammer":4,"Replay:Wax Seal":2,"testmod-TestBox":0,"NeowsBlessing":0,"Blue Candle":23,"The Courier":14,"PreservedInsect":14,"Letter Opener":23,"Akabeko":20,"Mercury Hourglass":23,"Bottled Flame":12,"CaptainsWheel":19,"SynthV:TestCard":1,"FeatherPendant":8,"Ornamental Fan":11,"Shuriken":23,"ReplayTheSpireMod:TigerMarble":20,"Durian":20,"MiniHakkero":0,"Membership Card":16,"ReplayTheSpireMod:Lightbulb":22,"REME_ComplimentaryCards":0,"Meat on the Bone":17},{"ReplayTheSpireMod:Ring of Exchange":26,"DaveBox":0,"Gremlin Horn":29,"testmod-LifeArmor":31,"conspire:InfiniteJournal":11,"Civilization":0,"testmod-Brilliant":6,"Nunchaku":47,"testmod-Alchemist":0,"testmod-InjuryResistance":47,"Sundial":44,"Iron Hammer":6,"Replay:Wax Seal":2,"testmod-TestBox":0,"NeowsBlessing":0,"Blue Candle":51,"The Courier":34,"PreservedInsect":34,"Letter Opener":52,"Akabeko":47,"Mercury Hourglass":52,"Bottled Flame":31,"CaptainsWheel":44,"SynthV:TestCard":1,"FeatherPendant":25,"Ornamental Fan":29,"Shuriken":51,"ReplayTheSpireMod:TigerMarble":47,"Durian":47,"MiniHakkero":0,"Membership Card":38,"ReplayTheSpireMod:Lightbulb":50,"REME_ComplimentaryCards":0,"Meat on the Bone":40}],"Meat on the Bone":12},"card_choices":[{"not_picked":["EnergyFlow","Occultation"],"picked":"Acceleration","floor":1.0},{"not_picked":["PropBag","MeteoricShower","DC","LuminesStrike"],"picked":"ShootTheMoon","floor":3.0},{"not_picked":["EarthLightRay","GravityBeat","UnstableBomb","ShootTheMoon"],"picked":"WitchOfGreed","floor":5.0},{"not_picked":["SporeBomb","SprinkleStarSeal","PowerUp","OneTimeOff","LuminesStrike"],"picked":"SKIP","floor":7.0},{"not_picked":["6A","GrandCross","GalacticHalo","LuminesStrike"],"picked":"OpenUniverse","floor":8.0},{"not_picked":["NonDirectionalLaser","SporeBomb","DragonMeteor","DoubleSpark"],"picked":"StarDustReverie","floor":11.0},{"not_picked":["Acceleration","UnstableBomb","GravityBeat","MysteriousBeam","ShootingEcho"],"picked":"SKIP","floor":12.0},{"not_picked":["6A","OpenUniverse","EnergyRecoil","DoubleSpark"],"picked":"IllusionStar","floor":14.0},{"not_picked":["StarDustReverie","BlazingStar","JA","MaximisePower"],"picked":"CasketOfStar","floor":16.0},{"not_picked":["EventHorizon","SprinkleStarSeal+1","DoubleSpark","LuminesStrike","6A+1"],"picked":"SKIP","floor":18.0},{"not_picked":["DeepEcoloBomb","LuminesStrike","ShootingEcho","DC"],"picked":"DarkMatter","floor":21.0},{"not_picked":["GalacticHalo","OneTimeOff","PowerUp","Acceleration","OrrerysSun"],"picked":"SKIP","floor":22.0},{"not_picked":["LuminesStrike+1","WitchOfGreed+1","6A+1","GravityBeat"],"picked":"DragonMeteor","floor":24.0},{"not_picked":["6A","Orbital","MilkyWay","NonDirectionalLaser"],"picked":"ShootingEcho+1","floor":27.0},{"not_picked":["UltimateShortwave","WitchLeyline","GrandCross","WitchOfGreed+1","6A+1"],"picked":"SKIP","floor":29.0},{"not_picked":["SporeBomb","AlicesGift","MysteriousBeam","WitchLeyline","GravityBeat"],"picked":"SKIP","floor":31.0},{"not_picked":["CollectingQuirk","JA","CasketOfStar","ManaRampage"],"picked":"StarDustReverie","floor":33.0},{"not_picked":["PowerUp+1","ChargingUp","MilkyWay+1","DarkMatter","DC+1"],"picked":"SKIP","floor":35.0},{"not_picked":["Gensokyo:HouraiInAPot+1","Gensokyo:Dawn+1"],"picked":"Gensokyo:DreamlikeParadise+1","floor":38},{"not_picked":["ShootingEcho","Singularity","SporeBomb+1","ManaRampage","MilkyWay"],"picked":"SKIP","floor":40},{"not_picked":["ChargingUp+1","WitchLeyline+1","SuperPerseids+1","FairyDestructionRay+1","GasGiant"],"picked":"SKIP","floor":42},{"not_picked":["PowerUp+1","ChargingUp","DC+1","StarBarrage+1","SporeBomb"],"picked":"SKIP","floor":45},{"not_picked":["6A","EarthLightRay+1","SporeBomb+1","SprinkleStarSeal+1","BinaryStars"],"picked":"SKIP","floor":48}],"player_experience":476157,"relics_obtained":[{"floor":1.0,"key":"SynthV:TestCard"},{"floor":5.0,"key":"Replay:Wax Seal"},{"floor":8.0,"key":"testmod-Brilliant"},{"floor":9.0,"key":"Iron Hammer"},{"floor":11.0,"key":"conspire:InfiniteJournal"},{"floor":19.0,"key":"ReplayTheSpireMod:Ring of Exchange"},{"floor":24.0,"key":"Bottled Flame"},{"floor":26.0,"key":"testmod-LifeArmor"},{"floor":29.0,"key":"The Courier"},{"floor":40,"key":"CaptainsWheel"},{"floor":42,"key":"ReplayTheSpireMod:TigerMarble"},{"floor":43,"key":"Durian"},{"floor":48,"key":"ReplayTheSpireMod:Lightbulb"}],"event_choices":[{"damage_healed":0.0,"max_hp_gain":0.0,"max_hp_loss":0.0,"gold_gain":0.0,"event_name":"conspire:Investor","player_choice":"Leave","floor":4.0,"gold_loss":0.0,"damage_taken":0.0},{"damage_healed":0.0,"max_hp_gain":0.0,"max_hp_loss":0.0,"gold_gain":0.0,"event_name":"Upgrade Shrine","player_choice":"Upgraded","floor":20.0,"gold_loss":0.0,"damage_taken":0.0,"cards_upgraded":["IllusionStar"]},{"damage_healed":0.0,"max_hp_gain":0.0,"max_hp_loss":0.0,"gold_gain":0.0,"event_name":"Vampires","player_choice":"Ignored","floor":28.0,"gold_loss":0.0,"damage_taken":0.0}],"is_beta":false,"boss_relics":[{"not_picked":["Replay:Bronze Core","Sozu"],"picked":"FeatherPendant"},{"not_picked":["REME_OnlineShoppingPlatform","testmod-MagicalMallet"],"picked":"Membership Card"}],"items_purged_floors":[10,13,25,30,44],"is_endless":false,"potions_floor_spawned":[3,11,12,21,24,29,31,35,42],"ascension_level":10}}