{"host":"yans4pr1zf0lm9bx","time":1612147078,"event":{"mods":["AchievementEnabler","BaseMod","Downfall","Minty Spire (QoL Compilation)","StSLib","SuperFastMode","slay the spire mod where everything is the same but ironclad has a cowboy hat"],"gold_per_floor":[99,115,115,130,230,244,244,254,264,290,302,302,317,19,29,124,124,124,135,135,151,165,28,28,128,148,183,183,202,202,214,232,328,328,328,346,362,374,389,439,465,465,476,491,491,491,509,55,74,74,74,74],"floor_reached":50,"language":"ENG","playtime":4186,"items_purged":[],"score":526,"play_id":"4f2415c9-eb4b-4fb2-bc0c-b790fcd40b11","local_time":"20210131213758","is_ascension_mode":false,"campfire_choices":[{"data":"Slimebound:Split","floor":1,"key":"SMITH"},{"floor":12,"key":"RECALL"},{"data":"Slimebound:LeechEnergy","floor":18,"key":"SMITH"},{"floor":28,"key":"REST"},{"data":"Slimebound:SamplingLick","floor":30,"key":"SMITH"},{"data":"Slimebound:FirmFortitude","floor":35,"key":"SMITH"},{"data":"Slimebound:SlimeBrawl","floor":45,"key":"SMITH"}],"circlet_count":0,"master_deck":["Slimebound:Tackle","Slimebound:Split+1","Slimebound:LivingWall","Slimebound:GrowthPunch","Slimebound:LeechEnergy+1","Slimebound:Nibble","Slimebound:LeadByExample","Slimebound:RejuvenatingLick","Slimebound:Prepare","Slimebound:SplitBruiser","Slimebound:RallyTheTroops","Slimebound:ComboTackle+1","Slimebound:LeadByExample","Slimebound:RallyTheTroops","Slimebound:Prepare","Slimebound:SplitAcid","Slimebound:RejuvenatingLick","Slimebound:SplitLeeching","Slimebound:DisruptingSlam","Slimebound:CheckThePlaybook","Slimebound:LivingWall+1","Slimebound:Schlurp","Slimebound:LivingWall","Slimebound:SplitMire+1","Slimebound:RainOfGoop","Flash of Steel","Slimebound:SamplingLick+1","J.A.X.","Slimebound:RallyTheTroops","Slimebound:Schlurp","Slimebound:SelfFormingGoo+1","Slimebound:SplitAcid","Slimebound:SlimeBrawl+1","Slimebound:FirmFortitude+1","Slimebound:Prepare+1","Slimebound:HauntingLick+1","Slimebound:GoopTackle+1","Slimebound:SpikyOuterGoop+1","Slimebound:GrowthPunch+1","Slimebound:HauntingLick+1","Slimebound:Prepare+1","Slimebound:SamplingLick+1","Slimebound:MegaLick+1","expansioncontent:StudyTheSpire+1","Impatience","Slimebound:ProtectTheBoss+1"],"relics":["Slimebound:AbsorbEndCombat","Orichalcum","Slimebound:MaxSlimesRelic","Pandora\u0027s Box","Frozen Egg 2","MutagenicStrength","Meat on the Bone","Sozu","Thread and Needle","Ancient Tea Set","Strange Spoon"],"acts_visited":["Exordium","TheCity","TheBeyond"],"potions_floor_usage":[2,10,29,33,33],"damage_taken":[{"damage":2,"enemies":"Small Slimes","floor":2,"turns":4},{"damage":0,"enemies":"Jaw Worm","floor":4,"turns":4},{"damage":3,"enemies":"Cultist","floor":6,"turns":3},{"damage":6,"enemies":"Exordium Thugs","floor":8,"turns":5},{"damage":6,"enemies":"Exordium Wildlife","floor":9,"turns":5},{"damage":9,"enemies":"Lagavulin","floor":10,"turns":6},{"damage":1,"enemies":"3 Louse","floor":11,"turns":3},{"damage":3,"enemies":"Red Slaver","floor":13,"turns":4},{"damage":0,"enemies":"downfall:FleeingMerchant","floor":14,"turns":4},{"damage":0,"enemies":"2 Fungi Beasts","floor":15,"turns":2},{"damage":19,"enemies":"WA_ARCHETYPE_RETAIN","floor":16,"turns":5},{"damage":0,"enemies":"Spheric Guardian","floor":19,"turns":3},{"damage":1,"enemies":"3 Byrds","floor":21,"turns":5},{"damage":9,"enemies":"Snake Plant","floor":22,"turns":4},{"damage":9,"enemies":"downfall:FleeingMerchant","floor":23,"turns":4},{"damage":38,"enemies":"downfall:Augmenter","floor":25,"turns":6},{"damage":0,"enemies":"Centurion and Healer","floor":26,"turns":5},{"damage":26,"enemies":"Gremlin Leader","floor":27,"turns":5},{"damage":3,"enemies":"Cultist and Chosen","floor":29,"turns":4},{"damage":16,"enemies":"Chosen and Byrds","floor":31,"turns":6},{"damage":4,"enemies":"Snake Plant","floor":32,"turns":4},{"damage":79,"enemies":"DF_ARCHETYPE_CLAW","floor":33,"turns":9},{"damage":0,"enemies":"Orb Walker","floor":36,"turns":3},{"damage":8,"enemies":"3 Shapes","floor":37,"turns":4},{"damage":30,"enemies":"Spire Growth","floor":38,"turns":5},{"damage":7,"enemies":"3 Darklings","floor":39,"turns":5},{"damage":3,"enemies":"3 Darklings","floor":40,"turns":3},{"damage":0,"enemies":"Transient","floor":43,"turns":5},{"damage":0,"enemies":"Writhing Mass","floor":44,"turns":5},{"damage":22,"enemies":"3 Darklings","floor":47,"turns":5},{"damage":11,"enemies":"downfall:FleeingMerchant","floor":48,"turns":4},{"damage":10,"enemies":"Maw","floor":49,"turns":6},{"damage":104,"enemies":"SI_POISON_ARCHETYPE","floor":50,"turns":5}],"seed_played":"-208062763720546018","potions_obtained":[{"floor":2,"key":"EntropicBrew"},{"floor":6,"key":"bronze:BurnAndBuffPotion"},{"floor":11,"key":"Fire Potion"},{"floor":16,"key":"FairyPotion"},{"floor":19,"key":"GamblersBrew"},{"floor":29,"key":"SteroidPotion"},{"floor":31,"key":"Fire Potion"},{"floor":32,"key":"Block Potion"}],"is_trial":false,"path_per_floor":["R","M","?","M","?","M","T","M","M","E","M","R","M","$","M","B",null,"R","M","?","M","M","$","T","?","M","E","R","M","R","M","M","B",null,"R","M","M","M","M","?","T","?","M","M","R","?","M","$","M","B"],"character_chosen":"SLIMEBOUND","items_purchased":["Slimebound:MaxSlimesRelic","Slimebound:ComboTackle","Slimebound:RainOfGoop","Flash of Steel","expansioncontent:StudyTheSpire","Impatience","Strange Spoon"],"campfire_rested":1,"item_purchase_floors":[14,14,23,23,48,48,48],"current_hp_per_floor":[71,71,71,71,71,71,71,71,71,66,69,69,71,71,71,58,71,71,71,71,70,62,57,57,27,35,17,38,43,43,45,47,25,71,71,71,67,43,44,49,49,39,47,55,55,55,41,36,46,0,0,0],"gold":74,"neow_bonus":"TEN_PERCENT_HP_BONUS","is_daily":false,"chose_seed":false,"campfire_upgraded":5,"win_rate":0.0,"timestamp":1612147078,"path_taken":["R","M","?","M","?","M","T","?","M","E","M","R","M","$","M","BOSS","R","M","?","M","M","$","T","?","M","E","R","M","R","M","M","BOSS","R","M","M","M","M","?","T","?","M","M","R","?","?","$","M","BOSS"],"items_purchased_type":["Relic","Card","Card","Card","Card","Card","Relic"],"build_version":"2020-12-22","purchased_purges":0,"victory":false,"max_hp_per_floor":[71,71,71,71,71,71,71,71,71,71,71,71,71,71,71,71,71,71,71,71,71,71,71,71,71,71,71,71,71,71,71,71,71,71,71,71,71,71,71,71,71,71,71,71,71,71,71,71,71,71,71,71],"card_choices":[{"not_picked":["Slimebound:SlimeBarrage","Slimebound:ComboTackle","Slimebound:LivingWall"],"picked":"SKIP","floor":2},{"not_picked":["Slimebound:SlimeBarrage","Slimebound:ComboTackle"],"picked":"Slimebound:LivingWall","floor":2},{"not_picked":["Slimebound:ComboTackle","Slimebound:SamplingLick"],"picked":"Slimebound:GrowthPunch","floor":4},{"not_picked":["Slimebound:ForwardTackle","Slimebound:ItLooksTasty"],"picked":"Slimebound:LeechEnergy","floor":6},{"not_picked":["Slimebound:TongueLash","Slimebound:Dissolve"],"picked":"Slimebound:Nibble","floor":8},{"not_picked":["Slimebound:SplitLeeching","Slimebound:Equalize"],"picked":"Slimebound:LeadByExample","floor":9},{"not_picked":["Slimebound:PressTheAttack","Slimebound:DisruptingSlam"],"picked":"Slimebound:RejuvenatingLick","floor":10},{"not_picked":["Slimebound:RejuvenatingLick","Slimebound:Schlurp"],"picked":"Slimebound:Prepare","floor":11},{"not_picked":["Slimebound:BestDefense","Slimebound:RollThrough"],"picked":"Slimebound:SplitBruiser","floor":13},{"not_picked":["Slimebound:SlimeTap","Slimebound:SplitLeeching"],"picked":"Slimebound:RallyTheTroops","floor":14},{"not_picked":["Slimebound:RollThrough","Slimebound:GoopSpray"],"picked":"Slimebound:LeadByExample","floor":15},{"not_picked":["Slimebound:LeechLife","Slimebound:MassFeed"],"picked":"Slimebound:RallyTheTroops","floor":16},{"not_picked":["Slimebound:GoopSpray","Slimebound:FinishingTackle"],"picked":"Slimebound:LivingWall+1","floor":19},{"not_picked":["Slimebound:GrowthPunch","Slimebound:SplitMire"],"picked":"Slimebound:LivingWall","floor":21},{"not_picked":["Slimebound:GoopTackle","Slimebound:Prepare","Slimebound:FormOfPuddle+1"],"picked":"SKIP","floor":22},{"not_picked":["Slimebound:SlimeBrawl","Slimebound:SplitBruiser+1"],"picked":"Slimebound:SplitMire+1","floor":23},{"not_picked":[],"picked":"J.A.X.","floor":25},{"not_picked":["Slimebound:ForwardTackle","Slimebound:FinishingTackle"],"picked":"Slimebound:RallyTheTroops","floor":25},{"not_picked":["Slimebound:FinishingTackle","Slimebound:LeechingTouch"],"picked":"Slimebound:Schlurp","floor":26},{"not_picked":["Slimebound:GoopSpray","Slimebound:Replication+1"],"picked":"Slimebound:SelfFormingGoo+1","floor":27},{"not_picked":["Slimebound:FinishingTackle","Slimebound:SamplingLick"],"picked":"Slimebound:SplitAcid","floor":29},{"not_picked":["Slimebound:GoopTackle","Slimebound:Grow+1"],"picked":"Slimebound:SlimeBrawl","floor":31},{"not_picked":["Slimebound:ComboTackle","Slimebound:MegaLick","Slimebound:FlameTackle"],"picked":"SKIP","floor":32},{"not_picked":["Slimebound:MinionMaster+1","Slimebound:RallyTheTroops"],"picked":"Slimebound:FirmFortitude","floor":33},{"not_picked":["Slimebound:Schlurp","Slimebound:GoopSpray+1"],"picked":"Slimebound:Prepare+1","floor":36},{"not_picked":["Slimebound:PressTheAttack","Slimebound:GoopTackle"],"picked":"Slimebound:HauntingLick+1","floor":37},{"not_picked":["Slimebound:SlimeSpikes+1","Slimebound:TongueLash"],"picked":"Slimebound:GoopTackle+1","floor":38},{"not_picked":["Slimebound:RollThrough+1","Slimebound:LeadByExample+1"],"picked":"Slimebound:SpikyOuterGoop+1","floor":39},{"not_picked":["Slimebound:GoopSpray","Slimebound:ComboTackle"],"picked":"Slimebound:GrowthPunch+1","floor":40},{"not_picked":["Slimebound:SlimeSlap","Slimebound:SpikyOuterGoop+1"],"picked":"Slimebound:HauntingLick+1","floor":43},{"not_picked":["Slimebound:LeechingTouch","Slimebound:ComboTackle+1"],"picked":"Slimebound:Prepare+1","floor":44},{"not_picked":["Slimebound:HauntingLick+1","Slimebound:SlimeSpikes"],"picked":"Slimebound:SamplingLick+1","floor":47},{"not_picked":["Slimebound:LivingWall+1","Slimebound:GoopTackle"],"picked":"Slimebound:MegaLick+1","floor":48},{"not_picked":["Slimebound:GrowthPunch+1","Slimebound:Schlurp"],"picked":"Slimebound:ProtectTheBoss+1","floor":49}],"player_experience":265812,"relics_obtained":[{"floor":10,"key":"Orichalcum"},{"floor":24,"key":"Frozen Egg 2"},{"floor":25,"key":"MutagenicStrength"},{"floor":27,"key":"Meat on the Bone"},{"floor":40,"key":"Thread and Needle"},{"floor":41,"key":"Ancient Tea Set"}],"event_choices":[{"cards_removed":["Slimebound:Strike_Slimebound"],"damage_healed":0,"gold_gain":0,"player_choice":"Card Removal","damage_taken":0,"max_hp_gain":0,"max_hp_loss":0,"event_name":"The Cleric","floor":3,"gold_loss":0},{"damage_healed":0,"gold_gain":0,"player_choice":"Read","damage_taken":0,"max_hp_gain":0,"max_hp_loss":0,"event_name":"The Library","floor":20,"gold_loss":0,"cards_obtained":["Slimebound:Schlurp"]},{"damage_healed":0,"gold_gain":0,"player_choice":"Forge","damage_taken":0,"max_hp_gain":0,"max_hp_loss":0,"event_name":"Accursed Blacksmith","floor":46,"gold_loss":0,"cards_upgraded":["Slimebound:ComboTackle"]}],"is_beta":false,"boss_relics":[{"not_picked":["Velvet Choker","Slimebound:AbsorbEndCombatUpgraded"],"picked":"Pandora\u0027s Box"},{"not_picked":["bronze:MakeshiftBattery","Philosopher\u0027s Stone"],"picked":"Sozu"}],"items_purged_floors":[],"is_endless":false,"potions_floor_spawned":[2,6,9,11,16,19,26,29,31,32,36,39,44,49],"killed_by":"SI_POISON_ARCHETYPE","ascension_level":0}}