{"host":"f0dbpmn0khgeoqc0","time":1612215492,"event":{"mods":["2.2 Compatiblity","AchievementEnabler","Act Like it!","Ascension Unlocker","Aspiration","BaseMod","Better Altar","Better Match","Better Sensory Stone","Better Skull","Better Third Choice","BetterRewards","Block Reminder","Colored Map","Colored Powertips","Conspire","DNKmod","Disable Question Mark Monsters","Displayed Cursed Tome","Downfall","Evolution","Friendly Minions","Hermit","Highlight Path","Humility","Infinite Spire","Jorbs\u0027s Wanderer Trilogy","Koishi","Marisa????????","Minty Spire (QoL Compilation)","Monster B Gone","MostiFishMod","Permanent Neow","Random Character Button","Relic Filter","Relic Stats","Replay The Spire","Spicy Shops","Spire Arcade","StSLib","Td1madao Mod","The Gatherer","Treasure Hunter","Wandering Minibosses","??????REMEMod"],"gold_per_floor":[110,128,139,139,157,157,190,190,190,224,224,224,241,222,222,296,296,311,325,336,336,336,336,364,364,364,381,393,420,420,438,438,515,515,558,558,558,578,578,605,605,632,632,665,665,665,665,126,126,126,126,126,126,16,49,49,49,49],"floor_reached":56,"language":"ENG","playtime":3142,"items_purged":[],"score":2541,"play_id":"da767849-4b51-4d5e-a359-a8959d1007e5","local_time":"20210201163812","is_ascension_mode":true,"metric_token":2897,"campfire_choices":[{"data":"Guardian:PolyBeam","floor":6.0,"key":"SMITH"},{"data":"Gatherer:Centralize","floor":6.0,"key":"SMITH"},{"data":"Gatherer:SmartManeuver","floor":8.0,"key":"SMITH"},{"data":"Gatherer:ScentOfRosmari","floor":8.0,"key":"SMITH"},{"data":"Gatherer:EnergyBasket","floor":11.0,"key":"SMITH"},{"data":"TH:CursedSword","floor":11.0,"key":"SMITH"},{"data":"Gatherer:Snatch","floor":15.0,"key":"SMITH"},{"data":"Gatherer:SaveValuables","floor":15.0,"key":"SMITH"},{"data":"Gatherer:PoisonMastery","floor":23.0,"key":"SMITH"},{"data":"infinitespire:Collect","floor":23.0,"key":"SMITH"},{"data":"Gatherer:Duplicator","floor":25.0,"key":"SMITH"},{"data":"Gatherer:TacticalStrike","floor":25.0,"key":"SMITH"},{"data":"Gatherer:Solidify","floor":30.0,"key":"SMITH"},{"data":"Gatherer:EnergyBasket","floor":30.0,"key":"SMITH"},{"data":"Gatherer:Liquidism","floor":32.0,"key":"SMITH"},{"data":"Gatherer:Liquidism","floor":32.0,"key":"SMITH"},{"data":"Gatherer:Duplicator","floor":41.0,"key":"SMITH"},{"data":"Gatherer:Snatch","floor":41.0,"key":"SMITH"},{"floor":45.0,"key":"RECALL"},{"data":"Gatherer:BalancedGrowth","floor":49.0,"key":"SMITH"},{"data":"Gatherer:Bulldoze","floor":49.0,"key":"SMITH"},{"data":"Gatherer:ColorfulGarden","floor":53,"key":"SMITH"},{"data":"Gatherer:BlackTea","floor":53,"key":"SMITH"}],"circlet_count":0,"master_deck":["AscendersBane","Gatherer:Strike_Gatherer","Gatherer:Strike_Gatherer","Gatherer:Strike_Gatherer","Gatherer:Strike_Gatherer","Gatherer:Defend_Gatherer","Gatherer:Defend_Gatherer","Gatherer:Defend_Gatherer","Gatherer:Defend_Gatherer","Gatherer:Centralize+1","Gatherer:FlowerWhip","Guardian:PolyBeam+1","Gatherer:ScherryThrow","Gatherer:CarefulStrike","Gatherer:QuickSynthesis","Gatherer:ScentOfRosmari+1","Gatherer:SmartManeuver+1","Gatherer:DrugPower","Gatherer:CollectorsShot+1","TH:CursedSword","Gatherer:DrugPower","TH:TreasureMap","TH:CursedSword+1","Gatherer:EnergyBasket+1","Gatherer:SaveValuables+1","Gatherer:Snatch+1","TH:DeckOfManyThings","Gatherer:PoisonMastery+1","Gatherer:Convert","Gatherer:Liquidism+1","Gatherer:TacticalStrike+1","infinitespire:Collect+1","TH:ElvenBoots","Gatherer:Duplicator+1","TH:ElvenBoots","Gatherer:Convert","Gatherer:Solidify+1","TH:TreasureMap","Gatherer:EnergyBasket+1","TH:BikiniMail","Gatherer:ColorfulGarden+1","Gatherer:Duplicator+1","Gatherer:Snatch+1","Gatherer:BlackTea+1","TH:BikiniMail","Gatherer:AcidicSpray","TH:CursedSword","TH:CopperCoins","TH:CopperCoins","Gatherer:VenomBarrier+1","Gatherer:Bulldoze+1","Gatherer:BalancedGrowth+1","Gatherer:QuickSynthesis","TH:CursedSword","Gatherer:AlchemyTrial"],"relics":["Gatherer:AlchemyBag","DaveBox","REME_ComplimentaryCards","SacredBark","MealTicket","Snack Pack","Replay:Arrowhead","SynthV:TestCard","Anchor","infinitespire:ShieldingShard","Happy Flower","Philosopher\u0027s Stone","ChiXiaoBlade","Bag of Marbles","Bag of Marbles","Eternal Feather","Unceasing Top","Empty Cage","wanderingMiniBosses:ThiefScarf","EVO:Axolotl","conspire:GiftBox","Pocketwatch","Juzu Bracelet","Replay:WaspNest","Strawberry","Strange Spoon","aspiration:ChemicalBlood","Gremlin Food","Boot","Black Star","Divine Protection"],"acts_visited":["Exordium","TheCity","TheBeyond","TheEnding"],"potions_floor_usage":[56,56,56,56,56,56],"damage_taken":[{"damage":0.0,"enemies":"2 Louse","floor":1.0,"turns":1.0},{"damage":0.0,"enemies":"Cultist","floor":2.0,"turns":2.0},{"damage":0.0,"enemies":"Jaw Worm","floor":3.0,"turns":3.0},{"damage":12.0,"enemies":"Lots of Slimes","floor":5.0,"turns":3.0},{"damage":0.0,"enemies":"3 Sentries","floor":7.0,"turns":2.0},{"damage":0.0,"enemies":"Replay:BlueRogue","floor":10.0,"turns":8.0},{"damage":0.0,"enemies":"Blue Slaver","floor":13.0,"turns":4.0},{"damage":0.0,"enemies":"3 Louse","floor":14.0,"turns":5.0},{"damage":14.0,"enemies":"Hexaghost","floor":16.0,"turns":6.0},{"damage":29.0,"enemies":"conspire:FuzzyDice","floor":18.0,"turns":3.0},{"damage":0.0,"enemies":"Chosen","floor":19.0,"turns":2.0},{"damage":0.0,"enemies":"Snecko","floor":20.0,"turns":4.0},{"damage":16.0,"enemies":"Gremlin Leader","floor":24.0,"turns":4.0},{"damage":0.0,"enemies":"3 Cultists","floor":27.0,"turns":3.0},{"damage":0.0,"enemies":"Cultist and Chosen","floor":28.0,"turns":3.0},{"damage":7.0,"enemies":"Slavers","floor":29.0,"turns":4.0},{"damage":0.0,"enemies":"Snake Plant","floor":31.0,"turns":2.0},{"damage":9.0,"enemies":"Champ","floor":33.0,"turns":6.0},{"damage":0.0,"enemies":"3 Darklings","floor":35.0,"turns":4.0},{"damage":0.0,"enemies":"Orb Walker","floor":38.0,"turns":1.0},{"damage":0.0,"enemies":"Giant Head","floor":40.0,"turns":5.0},{"damage":0.0,"enemies":"Nemesis","floor":42.0,"turns":3.0},{"damage":0.0,"enemies":"Giant Head","floor":44.0,"turns":4.0},{"damage":14.0,"enemies":"Replay:Hell Engine","floor":50.0,"turns":6.0},{"damage":0,"enemies":"Time Eater","floor":51,"turns":1},{"damage":0,"enemies":"Shield and Spear","floor":55,"turns":2},{"damage":82,"enemies":"The Heart","floor":56,"turns":5}],"seed_played":"-6626420806678595880","potions_obtained":[{"floor":3.0,"key":"BloodPotion"},{"floor":4.0,"key":"DistilledChaos"},{"floor":4.0,"key":"Milkshake"},{"floor":5.0,"key":"Energy Potion"},{"floor":7.0,"key":"Ancient Potion"},{"floor":13.0,"key":"BloodPotion"},{"floor":14.0,"key":"Fire Potion"},{"floor":24.0,"key":"Guardian:BlockOnCardUsePotion"},{"floor":29.0,"key":"Doom Potion"},{"floor":33.0,"key":"PowerPotion"},{"floor":35.0,"key":"BottledMiracle"},{"floor":42.0,"key":"Block Potion"},{"floor":55,"key":"BottledMiracle"},{"floor":56,"key":"hexamod:SoulburnPotion"},{"floor":56,"key":"champ:CounterPotion"}],"is_trial":false,"path_per_floor":["M","M","M","?","M","R","E","R","T","E","R","?","M","M","R","B",null,"M","M","M","?","AVR","R","E","R","T","M","M","E","R","M","R","B",null,"M","?","?","M","AVR","E","R","E","T","E","R","?","?","$","R","B","B",null,"R","$","E","B"],"character_chosen":"THE_GATHERER","items_purchased":["MealTicket","Snack Pack","Gatherer:ScherryThrow","Gatherer:CarefulStrike","Replay:Arrowhead","Gatherer:QuickSynthesis","Strawberry","Gatherer:BalancedGrowth","Strange Spoon","aspiration:ChemicalBlood","Gatherer:QuickSynthesis","Gremlin Food"],"campfire_rested":0,"item_purchase_floors":[0,0,0,0,0,0,48,48,48,48,54,54],"current_hp_per_floor":[60,62,64,67,55,55,61,61,61,63,63,63,63,67,67,57,65,66,67,67,51,51,51,45,45,45,49,53,48,67,67,67,62,66,67,67,67,67,67,67,67,67,67,67,67,67,67,74,74,68,68,73,74,74,74,0,0,0],"gold":49,"neow_bonus":"","is_daily":false,"chose_seed":false,"campfire_upgraded":22,"win_rate":0.0,"timestamp":1612215492,"path_taken":["M","M","M","?","?","R","E","R","T","E","R","?","M","?","R","BOSS","M","M","M","?","AVR","R","E","R","T","M","M","E","R","M","R","BOSS","M","?","?","?","AVR","E","R","E","T","E","R","?","?","$","R","BOSS","BOSS","R","$","E","BOSS"],"items_purchased_type":["Relic","Relic","Card","Card","Relic","Card","Relic","Card","Relic","Relic","Card","Relic"],"build_version":"2020-12-22","purchased_purges":0,"victory":false,"max_hp_per_floor":[67,67,67,67,67,67,67,67,67,67,67,67,67,67,67,67,67,67,67,67,67,67,67,67,67,67,67,67,67,67,67,67,67,67,67,67,67,67,67,67,67,67,67,67,67,67,67,74,74,74,74,74,74,74,74,74,74,74],"relic_stats":{"Strange Spoon":[33],"Happy Flower":[25],"counters":[100,330],"MealTicket":0,"Eternal Feather":159,"Juzu Bracelet":0,"Black Star":0,"Boot":[1],"obtain_stats":[{"Golden Egg":42,"Replay:Accelerometer":57,"aspiration:PoetsPen_weak":44,"Whetstone":12,"Boot":19,"Sling":38,"Old Coin":0,"Replay:Wanted Poster":36,"infinitespire:ShieldingShard":9,"Replay:Bronze Core":16,"MealTicket":10,"Kunai":33,"Replay:Wax Seal":38,"aspiration:DSix":13,"Pear":6,"Blue Candle":3,"Eternal Feather":26,"Pen Nib":41,"REME_LimitBreaker":56,"Akabeko":0,"SlaversCollar":42,"MutagenicStrength":19,"Unceasing Top":29,"conspire:Flyswatter":40,"aspiration:Lifesprig":54,"DaveBox":0,"Blue Doll":38,"wanderingMiniBosses:AbyssPearl":23,"Bag of Preparation":44,"Ancient Tea Set":47,"Smiling Mask":13,"conspire:InfiniteJournal":56,"Chemical X":38,"infinitespire:Eraser":47,"InkBottle":44,"aspiration:ChemicalBlood":48,"Lee\u0027s Waffle":16,"NeowsBlessing":0,"Damaru":9,"Omamori":48,"GoldenEye":6,"Replay:Arrowhead":0,"HaiYi:Twilight":19,"Orrery":0,"Bottled Lightning":43,"conspire:DeflatedDodgeball":44,"ReplayTheSpireMod:Ring of Challenge":2,"REME_PuzzleBoxRelic":56,"ReplayTheSpireMod:Lightbulb":50,"Gatherer:AlchemyBag":14,"REME_ComplimentaryCards":0,"Divine Protection":0,"Calipers":40,"Vajra":27,"EVO:Axolotl":0,"Sozu":17,"Centennial Puzzle":8,"Lizard Tail":8,"Strawberry":0,"Philosopher\u0027s Stone":34,"DaCapo":38,"Happy Flower":10,"wanderingMiniBosses:ThiefScarf":35,"ReplayTheSpireMod:CursedCoin":0,"Oddly Smooth Stone":0,"conspire:SlowCooker":48,"infinitespire:Beetle Shell":55,"aspiration:SeaSaltIceCream":6,"Letter Opener":8,"Replay:Kaleidoscope":55,"War Paint":22,"Du-Vu Doll":0,"conspire:GiftBox":39,"ChiXiaoBlade":38,"Molten Egg 2":43,"Black Star":56,"Grinning Jar":0,"Pocketwatch":40,"Darkstone Periapt":28,"ReplayTheSpireMod:Ring of Exchange":2,"bronze:BronzeCore":0,"SacredBark":14,"Melange":0,"Yang":0,"Mango":29,"Juzu Bracelet":0,"TeardropLocket":0,"Empty Cage":34,"ClockworkSouvenir":37,"Replay:Bandana":11,"Nunchaku":50,"Dream Catcher":51,"Chameleon Ring":56,"Mummified Hand":0,"Pantograph":0,"Gremlin Food":54,"BargainBundle":0,"infinitespire:CursedDice":48,"Quantum Egg":42,"ShadowXiaoBlade":17,"Replay:WaspNest":6,"Orichalcum":37,"Strange Spoon":40,"Anchor":26,"SynthV:TestCard":1,"infinitespire:WardingShard":9,"wanderingMiniBosses:CarrionFlame":35,"Bag of Marbles":21,"Coffee Dripper":56,"Snack Pack":0,"Membership Card":0,"REME_CardOfGreed":38,"aspiration:RitualDagger":51,"TungstenRod":12,"ReplayTheSpireMod:ShopPack":0},{"Golden Egg":64,"Replay:Accelerometer":72,"aspiration:PoetsPen_weak":95,"Whetstone":23,"Boot":9,"Sling":11,"Old Coin":0,"Replay:Wanted Poster":59,"infinitespire:ShieldingShard":78,"Replay:Bronze Core":50,"MealTicket":22,"Kunai":58,"Replay:Wax Seal":60,"aspiration:DSix":49,"Pear":3,"Blue Candle":44,"Eternal Feather":86,"Pen Nib":12,"REME_LimitBreaker":71,"Akabeko":16,"SlaversCollar":94,"MutagenicStrength":27,"Unceasing Top":89,"conspire:Flyswatter":93,"aspiration:Lifesprig":41,"DaveBox":0,"Blue Doll":60,"wanderingMiniBosses:AbyssPearl":54,"Bag of Preparation":66,"Ancient Tea Set":14,"Smiling Mask":24,"conspire:InfiniteJournal":71,"Chemical X":92,"infinitespire:Eraser":67,"InkBottle":95,"aspiration:ChemicalBlood":96,"Lee\u0027s Waffle":50,"NeowsBlessing":0,"Damaru":21,"Omamori":39,"GoldenEye":20,"Replay:Arrowhead":73,"HaiYi:Twilight":9,"Orrery":16,"Bottled Lightning":12,"conspire:DeflatedDodgeball":13,"ReplayTheSpireMod:Ring of Challenge":44,"REME_PuzzleBoxRelic":71,"ReplayTheSpireMod:Lightbulb":96,"Gatherer:AlchemyBag":81,"REME_ComplimentaryCards":0,"Divine Protection":43,"Calipers":62,"Vajra":56,"EVO:Axolotl":0,"Sozu":8,"Centennial Puzzle":4,"Lizard Tail":48,"Strawberry":43,"Philosopher\u0027s Stone":32,"DaCapo":92,"Happy Flower":79,"wanderingMiniBosses:ThiefScarf":92,"ReplayTheSpireMod:CursedCoin":43,"Oddly Smooth Stone":43,"conspire:SlowCooker":39,"infinitespire:Beetle Shell":42,"aspiration:SeaSaltIceCream":3,"Letter Opener":48,"Replay:Kaleidoscope":98,"War Paint":53,"Du-Vu Doll":43,"conspire:GiftBox":93,"ChiXiaoBlade":11,"Molten Egg 2":37,"Black Star":99,"Grinning Jar":43,"Pocketwatch":94,"Darkstone Periapt":56,"ReplayTheSpireMod:Ring of Exchange":44,"bronze:BronzeCore":0,"SacredBark":81,"Melange":43,"Yang":43,"Mango":57,"Juzu Bracelet":16,"TeardropLocket":16,"Empty Cage":91,"ClockworkSouvenir":34,"Replay:Bandana":48,"Nunchaku":96,"Dream Catcher":97,"Chameleon Ring":71,"Mummified Hand":43,"Pantograph":43,"Gremlin Food":98,"BargainBundle":43,"infinitespire:CursedDice":68,"Quantum Egg":94,"ShadowXiaoBlade":26,"Replay:WaspNest":46,"Orichalcum":34,"Strange Spoon":93,"Anchor":55,"SynthV:TestCard":1,"infinitespire:WardingShard":4,"wanderingMiniBosses:CarrionFlame":33,"Bag of Marbles":53,"Coffee Dripper":71,"Snack Pack":73,"Membership Card":43,"REME_CardOfGreed":60,"aspiration:RitualDagger":97,"TungstenRod":23,"ReplayTheSpireMod:ShopPack":43},{"Golden Egg":211,"Replay:Accelerometer":229,"aspiration:PoetsPen_weak":312,"Whetstone":85,"Boot":32,"Sling":47,"Old Coin":0,"Replay:Wanted Poster":200,"infinitespire:ShieldingShard":245,"Replay:Bronze Core":164,"MealTicket":83,"Kunai":197,"Replay:Wax Seal":203,"aspiration:DSix":161,"Pear":3,"Blue Candle":148,"Eternal Feather":281,"Pen Nib":52,"REME_LimitBreaker":226,"Akabeko":68,"SlaversCollar":309,"MutagenicStrength":101,"Unceasing Top":291,"conspire:Flyswatter":304,"aspiration:Lifesprig":141,"DaveBox":0,"Blue Doll":203,"wanderingMiniBosses:AbyssPearl":182,"Bag of Preparation":215,"Ancient Tea Set":58,"Smiling Mask":88,"conspire:InfiniteJournal":226,"Chemical X":303,"infinitespire:Eraser":217,"InkBottle":312,"aspiration:ChemicalBlood":316,"Lee\u0027s Waffle":164,"NeowsBlessing":0,"Damaru":80,"Omamori":136,"GoldenEye":78,"Replay:Arrowhead":234,"HaiYi:Twilight":32,"Orrery":68,"Bottled Lightning":52,"conspire:DeflatedDodgeball":55,"ReplayTheSpireMod:Ring of Challenge":148,"REME_PuzzleBoxRelic":226,"ReplayTheSpireMod:Lightbulb":316,"Gatherer:AlchemyBag":261,"REME_ComplimentaryCards":0,"Divine Protection":146,"Calipers":206,"Vajra":189,"EVO:Axolotl":0,"Sozu":27,"Centennial Puzzle":6,"Lizard Tail":160,"Strawberry":146,"Philosopher\u0027s Stone":117,"DaCapo":303,"Happy Flower":253,"wanderingMiniBosses:ThiefScarf":303,"ReplayTheSpireMod:CursedCoin":146,"Oddly Smooth Stone":146,"conspire:SlowCooker":136,"infinitespire:Beetle Shell":144,"aspiration:SeaSaltIceCream":3,"Letter Opener":160,"Replay:Kaleidoscope":323,"War Paint":177,"Du-Vu Doll":146,"conspire:GiftBox":304,"ChiXiaoBlade":47,"Molten Egg 2":130,"Black Star":325,"Grinning Jar":146,"Pocketwatch":309,"Darkstone Periapt":189,"ReplayTheSpireMod:Ring of Exchange":148,"bronze:BronzeCore":0,"SacredBark":261,"Melange":146,"Yang":146,"Mango":194,"Juzu Bracelet":68,"TeardropLocket":68,"Empty Cage":299,"ClockworkSouvenir":123,"Replay:Bandana":160,"Nunchaku":316,"Dream Catcher":322,"Chameleon Ring":226,"Mummified Hand":146,"Pantograph":146,"Gremlin Food":323,"BargainBundle":146,"infinitespire:CursedDice":220,"Quantum Egg":309,"ShadowXiaoBlade":97,"Replay:WaspNest":154,"Orichalcum":123,"Strange Spoon":304,"Anchor":186,"SynthV:TestCard":1,"infinitespire:WardingShard":6,"wanderingMiniBosses:CarrionFlame":121,"Bag of Marbles":177,"Coffee Dripper":226,"Snack Pack":234,"Membership Card":146,"REME_CardOfGreed":203,"aspiration:RitualDagger":322,"TungstenRod":85,"ReplayTheSpireMod:ShopPack":146}],"Unceasing Top":[64],"Pocketwatch":[0]},"card_choices":[{"not_picked":["Gatherer:WoolGloves","Gatherer:CarefulStrike"],"picked":"Gatherer:ScentOfRosmari","floor":1.0},{"not_picked":["Gatherer:AcidicSpray","Gatherer:TreeGrowth","Gatherer:BigPouch","Gatherer:GatherMaterial"],"picked":"Gatherer:SmartManeuver","floor":2.0},{"not_picked":["Gatherer:CarefulStrike","Gatherer:CollectorsShot","Gatherer:Examine","Gatherer:Convert"],"picked":"Gatherer:DrugPower","floor":3.0},{"not_picked":["Gatherer:TreeGrowth","Gatherer:PotentialSlash","Gatherer:SealedBomb","Gatherer:Pollute"],"picked":"Gatherer:CollectorsShot","floor":5.0},{"not_picked":["TH:ArmorSpikes","TH:Mimic","TH:TreasureMap"],"picked":"TH:CursedSword","floor":7.0},{"not_picked":["Gatherer:StoneFence","Gatherer:RecipeChange","Gatherer:WitheringStrike","Gatherer:FinishingStrike"],"picked":"Gatherer:DrugPower","floor":7.0},{"not_picked":["TH:EnergyPotion","TH:BikiniMail","TH:PixieDust"],"picked":"TH:TreasureMap","floor":9.0},{"not_picked":["TH:EnergyPotion","TH:Mimic","TH:ArmorSpikes"],"picked":"TH:CursedSword","floor":10.0},{"not_picked":["Gatherer:Polymorphism","Gatherer:GlowingPlant","Gatherer:TreeGrowth","Gatherer:Snatch"],"picked":"Gatherer:EnergyBasket","floor":10.0},{"not_picked":["Gatherer:GlowingPlant","Gatherer:CollectorsShot","Gatherer:AromaProtection","Gatherer:WoolGloves"],"picked":"Gatherer:SaveValuables","floor":13.0},{"not_picked":["Gatherer:FlowerShield","Gatherer:GrowBook","Gatherer:AcidicSpray","Gatherer:ScentOfRosmari"],"picked":"Gatherer:Snatch","floor":14.0},{"not_picked":["TH:PixieDust","TH:CopperCoins","TH:Mimic"],"picked":"TH:DeckOfManyThings","floor":16.0},{"not_picked":["Gatherer:Photoscythe","Gatherer:FinishingStrike","Gatherer:HeartToFruit","Gatherer:ScrollOfPurity"],"picked":"Gatherer:PoisonMastery","floor":16.0},{"not_picked":["Gatherer:Polymorphism","Gatherer:FlowerFalling","Gatherer:Frenzy","Gatherer:SaveValuables"],"picked":"Gatherer:Convert","floor":18.0},{"not_picked":["Gatherer:TacticalStrike","Gatherer:TreeGrowth","Gatherer:WoolGloves","Gatherer:RecipeChange"],"picked":"Gatherer:Liquidism","floor":19.0},{"not_picked":["Gatherer:Enchant","Gatherer:QuickSynthesis","Gatherer:AcidicSpray","Gatherer:Transmute"],"picked":"Gatherer:TacticalStrike","floor":20.0},{"not_picked":["ReplayTheSpireMod:Echoes of Time","infinitespire:FutureSight"],"picked":"infinitespire:Collect","floor":21.0},{"not_picked":["TH:Mimic","TH:DeckOfManyThings","TH:PixieDust"],"picked":"TH:ElvenBoots","floor":24.0},{"not_picked":["Gatherer:BigPouch","Gatherer:FruitForce","Gatherer:Convert","Gatherer:GlowingPlant"],"picked":"Gatherer:Duplicator","floor":24.0},{"not_picked":["TH:Mimic","TH:EnergyPotion","TH:PixieDust"],"picked":"TH:ElvenBoots","floor":26.0},{"not_picked":["Gatherer:RecoveryHerb","Gatherer:CollectorsShot","Gatherer:TacticalStrike","Gatherer:DrugPower"],"picked":"Gatherer:Convert","floor":27.0},{"not_picked":["Gatherer:FlowerShield","Gatherer:Duplicator","Gatherer:Herbalism","Gatherer:DrugPower+1"],"picked":"Gatherer:Solidify","floor":28.0},{"not_picked":["TH:BikiniMail","TH:EnergyPotion","TH:DeckOfManyThings"],"picked":"TH:TreasureMap","floor":29.0},{"not_picked":["Gatherer:EchoOfNature","Gatherer:DrugPower","Gatherer:Convert","Gatherer:TacticalStrike"],"picked":"Gatherer:EnergyBasket","floor":29.0},{"not_picked":["Gatherer:GatherMaterial","Gatherer:RecipeChange+1","Gatherer:Frenzy","Gatherer:AcidicSpray"],"picked":"Gatherer:Liquidism","floor":31.0},{"not_picked":["TH:PixieDust","TH:ElvenBoots","TH:TreasureMap"],"picked":"TH:BikiniMail","floor":33.0},{"not_picked":["Gatherer:Overflowing","Gatherer:Bulldoze","Gatherer:FinishingStrike","Gatherer:Photoscythe"],"picked":"Gatherer:ColorfulGarden","floor":33.0},{"not_picked":["Gatherer:CollectorsShot","Gatherer:GatherMaterial+1","Gatherer:Misfortune","Gatherer:CarefulStrike"],"picked":"Gatherer:Duplicator","floor":35.0},{"not_picked":["Gatherer:Transmute+1","Gatherer:RecipeChange","Gatherer:FlowerShield","Gatherer:ScherryThrow"],"picked":"Gatherer:Snatch","floor":38.0},{"not_picked":["Gatherer:Overflowing","Gatherer:FinishingStrike"],"picked":"Gatherer:BlackTea","floor":39.0},{"not_picked":["TH:ArmorSpikes","TH:EnergyPotion","TH:DeckOfManyThings"],"picked":"TH:BikiniMail","floor":40.0},{"not_picked":["Gatherer:LuckyClover","Gatherer:Polymorphism","Gatherer:TreeGrowth","Gatherer:AromaProtection"],"picked":"Gatherer:AcidicSpray","floor":40.0},{"not_picked":["TH:Mimic","TH:EnergyPotion","TH:CopperCoins"],"picked":"TH:CursedSword","floor":42.0},{"not_picked":["Gatherer:PotentialSlash","Gatherer:FlowerFalling","Gatherer:CarefulStrike+1","Gatherer:Frenzy+1","Gatherer:OddSpoils"],"picked":"SKIP","floor":42.0},{"not_picked":["TH:DeckOfManyThings","TH:TreasureMap","TH:BikiniMail"],"picked":"TH:CopperCoins","floor":43.0},{"not_picked":["TH:Mimic","TH:BikiniMail","TH:TreasureMap"],"picked":"TH:CopperCoins","floor":44.0},{"not_picked":["Gatherer:ScherryThrow","Gatherer:Photoscythe","Gatherer:Transmute+1","Gatherer:RecipeChange"],"picked":"Gatherer:VenomBarrier+1","floor":44.0},{"not_picked":["TH:PixieDust","TH:EnergyPotion","TH:Mimic"],"picked":"TH:CursedSword","floor":55},{"not_picked":["Gatherer:Frenzy","Gatherer:AromaProtection","Gatherer:HeartToFruit","Gatherer:FlowerShield"],"picked":"Gatherer:AlchemyTrial","floor":55}],"player_experience":597064,"relics_obtained":[{"floor":1.0,"key":"SynthV:TestCard"},{"floor":7.0,"key":"Anchor"},{"floor":9.0,"key":"infinitespire:ShieldingShard"},{"floor":10.0,"key":"Happy Flower"},{"floor":24.0,"key":"Bag of Marbles"},{"floor":26.0,"key":"Eternal Feather"},{"floor":29.0,"key":"Unceasing Top"},{"floor":35.0,"key":"wanderingMiniBosses:ThiefScarf"},{"floor":35.0,"key":"EVO:Axolotl"},{"floor":40.0,"key":"Pocketwatch"},{"floor":42.0,"key":"Juzu Bracelet"},{"floor":44.0,"key":"Replay:WaspNest"},{"floor":55,"key":"Boot"}],"event_choices":[{"damage_healed":0.0,"max_hp_gain":0.0,"max_hp_loss":0.0,"gold_gain":0.0,"event_name":"Lab","player_choice":"Got Potions","floor":4.0,"gold_loss":0.0,"damage_taken":0.0},{"damage_healed":0.0,"max_hp_gain":0.0,"max_hp_loss":0.0,"gold_gain":0.0,"event_name":"Accursed Blacksmith","player_choice":"Forge","floor":12.0,"gold_loss":0.0,"damage_taken":0.0,"cards_upgraded":["Gatherer:CollectorsShot"]},{"cards_removed":["Gatherer:Liquidism"],"damage_healed":0.0,"max_hp_gain":0.0,"max_hp_loss":0.0,"gold_gain":0.0,"event_name":"Falling","player_choice":"Removed Power","floor":36.0,"gold_loss":0.0,"damage_taken":0.0}],"is_beta":false,"boss_relics":[{"not_picked":["Pandora\u0027s Box","conspire:SeveredTorchhead"],"picked":"Philosopher\u0027s Stone"},{"not_picked":["REME_DuelDisc","ReplayTheSpireMod:DimensionalGlitch"],"picked":"Empty Cage"}],"items_purged_floors":[],"is_endless":false,"potions_floor_spawned":[3,5,7,13,14,24,29,33,35,40,42,55],"killed_by":"The Heart","ascension_level":20,"is_humility":true}}