{"host":"6a9c3xws62y7efyw","time":1612156484,"event":{"mods":["BaseMod","Colored Map","Minty Spire (QoL Compilation)","Relic Stats","StSLib"],"gold_per_floor":[117,130,144,160,160,160,160,160,160,184,218,218,258,271,271,365,365,381,48,62,87,108,149,149,173,224,258,281,325,305,326,326,422,422,447,467,492,510,534,547,583,583,583,627,627,660,685,716,716,716,716],"floor_reached":50,"language":"ENG","playtime":3655,"items_purged":[],"score":1780,"play_id":"36c3b69e-ff2b-4e62-8989-34aca52b53c2","local_time":"20210131211444","is_ascension_mode":true,"campfire_choices":[{"floor":6.0,"key":"REST"},{"data":"Riddle With Holes","floor":8.0,"key":"SMITH"},{"data":"Eviscerate","floor":12.0,"key":"SMITH"},{"data":"Dash","floor":15.0,"key":"SMITH"},{"floor":24.0,"key":"REST"},{"data":"Sucker Punch","floor":32.0,"key":"SMITH"},{"floor":42,"key":"RECALL"},{"floor":45,"key":"REST"},{"floor":49,"key":"REST"}],"circlet_count":0,"master_deck":["AscendersBane","Strike_G","Strike_G","Strike_G","Strike_G","Strike_G","Defend_G","Defend_G","Defend_G","Defend_G","Defend_G","Survivor","Neutralize","Noxious Fumes","Sucker Punch","Riddle With Holes+1","Dash+1","Noxious Fumes","Backflip","Eviscerate+1","Night Terror","Dagger Spray","Corpse Explosion","Dodge and Roll+1","All Out Attack","Eviscerate+1","Blur+1","Sucker Punch+1","PiercingWail","Tools of the Trade","Predator","Phantasmal Killer","Acrobatics","Dash","Leg Sweep+1","Backflip","Choke+1","Catalyst"],"relics":["Snecko Eye","Golden Idol","White Beast Statue","Tough Bandages","Omamori","SacredBark","Lee\u0027s Waffle","Oddly Smooth Stone","Pear","Tiny Chest","MealTicket","Velvet Choker","StrikeDummy","Meat on the Bone","Molten Egg 2","Nunchaku","Snake Skull"],"acts_visited":["Exordium","TheCity","TheBeyond"],"potions_floor_usage":[36,38,39,40,46,47,50],"damage_taken":[{"damage":28.0,"enemies":"Cultist","floor":1.0,"turns":6.0},{"damage":4.0,"enemies":"Small Slimes","floor":2.0,"turns":4.0},{"damage":0.0,"enemies":"Jaw Worm","floor":3.0,"turns":4.0},{"damage":22.0,"enemies":"Lots of Slimes","floor":4.0,"turns":4.0},{"damage":2.0,"enemies":"Exordium Wildlife","floor":10.0,"turns":5.0},{"damage":3.0,"enemies":"Lagavulin","floor":11.0,"turns":6.0},{"damage":0.0,"enemies":"3 Sentries","floor":13.0,"turns":4.0},{"damage":0.0,"enemies":"Red Slaver","floor":14.0,"turns":2.0},{"damage":15.0,"enemies":"Slime Boss","floor":16.0,"turns":8.0},{"damage":14.0,"enemies":"Chosen","floor":18.0,"turns":5.0},{"damage":30.0,"enemies":"Spheric Guardian","floor":20.0,"turns":6.0},{"damage":0.0,"enemies":"Chosen and Byrds","floor":21.0,"turns":3.0},{"damage":0.0,"enemies":"Snecko","floor":22.0,"turns":3.0},{"damage":0.0,"enemies":"Gremlin Leader","floor":23.0,"turns":6.0},{"damage":9.0,"enemies":"Snake Plant","floor":25.0,"turns":3.0},{"damage":26.0,"enemies":"Book of Stabbing","floor":27.0,"turns":3.0},{"damage":6.0,"enemies":"Centurion and Healer","floor":28.0,"turns":6.0},{"damage":13.0,"enemies":"Slavers","floor":29.0,"turns":3.0},{"damage":0.0,"enemies":"Snecko","floor":31.0,"turns":8.0},{"damage":32.0,"enemies":"Collector","floor":33.0,"turns":7.0},{"damage":0.0,"enemies":"3 Shapes","floor":35.0,"turns":3.0},{"damage":10,"enemies":"3 Darklings","floor":36,"turns":4},{"damage":0,"enemies":"4 Shapes","floor":37,"turns":7},{"damage":14,"enemies":"Maw","floor":38,"turns":7},{"damage":31,"enemies":"Transient","floor":39,"turns":6},{"damage":27,"enemies":"Jaw Worm Horde","floor":40,"turns":9},{"damage":12,"enemies":"Nemesis","floor":41,"turns":7},{"damage":10,"enemies":"Reptomancer","floor":44,"turns":5},{"damage":33,"enemies":"Giant Head","floor":46,"turns":8},{"damage":31,"enemies":"Spire Growth","floor":47,"turns":5},{"damage":16,"enemies":"Nemesis","floor":48,"turns":9},{"damage":62,"enemies":"Awakened One","floor":50,"turns":7}],"seed_played":"3318223271239328126","potions_obtained":[{"floor":1.0,"key":"DuplicationPotion"},{"floor":2.0,"key":"BlessingOfTheForge"},{"floor":10.0,"key":"Weak Potion"},{"floor":11.0,"key":"Explosive Potion"},{"floor":13.0,"key":"FearPotion"},{"floor":14.0,"key":"SkillPotion"},{"floor":16.0,"key":"Swift Potion"},{"floor":18.0,"key":"Energy Potion"},{"floor":20.0,"key":"AttackPotion"},{"floor":22.0,"key":"Energy Potion"},{"floor":23.0,"key":"ColorlessPotion"},{"floor":25.0,"key":"CultistPotion"},{"floor":27.0,"key":"Energy Potion"},{"floor":28.0,"key":"ColorlessPotion"},{"floor":29.0,"key":"SmokeBomb"},{"floor":30.0,"key":"Regen Potion"},{"floor":31.0,"key":"Fruit Juice"},{"floor":33.0,"key":"ColorlessPotion"},{"floor":35.0,"key":"BlessingOfTheForge"},{"floor":36,"key":"GamblersBrew"},{"floor":37,"key":"Explosive Potion"},{"floor":38,"key":"Regen Potion"},{"floor":39,"key":"SmokeBomb"},{"floor":40,"key":"Ancient Potion"},{"floor":41,"key":"Fire Potion"},{"floor":44,"key":"Explosive Potion"},{"floor":46,"key":"Fruit Juice"},{"floor":47,"key":"BlessingOfTheForge"}],"is_trial":false,"path_per_floor":["M","M","M","M","?","R","?","R","T","M","E","R","E","M","R","B",null,"M","$","M","M","M","E","R","M","T","E","M","E","?","M","R","B",null,"M","M","M","M","M","M","E","R","T","E","R","E","M","E","R","B"],"character_chosen":"THE_SILENT","items_purchased":["Lee\u0027s Waffle","Oddly Smooth Stone"],"campfire_rested":4,"item_purchase_floors":[19,19],"current_hp_per_floor":[31,27,27,5,5,23,23,23,23,21,18,18,18,18,18,3,46,32,67,37,37,37,47,70,61,61,35,29,16,16,68,68,46,77,77,67,67,53,22,49,37,37,37,39,65,44,35,31,60,0,0],"gold":716,"neow_bonus":"BOSS_RELIC","is_daily":false,"chose_seed":false,"campfire_upgraded":4,"win_rate":0.0,"timestamp":1612156484,"path_taken":["M","M","M","?","?","R","?","R","T","?","E","R","E","M","R","BOSS","M","$","M","M","M","E","R","M","T","E","M","E","?","?","R","BOSS","M","M","M","M","M","M","E","R","T","E","R","E","?","E","R","BOSS"],"items_purchased_type":["Relic","Relic"],"build_version":"2020-12-22","purchased_purges":0,"victory":false,"max_hp_per_floor":[66,66,66,66,60,60,60,60,60,60,60,60,60,60,60,60,60,60,67,67,67,67,77,77,77,77,77,77,77,77,77,77,87,87,87,87,87,87,87,87,87,87,87,87,87,87,97,97,97,97,97],"relic_stats":{"Tough Bandages":[240],"Lee\u0027s Waffle":35,"Nunchaku":[4],"counters":[32,173],"Golden Idol":174,"Snecko Eye":[316,339,273,355],"Tiny Chest":0,"MealTicket":0,"Snake Skull":[4],"obtain_stats":[{"Lee\u0027s Waffle":19,"Pear":23,"Golden Idol":5,"SacredBark":17,"Oddly Smooth Stone":19,"Velvet Choker":34,"Snake Skull":48,"Omamori":13,"White Beast Statue":9,"Tough Bandages":11,"Nunchaku":46,"Snecko Eye":0,"Tiny Chest":27,"MealTicket":29,"Molten Egg 2":44,"StrikeDummy":41,"Ring of the Snake":0,"Meat on the Bone":43},{"Lee\u0027s Waffle":10,"Pear":14,"Golden Idol":4,"SacredBark":9,"Oddly Smooth Stone":10,"Velvet Choker":20,"Snake Skull":31,"Omamori":7,"White Beast Statue":4,"Tough Bandages":6,"Nunchaku":29,"Snecko Eye":0,"Tiny Chest":16,"MealTicket":18,"Molten Egg 2":28,"StrikeDummy":27,"Ring of the Snake":0,"Meat on the Bone":27},{"Lee\u0027s Waffle":48,"Pear":66,"Golden Idol":18,"SacredBark":43,"Oddly Smooth Stone":48,"Velvet Choker":96,"Snake Skull":166,"Omamori":33,"White Beast Statue":18,"Tough Bandages":29,"Nunchaku":152,"Snecko Eye":0,"Tiny Chest":72,"MealTicket":81,"Molten Egg 2":144,"StrikeDummy":139,"Ring of the Snake":0,"Meat on the Bone":139}],"Meat on the Bone":48},"card_choices":[{"not_picked":["PiercingWail","Sucker Punch"],"picked":"Noxious Fumes","floor":1.0},{"not_picked":["Concentrate","Setup"],"picked":"Sucker Punch","floor":2.0},{"not_picked":["Catalyst","Bane"],"picked":"Riddle With Holes","floor":3.0},{"not_picked":["Catalyst","Poisoned Stab"],"picked":"Dash","floor":4.0},{"not_picked":["Calculated Gamble","Deflect"],"picked":"Backflip","floor":10.0},{"not_picked":["Storm of Steel","Cloak And Dagger"],"picked":"Eviscerate","floor":11.0},{"not_picked":["Slice","Heel Hook"],"picked":"Night Terror","floor":13.0},{"not_picked":["Deadly Poison","Quick Slash"],"picked":"Dagger Spray","floor":14.0},{"not_picked":["Adrenaline","Venomology"],"picked":"Corpse Explosion","floor":16.0},{"not_picked":["Outmaneuver","Riddle With Holes"],"picked":"Dodge and Roll+1","floor":18.0},{"not_picked":["Noxious Fumes","Poisoned Stab"],"picked":"All Out Attack","floor":20.0},{"not_picked":["Infinite Blades","Quick Slash"],"picked":"Eviscerate+1","floor":21.0},{"not_picked":["Distraction","Backflip"],"picked":"Blur+1","floor":22.0},{"not_picked":["Outmaneuver","Bane","Backstab"],"picked":"SKIP","floor":23.0},{"not_picked":["PiercingWail","Acrobatics"],"picked":"Sucker Punch","floor":25.0},{"not_picked":["Bane","Terror"],"picked":"PiercingWail","floor":27.0},{"not_picked":["Outmaneuver","Well Laid Plans","Heel Hook"],"picked":"SKIP","floor":28.0},{"not_picked":["Terror","Deflect"],"picked":"Tools of the Trade","floor":29.0},{"not_picked":["Deflect","Slice+1"],"picked":"Predator","floor":31.0},{"not_picked":["Unload","After Image"],"picked":"Phantasmal Killer","floor":33.0},{"not_picked":["Prepared","Backflip"],"picked":"Acrobatics","floor":35.0},{"not_picked":["Dodge and Roll+1","Acrobatics"],"picked":"Dash","floor":36},{"not_picked":["Bouncing Flask","Corpse Explosion"],"picked":"Leg Sweep+1","floor":37},{"not_picked":["Dagger Throw","Noxious Fumes","Dagger Spray"],"picked":"SKIP","floor":38},{"not_picked":["Sucker Punch","Dodge and Roll","Skewer"],"picked":"SKIP","floor":39},{"not_picked":["Noxious Fumes","Blade Dance","Calculated Gamble"],"picked":"SKIP","floor":40},{"not_picked":["Deadly Poison+1","Cloak And Dagger","PiercingWail"],"picked":"SKIP","floor":41},{"not_picked":["Poisoned Stab+1","Noxious Fumes"],"picked":"Backflip","floor":44},{"not_picked":["Noxious Fumes+1","Flying Knee+1"],"picked":"Choke+1","floor":46},{"not_picked":["Dagger Throw+1","Poisoned Stab+1","Flechettes+1"],"picked":"SKIP","floor":47},{"not_picked":["Dodge and Roll","Die Die Die+1"],"picked":"Catalyst","floor":48}],"player_experience":1450872,"relics_obtained":[{"floor":9.0,"key":"White Beast Statue"},{"floor":11.0,"key":"Tough Bandages"},{"floor":13.0,"key":"Omamori"},{"floor":23.0,"key":"Pear"},{"floor":27.0,"key":"Tiny Chest"},{"floor":29.0,"key":"MealTicket"},{"floor":41,"key":"StrikeDummy"},{"floor":43,"key":"Meat on the Bone"},{"floor":44,"key":"Molten Egg 2"},{"floor":46,"key":"Nunchaku"},{"floor":48,"key":"Snake Skull"}],"event_choices":[{"damage_healed":0.0,"max_hp_gain":0.0,"max_hp_loss":6.0,"gold_gain":0.0,"event_name":"Golden Idol","player_choice":"Lose Max HP","floor":5.0,"gold_loss":0.0,"damage_taken":0.0,"relics_obtained":["Golden Idol"]},{"damage_healed":0.0,"max_hp_gain":0.0,"max_hp_loss":0.0,"gold_gain":0.0,"event_name":"Match and Keep!","player_choice":"1 cards matched","floor":7.0,"gold_loss":0.0,"damage_taken":0.0,"cards_obtained":["Noxious Fumes"]},{"damage_healed":0.0,"max_hp_gain":0.0,"max_hp_loss":0.0,"gold_gain":0.0,"event_name":"The Woman in Blue","player_choice":"Bought 1 Potion","floor":30.0,"gold_loss":0.0,"damage_taken":0.0}],"is_beta":false,"boss_relics":[{"not_picked":["Sozu","Pandora\u0027s Box"],"picked":"SacredBark"},{"not_picked":["Calling Bell","HoveringKite"],"picked":"Velvet Choker"}],"items_purged_floors":[],"is_endless":false,"potions_floor_spawned":[1,2,10,11,13,14,16,18,20,21,22,23,25,27,28,29,31,33,35,36,37,38,39,40,41,44,46,47,48],"killed_by":"Awakened One","ascension_level":20}}