{"host":"ueaeb6fe0hvwaqzf","time":1612197330,"event":{"mods":["2.2 Compatiblity","AchievementEnabler","Act Like it!","Aspiration","BaseMod","BetterRewards","Clawfect","Colored Map","Colored Powertips","Conspire","Defuse TimeMaze Blight","Downfall","Energized Spire","GifTheSpireLib","GungeonMod","Hallownest","Highlight Path","Hubris","Infinite Spire","Koishi","Marisa????????","Mimic Mod","Minty Spire (QoL Compilation)","Pale of the Ancients","Permanent Neow","Quick Restart","Random Character Button","Remilia??????","Replay The Spire","StSLib","Stuff the Spire","Td1madao Mod","The Bug Knight","The Disciple","The IronCluck","The Servant 0.9.4","slay the spire mod where everything is the same but ironclad has a cowboy hat"],"gold_per_floor":[99,113,113,113,128,45,45,97,97,97,97,126,141,152,172,275,275,275,289,309,323,338,349,375,375,375,389,408,428,428,459,475,575,575,475,491,491,64,75,75,75,95,95,125,27,27,62,62,82,184,184,201,212,212,212,212,212,212,0,0,0,0,0],"floor_reached":61,"language":"ENG","playtime":3405,"items_purged":["bronze:Defend"],"score":977,"play_id":"ad6503d7-fd76-4316-8df0-37d5a7c56e31","local_time":"20210201163530","is_ascension_mode":false,"campfire_choices":[{"data":"champ:ShieldWall","floor":1,"key":"SMITH"},{"data":"bronze:DelayedSlice","floor":9,"key":"SMITH"},{"data":"bronze:FineTuning","floor":11,"key":"SMITH"},{"data":"hubris:DuctTapeCard","floor":30,"key":"SMITH"},{"data":"bronze:HyperBeam","floor":35,"key":"SMITH"},{"data":"StuffTheSpire:PestControl","floor":40,"key":"SMITH"},{"data":"bronze:Fortify","floor":43,"key":"SMITH"},{"data":"bronze:CleanCode","floor":46,"key":"SMITH"},{"floor":56,"key":"REST"},{"data":"bronze:AlphaBuild","floor":58,"key":"SMITH"}],"circlet_count":0,"master_deck":["champ:ShieldWall+1","bronze:Replicate+1","bronze:Frontload+1","bronze:Backtrace+1","bronze:BronzeOrb","bronze:GetLatest","bronze:FineTuning+1","Iron Wave","hubris:DuctTapeCard+2","bronze:Deprecate","bronze:Iterate","bronze:WildBeam+1","bronze:Fortify","bronze:CleanCode","bronze:ChosenStrike+1","bronze:CutThrough","bronze:Shell+1","bronze:BronzeOrb+1","bronze:CloningBeam","StuffTheSpire:PestControl+1","bronze:Fortify+1","bronze:DelayedSlice+1","bronze:Branch+1","bronze:BronzeOrb+1","bronze:DelayedSlice","bronze:HyperBeam+1","bronze:ChosenStrike+1","bronze:Frontload+1","bronze:BronzeArmor+1","bronze:Iterate+1","bronze:ChosenStrike+1","bronze:Optimize+1","bronze:WhirlingStrike+1","bronze:Repair","bronze:Overheat+1","expansioncontent:DashGenerateEvil","bronze:CleanCode","bronze:CleanCode+1","bronze:Flail+1","bronze:Repair+1","bronze:AlphaBuild+1","bronze:GetLatest+1","bronze:Repulsor","expansioncontent:StudyTheSpire"],"relics":["aspiration:PoetsPen_weak","hubris:PeanutButter","StuffTheSpire:EmeraldSignet","hubris:DuctTape","Runic Pyramid","DemoMod:MonsterBlood","Empty Cage","infinitespire:PuzzleCube","infinitespire:BottledMercury","Astrolabe","downfall:HeartBlessingGreen","infinitespire:CheckeredPen","Lee\u0027s Waffle","Darkstone Periapt","infinitespire:EmpoweringShard","hubris:EmptyBottle","The Courier","Pear","hubris:GrandSneckoEye","paleoftheancients:Timepiece","paleoftheancients:KeyRelic","hubris:Icosahedron","Replay:Wax Seal"],"acts_visited":["Exordium","TheCity","TheBeyond","TheBeyond"],"potions_floor_usage":[16,16,33,33,33,50,50,50,50,50,50,57,61],"damage_taken":[{"damage":0,"enemies":"2 Louse","floor":2,"turns":2},{"damage":0,"enemies":"Small Slimes","floor":5,"turns":3},{"damage":0,"enemies":"downfall:FleeingMerchant","floor":6,"turns":4},{"damage":7,"enemies":"Lagavulin","floor":12,"turns":6},{"damage":0,"enemies":"Cultist","floor":13,"turns":2},{"damage":0,"enemies":"Blue Slaver","floor":14,"turns":2},{"damage":0,"enemies":"Lots of Slimes","floor":15,"turns":2},{"damage":1,"enemies":"DF_ARCHETYPE_STREAMLINE","floor":16,"turns":8},{"damage":5,"enemies":"Shell Parasite","floor":19,"turns":3},{"damage":0,"enemies":"3 Byrds","floor":20,"turns":4},{"damage":0,"enemies":"Snecko","floor":21,"turns":4},{"damage":0,"enemies":"3 Cultists","floor":22,"turns":4},{"damage":0,"enemies":"Snake Plant","floor":23,"turns":4},{"damage":0,"enemies":"Cultist and Chosen","floor":27,"turns":3},{"damage":0,"enemies":"Centurion and Healer","floor":28,"turns":3},{"damage":13,"enemies":"Snake Plant","floor":29,"turns":2},{"damage":0,"enemies":"Gremlin Leader","floor":31,"turns":4},{"damage":0,"enemies":"Shelled Parasite and Fungi","floor":32,"turns":2},{"damage":0,"enemies":"IC_MUSHROOM_ARCHETYPE","floor":33,"turns":2},{"damage":0,"enemies":"3 Shapes","floor":36,"turns":2},{"damage":0,"enemies":"downfall:FleeingMerchant","floor":38,"turns":4},{"damage":0,"enemies":"Orb Walker","floor":39,"turns":1},{"damage":0,"enemies":"3 Darklings","floor":42,"turns":2},{"damage":23,"enemies":"conspire:MimicChest","floor":44,"turns":4},{"damage":0,"enemies":"downfall:FleeingMerchant","floor":45,"turns":1},{"damage":65,"enemies":"Nightmare","floor":47,"turns":5},{"damage":0,"enemies":"Transient","floor":49,"turns":5},{"damage":1,"enemies":"WA_ARCHETYPE_DIVINITY","floor":50,"turns":6},{"damage":0,"enemies":"WA_ARCHETYPE_DIVINITY","floor":52,"turns":3},{"damage":88,"enemies":"WA_ARCHETYPE_DIVINITY","floor":53,"turns":7},{"damage":94,"enemies":"WA_ARCHETYPE_DIVINITY","floor":57,"turns":11},{"damage":124,"enemies":"paleoftheancients:N","floor":61,"turns":9}],"seed_played":"865005910565754379","potions_obtained":[{"floor":5,"key":"bronze:BurnAndBuffPotion"},{"floor":12,"key":"EssenceOfSteel"},{"floor":13,"key":"DemoMod:LeadSkinPotion"},{"floor":20,"key":"LiquidMemories"},{"floor":22,"key":"hexamod:SoulburnPotion"},{"floor":27,"key":"champ:CounterPotion"},{"floor":31,"key":"infinitespire:BlackPotion"},{"floor":42,"key":"Weak Potion"},{"floor":44,"key":"Toxic Potion"},{"floor":47,"key":"sneckomod:MuddlingPotion"},{"floor":50,"key":"DemoMod:LeadSkinPotion"}],"is_trial":false,"path_per_floor":["R","M","?","?","M","$","T","?","R","?","R","E","M","M","M","B",null,"R_BF","M","M","M","M","M","T","AVR","?","M","M","M","R","E","M","B",null,"R","M","?","$","M","R","T","M","R","?","$","R","NM","?","M","B",null,"M","M","?","T","R","M","R","$","?","B"],"character_chosen":"THE_AUTOMATON","items_purchased":["bronze:GetLatest","infinitespire:CheckeredPen","Lee\u0027s Waffle","expansioncontent:DashGenerateEvil","bronze:CleanCode","hubris:EmptyBottle","bronze:Repulsor","expansioncontent:StudyTheSpire"],"campfire_rested":1,"item_purchase_floors":[6,38,38,45,45,45,59,59],"current_hp_per_floor":[70,70,70,70,70,70,70,70,70,70,70,63,65,67,70,69,70,70,65,65,65,67,70,77,77,57,59,59,46,46,48,48,48,77,77,77,69,84,84,84,84,84,84,61,61,61,6,16,16,30,94,94,50,50,50,78,94,94,94,94,0,0,0],"gold":0,"neow_bonus":"BOSS_RELIC","is_daily":false,"chose_seed":false,"campfire_upgraded":9,"win_rate":0.0,"timestamp":1612197330,"path_taken":["R","M","?","?","M","$","T","?","R","?","R","E","M","M","M","BOSS","R_BF","M","M","?","M","M","T","AVR","?","M","M","M","R","E","M","BOSS","R","M","?","$","?","R","T","M","R","?","?","R","NM","?","M","BOSS","M","M","?","T","R","M","R","$","?","BOSS"],"items_purchased_type":["Card","Relic","Relic","Card","Card","Relic","Card","Card"],"build_version":"2020-12-22","purchased_purges":1,"victory":false,"max_hp_per_floor":[70,70,70,70,70,70,70,70,70,70,70,70,70,70,70,70,70,70,70,70,70,70,70,77,77,77,77,77,77,77,77,77,77,77,77,77,77,84,84,84,84,84,84,84,84,84,84,94,94,94,94,94,94,94,94,94,94,94,94,94,94,94,94],"card_choices":[{"not_picked":["bronze:BugBarrage","bronze:WildBeam"],"picked":"bronze:Frontload","floor":2},{"not_picked":["bronze:Branch","bronze:WildBeam"],"picked":"bronze:BronzeOrb","floor":5},{"not_picked":["bronze:CloningBeam","bronze:DelayedGuard"],"picked":"bronze:WhirlingStrike","floor":6},{"not_picked":["bronze:Branch","bronze:CleanCode"],"picked":"bronze:FineTuning","floor":8},{"not_picked":["bronze:Fortify","bronze:BitShift"],"picked":"bronze:DelayedSlice","floor":8},{"not_picked":["bronze:Invalidate","bronze:Overload"],"picked":"bronze:Deprecate","floor":12},{"not_picked":["bronze:Shield","bronze:CutThrough"],"picked":"bronze:Iterate","floor":13},{"not_picked":["bronze:FindAndReplace","bronze:Turbo"],"picked":"bronze:WildBeam","floor":14},{"not_picked":["bronze:BitShift","bronze:Invalidate"],"picked":"bronze:Fortify","floor":15},{"not_picked":["bronze:Assembly","bronze:FindAndReplace"],"picked":"bronze:CleanCode","floor":16},{"not_picked":["bronze:Fortify","bronze:DelayedGuard+1"],"picked":"bronze:ChosenStrike+1","floor":19},{"not_picked":["bronze:BronzeArmor","bronze:WildBeam"],"picked":"bronze:CutThrough","floor":20},{"not_picked":["bronze:OilSpill","bronze:BitShift"],"picked":"bronze:Shell+1","floor":21},{"not_picked":["bronze:CutThrough","bronze:Backtrace"],"picked":"bronze:BronzeOrb+1","floor":22},{"not_picked":["bronze:Overheat","bronze:BitShift"],"picked":"bronze:CloningBeam","floor":23},{"not_picked":["bronze:Shield","bronze:Invalidate+1"],"picked":"bronze:Fortify","floor":27},{"not_picked":["bronze:Branch","bronze:OilSpill"],"picked":"bronze:DelayedSlice+1","floor":28},{"not_picked":["bronze:SpaghettiCode","bronze:OilSpill"],"picked":"bronze:Branch+1","floor":29},{"not_picked":["bronze:BronzeArmor","bronze:FineTuning"],"picked":"bronze:BronzeOrb+1","floor":31},{"not_picked":["bronze:Iterate","bronze:Branch+1"],"picked":"bronze:DelayedSlice","floor":32},{"not_picked":["bronze:BurnOut","bronze:AlphaBuild"],"picked":"bronze:HyperBeam","floor":33},{"not_picked":["bronze:Philosophize+1","bronze:BugBarrage"],"picked":"bronze:Iterate+1","floor":36},{"not_picked":["bronze:Iterate+1","bronze:DelayedGuard"],"picked":"bronze:ChosenStrike+1","floor":38},{"not_picked":["bronze:Shield+1","bronze:BuggyMess"],"picked":"bronze:Optimize+1","floor":39},{"not_picked":["bronze:Frontload","bronze:Iterate+1"],"picked":"bronze:WhirlingStrike+1","floor":42},{"not_picked":["bronze:Repulsor","bronze:WildBeam+1"],"picked":"bronze:Repair","floor":44},{"not_picked":["bronze:ChildClass","bronze:BitShift"],"picked":"bronze:Overheat+1","floor":45},{"not_picked":["bronze:Overload","bronze:ItsAFeature+1"],"picked":"bronze:Flail+1","floor":47},{"not_picked":["bronze:Frontload+1","bronze:WildBeam"],"picked":"bronze:Repair+1","floor":49},{"not_picked":["bronze:BurnOut","bronze:HardenedForm"],"picked":"bronze:AlphaBuild","floor":50},{"not_picked":["bronze:Iterate+1","bronze:DelayedGuard"],"picked":"bronze:GetLatest+1","floor":52},{"not_picked":["bronze:BitShift","bronze:FineTuning","bronze:BugBarrage"],"picked":"SKIP","floor":53}],"player_experience":246850,"relics_obtained":[{"floor":7,"key":"hubris:PeanutButter"},{"floor":8,"key":"StuffTheSpire:EmeraldSignet"},{"floor":12,"key":"hubris:DuctTape"},{"floor":24,"key":"DemoMod:MonsterBlood"},{"floor":31,"key":"infinitespire:BottledMercury"},{"floor":41,"key":"Darkstone Periapt"},{"floor":44,"key":"infinitespire:EmpoweringShard"},{"floor":47,"key":"The Courier"},{"floor":48,"key":"Pear"},{"floor":55,"key":"Replay:Wax Seal"}],"event_choices":[{"cards_removed":["bronze:Strike"],"damage_healed":0,"gold_gain":0,"player_choice":"Took Card","damage_taken":0,"max_hp_gain":0,"max_hp_loss":0,"event_name":"NoteForYourself","floor":10,"gold_loss":0,"cards_obtained":["Iron Wave"]}],"is_beta":false,"boss_relics":[{"not_picked":["aspiration:RitualDagger","Black Star"],"picked":"Runic Pyramid"},{"not_picked":["Pandora\u0027s Box","infinitespire:Cupcake"],"picked":"Astrolabe"},{"not_picked":["Fusion Hammer","conspire:SlowCooker"],"picked":"hubris:GrandSneckoEye"}],"items_purged_floors":[25],"is_endless":true,"potions_floor_spawned":[5,12,13,14,15,20,22,27,28,31,32,42,44,47,50,57],"killed_by":"paleoftheancients:N","ascension_level":0}}