{"host":"xr8r2flpb2i2fv48","time":1612220836,"event":{"mods":["2.2 Compatiblity","Act Like it!","Arknights","BaseMod","Better Note","Better Third Choice","Downfall","Gensokyo","Hallownest","Hermit","Lobotomy","LobotomyExtend","Marisa????????","Minty Spire (QoL Compilation)","Reimu??????","Replay The Spire","StSLib","The Bug Knight","The Cursed","The Gatherer","The Marked","The Runesmith","The Spell Scribe","TheSwordswoman","TheVacant","egg"],"gold_per_floor":[110,130,140,155,167,167,12,12,12,26,26,46,46,57,57,153,153,153,27,22,22,40,40,73,89,139,139,150,165,193,207,207,303,303,318,111,111,129,147,147,147,147,147,147,162,162,182,25,25,25,25],"floor_reached":50,"language":"ENG","playtime":9594,"items_purged":["ats:Defend","ats:Strike C","ats:Strike G+1"],"score":478,"play_id":"6680832d-160b-428e-8a06-81c3d48b4f81","local_time":"20210202000716","is_ascension_mode":false,"campfire_choices":[{"data":"ats:Emotion Absorption","floor":6,"key":"SMITH"},{"data":"ats:Armor Crushing Shot","floor":8,"key":"SMITH"},{"data":"ats:Powerful Strike","floor":11,"key":"SMITH"},{"data":"ats:Thorns","floor":13,"key":"SMITH"},{"data":"ats:Shell Defense","floor":15,"key":"SMITH"},{"data":"ats:Poison Spread","floor":23,"key":"SMITH"},{"data":"ats:Shell Defense","floor":27,"key":"SMITH"},{"floor":32,"key":"REST"},{"floor":40,"key":"REST"},{"data":"ats:Shadow Assault","floor":42,"key":"SMITH"},{"data":"ats:Powerful Strike","floor":46,"key":"SMITH"},{"data":"Pot Of Greed","floor":49,"key":"SMITH"}],"circlet_count":0,"master_deck":["ats:Strike S+1","ats:Armor Crushing Shot+1","ats:Defend","ats:Defend","ats:Emotion Absorption+1","ats:Shell Defense+1","ats:Powerful Strike+1","ats:Echo Reverb","ats:Shell Defense","ats:Rapid Magazine","ats:Flexible Camouflage","ats:Thorns+1","ats:Disruption Kick","ats:Poison Spread+1","ats:Burning Ground+1","ats:Curse Doll","ats:Shell Defense+1","ats:Powerful Strike+1","ats:Very Hot Blade","ats:Beaten Up+1","ats:Shadow Assault+1","CurseOfTheBell","ats:Poison Spread+1","Flash of Steel","ats:Directed Diagnosis+1","ats:Rapid Magazine+1","ats:Neurotoxin+1","Parasite","Pot Of Greed","Pot Of Greed","Pot Of Greed+1"],"relics":["ats:Sanity","LetterFromLob","ats:Rhine Circuitry","Philosopher\u0027s Stone","ats:Originium","Whetstone","Replay:Rubber Ducky","Pantograph","Calling Bell","Lantern","Snack Pack","Replay:PocketPolymizer","Bottled Tornado","Grinning Jar"],"acts_visited":["Exordium","TheCity","TheBeyond"],"potions_floor_usage":[2,10,28,30,33,47,47,47,50],"damage_taken":[{"damage":5,"enemies":"Cultist","floor":1,"turns":4},{"damage":3,"enemies":"Jaw Worm","floor":2,"turns":6},{"damage":0,"enemies":"Small Slimes","floor":3,"turns":4},{"damage":7,"enemies":"3 Louse","floor":4,"turns":4},{"damage":1,"enemies":"Exordium Wildlife","floor":5,"turns":3},{"damage":11,"enemies":"Exordium Thugs","floor":10,"turns":9},{"damage":13,"enemies":"Lots of Slimes","floor":12,"turns":8},{"damage":14,"enemies":"Exordium Wildlife","floor":14,"turns":5},{"damage":40,"enemies":"The Guardian","floor":16,"turns":9},{"damage":14,"enemies":"2 Thieves","floor":20,"turns":4},{"damage":5,"enemies":"Shell Parasite","floor":22,"turns":5},{"damage":51,"enemies":"Gremlin Leader","floor":24,"turns":11},{"damage":12,"enemies":"Chosen and Byrds","floor":25,"turns":7},{"damage":6,"enemies":"3 Cultists","floor":28,"turns":6},{"damage":17,"enemies":"Snecko","floor":29,"turns":5},{"damage":6,"enemies":"Replay:Snechameleon","floor":30,"turns":7},{"damage":18,"enemies":"Snake Plant","floor":31,"turns":2},{"damage":61,"enemies":"Collector","floor":33,"turns":13},{"damage":46,"enemies":"3 Darklings","floor":35,"turns":11},{"damage":8,"enemies":"3 Shapes","floor":38,"turns":6},{"damage":48,"enemies":"Transient","floor":39,"turns":5},{"damage":14,"enemies":"Spire Growth","floor":45,"turns":5},{"damage":22,"enemies":"Writhing Mass","floor":47,"turns":5},{"damage":109,"enemies":"Time Eater","floor":50,"turns":12}],"seed_played":"4076259224384713611","potions_obtained":[{"floor":1,"key":"Block Potion"},{"floor":2,"key":"SpeedPotion"},{"floor":16,"key":"Weak Potion"},{"floor":24,"key":"hexamod:SoulburnPotion"},{"floor":28,"key":"Milkshake"},{"floor":31,"key":"BlessingOfTheForge"},{"floor":33,"key":"Ancient Potion"},{"floor":45,"key":"SteroidPotion"},{"floor":47,"key":"Block Potion"}],"is_trial":false,"path_per_floor":["M","M","M","M","M","R","$","R","T","M","R","M","R","M","R","B",null,"M","$","M","?","M","R","E","M","T","R","M","M","E","M","R","B",null,"M","$","?","M","M","R","?","R","T","$","M","R","M","$","R","B"],"character_chosen":"DOCTOR_CLASS","items_purchased":["ats:Rapid Magazine","ats:Poison Spread","Flash of Steel","Grinning Jar"],"campfire_rested":2,"item_purchase_floors":[7,19,36,48],"current_hp_per_floor":[67,72,72,65,66,66,66,66,66,72,72,72,72,65,65,44,72,72,72,61,61,64,64,45,50,50,50,65,51,57,39,60,72,72,61,61,61,63,20,41,41,41,41,41,38,38,25,25,25,0,0],"gold":25,"neow_bonus":"REMOVE_CARD","is_daily":false,"chose_seed":false,"campfire_upgraded":10,"win_rate":0.0,"timestamp":1612220836,"path_taken":["M","M","M","?","M","R","$","R","T","M","R","M","R","M","R","BOSS","M","$","M","?","M","R","E","M","T","R","M","M","E","M","R","BOSS","M","$","?","M","M","R","?","R","T","$","M","R","?","$","R","BOSS"],"items_purchased_type":["Card","Card","Card","Relic"],"build_version":"2020-12-22","purchased_purges":3,"victory":false,"max_hp_per_floor":[72,72,72,72,72,72,72,72,72,72,72,72,72,72,72,72,72,72,72,72,72,72,72,72,72,72,72,72,72,72,72,72,72,72,72,72,72,72,72,72,72,72,72,72,72,72,72,72,72,72,72],"card_choices":[{"not_picked":["ats:Red Shift","ats:Curse Doll"],"picked":"ats:Shell Defense","floor":1},{"not_picked":["ats:Revitalization","ats:Flexible Camouflage"],"picked":"ats:Powerful Strike","floor":2},{"not_picked":["ats:Steam Pump","ats:Very Hot Blade","ats:Literary Storm"],"picked":"SKIP","floor":3},{"not_picked":["ats:Red Shift","ats:Ignite"],"picked":"ats:Echo Reverb","floor":4},{"not_picked":["ats:Leaping Hammer","ats:Overload"],"picked":"ats:Shell Defense","floor":5},{"not_picked":["ats:Closed Bolt Burst Fire","ats:Sunburst"],"picked":"ats:Flexible Camouflage","floor":10},{"not_picked":["ats:Song Of Battle","ats:Flexible Camouflage"],"picked":"ats:Thorns","floor":12},{"not_picked":["ats:Blood Oath","ats:Directed Diagnosis","ats:Closed Bolt Burst Fire"],"picked":"SKIP","floor":14},{"not_picked":["ats:Soul Rend","ats:Fractured Body"],"picked":"ats:Disruption Kick","floor":16},{"not_picked":["ats:Consecutive Shot Auto","ats:Hammer On"],"picked":"ats:Burning Ground+1","floor":20},{"not_picked":["ats:Cat Scratch+1","ats:Assault Order+1"],"picked":"ats:Curse Doll","floor":22},{"not_picked":["ats:Blood Oath","ats:Curse Doll"],"picked":"ats:Shell Defense","floor":24},{"not_picked":["ats:Absolute Focus+1","ats:Steam Pump"],"picked":"ats:Powerful Strike","floor":25},{"not_picked":["ats:Consecutive Shot Auto","ats:Shell Defense","ats:Flexible Camouflage"],"picked":"SKIP","floor":28},{"not_picked":["ats:Explosion Area Strengthen+1","ats:Consecutive Shot Auto"],"picked":"ats:Very Hot Blade","floor":29},{"not_picked":["ats:Consecutive Shot Auto","ats:Volcano"],"picked":"ats:Beaten Up+1","floor":30},{"not_picked":["ats:Shell Defense","ats:Guard Mode+1","ats:Defend Order+1"],"picked":"SKIP","floor":31},{"not_picked":["ats:Rat Pack","ats:Fractured Body"],"picked":"ats:Shadow Assault","floor":33},{"not_picked":["ats:Cat Scratch+1","ats:Ignite+1"],"picked":"ats:Poison Spread+1","floor":35},{"not_picked":["ats:Consecutive Shot Auto+1","ats:Guard Mode+1"],"picked":"ats:Directed Diagnosis+1","floor":38},{"not_picked":["ats:Collapsing Strike","ats:Hammer On"],"picked":"ats:Rapid Magazine+1","floor":39},{"not_picked":["ats:Burning Ground+1","ats:Closed Bolt Burst Fire+1"],"picked":"ats:Neurotoxin+1","floor":45},{"not_picked":["ats:Chain Hook+1","ats:Curse Doll+1","ats:LN2 Cannon"],"picked":"SKIP","floor":47}],"player_experience":1800929,"relics_obtained":[{"floor":1,"key":"LetterFromLob"},{"floor":9,"key":"ats:Rhine Circuitry"},{"floor":24,"key":"ats:Originium"},{"floor":24,"key":"Whetstone"},{"floor":26,"key":"Replay:Rubber Ducky"},{"floor":30,"key":"ats:Originium"},{"floor":30,"key":"Pantograph"},{"floor":34,"key":"Lantern"},{"floor":34,"key":"Snack Pack"},{"floor":34,"key":"Replay:PocketPolymizer"},{"floor":43,"key":"Bottled Tornado"}],"event_choices":[{"cards_removed":["ats:Strike G"],"damage_healed":0,"gold_gain":0,"player_choice":"Give","damage_taken":0,"max_hp_gain":0,"max_hp_loss":0,"event_name":"betterNote:BetterNote","floor":21,"gold_loss":0,"cards_obtained":["theMarked:Strike"]}],"is_beta":false,"boss_relics":[{"not_picked":["ats:Sanity Plus","Ring of Chaos"],"picked":"Philosopher\u0027s Stone"},{"not_picked":["Snecko Eye","bronze:MakeshiftBattery"],"picked":"Calling Bell"}],"items_purged_floors":[7,19,36],"is_endless":false,"potions_floor_spawned":[1,2,16,24,28,31,33,45,47],"killed_by":"Time Eater","ascension_level":0}}