{"host":"krw8blyxua7at9ak","time":1612147382,"event":{"mods":["BaseMod","Highlight Path","Minty Spire (QoL Compilation)","ojb\u0027s Info Mod"],"gold_per_floor":[118,129,145,145,145,177,177,177,177],"floor_reached":8,"language":"ENG","playtime":277,"items_purged":[],"score":112,"play_id":"f6803488-ab5d-452b-b3e0-213086d1046e","local_time":"20210201034302","is_ascension_mode":true,"campfire_choices":[{"floor":7,"key":"REST"}],"circlet_count":0,"master_deck":["AscendersBane","Strike_G","Strike_G","Strike_G","Strike_G","Strike_G","Defend_G","Defend_G","Defend_G","Defend_G","Defend_G","Survivor","Neutralize","Bullet Time","Dagger Spray","Bouncing Flask","Dagger Throw"],"relics":["Ring of the Snake","Bronze Scales","Question Card"],"acts_visited":["Exordium"],"potions_floor_usage":[6],"damage_taken":[{"damage":3,"enemies":"Cultist","floor":1,"turns":5},{"damage":2,"enemies":"2 Louse","floor":2,"turns":3},{"damage":7,"enemies":"Small Slimes","floor":3,"turns":4},{"damage":30,"enemies":"3 Sentries","floor":6,"turns":7},{"damage":42,"enemies":"Lagavulin","floor":8,"turns":6}],"seed_played":"7103404804967336214","potions_obtained":[{"floor":2,"key":"BlessingOfTheForge"},{"floor":3,"key":"FairyPotion"}],"is_trial":false,"path_per_floor":["M","M","M","?","?","E","R","E"],"character_chosen":"THE_SILENT","items_purchased":[],"campfire_rested":1,"item_purchase_floors":[],"current_hp_per_floor":[41,39,32,32,14,9,28,0,0],"gold":177,"neow_bonus":"THREE_RARE_CARDS","is_daily":false,"chose_seed":false,"campfire_upgraded":0,"win_rate":0.0,"timestamp":1612147382,"path_taken":["M","M","?","?","?","E","R","E"],"items_purchased_type":[],"build_version":"2020-12-22","purchased_purges":0,"victory":false,"max_hp_per_floor":[66,66,66,66,66,66,66,66,66],"card_choices":[{"not_picked":["A Thousand Cuts","Phantasmal Killer"],"picked":"Bullet Time","floor":0},{"not_picked":["Footwork","Outmaneuver"],"picked":"Dagger Spray","floor":1},{"not_picked":["Noxious Fumes","Caltrops"],"picked":"Bouncing Flask","floor":2},{"not_picked":["Slice","Choke"],"picked":"Dagger Throw","floor":3},{"not_picked":["Bane","Deadly Poison","Caltrops"],"picked":"SKIP","floor":6}],"player_experience":376714,"relics_obtained":[{"floor":6,"key":"Question Card"}],"event_choices":[{"damage_healed":0,"gold_gain":0,"player_choice":"Ignored","damage_taken":0,"max_hp_gain":0,"max_hp_loss":0,"event_name":"Liars Game","floor":4,"gold_loss":0},{"damage_healed":0,"gold_gain":0,"player_choice":"Success","damage_taken":18,"relics_obtained":["Bronze Scales"],"max_hp_gain":0,"max_hp_loss":0,"event_name":"Scrap Ooze","floor":5,"gold_loss":0}],"is_beta":false,"boss_relics":[],"items_purged_floors":[],"is_endless":false,"potions_floor_spawned":[2,3],"killed_by":"Lagavulin","ascension_level":20}}