{"host":"3i0tc1zs9k2bo7un","time":1612197563,"event":{"mods":["Act Like it!","Aspiration","BaseMod","Gensokyo","Minty Spire (QoL Compilation)","MostiFishMod","Quick Restart","Reliquary","Replay The Spire","StSLib","TestMod","Wide Potions","[IsaacMod]ÒÔÈö¼âËþ","¡¾ÒÅÎï¿¨ÅÆ¡¿REMEMod"],"gold_per_floor":[116,41,53,68,157,194,211,211,261,261,301,301,301,324,324,404,404,419,446,446,574,592,623,623,213,213,213,213,238,258,133,133,214,114,134,153,169,186,202,232,232,262,262,87,87,87,88,88,88,92,92,92,35,73,74,74],"floor_reached":55,"language":"ZHS","playtime":3021,"items_purged":["Strike_G","Strike_G","Gensokyo:AllTheWorldsEvil","Defend_G+1","Defend_G+1","Survivor+1"],"score":2086,"play_id":"dd6ff2cb-2cc3-40d4-8964-13943209c611","local_time":"20210202003923","is_ascension_mode":true,"campfire_choices":[{"data":"Prepared","floor":8.0,"key":"SMITH"},{"data":"Acrobatics","floor":10.0,"key":"SMITH"},{"data":"Strike_G","floor":15.0,"key":"PURGE"},{"floor":27.0,"key":"RECALL"},{"floor":32.0,"key":"REST"},{"floor":41,"key":"REST"},{"floor":45,"key":"REST"},{"floor":49,"key":"REST"},{"floor":52,"key":"REST"}],"circlet_count":0,"master_deck":["AscendersBane","Neutralize+1","MostiFishMod:KingOfFree+1","Acrobatics+1","REME_CopyPotion+1","Tactician+1","Acrobatics+1","Prepared+1","Adrenaline+1","REME_SpectralBlade+1","Wraith Form v2+1","Gensokyo:LifeSpringInfinity+1"],"relics":["Ring of the Snake","DaveBox","testmod-TestBox","HushsDoor","REME_ComplimentaryCards","SatanicBible","testmod-BloodSacrificeSpiritualization","BrkXgEgg","NeowsBlessing","SynthV:TestCard","testmod-LifeArmor","SharpPlug","Runic Dome","GuppysTail","GuppysPaw","CombinedTypeHook","aspiration:HatOfInfinitePower","reliquary:PrincelyHelmet","Anchor","Tiny House","GuppysHairball","GuppysHead","Replay:Mystery Machine","reliquary:ExpiredCoupon","reliquary:ExpiredCoupon","ReplayTheSpireMod:TigerMarble"],"acts_visited":["Gensokyo:Gensokyo","Gensokyo:Gensokyoer","Gensokyo:Gensokyoest","TheEnding"],"potions_floor_usage":[55,55,55,55,55,55],"damage_taken":[{"damage":6.0,"enemies":"Gensokyo:3_Fairies","floor":1.0,"turns":2.0},{"damage":6.0,"enemies":"Gensokyo:Python","floor":3.0,"turns":1.0},{"damage":6.0,"enemies":"Gensokyo:Gryphon","floor":4.0,"turns":1.0},{"damage":9.0,"enemies":"Gensokyo:Cirno","floor":6.0,"turns":4.0},{"damage":9.0,"enemies":"Gensokyo:VengefulSpirit","floor":7.0,"turns":6.0},{"damage":6.0,"enemies":"Gensokyo:Mamizou","floor":11.0,"turns":6.0},{"damage":6.0,"enemies":"Gensokyo:5_Fairies","floor":14.0,"turns":4.0},{"damage":6.0,"enemies":"Gensokyo:Kokoro","floor":16.0,"turns":5.0},{"damage":0.0,"enemies":"Gensokyo:CosmicMonolith","floor":18.0,"turns":2.0},{"damage":4.0,"enemies":"Gensokyo:3_Dogs","floor":19.0,"turns":2.0},{"damage":4.0,"enemies":"Gensokyo:3_Dogs","floor":21.0,"turns":2.0},{"damage":4.0,"enemies":"Gensokyo:3_Gloops","floor":22.0,"turns":2.0},{"damage":0.0,"enemies":"Gensokyo:Koishi","floor":23.0,"turns":4.0},{"damage":0.0,"enemies":"Gensokyo:Chomper_and_Gloop","floor":29.0,"turns":2.0},{"damage":0.0,"enemies":"Gensokyo:Slime_Group","floor":30.0,"turns":1.0},{"damage":0.0,"enemies":"Gensokyo:Eternal_Rivals","floor":33.0,"turns":1.0},{"damage":0.0,"enemies":"Gensokyo:AncientGuardian","floor":35.0,"turns":1.0},{"damage":0.0,"enemies":"Gensokyo:3_Bats","floor":36.0,"turns":1.0},{"damage":0.0,"enemies":"Gensokyo:Rafflesia","floor":37.0,"turns":1.0},{"damage":0.0,"enemies":"Gensokyo:AtlasGolem","floor":38.0,"turns":2.0},{"damage":0.0,"enemies":"Gensokyo:SeedOfUnknown","floor":39.0,"turns":1.0},{"damage":0,"enemies":"Gensokyo:Doremy","floor":40,"turns":2},{"damage":0,"enemies":"Gensokyo:Marisa","floor":42,"turns":1},{"damage":0,"enemies":"Gensokyo:Marisa","floor":47,"turns":4},{"damage":0,"enemies":"Gensokyo:Yuyuko","floor":50,"turns":1},{"damage":0,"enemies":"Shield and Spear","floor":54,"turns":1},{"damage":0,"enemies":"Delirium","floor":55,"turns":2}],"seed_played":"8879796160139547324","potions_obtained":[{"floor":1.0,"key":"SkillPotion"},{"floor":7.0,"key":"GamblersBrew"},{"floor":11.0,"key":"PowerPotion"},{"floor":21.0,"key":"Explosive Potion"},{"floor":29.0,"key":"PowerPotion"},{"floor":34.0,"key":"testmod-SpacePotion"},{"floor":39.0,"key":"SkillPotion"},{"floor":40,"key":"Doom Potion"},{"floor":42,"key":"Swift Potion"}],"is_trial":false,"path_per_floor":["M","$","M","M","?","E","M","R","T","R","E","?","?","M","R","B",null,"M","M","?","?","M","E","?","$","T","R","?","M","M","$","R","B",null,"M","M","M","M","M","E","R","E","T","$","R","?","?","?","R","B",null,"R","$","E","B"],"character_chosen":"THE_SILENT","items_purchased":["GuppysTail","GuppysPaw","REME_SpectralBlade+1","Anchor","GuppysHairball","GuppysHead","Wraith Form v2","PowerPotion"],"campfire_rested":5,"item_purchase_floors":[17,17,25,25,34,34,34,53],"current_hp_per_floor":[54,54,49,44,18,12,47,47,47,47,46,46,46,45,45,41,41,41,41,41,41,41,41,41,41,41,41,41,41,41,41,41,41,22,22,22,22,22,22,22,22,22,22,22,22,22,22,7,13,13,20,22,22,22,22,22],"gold":74,"neow_bonus":"THREE_ENEMY_KILL","is_daily":false,"chose_seed":false,"campfire_upgraded":2,"win_rate":0.0,"timestamp":1612197563,"path_taken":["M","?","?","?","?","E","?","R","T","R","E","?","?","M","R","BOSS","M","M","?","?","?","E","?","?","T","R","?","M","M","$","R","BOSS","M","M","M","M","M","E","R","E","T","$","R","?","?","?","R","BOSS","R","$","E","BOSS"],"items_purchased_type":["Relic","Relic","Card","Relic","Relic","Relic","Card","Potion"],"build_version":"2020-12-22","purchased_purges":6,"victory":false,"max_hp_per_floor":[66,66,66,66,66,66,66,66,66,66,66,66,66,66,66,66,41,41,41,41,41,41,41,41,41,41,41,41,41,41,41,41,41,22,22,22,22,22,22,22,22,22,22,22,22,22,22,22,22,22,22,22,22,22,22,22],"card_choices":[{"not_picked":["Dodge and Roll","Noxious Fumes","Flying Knee"],"picked":"SKIP","floor":1.0},{"not_picked":["Dodge and Roll","Backflip","Dagger Spray","Blur"],"picked":"Acrobatics","floor":3.0},{"not_picked":["Flying Knee","Sucker Punch","Poisoned Stab","Deflect","ReplayTheSpireMod:Speed Training"],"picked":"SKIP","floor":4.0},{"not_picked":["Slice","Acrobatics","Bane","Catalyst"],"picked":"REME_CopyPotion+1","floor":5.0},{"not_picked":["Terror","Accuracy","Deadly Poison","Blade Dance"],"picked":"Tactician","floor":5.0},{"not_picked":["Draining Mist","Dagger Spray","Flying Knee","Backstab"],"picked":"Acrobatics","floor":5.0},{"not_picked":["Venomology+1","ReplayTheSpireMod:Exploit Weakness","Bouncing Flask","Blade Dance","ReplayTheSpireMod:Scrap Shanks"],"picked":"SKIP","floor":6.0},{"not_picked":["Dodge and Roll","Flying Knee","Deadly Poison","Sneak Up"],"picked":"Prepared","floor":7.0},{"not_picked":["Prepared","Acrobatics","MostiFishMod:ShivMaster+1","Hidden Blade","Poisoned Stab"],"picked":"SKIP","floor":11.0},{"not_picked":["Cloak And Dagger","Poisoned Stab","Sucker Punch","Predator","Dodge and Roll"],"picked":"SKIP","floor":14.0},{"not_picked":["After Image+1","REME_SpectralBlade+1","Malaise+1","MostiFishMod:HiddenBlade+1"],"picked":"Adrenaline+1","floor":16.0},{"not_picked":["MostiFishMod:PerfectParry","Hidden Blade","Dagger Throw","ReplayTheSpireMod:Exploit Weakness","Bane+1"],"picked":"SKIP","floor":18.0},{"not_picked":["Finisher","Terror+1","Acrobatics","MostiFishMod:PerfectParry","Outmaneuver"],"picked":"SKIP","floor":19.0},{"not_picked":["Bane","PiercingWail","Deadly Poison","MostiFishMod:PerfectParry","MostiFishMod:Confrontation+1"],"picked":"SKIP","floor":22.0},{"not_picked":["Bane","PiercingWail","Deadly Poison","MostiFishMod:PerfectParry","MostiFishMod:Confrontation+1"],"picked":"SKIP","floor":22.0},{"not_picked":["Outmaneuver","Hidden Blade","Flying Knee","Slice","Sneak Up"],"picked":"SKIP","floor":23.0},{"not_picked":["Predator","Dagger Spray","Poisoned Stab","Outmaneuver","Prepared"],"picked":"SKIP","floor":29.0},{"not_picked":["Outmaneuver","Deadly Poison+1","Quick Slash","Backflip","Acrobatics"],"picked":"SKIP","floor":30.0},{"not_picked":["Outmaneuver","MostiFishMod:InvigoratingSolution","Cloak And Dagger","Infinite Blades","Dagger Throw+1"],"picked":"SKIP","floor":35.0},{"not_picked":["Terror","Well Laid Plans+1","MostiFishMod:FrostNova","MostiFishMod:PoisonShield+1","Catalyst"],"picked":"SKIP","floor":36.0},{"not_picked":["Infinite Blades+1","Blade Dance","Reflex","Cloak And Dagger","All Out Attack"],"picked":"SKIP","floor":37.0},{"not_picked":["Expertise","Well Laid Plans","Crippling Poison+1","Underhanded Strike","Acrobatics"],"picked":"SKIP","floor":38.0},{"not_picked":["Blur","Backflip","Tactician","Toxin Wave","Flying Knee"],"picked":"SKIP","floor":39.0},{"not_picked":["Sucker Punch+1","Concentrate+1","Prepared","Deadly Poison","Dagger Throw"],"picked":"SKIP","floor":40},{"not_picked":["Blade Dance","ReplayTheSpireMod:Exploit Weakness","Dagger Spray","Underhanded Strike+1","Flying Knee"],"picked":"SKIP","floor":42},{"not_picked":["Gensokyo:HouraiInAPot+1","Gensokyo:RainbowDanmaku+1"],"picked":"Gensokyo:LifeSpringInfinity+1","floor":47},{"not_picked":["Skewer","Deflect","Die Die Die+1","Dagger Spray","Dodge and Roll"],"picked":"SKIP","floor":54}],"player_experience":687902,"relics_obtained":[{"floor":1.0,"key":"SynthV:TestCard"},{"floor":6.0,"key":"testmod-LifeArmor"},{"floor":9.0,"key":"Centennial Puzzle"},{"floor":11.0,"key":"SharpPlug"},{"floor":21.0,"key":"CombinedTypeHook"},{"floor":21.0,"key":"aspiration:HatOfInfinitePower"},{"floor":23.0,"key":"reliquary:PrincelyHelmet"},{"floor":40,"key":"Replay:Mystery Machine"},{"floor":42,"key":"reliquary:ExpiredCoupon"},{"floor":43,"key":"reliquary:SculptingSteel"}],"event_choices":[],"is_beta":false,"boss_relics":[{"not_picked":["reliquary:Ember","BloodWine"],"picked":"Runic Dome"},{"not_picked":[]},{"not_picked":["reliquary:RedCape","NightmareShop"],"picked":"Tiny House"},{"not_picked":[]}],"items_purged_floors":[2,17,25,31,34,44],"is_endless":false,"potions_floor_spawned":[1,7,11,21,29,30,39,40,42,54],"killed_by":"Delirium","ascension_level":19}}