{"host":"5n1fl7z5i1vf7jan","time":1612157646,"event":{"mods":["BaseMod","Minty Spire (QoL Compilation)","Quick Restart","Relic Stats"],"gold_per_floor":[119,130,130,146,157,157,24,57,84,84,119,131,131,166,166,243,243,262,35,55,5,5,5,48,48,48,48,48,88,110,134,134,209,209,224,224,244,16,35,68,93,93,93,93,93,93,120,136,136,136],"floor_reached":51,"language":"ENG","playtime":1989,"items_purged":["Strike_P","Strike_P","ReachHeaven"],"score":1558,"play_id":"2e470520-75d1-4fd5-a4ee-13df59917d0e","local_time":"20210131213406","is_ascension_mode":true,"campfire_choices":[{"data":"Eruption","floor":6.0,"key":"SMITH"},{"data":"Vigilance","floor":10.0,"key":"SMITH"},{"floor":15.0,"key":"REST"},{"data":"Vault","floor":23.0,"key":"SMITH"},{"data":"Nirvana","floor":25.0,"key":"SMITH"},{"floor":32.0,"key":"REST"},{"data":"TalkToTheHand","floor":42.0,"key":"SMITH"},{"data":"Ragnarok","floor":44.0,"key":"SMITH"},{"data":"Dark Shackles","floor":46.0,"key":"SMITH"},{"floor":49,"key":"REST"}],"circlet_count":0,"master_deck":["AscendersBane","Defend_P","Defend_P","Defend_P","Defend_P","Eruption+1","Vigilance+1","Weave","CutThroughFate","ThirdEye+1","BowlingBash","Consecrate","FlurryOfBlows","FlurryOfBlows","Weave","JustLucky","Vault+1","Sanctity","EmptyFist","DeceiveReality","ThirdEye","Ragnarok+1","WaveOfTheHand","Tantrum","Dark Shackles+1","JustLucky","TalkToTheHand+1"],"relics":["HolyWater","NeowsBlessing","Akabeko","Orichalcum","Bag of Preparation","Smiling Mask","Black Star","Vajra","CeramicFish","StoneCalendar","Shuriken","FossilizedHelix","PreservedInsect","Gambling Chip","Damaru","Pear","The Courier","Mercury Hourglass"],"acts_visited":["Exordium","TheCity","TheBeyond"],"potions_floor_usage":[50],"damage_taken":[{"damage":0.0,"enemies":"Small Slimes","floor":1.0,"turns":1.0},{"damage":0.0,"enemies":"2 Louse","floor":2.0,"turns":1.0},{"damage":0.0,"enemies":"Cultist","floor":4.0,"turns":1.0},{"damage":0.0,"enemies":"Blue Slaver","floor":5.0,"turns":1.0},{"damage":9.0,"enemies":"3 Sentries","floor":8.0,"turns":5.0},{"damage":18.0,"enemies":"Lagavulin","floor":11.0,"turns":5.0},{"damage":2.0,"enemies":"Lots of Slimes","floor":12.0,"turns":2.0},{"damage":0.0,"enemies":"Gremlin Nob","floor":14.0,"turns":2.0},{"damage":44.0,"enemies":"The Guardian","floor":16.0,"turns":15.0},{"damage":3.0,"enemies":"2 Thieves","floor":18.0,"turns":3.0},{"damage":0.0,"enemies":"Chosen","floor":20.0,"turns":3.0},{"damage":0.0,"enemies":"Book of Stabbing","floor":24.0,"turns":3.0},{"damage":0.0,"enemies":"Gremlin Leader","floor":29.0,"turns":4.0},{"damage":16.0,"enemies":"Snecko","floor":30.0,"turns":6.0},{"damage":0.0,"enemies":"Snake Plant","floor":31.0,"turns":2.0},{"damage":8.0,"enemies":"Champ","floor":33.0,"turns":8.0},{"damage":0.0,"enemies":"3 Shapes","floor":35.0,"turns":3.0},{"damage":22.0,"enemies":"3 Darklings","floor":37.0,"turns":4.0},{"damage":0.0,"enemies":"Jaw Worm Horde","floor":39.0,"turns":1.0},{"damage":0.0,"enemies":"Nemesis","floor":40.0,"turns":6.0},{"damage":0.0,"enemies":"Spire Growth","floor":41.0,"turns":3.0},{"damage":0.0,"enemies":"Giant Head","floor":47.0,"turns":4.0},{"damage":0,"enemies":"Maw","floor":48,"turns":3},{"damage":23,"enemies":"Awakened One","floor":50,"turns":6}],"seed_played":"6473133412541166500","potions_obtained":[{"floor":1.0,"key":"Explosive Potion"},{"floor":5.0,"key":"BlessingOfTheForge"},{"floor":8.0,"key":"SpeedPotion"},{"floor":11.0,"key":"DuplicationPotion"},{"floor":24.0,"key":"Strength Potion"},{"floor":33.0,"key":"Energy Potion"},{"floor":35.0,"key":"FearPotion"},{"floor":37.0,"key":"Weak Potion"}],"is_trial":false,"path_per_floor":["M","M","?","M","M","R","$","E","T","R","E","M","?","E","R","B",null,"M","$","M","$","?","R","E","R","T","$","?","E","M","M","R","B",null,"M","$","M","$","M","E","M","R","T","R","?","R","E","M","R","B",null],"character_chosen":"WATCHER","items_purchased":["Consecrate","Vajra","AttackPotion","Tantrum","Dark Shackles","JustLucky"],"campfire_rested":3,"item_purchase_floors":[7,19,19,38,38,38],"current_hp_per_floor":[61,61,54,54,54,54,54,45,45,45,27,25,25,25,45,1,51,48,48,48,48,48,48,48,48,48,48,48,48,32,32,52,44,62,62,62,40,40,40,40,40,40,50,50,50,50,50,50,73,50],"gold":136,"neow_bonus":"THREE_ENEMY_KILL","is_daily":false,"chose_seed":false,"campfire_upgraded":7,"win_rate":0.0,"timestamp":1612157646,"path_taken":["M","M","?","M","M","R","$","E","T","R","E","M","?","E","R","BOSS","M","$","M","$","?","R","E","R","T","?","?","E","?","M","R","BOSS","M","$","M","$","?","E","M","R","T","R","?","R","E","M","R","BOSS"],"items_purchased_type":["Card","Relic","Potion","Card","Card","Card"],"build_version":"2020-12-22","purchased_purges":3,"victory":true,"max_hp_per_floor":[68,68,68,68,68,68,68,68,68,68,68,68,68,68,68,68,68,68,68,68,68,68,68,68,68,68,68,68,68,68,68,68,68,68,68,68,68,68,68,68,68,68,78,78,78,78,78,78,78,78],"relic_stats":{"counters":[24,92],"Shuriken":[55],"CeramicFish":81,"Gambling Chip":[17],"StoneCalendar":[52],"PreservedInsect":180,"Bag of Preparation":[36],"Black Star":4,"Orichalcum":[48],"Smiling Mask":125,"obtain_stats":[{"Pear":43,"NeowsBlessing":0,"CeramicFish":24,"Vajra":19,"Damaru":40,"StoneCalendar":24,"PreservedInsect":29,"The Courier":47,"Bag of Preparation":11,"Orichalcum":9,"Smiling Mask":14,"Akabeko":8,"Mercury Hourglass":47,"Shuriken":26,"Gambling Chip":40,"HolyWater":34,"Black Star":17,"PureWater":0,"FossilizedHelix":29},{"Pear":21,"NeowsBlessing":0,"CeramicFish":12,"Vajra":10,"Damaru":20,"StoneCalendar":12,"PreservedInsect":13,"The Courier":22,"Bag of Preparation":6,"Orichalcum":5,"Smiling Mask":8,"Akabeko":5,"Mercury Hourglass":22,"Shuriken":12,"Gambling Chip":20,"HolyWater":16,"Black Star":9,"PureWater":0,"FossilizedHelix":13},{"Pear":79,"NeowsBlessing":0,"CeramicFish":42,"Vajra":36,"Damaru":76,"StoneCalendar":42,"PreservedInsect":46,"The Courier":83,"Bag of Preparation":14,"Orichalcum":9,"Smiling Mask":18,"Akabeko":9,"Mercury Hourglass":83,"Shuriken":42,"Gambling Chip":76,"HolyWater":62,"Black Star":33,"PureWater":0,"FossilizedHelix":46}],"Mercury Hourglass":[42]},"card_choices":[{"not_picked":["ThirdEye","FlyingSleeves"],"picked":"Weave","floor":1.0},{"not_picked":["Collect","Consecrate"],"picked":"CutThroughFate","floor":2.0},{"not_picked":["SashWhip","Collect"],"picked":"ThirdEye","floor":4.0},{"not_picked":["Halt","Prostrate"],"picked":"BowlingBash","floor":5.0},{"not_picked":["DevaForm","Protect"],"picked":"FlurryOfBlows","floor":8.0},{"not_picked":["Crescendo","EmptyBody"],"picked":"FlurryOfBlows","floor":11.0},{"not_picked":["Sanctity","WheelKick"],"picked":"Weave","floor":12.0},{"not_picked":["WheelKick","Establishment"],"picked":"JustLucky","floor":14.0},{"not_picked":["Brilliance","Judgement"],"picked":"Vault","floor":16.0},{"not_picked":["EmptyBody","DeceiveReality"],"picked":"Sanctity","floor":18.0},{"not_picked":["Consecrate","LikeWater"],"picked":"Nirvana","floor":20.0},{"not_picked":["Consecrate","Worship"],"picked":"EmptyFist","floor":24.0},{"not_picked":["EmptyFist","EmptyMind"],"picked":"DeceiveReality","floor":29.0},{"not_picked":["SashWhip","FlyingSleeves"],"picked":"ThirdEye","floor":30.0},{"not_picked":["Protect","PathToVictory+1"],"picked":"Ragnarok","floor":31.0},{"not_picked":["WindmillStrike","Evaluate","Protect"],"picked":"SKIP","floor":35.0},{"not_picked":["Collect","CutThroughFate"],"picked":"WaveOfTheHand","floor":37.0},{"not_picked":["FlurryOfBlows+1","Collect","CutThroughFate"],"picked":"SKIP","floor":39.0},{"not_picked":["SpiritShield","CrushJoints+1","CutThroughFate"],"picked":"SKIP","floor":40.0},{"not_picked":["Meditate+1","DeceiveReality"],"picked":"TalkToTheHand","floor":41.0},{"not_picked":["Swivel","SashWhip","LessonLearned"],"picked":"SKIP","floor":47.0},{"not_picked":["Collect+1","PathToVictory","FollowUp+1"],"picked":"SKIP","floor":48}],"player_experience":296086,"relics_obtained":[{"floor":8.0,"key":"Akabeko"},{"floor":9.0,"key":"Orichalcum"},{"floor":11.0,"key":"Bag of Preparation"},{"floor":14.0,"key":"Smiling Mask"},{"floor":24.0,"key":"CeramicFish"},{"floor":24.0,"key":"StoneCalendar"},{"floor":26.0,"key":"Shuriken"},{"floor":29.0,"key":"FossilizedHelix"},{"floor":29.0,"key":"PreservedInsect"},{"floor":40.0,"key":"Gambling Chip"},{"floor":40.0,"key":"Damaru"},{"floor":43.0,"key":"Pear"},{"floor":47.0,"key":"The Courier"},{"floor":47.0,"key":"Mercury Hourglass"}],"event_choices":[{"cards_removed":["Strike_P"],"damage_healed":0.0,"max_hp_gain":0.0,"max_hp_loss":0.0,"gold_gain":0.0,"event_name":"Golden Wing","player_choice":"Card Removal","floor":3.0,"gold_loss":0.0,"damage_taken":7.0},{"damage_healed":0.0,"max_hp_gain":0.0,"max_hp_loss":0.0,"gold_gain":0.0,"cards_transformed":["Strike_P"],"event_name":"Living Wall","player_choice":"Change","floor":13.0,"gold_loss":0.0,"damage_taken":0.0,"cards_obtained":["ReachHeaven"]},{"damage_healed":0.0,"max_hp_gain":0.0,"max_hp_loss":0.0,"gold_gain":0.0,"event_name":"WeMeetAgain","player_choice":"Ignored","floor":22.0,"gold_loss":0.0,"damage_taken":0.0},{"damage_healed":0.0,"max_hp_gain":0.0,"max_hp_loss":0.0,"gold_gain":0.0,"event_name":"Accursed Blacksmith","player_choice":"Forge","floor":28.0,"gold_loss":0.0,"damage_taken":0.0,"cards_upgraded":["ThirdEye"]},{"cards_removed":["Nirvana"],"damage_healed":0.0,"max_hp_gain":0.0,"max_hp_loss":0.0,"gold_gain":0.0,"event_name":"Falling","player_choice":"Removed Power","floor":45.0,"gold_loss":0.0,"damage_taken":0.0}],"is_beta":false,"boss_relics":[{"not_picked":["SacredBark","Snecko Eye"],"picked":"Black Star"},{"not_picked":["Philosopher\u0027s Stone","Tiny House"],"picked":"HolyWater"}],"items_purged_floors":[7,21,38],"is_endless":false,"potions_floor_spawned":[1,5,8,11,24,33,35,37,39],"ascension_level":16}}