{"host":"nomlpa5ttaaqphus","time":1612198372,"event":{"mods":["100% Spire Juice","AchievementEnabler","BaseMod","Colored Powertips","Minty Spire (QoL Compilation)","StSLib"],"gold_per_floor":[112,122,122,122,137,137,157,184,184,64,74,74,85,85,85,186,116,8,23,23,23,39,69,85,85,163,181,61,73,73,85,85,187,187,198,210,226,241,260,260,279,124,124,124,143,143,163,181,181,181],"floor_reached":51,"language":"ENG","playtime":5972,"items_purged":[],"score":654,"play_id":"57657c2f-e499-46e6-aca5-f97709e34950","local_time":"20210201125252","is_ascension_mode":false,"campfire_choices":[{"data":"Moonworks:BeastWitch","floor":6.0,"key":"SMITH"},{"floor":12.0,"key":"REST"},{"data":"Moonworks:RocketCannon","floor":15.0,"key":"SMITH"},{"data":"Moonworks:DarkSideOfBusiness","floor":25.0,"key":"SMITH"},{"data":"Moonworks:QuickRestoration","floor":28.0,"key":"SMITH"},{"data":"Moonworks:RainbowColoredCircle","floor":32.0,"key":"SMITH"},{"floor":40,"key":"REST"},{"data":"Moonworks:Rival","floor":44,"key":"SMITH"},{"floor":46,"key":"REST"},{"data":"Moonworks:Ambush","floor":49,"key":"SMITH"}],"circlet_count":0,"master_deck":["Moonworks:Strike+1","Moonworks:Strike","Moonworks:Strike","Moonworks:Strike","Moonworks:Defend","Moonworks:Defend","Moonworks:Defend","Moonworks:Defend","Moonworks:Ambush+1","Moonworks:LongDistanceShot","Moonworks:MiracleRedBeanIceCream","Moonworks:BeastWitch+1","Moonworks:QuickRestoration+1","Moonworks:MiracleRedBeanIceCream+1","Moonworks:RocketCannon+1","Moonworks:ExtendedPhotonRifle","Moonworks:RedAndBlue","Moonworks:DarkSideOfBusiness+1","Moonworks:WindyEnchantment","Decay","Moonworks:BindingChains","Moonworks:WhiteChristsmasher","Moonworks:BlueCrowTheSecond","Moonworks:RainbowColoredCircle+1","Moonworks:EvilSpyWorkPreparation","Moonworks:Rival+1","Moonworks:CompletionReward+1","Moonworks:NicePresent+1","Moonworks:RedAndBlue+1","Moonworks:AwakeningOfTalent+1","Moonworks:RedAndBlue+1","Moonworks:NicePresent+1","Moonworks:ImmovableObject+1","Parasite"],"relics":["Moonworks:SBBomb","Moonworks:Homemark","TungstenRod","Pantograph","Pear","Tiny House","Dream Catcher","Shuriken","Whetstone","Sundial"],"acts_visited":["Exordium","TheCity","TheBeyond"],"potions_floor_usage":[50,50,50,50],"damage_taken":[{"damage":6.0,"enemies":"Jaw Worm","floor":1.0,"turns":3.0},{"damage":12.0,"enemies":"Small Slimes","floor":2.0,"turns":4.0},{"damage":0.0,"enemies":"Cultist","floor":5.0,"turns":3.0},{"damage":6.0,"enemies":"Gremlin Gang","floor":7.0,"turns":3.0},{"damage":41.0,"enemies":"Lagavulin","floor":8.0,"turns":7.0},{"damage":4.0,"enemies":"Large Slime","floor":11.0,"turns":4.0},{"damage":3.0,"enemies":"Looter","floor":13.0,"turns":2.0},{"damage":52.0,"enemies":"The Guardian","floor":16.0,"turns":11.0},{"damage":0.0,"enemies":"Chosen","floor":18.0,"turns":4.0},{"damage":12.0,"enemies":"Shell Parasite","floor":19.0,"turns":3.0},{"damage":8.0,"enemies":"Snake Plant","floor":22.0,"turns":4.0},{"damage":42.0,"enemies":"Slavers","floor":23.0,"turns":4.0},{"damage":7.0,"enemies":"Snecko","floor":24.0,"turns":4.0},{"damage":4.0,"enemies":"Cultist and Chosen","floor":27.0,"turns":4.0},{"damage":19.0,"enemies":"Snake Plant","floor":29.0,"turns":4.0},{"damage":1.0,"enemies":"Centurion and Healer","floor":31.0,"turns":5.0},{"damage":102.0,"enemies":"Champ","floor":33.0,"turns":16.0},{"damage":16.0,"enemies":"3 Darklings","floor":35.0,"turns":3.0},{"damage":1.0,"enemies":"3 Shapes","floor":36.0,"turns":4.0},{"damage":16.0,"enemies":"3 Darklings","floor":37.0,"turns":5.0},{"damage":54,"enemies":"Spire Growth","floor":38,"turns":5},{"damage":0,"enemies":"Sphere and 2 Shapes","floor":39,"turns":3},{"damage":16,"enemies":"Transient","floor":41,"turns":5},{"damage":7,"enemies":"Spire Growth","floor":45,"turns":5},{"damage":3,"enemies":"3 Darklings","floor":47,"turns":3},{"damage":10,"enemies":"Writhing Mass","floor":48,"turns":5},{"damage":85,"enemies":"Awakened One","floor":50,"turns":9}],"seed_played":"6959557627173369137","potions_obtained":[{"floor":5.0,"key":"Swift Potion"},{"floor":8.0,"key":"Regen Potion"},{"floor":11.0,"key":"GamblersBrew"},{"floor":38,"key":"EntropicBrew"},{"floor":39,"key":"SteroidPotion"},{"floor":45,"key":"DuplicationPotion"}],"is_trial":false,"path_per_floor":["M","M","?","?","M","R","M","E","T","$","M","R","M","$","R","B",null,"M","M","?","$","M","E","M","R","T","M","R","M","$","M","R","B",null,"M","M","M","M","M","R","M","$","T","R","M","R","M","M","R","B",null],"character_chosen":"THE_STARBREAKER","items_purchased":["Whetstone"],"campfire_rested":3,"item_purchase_floors":[42],"current_hp_per_floor":[60,53,53,53,53,53,52,21,31,31,37,59,61,61,61,24,81,81,74,74,74,76,39,45,45,45,52,52,44,44,53,53,19,81,65,69,58,13,18,42,46,46,46,46,56,80,78,73,73,31],"gold":181,"neow_bonus":"TEN_PERCENT_HP_BONUS","is_daily":false,"chose_seed":false,"campfire_upgraded":7,"win_rate":0.0,"timestamp":1612198372,"path_taken":["M","M","?","?","?","R","M","E","T","$","M","R","M","$","R","BOSS","M","M","?","?","M","E","M","R","T","M","R","M","$","M","R","BOSS","M","M","M","M","?","R","M","$","T","R","M","R","M","M","R","BOSS"],"items_purchased_type":["Relic"],"build_version":"2020-12-22","purchased_purges":0,"victory":true,"max_hp_per_floor":[66,66,66,66,66,66,66,66,76,76,76,76,76,76,76,76,81,81,81,81,81,81,81,81,81,81,81,81,81,81,81,81,81,81,81,81,81,81,81,81,81,81,81,81,81,81,81,81,81,81],"card_choices":[{"not_picked":["Moonworks:DeployBits","Moonworks:SakisCookie"],"picked":"Moonworks:MiracleRedBeanIceCream","floor":1.0},{"not_picked":["Moonworks:Dash","Moonworks:JonathanRush"],"picked":"Moonworks:BeastWitch","floor":2.0},{"not_picked":["Moonworks:CookingTime","Moonworks:x16BigRocket"],"picked":"Moonworks:QuickRestoration","floor":5.0},{"not_picked":["Moonworks:MixPhenomenon","Moonworks:BlueCrowTheSecond"],"picked":"Moonworks:MiracleRedBeanIceCream","floor":7.0},{"not_picked":["Moonworks:FinalSurgery","Moonworks:Flamethrower"],"picked":"Moonworks:RocketCannon","floor":8.0},{"not_picked":["Moonworks:UnluckyCharm","Moonworks:QuickRestoration"],"picked":"Moonworks:ExtendedPhotonRifle","floor":11.0},{"not_picked":["Moonworks:QuickRestoration","Moonworks:Bloodlust"],"picked":"Moonworks:RedAndBlue","floor":13.0},{"not_picked":["Moonworks:PlushieMaster","Moonworks:Rival"],"picked":"Moonworks:DarkSideOfBusiness","floor":16.0},{"not_picked":["Moonworks:ProtagonistsPrivilege","Moonworks:BeastWitch"],"picked":"Moonworks:WindyEnchantment","floor":17.0},{"not_picked":["Moonworks:ImOnFire","Moonworks:DeployBits","Moonworks:NicePresent"],"picked":"SKIP","floor":18.0},{"not_picked":["Moonworks:BigMagnum","Moonworks:ImmovableObject","Moonworks:ImOnFire"],"picked":"SKIP","floor":19.0},{"not_picked":["Moonworks:FinalSurgery","Moonworks:ImmovableObject","Moonworks:GoldenEgg"],"picked":"SKIP","floor":22.0},{"not_picked":["Moonworks:RocketCannon","Moonworks:LulusLuckyEgg"],"picked":"Moonworks:BindingChains","floor":23.0},{"not_picked":["Moonworks:ExtendedPhotonRifle+1","Moonworks:BlueCrowTheSecond+1"],"picked":"Moonworks:WhiteChristsmasher","floor":24.0},{"not_picked":["Moonworks:DeployBits","Moonworks:JonathanRush"],"picked":"Moonworks:BlueCrowTheSecond","floor":27.0},{"not_picked":["Moonworks:LulusLuckyEgg","Moonworks:SealedMemories"],"picked":"Moonworks:RainbowColoredCircle","floor":29.0},{"not_picked":["Moonworks:DeployBits","Moonworks:QuickRestoration"],"picked":"Moonworks:EvilSpyWorkPreparation","floor":31.0},{"not_picked":["Moonworks:ReflectiveShell","Moonworks:FinalBattle"],"picked":"Moonworks:Rival","floor":33.0},{"not_picked":["Moonworks:DesperateModification","Moonworks:JonathanRush"],"picked":"Moonworks:CompletionReward","floor":35.0},{"not_picked":["Moonworks:BigMagnum","Moonworks:LulusLuckyEgg"],"picked":"Moonworks:NicePresent+1","floor":36.0},{"not_picked":["Moonworks:ImOnFire+1","Moonworks:BigMagnum","Moonworks:SweetBattle"],"picked":"SKIP","floor":37.0},{"not_picked":["Moonworks:ScrambledEve","Moonworks:FinalBattle"],"picked":"Moonworks:RedAndBlue+1","floor":38},{"not_picked":["Moonworks:BackdoorTrade+1","Moonworks:CompletionReward+1"],"picked":"Moonworks:AwakeningOfTalent+1","floor":39},{"not_picked":["Moonworks:ImOnFire+1","Moonworks:BlueCrowTheSecond+1"],"picked":"Moonworks:RedAndBlue+1","floor":40},{"not_picked":["Moonworks:CastOff+1","Moonworks:EvilSpyWorkPreparation","Moonworks:CloudOfSeagulls+1"],"picked":"SKIP","floor":41},{"not_picked":["Moonworks:BlueCrowTheSecond+1","Moonworks:Assault+1"],"picked":"Moonworks:NicePresent+1","floor":45},{"not_picked":["Moonworks:StiffCrystal","Moonworks:BeastWitch+1"],"picked":"Moonworks:ImmovableObject+1","floor":47},{"not_picked":["Moonworks:TacticalRetreat+1","Moonworks:LeapThroughSpace","Moonworks:JonathanRush"],"picked":"SKIP","floor":48}],"player_experience":88744,"relics_obtained":[{"floor":8.0,"key":"Pantograph"},{"floor":9.0,"key":"Pear"},{"floor":23.0,"key":"Dream Catcher"},{"floor":26.0,"key":"Shuriken"},{"floor":43,"key":"Sundial"}],"event_choices":[{"damage_healed":0.0,"max_hp_gain":0.0,"max_hp_loss":0.0,"gold_gain":0.0,"event_name":"Liars Game","player_choice":"Ignored","floor":3.0,"gold_loss":0.0,"damage_taken":0.0},{"damage_healed":0.0,"max_hp_gain":0.0,"max_hp_loss":0.0,"gold_gain":0.0,"event_name":"The Cleric","player_choice":"Leave","floor":4.0,"gold_loss":0.0,"damage_taken":0.0},{"damage_healed":0.0,"max_hp_gain":0.0,"max_hp_loss":0.0,"gold_gain":0.0,"event_name":"Wheel of Change","player_choice":"Cursed","floor":20.0,"gold_loss":0.0,"damage_taken":0.0,"cards_obtained":["Decay"]}],"is_beta":false,"boss_relics":[{"not_picked":["Velvet Choker","Ectoplasm"],"picked":"Tiny House"},{"not_picked":["Cursed Key","Astrolabe"],"picked":"Moonworks:SBBomb"}],"items_purged_floors":[],"is_endless":false,"potions_floor_spawned":[5,8,11,13,19,23,24,27,38,39,45,47],"ascension_level":0}}