{"host":"qmnyg5dk1o6rw6mz","time":1612182742,"event":{"mods":["2.2 Compatiblity","AchievementEnabler","Act Like it!","Aspiration","Astrologer","BaseMod","Beaked The Cultist","Better Altar","Better Match","Better Note","Better Sensory Stone","Better Skull","Better Third Choice","Better Vampires","Block Reminder","CapriCore","Challenge The Spire","ChefMod","Colored Map","Colored Powertips","Conspire","Defuse TimeMaze Blight","Disable Question Mark Monsters","Displayed Cursed Tome","Downfall","Energized Spire","Fox Events","Gensokyo","GifTheSpireLib","Hermit","Highlight Path","Hubris","Infinite Spire","Jedi Mod","Marisa¡]Ãú«B¡@Å]²z¨F¡^","Marked Mod","Minty Spire (QoL Compilation)","Monster B Gone","Pale of the Ancients","Permanent Neow","Quick Restart","Reimu¡]³Õ???¡^","Relic Filter","Reliquary","Replay The Spire","StSLib","Synergy Search","The Construct","The Cursed","The Dragon Tamer","The Gatherer","The Hayseed","The Poker Player","The Runesmith","The Showman","Unceasing Turn Reminder","Wide Potions","thorton"],"gold_per_floor":[118,118,68,101,142,142,165,219,219,219,50,50,73,73,73,201,201,240,296,15,15,15,15,79,94,120,182,182,226,273,273,273,396,396,416,416,416,440,476,528,528,579,656,720,750,835,850,850,850,850,889,905,905,905,905,964,964,964,964,964],"floor_reached":61,"language":"ENG","playtime":2240,"items_purged":["Injury","Defend_G+1"],"score":2130,"play_id":"302fea0f-7291-43ef-8672-9fc210b22a28","local_time":"20210201203222","is_ascension_mode":true,"campfire_choices":[{"data":"Blade Dance","floor":6.0,"key":"SMITH"},{"data":"Neutralize","floor":12.0,"key":"SMITH"},{"floor":15.0,"key":"REST"},{"data":"Survivor","floor":23,"key":"SMITH"},{"floor":28,"key":"REST"},{"floor":32,"key":"RECALL"},{"floor":41,"key":"REST"},{"data":"Demon Form","floor":55,"key":"SMITH"},{"data":"Choke","floor":55,"key":"SMITH"}],"circlet_count":0,"master_deck":["Strike_G+1","Strike_G+1","Strike_G+1","Strike_G+1","Strike_G+1","Defend_G+1","Defend_G+1","Survivor+1","Neutralize+1","Blade Dance+1","conspire:SpireCoStock+1","Blade Dance+1","Replay:Bag of Tricks+1","Pot Of Greed+1","Pot Of Greed+1","conspire:DoublingDagger+1","Apotheosis+1","Burst+1","Calculated Gamble+1","PiercingWail+1","Hidden Blade+1","PiercingWail+1","Terror+1","Pot Of Greed+1","Replay:Bag of Tricks+1","Madness+1","Madness+1","Cloak And Dagger+1","ReplayTheSpireMod:The Works+1","Choke+1","conspire:PoisonWeapons+1","hubris:Ssssneak+1","Cloak And Dagger+1","Languid","Blade Dance+1","Demon Form+1","Pot Of Greed+1"],"relics":["Ring of the Snake","Toxic Egg 2","Grinning Jar","aspiration:TomeofQuesting","aspiration:FrozenJewel","WristBlade","reliquary:TatteredRug","ReplayTheSpireMod:Ninjato","ReplayFunnel","Pen Nib","Centennial Puzzle","conspire:SpecialSausage","hubris:Icosahedron","Smiling Mask","Replay:Arrowhead","hubris:GlazedTorus","War Paint","Ninja Scroll","hubris:NiceRug","Replay:Rubber Ducky","Lee\u0027s Waffle","infinitespire:Golems Mask","hubris:Towel","paleoftheancients:Timepiece","paleoftheancients:KeyRelic","Coffee Dripper","Letter Opener","paleoftheancients:SoulOfTheBard","Gremlin Horn"],"acts_visited":["Exordium","TheCity","TheBeyond","paleoftheancients:PaleOfTheAncients"],"potions_floor_usage":[19,45,51,52,60,60,60],"damage_taken":[{"damage":4.0,"enemies":"Small Slimes","floor":1.0,"turns":5.0},{"damage":0.0,"enemies":"2 Louse","floor":4.0,"turns":3.0},{"damage":15.0,"enemies":"Jaw Worm","floor":5.0,"turns":4.0},{"damage":0.0,"enemies":"Large Slime","floor":7.0,"turns":4.0},{"damage":20.0,"enemies":"Lagavulin","floor":8.0,"turns":5.0},{"damage":15.0,"enemies":"Exordium Wildlife","floor":13.0,"turns":3.0},{"damage":14.0,"enemies":"Hexaghost","floor":16.0,"turns":9.0},{"damage":0,"enemies":"Spheric Guardian","floor":18,"turns":2},{"damage":41,"enemies":"conspire:MimicChest","floor":19,"turns":5},{"damage":3,"enemies":"Gremlin Leader","floor":24,"turns":4},{"damage":0,"enemies":"Chosen","floor":25,"turns":3},{"damage":0,"enemies":"Replay:Snechameleon","floor":27,"turns":4},{"damage":0,"enemies":"Shelled Parasite and Fungi","floor":29,"turns":3},{"damage":4,"enemies":"Centurion and Healer","floor":30,"turns":4},{"damage":11,"enemies":"Pondfish","floor":33,"turns":8},{"damage":0,"enemies":"Orb Walker","floor":35,"turns":1},{"damage":4,"enemies":"3 Shapes","floor":39,"turns":3},{"damage":2,"enemies":"Reptomancer","floor":40,"turns":4},{"damage":0,"enemies":"R_Hoarder","floor":42,"turns":4},{"damage":0,"enemies":"Nemesis","floor":44,"turns":3},{"damage":13,"enemies":"hubris:Merchant","floor":45,"turns":4},{"damage":0,"enemies":"2 Orb Walkers","floor":46,"turns":3},{"damage":0,"enemies":"Maw","floor":47,"turns":3},{"damage":1,"enemies":"Donu and Deca","floor":50,"turns":2},{"damage":0,"enemies":"Donu and Deca","floor":51,"turns":4},{"damage":0,"enemies":"Donu and Deca","floor":52,"turns":1},{"damage":0,"enemies":"Donu and Deca","floor":56,"turns":2},{"damage":0,"enemies":"paleoftheancients:N","floor":60,"turns":4}],"seed_played":"-4355408332345952826","potions_obtained":[{"floor":13.0,"key":"ZuzhouPotion:ReiMu"},{"floor":16,"key":"PowerPotion"},{"floor":18,"key":"jedi:StrikingPotion"},{"floor":27,"key":"Dexterity Potion"},{"floor":30,"key":"Explosive Potion"},{"floor":40,"key":"FearPotion"},{"floor":45,"key":"Swift Potion"},{"floor":51,"key":"DistilledChaos"},{"floor":52,"key":"ColorlessPotion"}],"is_trial":false,"path_per_floor":["M","?","?","M","M","R","M","E","T","?","$","R","M","T","R","B",null,"M","?","$","?","$","R","E","M","T","E","R","M","M","?","R","B",null,"M","?","?","T","M","E","R","E","T","E","$","?","M","?","R_BF","B","M","M","?","T","R","M","R","$","?","B",null],"character_chosen":"THE_SILENT","items_purchased":["Apotheosis+1","ReplayTheSpireMod:Ninjato","Ninja Scroll","conspire:PoisonWeapons+1"],"campfire_rested":3,"item_purchase_floors":[11,20,45,45],"current_hp_per_floor":[66,66,66,66,51,51,51,31,31,24,24,24,9,9,30,16,70,70,29,29,29,29,29,26,26,26,26,47,47,43,43,43,32,70,70,61,61,61,57,55,70,70,70,70,77,77,77,77,77,77,77,77,77,77,77,77,77,77,77,77],"gold":964,"neow_bonus":"REMOVE_CARD","is_daily":false,"chose_seed":false,"campfire_upgraded":5,"win_rate":0.0,"timestamp":1612182742,"path_taken":["M","?","?","M","?","R","M","E","T","?","?","R","M","?","R","BOSS","BOSS","M","?","$","?","?","R","E","M","T","E","R","M","?","?","R","BOSS","M","?","?","?","?","E","R","E","T","E","$","?","M","?","R_BF","BOSS","M","M","?","T","R","M","R","$","?","BOSS"],"items_purchased_type":["Card","Relic","Relic","Card"],"build_version":"2020-12-22","purchased_purges":2,"victory":true,"max_hp_per_floor":[70,70,70,70,70,70,70,70,70,70,70,70,70,70,70,70,70,70,70,70,70,70,70,70,70,70,70,70,70,70,70,70,70,70,70,70,70,70,70,70,70,70,70,70,77,77,77,77,77,77,77,77,77,77,77,77,77,77,77,77],"card_choices":[{"not_picked":["Deflect","Hidden Blade"],"picked":"Blade Dance","floor":1.0},{"not_picked":["Riddle With Holes","Catalyst+1"],"picked":"Blade Dance+1","floor":4.0},{"not_picked":["Dagger Throw","Blade Dance+1"],"picked":"Replay:Bag of Tricks+1","floor":5.0},{"not_picked":["Sneak Up+1","Sucker Punch","Dodge and Roll+1"],"picked":"SKIP","floor":7.0},{"not_picked":["Tactician+1","Underhanded Strike"],"picked":"conspire:DoublingDagger+1","floor":8.0},{"not_picked":["Dodge and Roll+1","hubris:SlightOfHand+1","Poisoned Stab"],"picked":"SKIP","floor":13.0},{"not_picked":["Envenom","Grand Finale"],"picked":"Burst+1","floor":16},{"not_picked":["Deflect+1","Replay:Poison Smokescreen+1","hubris:SlightOfHand+1"],"picked":"SKIP","floor":18},{"not_picked":["Concentrate+1","Heel Hook"],"picked":"Calculated Gamble+1","floor":19},{"not_picked":["Flying Knee","Dodge and Roll+1"],"picked":"PiercingWail+1","floor":24},{"not_picked":["hubris:TrickCloak+1","Caltrops"],"picked":"Hidden Blade+1","floor":25},{"not_picked":["Sneak Up+1","ReplayTheSpireMod:Tripwire+1","Replay:Poison Smokescreen+1"],"picked":"SKIP","floor":27},{"not_picked":["jedi:pocketpoison+1","Sucker Punch"],"picked":"PiercingWail+1","floor":29},{"not_picked":["Fluid Movement","Slice+1"],"picked":"Terror+1","floor":30},{"not_picked":["Poison Darts+1","aspiration:Lunge"],"picked":"Replay:Bag of Tricks+1","floor":33},{"not_picked":["PiercingWail+1","Quick Slash+1","Poisoned Stab+1"],"picked":"SKIP","floor":35},{"not_picked":["Poisoned Stab+1","Flying Knee","Dagger Spray+1"],"picked":"SKIP","floor":39},{"not_picked":["ReplayTheSpireMod:Exploit Weakness+1","Footwork"],"picked":"Cloak And Dagger+1","floor":40},{"not_picked":["Well Laid Plans+1","Underhanded Strike+1"],"picked":"ReplayTheSpireMod:The Works+1","floor":42},{"not_picked":["Poisoned Stab","Slice+1"],"picked":"Choke","floor":44},{"not_picked":[],"picked":"hubris:Ssssneak+1","floor":45},{"not_picked":["hubris:Counter"],"picked":"SKIP","floor":45},{"not_picked":["Bane"],"picked":"SKIP","floor":45},{"not_picked":["Acrobatics+1"],"picked":"SKIP","floor":45},{"not_picked":["ReplayTheSpireMod:Scrap Shanks"],"picked":"SKIP","floor":45},{"not_picked":["Transmutation+1"],"picked":"SKIP","floor":45},{"not_picked":["Sucker Punch","Outmaneuver+1"],"picked":"Cloak And Dagger+1","floor":46},{"not_picked":["Acrobatics+1","jedi:brewingpoison+1","hubris:Counter+1"],"picked":"SKIP","floor":47},{"not_picked":["Prepared+1","All Out Attack"],"picked":"Blade Dance+1","floor":51},{"not_picked":["Deadly Poison+1","Acrobatics+1","jedi:pocketpoison+1"],"picked":"SKIP","floor":52},{"not_picked":["Poisoned Stab+1","Quick Slash+1","jedi:pocketpoison+1"],"picked":"SKIP","floor":56}],"player_experience":198498,"relics_obtained":[{"floor":8.0,"key":"Grinning Jar"},{"floor":9.0,"key":"aspiration:TomeofQuesting"},{"floor":14.0,"key":"aspiration:FrozenJewel"},{"floor":19,"key":"reliquary:TatteredRug"},{"floor":24,"key":"ReplayFunnel"},{"floor":26,"key":"Pen Nib"},{"floor":27,"key":"Centennial Puzzle"},{"floor":38,"key":"Smiling Mask"},{"floor":40,"key":"Replay:Arrowhead"},{"floor":42,"key":"hubris:GlazedTorus"},{"floor":44,"key":"War Paint"},{"floor":45,"key":"Replay:Rubber Ducky"},{"floor":45,"key":"Lee\u0027s Waffle"},{"floor":46,"key":"infinitespire:Golems Mask"},{"floor":52,"key":"paleoftheancients:SoulOfTheBard"},{"floor":54,"key":"Gremlin Horn"},{"floor":56,"key":"paleoftheancients:SoulOfTheVixen"}],"event_choices":[{"damage_healed":0.0,"max_hp_gain":0.0,"max_hp_loss":0.0,"gold_gain":0.0,"event_name":"conspire:Investor","player_choice":"Invest 1","floor":3.0,"gold_loss":0.0,"damage_taken":0.0},{"cards_removed":["Defend_G"],"damage_healed":0.0,"max_hp_gain":0.0,"max_hp_loss":0.0,"gold_gain":0.0,"event_name":"Golden Wing","player_choice":"Card Removal","floor":10.0,"gold_loss":0.0,"damage_taken":7.0},{"damage_healed":0,"gold_gain":0,"player_choice":"Simplicity","damage_taken":0,"max_hp_gain":0,"max_hp_loss":8,"event_name":"betterThird:BetterWriting","floor":31,"gold_loss":0},{"damage_healed":0,"gold_gain":0,"player_choice":"Embrace Madness","damage_taken":9,"max_hp_gain":0,"max_hp_loss":0,"event_name":"Winding Halls","floor":36,"gold_loss":0,"cards_obtained":["Madness","Madness"]},{"damage_healed":0,"gold_gain":0,"player_choice":"Fight","damage_taken":0,"max_hp_gain":0,"max_hp_loss":0,"event_name":"Mysterious Sphere","floor":46,"gold_loss":0},{"damage_healed":0,"gold_gain":4,"player_choice":"4","damage_taken":0,"max_hp_gain":0,"max_hp_loss":0,"event_name":"betterStone:BetterStone","floor":53,"gold_loss":0,"cards_obtained":["Demon Form"]}],"is_beta":false,"boss_relics":[{"not_picked":["Fusion Hammer","energizedSpire:EnergizedDie"],"picked":"WristBlade"},{"not_picked":["energizedSpire:HighHeels","energizedSpire:StickyHand"],"picked":"conspire:SpecialSausage"}],"items_purged_floors":[20,45],"is_endless":false,"potions_floor_spawned":[13,16,18,27,30,40,46,51,52],"ascension_level":3}}