{"host":"vyjryxuuuxkt43k4","time":1612188994,"event":{"mods":["AchievementEnabler","BaseMod","Colored Map","DeckTracker","Keyboard Shortcuts","Minty Spire (QoL Compilation)","Permanent Neow","Quick Restart","Rare Cards Sparkle","Relic Stats","StSLib","SuperFastMode","everything is the same but u backflip on backflip"],"gold_per_floor":[114,10,27,41,41,54,74,74,99,126,0,0,0,17,17,94,94,105,105,118,130,142,142,174,174,221,221,221],"floor_reached":27,"language":"KOR","playtime":1183,"items_purged":[],"score":411,"play_id":"27a79cc4-35df-48aa-ba3f-8737b72f8220","local_time":"20210201231634","is_ascension_mode":true,"campfire_choices":[{"data":"Noxious Fumes","floor":8,"key":"SMITH"},{"floor":15,"key":"REST"},{"floor":23,"key":"REST"},{"floor":25,"key":"REST"}],"circlet_count":0,"master_deck":["AscendersBane","Strike_G","Strike_G","Strike_G","Strike_G","Defend_G","Defend_G","Defend_G+1","Defend_G","Defend_G","Survivor+1","Neutralize","Noxious Fumes+1","Cloak And Dagger","Dash","Leg Sweep+1","Acrobatics","Malaise","Backflip","Tactician+1","Bouncing Flask","Corpse Explosion","Acrobatics"],"relics":["Ring of the Snake","Potion Belt","Vajra","War Paint","HoveringKite","Ninja Scroll","Dream Catcher"],"acts_visited":["Exordium","TheCity"],"potions_floor_usage":[10,10,14,14,16,18,22,22,24],"damage_taken":[{"damage":0,"enemies":"2 Louse","floor":1,"turns":4},{"damage":1,"enemies":"Jaw Worm","floor":3,"turns":6},{"damage":7,"enemies":"Small Slimes","floor":4,"turns":4},{"damage":7,"enemies":"2 Fungi Beasts","floor":6,"turns":5},{"damage":0,"enemies":"Large Slime","floor":7,"turns":8},{"damage":5,"enemies":"Gremlin Nob","floor":10,"turns":5},{"damage":0,"enemies":"Gremlin Gang","floor":14,"turns":4},{"damage":8,"enemies":"Hexaghost","floor":16,"turns":9},{"damage":11,"enemies":"2 Thieves","floor":18,"turns":3},{"damage":14,"enemies":"Spheric Guardian","floor":20,"turns":5},{"damage":10,"enemies":"Snecko","floor":21,"turns":7},{"damage":8,"enemies":"Snake Plant","floor":22,"turns":5},{"damage":24,"enemies":"Book of Stabbing","floor":24,"turns":8},{"damage":28,"enemies":"Cultist and Chosen","floor":27,"turns":4}],"seed_played":"1128001130806936293","potions_obtained":[{"floor":1,"key":"PowerPotion"},{"floor":3,"key":"GamblersBrew"},{"floor":7,"key":"Swift Potion"},{"floor":14,"key":"Poison Potion"},{"floor":18,"key":"Block Potion"},{"floor":20,"key":"GhostInAJar"},{"floor":21,"key":"Swift Potion"}],"is_trial":false,"path_per_floor":["M","$","M","M","?","M","M","R","T","E","$","?","?","M","R","B",null,"M","?","M","M","M","R","E","R","T","M"],"character_chosen":"THE_SILENT","items_purchased":["CunningPotion","Cloak And Dagger","Tactician","Fire Potion"],"campfire_rested":3,"item_purchase_floors":[2,2,11,11],"current_hp_per_floor":[59,59,58,51,51,44,44,44,44,39,39,28,8,8,27,19,54,43,43,29,19,11,30,6,25,25,0,0],"gold":221,"neow_bonus":"RANDOM_COMMON_RELIC","is_daily":false,"chose_seed":false,"campfire_upgraded":1,"win_rate":0.0,"timestamp":1612188994,"path_taken":["M","$","M","M","?","M","M","R","T","E","?","?","?","M","R","BOSS","M","?","M","M","M","R","E","R","T","M"],"items_purchased_type":["Potion","Card","Card","Potion"],"build_version":"2020-12-22","purchased_purges":0,"victory":false,"max_hp_per_floor":[66,66,66,66,66,66,66,66,66,66,66,66,66,66,66,66,66,66,66,66,66,66,66,66,66,66,66,66],"relic_stats":{"Dream Catcher":0,"counters":[14,77],"HoveringKite":[14],"War Paint":["Tactician","Survivor"],"obtain_stats":[{"Potion Belt":0,"Dream Catcher":26,"Ninja Scroll":24,"Vajra":10,"HoveringKite":17,"War Paint":12,"Ring of the Snake":0},{"Potion Belt":0,"Dream Catcher":13,"Ninja Scroll":13,"Vajra":6,"HoveringKite":8,"War Paint":6,"Ring of the Snake":0},{"Potion Belt":0,"Dream Catcher":73,"Ninja Scroll":73,"Vajra":32,"HoveringKite":45,"War Paint":32,"Ring of the Snake":0}],"Ring of the Snake":[28]},"card_choices":[{"not_picked":["Sucker Punch","Infinite Blades"],"picked":"Noxious Fumes","floor":1},{"not_picked":["Acrobatics","Poisoned Stab"],"picked":"Dash","floor":3},{"not_picked":["Outmaneuver","Underhanded Strike"],"picked":"Leg Sweep","floor":4},{"not_picked":["Underhanded Strike","Distraction"],"picked":"Acrobatics","floor":6},{"not_picked":["Leg Sweep","Deadly Poison"],"picked":"Malaise","floor":7},{"not_picked":["Deadly Poison","Sucker Punch"],"picked":"Backflip","floor":10},{"not_picked":["Predator","Leg Sweep"],"picked":"Bouncing Flask","floor":14},{"not_picked":["Grand Finale","Envenom"],"picked":"Corpse Explosion","floor":16},{"not_picked":["Slice","Blade Dance"],"picked":"Acrobatics","floor":18},{"not_picked":["Setup","Sucker Punch","Tactician"],"picked":"SKIP","floor":20},{"not_picked":["All Out Attack","Acrobatics","Flying Knee"],"picked":"SKIP","floor":21},{"not_picked":["Backstab","Accuracy","Sucker Punch"],"picked":"SKIP","floor":22},{"not_picked":["Tactician","Skewer","Dagger Spray"],"picked":"SKIP","floor":24}],"player_experience":584060,"relics_obtained":[{"floor":10,"key":"Vajra"},{"floor":24,"key":"Ninja Scroll"},{"floor":26,"key":"Dream Catcher"}],"event_choices":[{"damage_healed":0,"gold_gain":0,"player_choice":"Ignored","damage_taken":0,"max_hp_gain":0,"max_hp_loss":0,"event_name":"Liars Game","floor":5,"gold_loss":0},{"damage_healed":0,"gold_gain":0,"player_choice":"Success","damage_taken":11,"relics_obtained":["War Paint"],"max_hp_gain":0,"max_hp_loss":0,"event_name":"Scrap Ooze","floor":12,"gold_loss":0},{"damage_healed":0,"gold_gain":0,"player_choice":"Entered Light","damage_taken":20,"max_hp_gain":0,"max_hp_loss":0,"event_name":"Shining Light","floor":13,"gold_loss":0,"cards_upgraded":["Defend_G","Leg Sweep"]},{"cards_removed":["Strike_G"],"damage_healed":0,"gold_gain":0,"player_choice":"Purged","damage_taken":0,"max_hp_gain":0,"max_hp_loss":0,"event_name":"Purifier","floor":19,"gold_loss":0}],"is_beta":false,"boss_relics":[{"not_picked":["Ectoplasm","Empty Cage"],"picked":"HoveringKite"}],"items_purged_floors":[],"is_endless":false,"potions_floor_spawned":[1,3,7,14,18,20,21],"killed_by":"Cultist and Chosen","ascension_level":15}}