{"host":"bf5upntvbdompq33","time":1612142526,"event":{"mods":["BaseMod","Colored Map","Colored Powertips","Curses Come First","Minty Spire (QoL Compilation)","StSLib"],"gold_per_floor":[113,62,12,25,45,56,66,66,66,80,80,90,90,90],"floor_reached":13,"language":"ENG","playtime":985,"items_purged":[],"score":126,"play_id":"25ca98a2-03b5-4474-9875-0f6a8845efe5","local_time":"20210131182206","is_ascension_mode":true,"campfire_choices":[{"data":"Armaments","floor":8.0,"key":"SMITH"},{"floor":11,"key":"REST"}],"circlet_count":0,"master_deck":["AscendersBane","Strike_R","Strike_R","Defend_R","Defend_R","Defend_R","Defend_R","Bash","Pommel Strike","Wild Strike","Battle Trance","Armaments+1","Wild Strike","Clothesline","Impervious","Cleave"],"relics":["Burning Blood","HornCleat"],"acts_visited":["Exordium"],"potions_floor_usage":[12],"damage_taken":[{"damage":8.0,"enemies":"Small Slimes","floor":1.0,"turns":4.0},{"damage":12.0,"enemies":"2 Louse","floor":4.0,"turns":2.0},{"damage":2.0,"enemies":"Jaw Worm","floor":5.0,"turns":3.0},{"damage":21.0,"enemies":"3 Louse","floor":6.0,"turns":4.0},{"damage":9.0,"enemies":"Red Slaver","floor":7.0,"turns":3.0},{"damage":10.0,"enemies":"Exordium Thugs","floor":10.0,"turns":5.0},{"damage":0,"enemies":"Large Slime","floor":12,"turns":3},{"damage":56,"enemies":"Lagavulin","floor":13,"turns":8}],"seed_played":"6194539355154701066","potions_obtained":[{"floor":4.0,"key":"Energy Potion"},{"floor":6.0,"key":"Fire Potion"}],"is_trial":false,"path_per_floor":["M","$","?","M","M","M","M","R","T","M","R","M","E"],"character_chosen":"IRONCLAD","items_purchased":["Wild Strike"],"campfire_rested":1,"item_purchase_floors":[2],"current_hp_per_floor":[49,49,49,43,47,32,29,29,29,25,49,55,0,0],"gold":90,"neow_bonus":"REMOVE_TWO","is_daily":false,"chose_seed":false,"campfire_upgraded":1,"win_rate":0.0,"timestamp":1612142526,"path_taken":["M","$","?","M","M","M","M","R","T","M","R","M","E"],"items_purchased_type":["Card"],"build_version":"2020-12-22","purchased_purges":0,"victory":false,"max_hp_per_floor":[80,80,80,80,80,80,80,80,80,80,80,80,80,80],"card_choices":[{"not_picked":["Perfected Strike","Sentinel"],"picked":"Pommel Strike","floor":1.0},{"not_picked":["Perfected Strike","Headbutt"],"picked":"Battle Trance","floor":4.0},{"not_picked":["Dual Wield","Fire Breathing"],"picked":"Armaments","floor":5.0},{"not_picked":["Entrench","Blood for Blood"],"picked":"Wild Strike","floor":6.0},{"not_picked":["Body Slam","Inflame"],"picked":"Clothesline","floor":7.0},{"not_picked":["Shockwave","Pommel Strike"],"picked":"Impervious","floor":10},{"not_picked":["Armaments","Warcry"],"picked":"Cleave","floor":12}],"player_experience":1274978,"relics_obtained":[{"floor":9.0,"key":"HornCleat"}],"event_choices":[{"cards_removed":["Strike_R"],"damage_healed":0.0,"max_hp_gain":0.0,"max_hp_loss":0.0,"gold_gain":0.0,"event_name":"The Cleric","player_choice":"Card Removal","floor":3.0,"gold_loss":50.0,"damage_taken":0.0}],"is_beta":false,"boss_relics":[],"items_purged_floors":[],"is_endless":false,"potions_floor_spawned":[4,6],"killed_by":"Lagavulin","ascension_level":12}}