{"host":"9qgbal69wq5palas","time":1612203324,"event":{"mods":["2.2 Compatiblity","Abigail Mod","AchievementEnabler","Act Like it!","Aspiration","Astrologer","Bartender","BaseMod","Better Altar","Better Note","Better Skull","Better Third Choice","Colored Powertips","Hallownest","Hermit","Highlight Path","Hubris","Infinite Spire","Jorbs\u0027s Wanderer Trilogy","Koishi","Lobotomy","Minty Spire (QoL Compilation)","Potionbrewer","Quick Restart","Random Character Button","Replay The Spire","Shade Mod","Shop Mod","Spicy Shops","StSLib","The Animator","The Bug Knight","The Cursed","The Disciple","The Exalted","The Hierophant","The Necromancer","The Servant 0.9.4","Wandering Minibosses"],"gold_per_floor":[362,382,93,111,111,145,145,180,180,210,210,175,199,230,230,325,325,341,351,376,376,0,0,32,49,122,147,147,165,198,154,154,248,248,266,276,283,283,283,312,9,26,26,26,844,844,869,769,769,769,769,769,769,79,113,113],"floor_reached":57,"language":"ENG","playtime":3245,"items_purged":["Shade:Defend_Shade","Shade:Defend_Shade","Shade:Defend_Shade"],"score":1355,"play_id":"d6c3c0dd-b077-4417-a014-c2a3dfaef48d","local_time":"20210201191524","is_ascension_mode":true,"campfire_choices":[{"data":"Shade:SpectralStrikes","floor":7,"key":"SMITH"},{"floor":11,"key":"REST"},{"data":"Shade:LichForm","floor":15,"key":"SMITH"},{"floor":23,"key":"REST"},{"floor":28,"key":"RECALL"},{"floor":32,"key":"REST"},{"data":"Shade:TouchOfTheGrave","floor":44,"key":"SMITH"},{"data":"Shade:PressTheAttack","floor":49,"key":"SMITH"},{"data":"Shade:Bonestorm","floor":53,"key":"SMITH"}],"circlet_count":0,"master_deck":["Shade:Strike_Shade","Shade:Strike_Shade","Shade:Strike_Shade","Shade:Strike_Shade","Shade:Defend_Shade","Shade:AnimateDead","Shade:CarefulCut","Shade:Bonestorm+1","Shade:BoneShards","Shade:SpectralStrikes+1","Shade:DarkOfNight","Shade:LichForm+1","Shade:TouchOfTheGrave+1","Shade:Coordination+1","Shade:FleshLikeOak","Shade:Premonition+1","Discovery","Shade:CloudOfShrapnel","Shade:FreshBones","Shade:FleshOffering","Shade:FleshLikeOak","Shade:RitualOffering","Shade:PressTheAttack+1","Shade:GreaterAnimation+1","Shade:ExtraLimbs+1","Shade:Brains+1","Shade:FuneraryJewels+1","Shade:CloudOfShrapnel","Shade:OminousRitual+1","Shade:PressTheAttack+1","Shade:Premonition","Shade:Bite_Shade"],"relics":["Shade:YorickSkull","Anchor","hubris:Towel","aspiration:ChemicalBlood","Bromod:ArcanePistoleer","hubris:OldNail","HollowMod:PaleOreRelic","Vajra","Philosopher\u0027s Stone","Red Mask","ReplayTheSpireMod:Ninjato","Bromod:ArcaneNullifier","hubris:PeanutButter","Bromod:ArcaneGuardian","ReplayTheSpireMod:Lightbulb","aspiration:PoetsPen_weak","hubris:Icosahedron","hubris:CuriousFeather","Orichalcum","Chameleon Ring","wanderingMiniBosses:MasterThiefsPresence","aspiration:Lifesprig","Guide Book","Happy Flower","Sling","ReplayTheSpireMod:Shallot"],"acts_visited":["Exordium","TheCity","TheBeyond","TheEnding"],"potions_floor_usage":[6,8,16,18,18,20,20,25,30,30,30,31,31,31,33,47,50,50,56],"damage_taken":[{"damage":0.0,"enemies":"infinitespire:Voidling","floor":1.0,"turns":5.0},{"damage":0.0,"enemies":"2 Louse","floor":2.0,"turns":2.0},{"damage":2.0,"enemies":"Jaw Worm","floor":4.0,"turns":4.0},{"damage":24,"enemies":"Gremlin Nob","floor":6,"turns":4},{"damage":10,"enemies":"Lagavulin","floor":8,"turns":5},{"damage":5,"enemies":"3 Sentries","floor":14,"turns":4},{"damage":18,"enemies":"The Guardian","floor":16,"turns":6},{"damage":17,"enemies":"2 Thieves","floor":18,"turns":3},{"damage":8,"enemies":"Shell Parasite","floor":19,"turns":4},{"damage":0,"enemies":"Masked Bandits","floor":20,"turns":3},{"damage":14,"enemies":"Book of Stabbing","floor":24,"turns":4},{"damage":0,"enemies":"3 Cultists","floor":25,"turns":3},{"damage":1,"enemies":"Gremlin Leader","floor":27,"turns":6},{"damage":2,"enemies":"Centurion and Healer","floor":29,"turns":4},{"damage":23,"enemies":"Book of Stabbing","floor":30,"turns":5},{"damage":23,"enemies":"Snake Plant","floor":31,"turns":6},{"damage":10,"enemies":"Champ","floor":33,"turns":9},{"damage":6,"enemies":"3 Darklings","floor":35,"turns":3},{"damage":2,"enemies":"3 Shapes","floor":36,"turns":3},{"damage":1,"enemies":"Maw","floor":37,"turns":6},{"damage":0,"enemies":"Reptomancer","floor":40,"turns":5},{"damage":0,"enemies":"R_Hoarder","floor":42,"turns":6},{"damage":5,"enemies":"Spire Growth","floor":45,"turns":3},{"damage":0,"enemies":"Reptomancer","floor":47,"turns":3},{"damage":0,"enemies":"Replay:Hell Engine","floor":50,"turns":3},{"damage":9,"enemies":"Shield and Spear","floor":55,"turns":4},{"damage":0,"enemies":"The Heart","floor":56,"turns":5}],"seed_played":"1895308563001204126","potions_obtained":[{"floor":1.0,"key":"potionbrewer:BoundlessPotion"},{"floor":2.0,"key":"Milkshake"},{"floor":14,"key":"SkillPotion"},{"floor":19,"key":"Flashbang"},{"floor":27,"key":"SkillPotion"},{"floor":29,"key":"potionbrewer:SplittingPotion"},{"floor":36,"key":"potionbrewer:ToxicPotion"},{"floor":47,"key":"DistilledChaos"}],"is_trial":false,"path_per_floor":["M","M","$","M","?","E","R","E","T","?","R","?","T","E","R","B",null,"M","M","?","?","$","R","E","M","T","E","R","M","E","M","R","B",null,"M","M","M","?","?","E","$","E","T","R","M","?","E","NS","R","B",null,null,"R","$","E","B",null],"character_chosen":"SHADE","items_purchased":["Shade:SpectralStrikes","Anchor","Discovery","ReplayTheSpireMod:Ninjato","Shade:FuneraryArmor+1","Orichalcum","Shade:CloudOfShrapnel","Shade:OminousRitual","Guide Book","Happy Flower","Sling"],"campfire_rested":3,"item_purchase_floors":[3,3,22,22,22,41,41,41,54,54,54],"current_hp_per_floor":[47,47,47,45,45,21,21,11,11,11,30,46,46,41,41,23,65,48,40,40,40,40,59,45,45,45,44,44,42,19,11,30,20,65,59,57,56,56,56,56,56,56,56,56,51,51,51,51,51,51,51,65,65,65,56,58],"gold":113,"neow_bonus":"TWO_FIFTY_GOLD","is_daily":false,"chose_seed":false,"campfire_upgraded":5,"win_rate":0.0,"timestamp":1612203324,"path_taken":["M","M","$","?","?","E","R","E","T","?","R","?","?","E","R","BOSS","M","?","?","?","?","R","E","M","T","E","R","M","E","?","R","BOSS","M","M","M","?","?","E","$","E","T","R","M","?","E","NS","R","BOSS","R","$","E","BOSS"],"items_purchased_type":["Card","Relic","Card","Relic","Card","Relic","Card","Card","Relic","Relic","Relic"],"build_version":"2020-12-22","purchased_purges":3,"victory":true,"max_hp_per_floor":[65,65,65,65,65,65,65,65,65,65,65,65,65,65,65,65,65,65,65,65,65,65,65,65,65,65,65,65,65,65,65,65,65,65,65,65,65,65,65,65,65,65,65,65,65,65,65,65,65,65,65,65,65,65,65,65],"card_choices":[{"not_picked":["Shade:CoffinDance","Shade:SkeletonHug"],"picked":"Shade:Bonestorm","floor":1.0},{"not_picked":["Shade:FeralStrike","Shade:Frenzy"],"picked":"Shade:BoneShards","floor":2.0},{"not_picked":["Shade:AncientSpear","Shade:Trample","Shade:Brains"],"picked":"SKIP","floor":4.0},{"not_picked":["Shade:SpontaneousRitual","Shade:Brains"],"picked":"Shade:DarkOfNight","floor":6},{"not_picked":["Shade:Excise","Shade:Bonestorm"],"picked":"Shade:LichForm","floor":8},{"not_picked":["Shade:RavenousHorde","Shade:FeralStrike"],"picked":"Shade:TouchOfTheGrave","floor":14},{"not_picked":["Shade:SoulPierce","Shade:LastGasp"],"picked":"Shade:Coordination","floor":16},{"not_picked":["Shade:FeralStrike+1","Shade:CallOfTheGrave"],"picked":"Shade:FleshLikeOak","floor":18},{"not_picked":["Shade:CoffinDance","Shade:OpenGraves"],"picked":"Shade:Premonition+1","floor":19},{"not_picked":["Shade:Patience","Shade:Asphyxiate+1"],"picked":"Shade:CloudOfShrapnel","floor":24},{"not_picked":["Shade:CallWraith","Shade:Excise"],"picked":"Shade:FreshBones","floor":25},{"not_picked":["Shade:OneIsEnough","Shade:Excise+1"],"picked":"Shade:FleshOffering","floor":27},{"not_picked":["Shade:GraveStillness","Shade:RavenousHorde+1"],"picked":"Shade:FleshLikeOak","floor":29},{"not_picked":["Shade:WallOfFlesh+1","Shade:GreyBargain"],"picked":"Shade:RitualOffering","floor":30},{"not_picked":["Shade:FeralStrike+1","Shade:Brains"],"picked":"Shade:PressTheAttack+1","floor":31},{"not_picked":["Shade:UnbarTheGrave","Shade:LoseControl"],"picked":"Shade:GreaterAnimation","floor":33},{"not_picked":["Shade:FleshToFlesh","Shade:Patience+1"],"picked":"Shade:Excise+1","floor":35},{"not_picked":["Shade:RavenousHorde+1","Shade:RitualOffering"],"picked":"Shade:ExtraLimbs+1","floor":36},{"not_picked":["Shade:PoundOfFlesh+1","Shade:Trample"],"picked":"Shade:Brains+1","floor":37},{"not_picked":["Shade:BoneShards+1","Shade:SpectralStrikes"],"picked":"Shade:FuneraryJewels+1","floor":40},{"not_picked":["Shade:FeralStrike+1","Shade:SpontaneousRitual+1","Shade:Frenzy+1"],"picked":"SKIP","floor":42},{"not_picked":["Shade:Carnophage+1","Shade:SanguineRitual"],"picked":"Shade:PressTheAttack","floor":45},{"not_picked":["Shade:ClawBack","Shade:GraveStillness+1"],"picked":"Shade:Premonition","floor":47},{"not_picked":["Shade:Frenzy","Shade:SoulToxin+1"],"picked":"Shade:Bite_Shade","floor":55}],"player_experience":2708774,"relics_obtained":[{"floor":6,"key":"aspiration:ChemicalBlood"},{"floor":8,"key":"Bromod:ArcanePistoleer"},{"floor":9,"key":"hubris:OldNail"},{"floor":13,"key":"HollowMod:PaleOreRelic"},{"floor":14,"key":"Vajra"},{"floor":20,"key":"Red Mask"},{"floor":24,"key":"Bromod:ArcaneNullifier"},{"floor":26,"key":"hubris:PeanutButter"},{"floor":27,"key":"Bromod:ArcaneGuardian"},{"floor":30,"key":"ReplayTheSpireMod:Lightbulb"},{"floor":40,"key":"hubris:CuriousFeather"},{"floor":42,"key":"Chameleon Ring"},{"floor":45,"key":"wanderingMiniBosses:MasterThiefsPresence"},{"floor":47,"key":"aspiration:Lifesprig"},{"floor":55,"key":"ReplayTheSpireMod:Shallot"}],"event_choices":[{"damage_healed":0,"gold_gain":30,"player_choice":"Searched \u00272\u0027 times","damage_taken":0,"max_hp_gain":0,"max_hp_loss":0,"event_name":"Dead Adventurer","floor":10,"gold_loss":0},{"damage_healed":16,"gold_gain":0,"player_choice":"Healed","damage_taken":0,"max_hp_gain":0,"max_hp_loss":0,"event_name":"The Cleric","floor":12,"gold_loss":35},{"damage_healed":0,"gold_gain":0,"player_choice":"Fought Bandits","damage_taken":0,"max_hp_gain":0,"max_hp_loss":0,"event_name":"Masked Bandits","floor":20,"gold_loss":0},{"damage_healed":0,"gold_gain":0,"player_choice":"Ignored","damage_taken":0,"max_hp_gain":0,"max_hp_loss":0,"event_name":"Vampires","floor":21,"gold_loss":0}],"is_beta":false,"boss_relics":[{"not_picked":["ReplayTheSpireMod:DimensionalGlitch","ChewingGum"],"picked":"Philosopher\u0027s Stone"},{"not_picked":["SacredBark","aspiration:RunicSpoon"],"picked":"aspiration:PoetsPen_weak"}],"items_purged_floors":[3,54,54],"is_endless":false,"potions_floor_spawned":[1,2,14,19,27,29,36,45,47],"ascension_level":2}}