{"host":"2q4w55ev63ot6isg","time":1612196447,"event":{"mods":["Aspiration","BaseMod","Downfall","Hubris","Marisa????????","Minty Spire (QoL Compilation)","Replay The Spire","StSLib","The Cursed","The Jungle","The Servant 0.9.4"],"gold_per_floor":[111,111,111,129,129,129,139,139,163,173,219,248,267,293,293,389,389,399,399,399,410,189,189,224,235,535,561,187,187,187,39,39,39,39],"floor_reached":33,"language":"ENG","playtime":727,"items_purged":["Pain","Sword Boomerang"],"score":378,"play_id":"ab33b08d-f3ee-4717-b53b-ec87f3ab4147","local_time":"20210201082047","is_ascension_mode":true,"campfire_choices":[{"data":"Perfected Strike","floor":6,"key":"SMITH"},{"data":"Thunderclap","floor":8,"key":"SMITH"},{"floor":15,"key":"REST"},{"data":"Armaments","floor":23,"key":"SMITH"},{"data":"hubris:EnhanceAbility","floor":29,"key":"SMITH"},{"data":"hubris:EnhanceAbility","floor":30,"key":"SMITH"},{"floor":32,"key":"REST"}],"circlet_count":0,"master_deck":["Strike_R+1","Strike_R+1","Strike_R+1","Strike_R+1","Strike_R+1","Defend_R+1","Defend_R+1","Defend_R+1","Defend_R+1","Bash","Replay:Sssssssssstrike+1","Perfected Strike+1","Thunderclap+1","Replay:Undeath\u0027s Touch","Armaments+1","Ghostly Armor","Fiend Fire","Juggernaut","Rampage+1","Dark Embrace+1","Shockwave+1","Battle Trance","Heavy Blade","hubris:EnhanceAbility+1","hubris:EnhanceAbility+1"],"relics":["Burning Blood","WarpedTongs","PreservedInsect","Replay:Wax Seal","Blue Doll","WingedGreaves","Snecko Eye","Letter Opener","Lantern","hubris:PeanutButter","Old Coin","Omamori","bronze:BronzeIdol","aspiration:Nostalgia","m_HexaRing"],"acts_visited":["Exordium","TheCity"],"potions_floor_usage":[13,16,21,33],"damage_taken":[{"damage":13,"enemies":"Jaw Worm","floor":1,"turns":4},{"damage":0,"enemies":"2 Louse","floor":4,"turns":2},{"damage":2,"enemies":"Cultist","floor":7,"turns":2},{"damage":11,"enemies":"Exordium Thugs","floor":10,"turns":3},{"damage":17,"enemies":"Gremlin Nob","floor":12,"turns":3},{"damage":1,"enemies":"Gremlin Gang","floor":13,"turns":2},{"damage":23,"enemies":"Lagavulin","floor":14,"turns":4},{"damage":43,"enemies":"The Guardian","floor":16,"turns":10},{"damage":6,"enemies":"Chosen","floor":18,"turns":3},{"damage":5,"enemies":"Shell Parasite","floor":21,"turns":2},{"damage":35,"enemies":"Gremlin Leader","floor":24,"turns":5},{"damage":4,"enemies":"Cultist and Chosen","floor":25,"turns":5},{"damage":7,"enemies":"Slavers","floor":27,"turns":3},{"damage":85,"enemies":"Automaton","floor":33,"turns":6}],"seed_played":"6802002875377068764","potions_obtained":[{"floor":4,"key":"Explosive Potion"},{"floor":12,"key":"hexamod:SoulburnPotion"},{"floor":13,"key":"DistilledChaos"},{"floor":21,"key":"Venom Potion"},{"floor":27,"key":"PowerPotion"}],"is_trial":false,"path_per_floor":["M","?","?","M","?","R","M","R","T","M","T","E","M","E","R","B",null,"M","?","T","M","$","R","E","M","T","E","$","R","R","$","R","B"],"character_chosen":"IRONCLAD","items_purchased":["Lantern","bronze:BronzeIdol","hubris:EnhanceAbility","aspiration:Nostalgia"],"campfire_rested":2,"item_purchase_floors":[22,28,28,31],"current_hp_per_floor":[65,49,49,55,55,55,59,59,59,54,54,43,48,31,55,18,65,65,65,65,66,66,66,37,39,39,38,38,38,38,38,62,0,0],"gold":39,"neow_bonus":"RANDOM_COLORLESS","is_daily":false,"chose_seed":false,"campfire_upgraded":5,"win_rate":0.0,"timestamp":1612196447,"path_taken":["M","?","?","M","?","R","?","R","T","M","?","E","M","E","R","BOSS","M","?","?","?","$","R","E","M","T","E","$","R","R","?","R","BOSS"],"items_purchased_type":["Relic","Relic","Card","Relic"],"build_version":"2020-12-22","purchased_purges":2,"victory":false,"max_hp_per_floor":[80,80,80,80,80,80,80,80,80,80,80,80,80,80,80,80,80,80,80,80,80,80,80,80,80,80,80,80,80,80,80,80,80,80],"card_choices":[{"not_picked":["Blind","PanicButton"],"picked":"Replay:Sssssssssstrike","floor":0},{"not_picked":["Replay:Undeath\u0027s Touch","Defy Death"],"picked":"Sword Boomerang","floor":1},{"not_picked":["Clash","Anger"],"picked":"Perfected Strike","floor":4},{"not_picked":["Power Through","Clothesline"],"picked":"Thunderclap","floor":7},{"not_picked":["Perfected Strike","Twin Strike"],"picked":"Replay:Undeath\u0027s Touch","floor":10},{"not_picked":["Flex","Havoc"],"picked":"Armaments","floor":12},{"not_picked":["Rampage","Clothesline"],"picked":"Ghostly Armor","floor":13},{"not_picked":["Reckless Charge","Run Through"],"picked":"Fiend Fire","floor":14},{"not_picked":["Immolate","Impervious"],"picked":"Juggernaut","floor":16},{"not_picked":["hubris:ReadiedAction","Dual Wield"],"picked":"Rampage+1","floor":18},{"not_picked":["Sword Boomerang","Uppercut"],"picked":"Dark Embrace+1","floor":21},{"not_picked":["Immolate","Shrug It Off+1"],"picked":"Shockwave+1","floor":24},{"not_picked":["Perfected Strike","Dual Wield+1"],"picked":"Battle Trance","floor":25},{"not_picked":["Flex+1","Sword Boomerang"],"picked":"Heavy Blade","floor":27}],"player_experience":195230,"relics_obtained":[{"floor":9,"key":"PreservedInsect"},{"floor":11,"key":"Replay:Wax Seal"},{"floor":12,"key":"Blue Doll"},{"floor":14,"key":"WingedGreaves"},{"floor":20,"key":"Letter Opener"},{"floor":24,"key":"hubris:PeanutButter"},{"floor":26,"key":"Old Coin"},{"floor":27,"key":"Omamori"}],"event_choices":[{"damage_healed":0,"gold_gain":0,"player_choice":"Entered Light","damage_taken":16,"max_hp_gain":0,"max_hp_loss":0,"event_name":"Shining Light","floor":2,"gold_loss":0,"cards_upgraded":["Strike_R","Defend_R"]},{"damage_healed":0,"gold_gain":0,"player_choice":"Rummage","damage_taken":0,"relics_obtained":["WarpedTongs"],"max_hp_gain":0,"max_hp_loss":0,"event_name":"Accursed Blacksmith","floor":5,"gold_loss":0,"cards_obtained":["Pain"]},{"damage_healed":0,"gold_gain":0,"player_choice":"Simplicity","damage_taken":0,"max_hp_gain":0,"max_hp_loss":0,"event_name":"Back to Basics","floor":19,"gold_loss":0,"cards_upgraded":["Strike_R","Strike_R","Strike_R","Strike_R","Defend_R","Defend_R","Defend_R"]}],"is_beta":false,"boss_relics":[{"not_picked":["Velvet Choker","Tiny House"],"picked":"Snecko Eye"}],"items_purged_floors":[22,28],"is_endless":false,"potions_floor_spawned":[4,12,13,21,27],"killed_by":"Automaton","ascension_level":6}}