{"host":"f0dbpmn0khgeoqc0","time":1612158916,"event":{"mods":["2.2 Compatiblity","AchievementEnabler","Act Like it!","Ascension Unlocker","Aspiration","BaseMod","Better Altar","Better Match","Better Sensory Stone","Better Skull","Better Third Choice","BetterRewards","Block Reminder","Colored Map","Colored Powertips","Conspire","DNKmod","Disable Question Mark Monsters","Displayed Cursed Tome","Downfall","Evolution","Friendly Minions","Hermit","Highlight Path","Humility","Infinite Spire","Jorbs\u0027s Wanderer Trilogy","Koishi","Marisa????????","Minty Spire (QoL Compilation)","Monster B Gone","MostiFishMod","Permanent Neow","Random Character Button","Relic Filter","Relic Stats","Replay The Spire","Spicy Shops","Spire Arcade","StSLib","Td1madao Mod","The Gatherer","Treasure Hunter","Wandering Minibosses","??????REMEMod"],"gold_per_floor":[432,452,452,464,481,481,510,510,510,510,529,15,15,46,46,119,119,135,85,100,100,100,100,126,126,126,157,193,193,225,244,244,322,322,338,338,353,367,387,412,431,431,507,54,71,71,107,21,21,21,21],"floor_reached":50,"language":"ENG","playtime":4053,"items_purged":[],"score":1751,"play_id":"19fa7aa1-f5e6-4e1a-a119-2a1a3f542e55","local_time":"20210201005516","is_ascension_mode":true,"campfire_choices":[{"data":"MostiFishMod:GatherIntelligence","floor":6.0,"key":"SMITH"},{"floor":10.0,"key":"DIG"},{"floor":15.0,"key":"DIG"},{"floor":23.0,"key":"DIG"},{"floor":25.0,"key":"DIG"},{"floor":29.0,"key":"DIG"},{"floor":32.0,"key":"DIG"},{"floor":42.0,"key":"RECALL"},{"floor":46.0,"key":"DIG"},{"floor":49.0,"key":"DIG"}],"circlet_count":1,"master_deck":["AscendersBane","Compile Driver","Compile Driver","Compile Driver","Conserve Battery","Conserve Battery","Zap","Dualcast","Slimebound:MassFeed","Crystallizer","Leap+1","Hologram","conspire:Banana","MostiFishMod:GatherIntelligence+1","Coolheaded","Ball Lightning","Lockon","Hologram","BasicCrystalCard","Heatsinks","Conserve Battery","MostiFishMod:GatherIntelligence+1","Redo","Time Bomb","TH:CopperCoins","TH:CopperCoins","MostiFishMod:PushDownKick","REME_SelfUpgrade","TH:TreasureMap+1","TH:CopperCoins+1","MostiFishMod:ActiveDefenseSystem+1","Seek+1","MostiFishMod:Nova+1","TH:CopperCoins+1","Electrodynamics+1","ReplayTheSpireMod:Calculation Training","Storm","conspire:SpireCoStock","Crystallizer","ReplayTheSpireMod:Calculation Training","BootSequence","Loop+1","TH:CursedSword+1","MostiFishMod:LinkProtocol+1","TH:CopperCoins+1","TH:CursedSword+1","MostiFishMod:StrandedSiren+1","Barrage","Creative AI+1","TH:ElvenBoots+1","conspire:SharedLibrary+1","Coolheaded","MostiFishMod:Exploitation+1","TH:CursedSword+1","Amplify+1","Cold Snap+1","Rainbow+1","Tempest","REME_Shoggoth+1","Reinforced Body","REME_SelfUpgrade+1","FIFO Queue","Consume","TH:CursedSword+1","Creative AI+1","Rebound","MostiFishMod:DawningShadow+1","TH:TreasureMap+1","MostiFishMod:Prepare+1","REME_SelfUpgrade","MostiFishMod:SeaWaves+1","MostiFishMod:Hijack+1","MostiFishMod:Distribution+1","Creative AI+1","Turbo","Defragment"],"relics":["Cracked Core","EVO:Axolotl","DaveBox","REME_ComplimentaryCards","Nloth\u0027s Gift","Pet Ghost","Replay:Mystery Machine","Cauldron","Chemical X","aspiration:MysteriousAuxiliaryCore","ReplayTheSpireMod:TigerMarble","conspire:TreasureMap","Anchor","SynthV:TestCard","Circlet","Dead Branch","ReplayTheSpireMod:Lightbulb","Shovel","conspire:TopHat","Bottled Tornado","BrkXgEgg","Replay:Baseball","Replay:PocketPolymizer","Prayer Wheel","Philosopher\u0027s Stone","Gremlin Food","Happy Flower","CaptainsWheel","Simple Rune","TH:Anvil","Red Mask","Blood Vial","Pear","Calipers","Replay:Bronze Core","wanderingMiniBosses:ThiefScarf","Replay:Towering Pillar of Hats","REME_LimitBreaker","infinitespire:Freezer","aspiration:HatOfInfinitePower","Lee\u0027s Waffle","Replay:Arrowhead","Prayer Wheel","Prayer Wheel","aspiration:EnhancedActuators","Orichalcum","Carrot","aspiration:Legacy_Headhunter"],"acts_visited":["Exordium","TheCity","TheBeyond"],"potions_floor_usage":[],"damage_taken":[{"damage":0.0,"enemies":"Jaw Worm","floor":1.0,"turns":2.0},{"damage":0.0,"enemies":"2 Louse","floor":4.0,"turns":2.0},{"damage":0.0,"enemies":"conspire:RoseBush","floor":5.0,"turns":2.0},{"damage":3.0,"enemies":"Gremlin Nob","floor":7.0,"turns":3.0},{"damage":0.0,"enemies":"2 Fungi Beasts","floor":11.0,"turns":2.0},{"damage":6.0,"enemies":"Lagavulin","floor":14.0,"turns":3.0},{"damage":1.0,"enemies":"The Guardian","floor":16.0,"turns":5.0},{"damage":0.0,"enemies":"Spheric Guardian","floor":18.0,"turns":2.0},{"damage":16.0,"enemies":"3 Byrds","floor":20.0,"turns":3.0},{"damage":0.0,"enemies":"Nightmare","floor":24.0,"turns":7.0},{"damage":7.0,"enemies":"Book of Stabbing","floor":27.0,"turns":4.0},{"damage":0.0,"enemies":"Masked Bandits","floor":28.0,"turns":3.0},{"damage":0.0,"enemies":"Slavers","floor":30.0,"turns":3.0},{"damage":0.0,"enemies":"Centurion and Healer","floor":31.0,"turns":2.0},{"damage":12.0,"enemies":"Automaton","floor":33.0,"turns":6.0},{"damage":0.0,"enemies":"Orb Walker","floor":35.0,"turns":3.0},{"damage":0.0,"enemies":"3 Shapes","floor":37.0,"turns":3.0},{"damage":23.0,"enemies":"Writhing Mass","floor":38.0,"turns":4.0},{"damage":0.0,"enemies":"Sphere and 2 Shapes","floor":39.0,"turns":3.0},{"damage":17.0,"enemies":"Nightmare","floor":40.0,"turns":5.0},{"damage":0.0,"enemies":"Jaw Worm Horde","floor":41.0,"turns":3.0},{"damage":0.0,"enemies":"Spire Growth","floor":45.0,"turns":3.0},{"damage":12.0,"enemies":"Transient","floor":47.0,"turns":7.0},{"damage":999,"enemies":"Donu and Deca","floor":50,"turns":1}],"seed_played":"-8582421450238043921","potions_obtained":[{"floor":0.0,"key":"conspire:TimeTravelPotion"},{"floor":0.0,"key":"DistilledChaos"},{"floor":0.0,"key":"PotionOfCapacity"},{"floor":38.0,"key":"REME_GoldPotion"},{"floor":41.0,"key":"Doom Potion"}],"is_trial":false,"path_per_floor":["M","?","?","M","M","R","E","?","T","R","M","$","?","E","R","B",null,"M","?","M","?","?","R","NM","R","T","E","?","R","E","M","R","B",null,"M","?","M","M","M","NM","M","R","T","$","M","R","M","$","R","B"],"character_chosen":"DEFECT","items_purchased":["Pet Ghost","Crystallizer","Leap+1","Replay:Mystery Machine","Cauldron","Hologram","conspire:Banana","MostiFishMod:GatherIntelligence","Coolheaded","Chemical X","aspiration:MysteriousAuxiliaryCore","ReplayTheSpireMod:TigerMarble","Ball Lightning","conspire:TreasureMap","Dead Branch","Anchor","Lockon","Hologram","BasicCrystalCard","Heatsinks","Fruit Juice","Fruit Juice","Conserve Battery","Bottled Tornado","REME_SelfUpgrade","BrkXgEgg","infinitespire:Freezer","aspiration:HatOfInfinitePower","Lee\u0027s Waffle","Defragment"],"campfire_rested":0,"item_purchase_floors":[0,0,0,0,0,0,0,0,0,0,0,0,0,0,0,0,0,0,0,0,0,0,0,12,12,12,44,44,44,48],"current_hp_per_floor":[75,75,79,83,89,89,87,87,87,87,90,90,90,85,85,92,92,93,93,77,77,77,77,93,93,93,88,89,89,107,111,111,108,111,112,112,113,90,92,78,80,80,80,121,121,121,122,122,122,0,0],"gold":21,"neow_bonus":"","is_daily":false,"chose_seed":false,"campfire_upgraded":1,"win_rate":0.0,"timestamp":1612158916,"path_taken":["M","?","?","?","M","R","E","?","T","R","M","$","?","E","R","BOSS","M","?","M","?","?","R","NM","R","T","E","?","R","E","M","R","BOSS","M","?","M","M","?","NM","M","R","T","$","M","R","M","$","R","BOSS"],"items_purchased_type":["Relic","Card","Card","Relic","Relic","Card","Card","Card","Card","Relic","Relic","Relic","Card","Relic","Relic","Relic","Card","Card","Card","Card","Potion","Potion","Card","Relic","Card","Relic","Relic","Relic","Relic","Card"],"build_version":"2020-12-22","purchased_purges":0,"victory":false,"max_hp_per_floor":[82,82,82,86,89,89,90,90,90,90,90,90,90,91,91,92,92,93,93,93,93,93,93,94,94,94,95,96,96,107,111,111,112,112,112,112,113,113,113,114,114,114,114,121,121,121,122,122,122,122,122],"relic_stats":{"Blood Vial":9,"Lee\u0027s Waffle":41,"Shovel":8,"Happy Flower":[55],"counters":[147,607],"Dead Branch":[230],"Prayer Wheel":10,"Nloth\u0027s Gift":23,"Chemical X":[16],"Orichalcum":[60],"obtain_stats":[{"Whetstone":12,"Bottled Tornado":12,"Boot":19,"Sling":38,"Old Coin":0,"Blood Vial":29,"conspire:GlowingRock":41,"infinitespire:ShieldingShard":37,"aspiration:EnhancedActuators":48,"Sundial":34,"Replay:Bronze Core":34,"MealTicket":10,"Replay:Wax Seal":0,"aspiration:Headhunter":30,"DianDianMeat":0,"Cola":33,"conspire:TreasureMap":0,"Pear":6,"Counterbalance":39,"Eternal Feather":45,"Pen Nib":41,"REME_LimitBreaker":31,"Akabeko":0,"aspiration:FrozenJewel":41,"Cables":0,"EGODaCapo":3,"MutagenicStrength":19,"Pandora\u0027s Box":17,"aspiration:MysteriousAuxiliaryCore":0,"aspiration:Lifesprig":54,"Lantern":41,"TH:Anvil":0,"Carrot":50,"DaveBox":0,"Singing Bowl":9,"DianPoetry":8,"wanderingMiniBosses:AbyssPearl":35,"Ancient Tea Set":47,"Smiling Mask":13,"Cursed Key":2,"Pet Ghost":0,"Replay:Rubber Ducky":26,"BranchBurnRelic":6,"Matryoshka":19,"Shovel":9,"infinitespire:Bottled Soul":27,"WingedGreaves":34,"Chemical X":21,"InkBottle":42,"aspiration:ChemicalBlood":25,"aspiration:VileToxins":45,"Lee\u0027s Waffle":44,"NeowsBlessing":0,"Damaru":9,"Circlet":0,"The Courier":35,"BrkXgEgg":12,"PreservedInsect":41,"Omamori":48,"Geode":26,"infinitespire:CheckeredPen":50,"Frozen Egg 2":0,"GoldenEye":6,"ThornShield":38,"Replay:Arrowhead":46,"HaiYi:Twilight":19,"Ornamental Fan":46,"Bloody Idol":20,"Orrery":0,"REME_HandOfSuture":34,"Turnip":51,"Bottled Lightning":43,"Apod":8,"conspire:DeflatedDodgeball":44,"ReplayTheSpireMod:Lightbulb":7,"Toy Ornithopter":33,"REME_ComplimentaryCards":0,"infinitespire:Freezer":2,"infinitespire:Midas Blood":45,"Calipers":32,"Gremlin Horn":39,"aspiration:Stellarator":45,"CeramicFish":24,"TH:Strongbox":0,"Runic Capacitor":0,"EVO:Axolotl":0,"Raider\u0027s Mask":39,"Sozu":17,"Centennial Puzzle":8,"HornCleat":0,"infinitespire:SolderingIron":0,"GuanYuAspect":17,"Philosopher\u0027s Stone":34,"Prayer Wheel":16,"Toxic Egg 2":0,"Girya":50,"wanderingMiniBosses:ThiefScarf":30,"Happy Flower":7,"Dead Branch":0,"wanderingMiniBosses:MasterThiefsPresence":24,"conspire:SlowCooker":48,"infinitespire:Beetle Shell":55,"aspiration:SeaSaltIceCream":6,"Letter Opener":9,"War Paint":13,"Bottled Flame":28,"Replay:Baseball":0,"Shuriken":35,"Bronze Scales":26,"ChiXiaoBlade":38,"Molten Egg 2":43,"Simple Rune":37,"infinitespire:EmpoweringShard":46,"ReplayTheSpireMod:TigerMarble":10,"Nloth\u0027s Gift":0,"xbg":17,"Symbiotic Virus":10,"aspiration:HatOfInfinitePower":44,"NlothsMask":2,"Iron Core":14,"bronze:BronzeCore":0,"Replay:PocketPolymizer":15,"MostiFishMod:Haymaker":6,"Juzu Bracelet":0,"TeardropLocket":0,"Replay:Mystery Machine":0,"Empty Cage":34,"conspire:TopHat":10,"ClockworkSouvenir":37,"aspiration:StickyExplosives_weak":40,"Replay:Bandana":9,"Emotion Chip":37,"Mummified Hand":27,"Red Mask":20,"Cracked Core":2,"Runic Pyramid":38,"aspiration:Legacy_Headhunter":50,"Gremlin Food":23,"BargainBundle":29,"Replay:Towering Pillar of Hats":34,"aspiration:RunicSpoon":51,"ShadowXiaoBlade":17,"infinitespire:FocusingShard":31,"aspiration:HummingbirdHeart":48,"Orichalcum":37,"White Beast Statue":47,"Calling Bell":34,"Cauldron":0,"Anchor":19,"DataDisk":26,"CaptainsWheel":25,"SynthV:TestCard":1,"infinitespire:WardingShard":9,"wanderingMiniBosses:CarrionFlame":35,"ChewingGum":17,"Bag of Marbles":39,"Membership Card":0,"REME_CardOfGreed":39,"aspiration:RitualDagger":47,"TungstenRod":12,"FossilizedHelix":31},{"Whetstone":23,"Bottled Tornado":128,"Boot":9,"Sling":11,"Old Coin":0,"Blood Vial":135,"conspire:GlowingRock":60,"infinitespire:ShieldingShard":139,"aspiration:EnhancedActuators":146,"Sundial":59,"Replay:Bronze Core":138,"MealTicket":22,"Replay:Wax Seal":67,"aspiration:Headhunter":97,"DianDianMeat":98,"Cola":58,"conspire:TreasureMap":123,"Pear":3,"Counterbalance":141,"Eternal Feather":61,"Pen Nib":12,"REME_LimitBreaker":57,"Akabeko":16,"aspiration:FrozenJewel":143,"Cables":123,"EGODaCapo":100,"MutagenicStrength":27,"Pandora\u0027s Box":50,"aspiration:MysteriousAuxiliaryCore":123,"aspiration:Lifesprig":41,"Lantern":60,"TH:Anvil":84,"Carrot":146,"DaveBox":0,"Singing Bowl":72,"DianPoetry":48,"wanderingMiniBosses:AbyssPearl":115,"Ancient Tea Set":14,"Smiling Mask":24,"Cursed Key":85,"Pet Ghost":123,"Replay:Rubber Ducky":110,"BranchBurnRelic":126,"Matryoshka":93,"Shovel":127,"infinitespire:Bottled Soul":97,"WingedGreaves":59,"Chemical X":78,"InkBottle":118,"aspiration:ChemicalBlood":110,"aspiration:VileToxins":144,"Lee\u0027s Waffle":144,"NeowsBlessing":0,"Damaru":21,"Circlet":0,"The Courier":59,"BrkXgEgg":128,"PreservedInsect":143,"Omamori":39,"Geode":96,"infinitespire:CheckeredPen":65,"Frozen Egg 2":43,"GoldenEye":20,"ThornShield":140,"Replay:Arrowhead":145,"HaiYi:Twilight":9,"Ornamental Fan":62,"Bloody Idol":107,"Orrery":16,"REME_HandOfSuture":59,"Turnip":66,"Bottled Lightning":12,"Apod":48,"conspire:DeflatedDodgeball":13,"ReplayTheSpireMod:Lightbulb":127,"Toy Ornithopter":58,"REME_ComplimentaryCards":0,"infinitespire:Freezer":99,"infinitespire:Midas Blood":144,"Calipers":137,"Gremlin Horn":141,"aspiration:Stellarator":61,"CeramicFish":96,"TH:Strongbox":43,"Runic Capacitor":67,"EVO:Axolotl":0,"Raider\u0027s Mask":116,"Sozu":8,"Centennial Puzzle":4,"HornCleat":67,"infinitespire:SolderingIron":98,"GuanYuAspect":76,"Philosopher\u0027s Stone":32,"Prayer Wheel":130,"Toxic Egg 2":43,"Girya":65,"wanderingMiniBosses:ThiefScarf":57,"Happy Flower":102,"Dead Branch":123,"wanderingMiniBosses:MasterThiefsPresence":80,"conspire:SlowCooker":39,"infinitespire:Beetle Shell":42,"aspiration:SeaSaltIceCream":3,"Letter Opener":88,"War Paint":49,"Bottled Flame":112,"Replay:Baseball":123,"Shuriken":59,"Bronze Scales":55,"ChiXiaoBlade":11,"Molten Egg 2":37,"Simple Rune":115,"infinitespire:EmpoweringShard":62,"ReplayTheSpireMod:TigerMarble":103,"Nloth\u0027s Gift":123,"xbg":91,"Symbiotic Virus":89,"aspiration:HatOfInfinitePower":144,"NlothsMask":85,"Iron Core":90,"bronze:BronzeCore":0,"Replay:PocketPolymizer":129,"MostiFishMod:Haymaker":47,"Juzu Bracelet":16,"TeardropLocket":16,"Replay:Mystery Machine":123,"Empty Cage":114,"conspire:TopHat":127,"ClockworkSouvenir":34,"aspiration:StickyExplosives_weak":142,"Replay:Bandana":102,"Emotion Chip":139,"Mummified Hand":55,"Red Mask":53,"Cracked Core":85,"Runic Pyramid":140,"aspiration:Legacy_Headhunter":146,"Gremlin Food":132,"BargainBundle":112,"Replay:Towering Pillar of Hats":138,"aspiration:RunicSpoon":66,"ShadowXiaoBlade":26,"infinitespire:FocusingShard":58,"aspiration:HummingbirdHeart":65,"Orichalcum":34,"White Beast Statue":63,"Calling Bell":59,"Cauldron":123,"Anchor":52,"DataDisk":96,"CaptainsWheel":133,"SynthV:TestCard":1,"infinitespire:WardingShard":4,"wanderingMiniBosses:CarrionFlame":33,"ChewingGum":105,"Bag of Marbles":60,"Membership Card":43,"REME_CardOfGreed":60,"aspiration:RitualDagger":63,"TungstenRod":23,"FossilizedHelix":57},{"Whetstone":85,"Bottled Tornado":540,"Boot":32,"Sling":47,"Old Coin":0,"Blood Vial":566,"conspire:GlowingRock":219,"infinitespire:ShieldingShard":580,"aspiration:EnhancedActuators":606,"Sundial":217,"Replay:Bronze Core":577,"MealTicket":83,"Replay:Wax Seal":256,"aspiration:Headhunter":395,"DianDianMeat":398,"Cola":210,"conspire:TreasureMap":529,"Pear":3,"Counterbalance":586,"Eternal Feather":224,"Pen Nib":52,"REME_LimitBreaker":206,"Akabeko":68,"aspiration:FrozenJewel":593,"Cables":529,"EGODaCapo":403,"MutagenicStrength":101,"Pandora\u0027s Box":179,"aspiration:MysteriousAuxiliaryCore":529,"aspiration:Lifesprig":141,"Lantern":219,"TH:Anvil":332,"Carrot":606,"DaveBox":0,"Singing Bowl":269,"DianPoetry":164,"wanderingMiniBosses:AbyssPearl":475,"Ancient Tea Set":58,"Smiling Mask":88,"Cursed Key":335,"Pet Ghost":529,"Replay:Rubber Ducky":451,"BranchBurnRelic":535,"Matryoshka":377,"Shovel":538,"infinitespire:Bottled Soul":395,"WingedGreaves":217,"Chemical X":300,"InkBottle":492,"aspiration:ChemicalBlood":451,"aspiration:VileToxins":596,"Lee\u0027s Waffle":596,"NeowsBlessing":0,"Damaru":80,"Circlet":0,"The Courier":217,"BrkXgEgg":540,"PreservedInsect":593,"Omamori":136,"Geode":391,"infinitespire:CheckeredPen":243,"Frozen Egg 2":146,"GoldenEye":78,"ThornShield":582,"Replay:Arrowhead":599,"HaiYi:Twilight":32,"Ornamental Fan":228,"Bloody Idol":435,"Orrery":68,"REME_HandOfSuture":217,"Turnip":250,"Bottled Lightning":52,"Apod":164,"conspire:DeflatedDodgeball":55,"ReplayTheSpireMod:Lightbulb":538,"Toy Ornithopter":210,"REME_ComplimentaryCards":0,"infinitespire:Freezer":400,"infinitespire:Midas Blood":596,"Calipers":571,"Gremlin Horn":586,"aspiration:Stellarator":224,"CeramicFish":391,"TH:Strongbox":146,"Runic Capacitor":256,"EVO:Axolotl":0,"Raider\u0027s Mask":480,"Sozu":27,"Centennial Puzzle":6,"HornCleat":256,"infinitespire:SolderingIron":398,"GuanYuAspect":293,"Philosopher\u0027s Stone":117,"Prayer Wheel":544,"Toxic Egg 2":146,"Girya":243,"wanderingMiniBosses:ThiefScarf":206,"Happy Flower":410,"Dead Branch":529,"wanderingMiniBosses:MasterThiefsPresence":312,"conspire:SlowCooker":136,"infinitespire:Beetle Shell":144,"aspiration:SeaSaltIceCream":3,"Letter Opener":345,"War Paint":171,"Bottled Flame":459,"Replay:Baseball":529,"Shuriken":217,"Bronze Scales":195,"ChiXiaoBlade":47,"Molten Egg 2":130,"Simple Rune":475,"infinitespire:EmpoweringShard":228,"ReplayTheSpireMod:TigerMarble":415,"Nloth\u0027s Gift":529,"xbg":365,"Symbiotic Virus":351,"aspiration:HatOfInfinitePower":596,"NlothsMask":335,"Iron Core":357,"bronze:BronzeCore":0,"Replay:PocketPolymizer":543,"MostiFishMod:Haymaker":163,"Juzu Bracelet":68,"TeardropLocket":68,"Replay:Mystery Machine":529,"Empty Cage":470,"conspire:TopHat":538,"ClockworkSouvenir":123,"aspiration:StickyExplosives_weak":589,"Replay:Bandana":410,"Emotion Chip":580,"Mummified Hand":195,"Red Mask":188,"Cracked Core":335,"Runic Pyramid":582,"aspiration:Legacy_Headhunter":606,"Gremlin Food":553,"BargainBundle":459,"Replay:Towering Pillar of Hats":577,"aspiration:RunicSpoon":250,"ShadowXiaoBlade":97,"infinitespire:FocusingShard":210,"aspiration:HummingbirdHeart":243,"Orichalcum":123,"White Beast Statue":235,"Calling Bell":217,"Cauldron":529,"Anchor":186,"DataDisk":391,"CaptainsWheel":560,"SynthV:TestCard":1,"infinitespire:WardingShard":6,"wanderingMiniBosses:CarrionFlame":121,"ChewingGum":427,"Bag of Marbles":219,"Membership Card":146,"REME_CardOfGreed":219,"aspiration:RitualDagger":235,"TungstenRod":85,"FossilizedHelix":206}]},"card_choices":[{"not_picked":["Recycle","Conserve Battery"],"picked":"MostiFishMod:GatherIntelligence","floor":1.0},{"not_picked":["Steam","Fusion","Ball Lightning","Darkness"],"picked":"Redo","floor":4.0},{"not_picked":["Beam Cell","Blizzard","Hello World","Steam"],"picked":"Time Bomb","floor":5.0},{"not_picked":["TH:Mimic","TH:ElvenBoots","TH:TreasureMap"],"picked":"TH:CopperCoins","floor":7.0},{"not_picked":["Double Energy","Hello World","Redo","ReplayRNGCard"],"picked":"Seek","floor":7.0},{"not_picked":["TH:ArmorSpikes","TH:TreasureMap","TH:ElvenBoots"],"picked":"TH:CopperCoins","floor":9.0},{"not_picked":["Go for the Eyes","Streamline","Ball Lightning","Stack"],"picked":"MostiFishMod:PushDownKick","floor":11.0},{"not_picked":["MostiFishMod:SupremeArchaeology","REME_MagicPocketWatch","Replay:Sssssssssstrike","Replay:Parry"],"picked":"TH:TreasureMap+1","floor":13.0},{"not_picked":["TH:DeckOfManyThings","TH:PixieDust","TH:EnergyPotion"],"picked":"TH:CopperCoins","floor":14.0},{"not_picked":["Hologram","ReplayTheSpireMod:Reroute Power","BasicCrystalCard","MostiFishMod:Impulse"],"picked":"MostiFishMod:ActiveDefenseSystem+1","floor":14.0},{"not_picked":["TH:PixieDust","TH:DeckOfManyThings","TH:ArmorSpikes"],"picked":"TH:CopperCoins","floor":16.0},{"not_picked":["REME_Shoggoth+1","MostiFishMod:Nova+1","ReplayTheSpireMod:Fabricate Wheel+1","Mirror Shield+1","Fission+1"],"picked":"Electrodynamics+1","floor":16.0},{"not_picked":["BasicCrystalCard","Self Repair","Turbo","Barrage"],"picked":"ReplayTheSpireMod:Calculation Training","floor":18.0},{"not_picked":["Static Discharge","Redo","Tempest","Genetic Algorithm"],"picked":"Storm","floor":18.0},{"not_picked":["Ball Lightning","BasicCrystalCard","Rip and Tear","MostiFishMod:FluxCapactior"],"picked":"Crystallizer","floor":20.0},{"not_picked":["Panic Button","Darkness","ReplayGash+1","Streamline"],"picked":"ReplayTheSpireMod:Calculation Training","floor":20.0},{"not_picked":["TH:ElvenBoots","TH:Mimic","TH:EnergyPotion"],"picked":"TH:CursedSword","floor":24.0},{"not_picked":["Buffer+1","Turbo","Conserve Battery","Barrage","MostiFishMod:ATRI+1"],"picked":"MostiFishMod:LinkProtocol+1","floor":24.0},{"not_picked":["TH:TreasureMap","TH:ArmorSpikes","TH:ElvenBoots"],"picked":"TH:CopperCoins","floor":26.0},{"not_picked":["TH:ArmorSpikes","TH:DeckOfManyThings","TH:CopperCoins"],"picked":"TH:CursedSword","floor":27.0},{"not_picked":["ReplayTheSpireMod:Reroute Power","Reboot+1","Leap+1","ReplayTheSpireMod:GoodbyeWorld","MostiFishMod:DeathFromBelow+1"],"picked":"MostiFishMod:StrandedSiren+1","floor":27.0},{"not_picked":["Rebound","Turbo","Cold Snap","Consume"],"picked":"Barrage","floor":28.0},{"not_picked":["TH:Mimic","TH:EnergyPotion","TH:BikiniMail"],"picked":"TH:ElvenBoots","floor":30.0},{"not_picked":["Stack","Streamline","ReplayTheSpireMod:Dual Polarity+1","Tempest"],"picked":"conspire:SharedLibrary+1","floor":30.0},{"not_picked":["Turbo","Undo","Fusion+1","Beam Cell","Stack"],"picked":"Coolheaded","floor":31.0},{"not_picked":["MostiFishMod:PushDownKick","Conserve Battery","Rebound","Stack","Redo"],"picked":"MostiFishMod:Exploitation+1","floor":31.0},{"not_picked":["TH:Mimic","TH:BikiniMail","TH:CopperCoins"],"picked":"TH:CursedSword","floor":33.0},{"not_picked":["Machine Learning+1","MostiFishMod:Distribution+1","Rainbow+1","MostiFishMod:ReadyAimFire+1","MostiFishMod:InterfaceCompatibility+1","MostiFishMod:Prepare+1"],"picked":"Amplify+1","floor":33.0},{"not_picked":["Streamline","Aggregate","ReplaySolidLightProjector","Leap","BasicCrystalCard"],"picked":"Cold Snap+1","floor":35.0},{"not_picked":["Compile Driver","Rebound","Leap","Stack","Steam"],"picked":"ReplayTheSpireMod:Fabricate Wheel+1","floor":35.0},{"not_picked":["Ball Lightning+1","Chill","ReplayTheSpireMod:System Scan+1","Rebound+1","Fusion"],"picked":"Tempest","floor":37.0},{"not_picked":["Rebound","Conserve Battery+1","Cold Snap","conspire:SharedLibrary+1","MostiFishMod:Prepare+1"],"picked":"REME_Shoggoth+1","floor":37.0},{"not_picked":["Rebound","Coolheaded","ReplaySort+1","conspire:SharedLibrary","Time Bomb","Core Surge+1"],"picked":"Reinforced Body","floor":38.0},{"not_picked":["Static Discharge","Cold Snap","Panic Button","Beam Cell","Conserve Battery","MostiFishMod:PushDownKick"],"picked":"REME_SelfUpgrade+1","floor":38.0},{"not_picked":["Steam Power","Rebound","Stack+1","Beam Cell+1"],"picked":"FIFO Queue","floor":39.0},{"not_picked":["Sweeping Beam+1","Go for the Eyes","Rebound","Cold Snap"],"picked":"Consume","floor":39.0},{"not_picked":["TH:EnergyPotion","TH:PixieDust","TH:DeckOfManyThings"],"picked":"TH:CursedSword","floor":40.0},{"not_picked":["Auto Shields","Beam Cell","Stack","Static Discharge","All For One+1","Rainbow+1"],"picked":"Creative AI+1","floor":40.0},{"not_picked":["MostiFishMod:IceShield","Compile Driver","Cold Snap","Conserve Battery+1"],"picked":"Rebound","floor":41.0},{"not_picked":["ReplayTheSpireMod:Calculation Training","Barrage","ReplayTheSpireMod:Repulse+1","Ball Lightning"],"picked":"MostiFishMod:DawningShadow+1","floor":41.0},{"not_picked":["TH:ArmorSpikes","TH:EnergyPotion","TH:ElvenBoots"],"picked":"TH:TreasureMap","floor":43.0},{"not_picked":["Beam Cell","Reinforced Body","Steam","Ball Lightning","Time Bomb","Gash","Panic Button"],"picked":"MostiFishMod:Prepare+1","floor":45.0},{"not_picked":["Go for the Eyes","Leap","Redo","MostiFishMod:FluxCapactior","Glacier+1","Hologram","Beam Cell"],"picked":"REME_SelfUpgrade","floor":45.0},{"not_picked":["Gash+1","FTL","Panic Button","Beam Cell","Hologram","Conserve Battery"],"picked":"MostiFishMod:Distribution+1","floor":47.0},{"not_picked":["Streamline+1","Beam Cell+1","Crystallizer+1","Compile Driver","Barrage+1","Gash+1"],"picked":"Creative AI+1","floor":47.0},{"not_picked":["Compile Driver","Blizzard","Sweeping Beam","Rebound+1","Hologram","Go for the Eyes"],"picked":"Turbo","floor":47.0},{"not_picked":["Compile Driver","BootSequence+1","Genetic Algorithm","Force Field+1","Coolheaded","Conserve Battery+1","Hologram"],"picked":"SKIP","floor":47.0}],"player_experience":589529,"relics_obtained":[{"floor":1.0,"key":"SynthV:TestCard"},{"floor":7.0,"key":"ReplayTheSpireMod:Lightbulb"},{"floor":9.0,"key":"Shovel"},{"floor":10.0,"key":"conspire:TopHat"},{"floor":14.0,"key":"Replay:Baseball"},{"floor":15.0,"key":"Replay:PocketPolymizer"},{"floor":23.0,"key":"Gremlin Food"},{"floor":24.0,"key":"Happy Flower"},{"floor":25.0,"key":"CaptainsWheel"},{"floor":26.0,"key":"Simple Rune"},{"floor":27.0,"key":"TH:Anvil"},{"floor":28.0,"key":"Red Mask"},{"floor":29.0,"key":"Blood Vial"},{"floor":30.0,"key":"Pear"},{"floor":32.0,"key":"Calipers"},{"floor":35.0,"key":"wanderingMiniBosses:ThiefScarf"},{"floor":40.0,"key":"Replay:Towering Pillar of Hats"},{"floor":43.0,"key":"REME_LimitBreaker"},{"floor":46.0,"key":"Replay:Arrowhead"},{"floor":49.0,"key":"Orichalcum"}],"event_choices":[{"damage_healed":0.0,"max_hp_gain":0.0,"max_hp_loss":0.0,"gold_gain":0.0,"event_name":"Living Wall","player_choice":"Grow","floor":8.0,"gold_loss":0.0,"damage_taken":0.0,"cards_upgraded":["MostiFishMod:GatherIntelligence"]},{"damage_healed":0.0,"max_hp_gain":0.0,"max_hp_loss":0.0,"gold_gain":1.0,"event_name":"betterStone:BetterStone","player_choice":"1","floor":13.0,"gold_loss":0.0,"damage_taken":0.0},{"damage_healed":0.0,"max_hp_gain":0.0,"max_hp_loss":0.0,"gold_gain":0.0,"event_name":"conspire:Investor","player_choice":"Invest 1","floor":19.0,"gold_loss":0.0,"damage_taken":0.0},{"damage_healed":0.0,"max_hp_gain":0.0,"max_hp_loss":0.0,"gold_gain":0.0,"event_name":"The Library","player_choice":"Read","floor":21.0,"gold_loss":0.0,"damage_taken":0.0,"cards_obtained":["Loop"]},{"damage_healed":0.0,"max_hp_gain":0.0,"max_hp_loss":0.0,"gold_gain":0.0,"event_name":"Masked Bandits","player_choice":"Fought Bandits","floor":28.0,"gold_loss":0.0,"damage_taken":0.0},{"damage_healed":0.0,"max_hp_gain":0.0,"max_hp_loss":0.0,"gold_gain":0.0,"cards_transformed":["Compile Driver"],"event_name":"Transmorgrifier","player_choice":"Transformed","floor":36.0,"gold_loss":0.0,"damage_taken":0.0,"cards_obtained":["Rainbow"]}],"is_beta":false,"boss_relics":[{"not_picked":["aspiration:FutureDiary","Runic Dome"],"picked":"Philosopher\u0027s Stone"},{"not_picked":["aspiration:PoetsPen_weak","SlaversCollar"],"picked":"Replay:Bronze Core"}],"items_purged_floors":[],"is_endless":false,"potions_floor_spawned":[5,7,14,16,24,30,31,33,38,41,45,47],"killed_by":"Donu and Deca","ascension_level":20,"is_humility":true}}