{"host":"bxn2em57qlx5u4i0","time":1612154004,"event":{"mods":["BaseMod","Colored Map","Colored Powertips","Highlight Path","Minty Spire (QoL Compilation)","Random Character Button","Relic Sorter","Relic Stats","StSLib","SuperFastMode"],"gold_per_floor":[110,130,55,55,72,103,117,150,150,150,161,161,196,206,206,206,206],"floor_reached":16,"language":"ENG","playtime":392,"items_purged":[],"score":294,"play_id":"251fdacf-a56e-4bd7-92c8-6a4b4c7ddc42","local_time":"20210131233324","is_ascension_mode":true,"campfire_choices":[{"data":"Noxious Fumes","floor":10.0,"key":"SMITH"},{"floor":12.0,"key":"REST"},{"data":"Caltrops","floor":15.0,"key":"SMITH"}],"circlet_count":0,"master_deck":["AscendersBane","Strike_G","Strike_G","Strike_G","Defend_G","Defend_G","Defend_G","Defend_G","Survivor","Neutralize","Caltrops+1","Endless Agony","Noxious Fumes+1","Dash","Backstab","Backflip","Blur","Blur","Dodge and Roll"],"relics":["Ring of the Snake","Bag of Marbles","Tiny Chest","Ninja Scroll","Ice Cream"],"acts_visited":["Exordium"],"potions_floor_usage":[16],"damage_taken":[{"damage":0.0,"enemies":"2 Louse","floor":1.0,"turns":5.0},{"damage":6.0,"enemies":"Cultist","floor":2.0,"turns":5.0},{"damage":1.0,"enemies":"Small Slimes","floor":5.0,"turns":4.0},{"damage":20.0,"enemies":"Gremlin Nob","floor":6.0,"turns":4.0},{"damage":2.0,"enemies":"Exordium Wildlife","floor":7.0,"turns":4.0},{"damage":0.0,"enemies":"Lagavulin","floor":8.0,"turns":6.0},{"damage":0.0,"enemies":"2 Fungi Beasts","floor":11.0,"turns":1.0},{"damage":24.0,"enemies":"Gremlin Nob","floor":13.0,"turns":5.0},{"damage":0.0,"enemies":"3 Louse","floor":14.0,"turns":3.0},{"damage":13,"enemies":"Slime Boss","floor":16,"turns":5}],"seed_played":"-7948543521781714794","potions_obtained":[{"floor":1.0,"key":"BlessingOfTheForge"},{"floor":6.0,"key":"Block Potion"},{"floor":7.0,"key":"SkillPotion"},{"floor":13.0,"key":"Poison Potion"}],"is_trial":false,"path_per_floor":["M","M","$","?","M","E","M","E","T","R","M","R","E","M","R","B"],"character_chosen":"THE_SILENT","items_purchased":["Noxious Fumes"],"campfire_rested":1,"item_purchase_floors":[3],"current_hp_per_floor":[44,38,38,38,37,17,15,15,15,15,15,34,10,10,10,0,0],"gold":206,"neow_bonus":"REMOVE_TWO","is_daily":false,"chose_seed":false,"campfire_upgraded":2,"win_rate":0.0,"timestamp":1612154004,"path_taken":["M","M","$","?","?","E","M","E","T","R","M","R","E","M","R","BOSS"],"items_purchased_type":["Card"],"build_version":"2020-12-22","purchased_purges":0,"victory":false,"max_hp_per_floor":[66,66,66,66,66,66,66,66,66,66,66,66,66,66,66,66,66],"relic_stats":{"counters":[10,42],"Tiny Chest":0,"obtain_stats":[{"Ice Cream":13,"Ninja Scroll":9,"Tiny Chest":8,"Bag of Marbles":6,"Ring of the Snake":0},{"Ice Cream":8,"Ninja Scroll":6,"Tiny Chest":6,"Bag of Marbles":4,"Ring of the Snake":0},{"Ice Cream":34,"Ninja Scroll":28,"Tiny Chest":28,"Bag of Marbles":18,"Ring of the Snake":0}],"Ring of the Snake":[18]},"card_choices":[{"not_picked":["Riddle With Holes","Acrobatics"],"picked":"Caltrops","floor":1.0},{"not_picked":["Outmaneuver","Bane"],"picked":"Endless Agony","floor":2.0},{"not_picked":["Heel Hook","Dodge and Roll"],"picked":"Dash","floor":5.0},{"not_picked":["Flechettes","Dash"],"picked":"Backstab","floor":6.0},{"not_picked":["Sucker Punch","Bane"],"picked":"Backflip","floor":7.0},{"not_picked":["Reflex","Setup"],"picked":"Blur","floor":8.0},{"not_picked":["Bane","Slice"],"picked":"Blur","floor":11.0},{"not_picked":["Flying Knee","Cloak And Dagger"],"picked":"Dodge and Roll","floor":13.0},{"not_picked":["Quick Slash","Dodge and Roll","Flechettes"],"picked":"SKIP","floor":14.0}],"player_experience":2982930,"relics_obtained":[{"floor":6.0,"key":"Bag of Marbles"},{"floor":8.0,"key":"Tiny Chest"},{"floor":9.0,"key":"Ninja Scroll"},{"floor":13.0,"key":"Ice Cream"}],"event_choices":[{"cards_removed":["Strike_G"],"damage_healed":0.0,"max_hp_gain":0.0,"max_hp_loss":0.0,"gold_gain":0.0,"event_name":"Purifier","player_choice":"Purged","floor":4.0,"gold_loss":0.0,"damage_taken":0.0}],"is_beta":false,"boss_relics":[],"items_purged_floors":[],"is_endless":false,"potions_floor_spawned":[1,6,7,13],"killed_by":"Slime Boss","ascension_level":20}}