{"host":"xltl1aroowo69o4n","time":1612142495,"event":{"mods":["BaseMod","Colored Map","Colored Powertips","Minty Spire (QoL Compilation)","StSLib"],"gold_per_floor":[116,291,291,304,304,304,316,328,328,30,42,58,58,58,58,156,156,174,189,189,208,208,208,223,233,233,233,243,243,243,243],"floor_reached":30,"language":"ENG","playtime":2016,"items_purged":[],"score":224,"play_id":"ddf1a01f-0d80-458c-b8d9-5abcfd194f38","local_time":"20210131202135","is_ascension_mode":false,"campfire_choices":[{"data":"Normality","floor":6,"key":"PURGE"},{"floor":13,"key":"REST"},{"floor":15,"key":"REST"},{"data":"Writhe","floor":23,"key":"PURGE"},{"floor":27,"key":"REST"}],"circlet_count":0,"master_deck":["Strike_B","Strike_B","Strike_B","Strike_B","Defend_B+1","Defend_B","Defend_B","Defend_B","Zap","Dualcast","Redo","Storm","FTL","Melter","Rebound","Capacitor+1","Seek","Stack","BootSequence","Rainbow","Creative AI","Sweeping Beam","Undo","Barrage+1","Loop","Skim+1","Pain","Undo"],"relics":["Cracked Core","Peace Pipe","Torii","Cursed Key","Ginger","Girya","MutagenicStrength"],"acts_visited":["Exordium","TheCity"],"potions_floor_usage":[16,21,24,28,30],"damage_taken":[{"damage":12,"enemies":"Small Slimes","floor":1,"turns":3},{"damage":1,"enemies":"Cultist","floor":4,"turns":4},{"damage":19,"enemies":"2 Louse","floor":7,"turns":3},{"damage":5,"enemies":"Large Slime","floor":8,"turns":5},{"damage":1,"enemies":"Blue Slaver","floor":11,"turns":2},{"damage":1,"enemies":"Looter","floor":12,"turns":3},{"damage":26,"enemies":"The Guardian","floor":16,"turns":10},{"damage":25,"enemies":"Spheric Guardian","floor":18,"turns":5},{"damage":20,"enemies":"Shell Parasite","floor":19,"turns":6},{"damage":16,"enemies":"Cultist and Chosen","floor":21,"turns":6},{"damage":11,"enemies":"Sentry and Sphere","floor":24,"turns":4},{"damage":16,"enemies":"Snake Plant","floor":25,"turns":5},{"damage":22,"enemies":"Shelled Parasite and Fungi","floor":28,"turns":7},{"damage":23,"enemies":"3 Cultists","floor":30,"turns":4}],"seed_played":"-3992613118751456648","potions_obtained":[{"floor":4,"key":"SkillPotion"},{"floor":16,"key":"Explosive Potion"},{"floor":18,"key":"SkillPotion"},{"floor":24,"key":"Explosive Potion"},{"floor":28,"key":"Strength Potion"}],"is_trial":false,"path_per_floor":["M","?","?","M","?","R","M","M","T","$","M","M","R","?","R","B",null,"M","M","?","M","?","R","M","M","T","R","M","?","M"],"character_chosen":"DEFECT","items_purchased":["Rebound","Capacitor","Seek","Stack"],"campfire_rested":3,"item_purchase_floors":[10,10,10,10],"current_hp_per_floor":[63,63,63,62,62,62,43,38,38,38,37,36,58,43,65,39,75,50,30,30,14,39,39,28,12,12,34,12,12,0,0],"gold":243,"neow_bonus":"ONE_RARE_RELIC","is_daily":false,"chose_seed":false,"campfire_upgraded":0,"win_rate":0.0,"timestamp":1612142495,"path_taken":["M","?","?","?","?","R","?","M","T","?","M","M","R","?","R","BOSS","M","M","?","M","?","R","M","M","T","R","M","?","M"],"items_purchased_type":["Card","Card","Card","Card"],"build_version":"2020-12-13","purchased_purges":0,"victory":false,"max_hp_per_floor":[75,75,75,75,75,75,75,75,75,75,75,75,75,75,75,75,75,75,75,75,75,75,75,75,75,75,75,75,75,75,75],"card_choices":[{"not_picked":["Beam Cell","Sweeping Beam"],"picked":"Redo","floor":1},{"not_picked":["Auto Shields","Beam Cell"],"picked":"Storm","floor":4},{"not_picked":["Stack","Ball Lightning"],"picked":"FTL","floor":7},{"not_picked":["Sweeping Beam","Fusion"],"picked":"Melter","floor":8},{"not_picked":["Reinforced Body","Rebound"],"picked":"BootSequence","floor":11},{"not_picked":["Go for the Eyes","Lockon"],"picked":"Rainbow","floor":12},{"not_picked":["Meteor Strike","All For One"],"picked":"Creative AI","floor":16},{"not_picked":["Hologram","Go for the Eyes"],"picked":"Sweeping Beam","floor":18},{"not_picked":["Redo","Auto Shields"],"picked":"Undo","floor":19},{"not_picked":["Redo","Compile Driver"],"picked":"Barrage+1","floor":21},{"not_picked":["Coolheaded","Rainbow"],"picked":"Loop","floor":24},{"not_picked":["Stack","Reinforced Body+1"],"picked":"Skim+1","floor":25},{"not_picked":["Redo","Conserve Battery"],"picked":"Undo","floor":28}],"player_experience":49355,"relics_obtained":[{"floor":9,"key":"Torii"},{"floor":26,"key":"Girya"}],"event_choices":[{"damage_healed":0,"gold_gain":175,"player_choice":"AGREE","damage_taken":0,"max_hp_gain":0,"max_hp_loss":0,"event_name":"Liars Game","floor":2,"gold_loss":0,"cards_obtained":["Doubt"]},{"cards_removed":["Doubt"],"damage_healed":0,"gold_gain":0,"player_choice":"Purged","damage_taken":0,"max_hp_gain":0,"max_hp_loss":0,"event_name":"Purifier","floor":3,"gold_loss":0},{"cards_removed":["Strike_G"],"damage_healed":0,"gold_gain":0,"player_choice":"Took Card","damage_taken":0,"max_hp_gain":0,"max_hp_loss":0,"event_name":"NoteForYourself","floor":5,"gold_loss":0,"cards_obtained":["Strike_G"]},{"damage_healed":0,"gold_gain":0,"player_choice":"Entered Light","damage_taken":15,"max_hp_gain":0,"max_hp_loss":0,"event_name":"Shining Light","floor":14,"gold_loss":0,"cards_upgraded":["Capacitor","Defend_B"]},{"damage_healed":0,"gold_gain":0,"player_choice":"Opened","damage_taken":0,"relics_obtained":["Ginger"],"max_hp_gain":0,"max_hp_loss":0,"event_name":"The Mausoleum","floor":20,"gold_loss":0,"cards_obtained":["Writhe"]},{"damage_healed":25,"gold_gain":0,"player_choice":"Heal","damage_taken":0,"max_hp_gain":0,"max_hp_loss":0,"event_name":"The Library","floor":22,"gold_loss":0},{"damage_healed":0,"gold_gain":0,"player_choice":"Inject Mutagens","damage_taken":0,"relics_obtained":["MutagenicStrength"],"max_hp_gain":0,"max_hp_loss":0,"event_name":"Drug Dealer","floor":29,"gold_loss":0}],"is_beta":false,"boss_relics":[{"not_picked":["Velvet Choker","Astrolabe"],"picked":"Cursed Key"}],"items_purged_floors":[],"is_endless":false,"potions_floor_spawned":[4,16,18,24,28],"killed_by":"3 Cultists","ascension_level":0}}