{"host":"d5i1qeb9dejicw1z","time":1612159497,"event":{"mods":["AchievementEnabler","BaseMod","Better Note","BetterRewards","Evolution","Gold Saver","Minty Spire (QoL Compilation)","Permanent Neow","Relic Filter Mod","Reliquary","StSLib"],"gold_per_floor":[571,583,583,583,658,989,989,989,989,989,989,989,954,984,984,1061,1061,1074,1074,779,779,794,794,794,794,794,828,1206,1219,1219,1229,1229,1302,1302,1316,1316,1336,1336,935,935,935,935],"floor_reached":41,"language":"ENG","playtime":954,"items_purged":["Rebound"],"score":922,"play_id":"1263efaa-d510-4dc6-ba0b-882b03541b4f","local_time":"20210131220457","is_ascension_mode":true,"campfire_choices":[{"data":"Rainbow","floor":7,"key":"SMITH"},{"data":"Conserve Battery","floor":10,"key":"SMITH"},{"floor":12,"key":"REST"},{"floor":15,"key":"REST"},{"data":"Conserve Battery","floor":23,"key":"SMITH"},{"data":"Conserve Battery","floor":25,"key":"SMITH"},{"data":"Dualcast","floor":30,"key":"SMITH"},{"floor":32,"key":"REST"},{"data":"Madness","floor":40,"key":"SMITH"}],"circlet_count":0,"master_deck":["AscendersBane","Conserve Battery+1","Conserve Battery+1","Conserve Battery+1","Conserve Battery+1","Zap+1","Dualcast+1","Ball Lightning","Rainbow+1","Chill","Conserve Battery","Cold Snap","Electrodynamics","Cold Snap","Ball Lightning","Ball Lightning+1","Madness+1","Madness","Echo Form"],"relics":["Cracked Core","EVO:Axolotl","Old Coin","reliquary:PrincelyHelmet","Bronze Scales","Empty Cage","Ancient Tea Set","Blue Candle","Turnip","Old Coin","Inserter","Eternal Feather"],"acts_visited":["Exordium","TheCity","TheBeyond"],"potions_floor_usage":[6,14,16,18,27,33,37,39,41],"damage_taken":[{"damage":0,"enemies":"Jaw Worm","floor":1,"turns":3},{"damage":1,"enemies":"Small Slimes","floor":2,"turns":3},{"damage":12,"enemies":"Lagavulin","floor":6,"turns":4},{"damage":35,"enemies":"Gremlin Nob","floor":14,"turns":4},{"damage":29,"enemies":"Slime Boss","floor":16,"turns":8},{"damage":0,"enemies":"3 Byrds","floor":18,"turns":2},{"damage":5,"enemies":"Spheric Guardian","floor":22,"turns":4},{"damage":0,"enemies":"Slavers","floor":27,"turns":3},{"damage":0,"enemies":"Snecko","floor":29,"turns":5},{"damage":4,"enemies":"Snake Plant","floor":31,"turns":3},{"damage":57,"enemies":"Collector","floor":33,"turns":9},{"damage":0,"enemies":"3 Shapes","floor":35,"turns":4},{"damage":0,"enemies":"Orb Walker","floor":37,"turns":3},{"damage":75,"enemies":"Reptomancer","floor":41,"turns":2}],"seed_played":"3549032040220041279","potions_obtained":[{"floor":1,"key":"Explosive Potion"},{"floor":2,"key":"DistilledChaos"},{"floor":6,"key":"CultistPotion"},{"floor":16,"key":"Explosive Potion"},{"floor":18,"key":"EssenceOfSteel"},{"floor":29,"key":"Swift Potion"},{"floor":33,"key":"Energy Potion"},{"floor":37,"key":"Fruit Juice"}],"is_trial":false,"path_per_floor":["M","M","?","?","?","E","R","?","T","R","?","R","?","E","R","B",null,"M","?","$","?","M","R","?","R","T","E","T","M","R","M","R","B",null,"M","?","M","?","$","R","E"],"character_chosen":"DEFECT","items_purchased":["Cold Snap","Ancient Tea Set","Echo Form","Eternal Feather","Dexterity Potion"],"campfire_rested":3,"item_purchase_floors":[20,20,39,39,39],"current_hp_per_floor":[71,70,70,63,52,40,40,35,35,35,35,58,77,42,65,36,68,68,57,57,57,52,52,52,52,52,52,52,52,52,48,71,14,62,62,62,62,48,53,62,0,0],"gold":935,"neow_bonus":"TEN_PERCENT_HP_BONUS","is_daily":false,"chose_seed":false,"campfire_upgraded":6,"win_rate":0.0,"timestamp":1612159497,"path_taken":["M","M","?","?","?","E","R","?","T","R","?","R","?","E","R","BOSS","M","?","$","?","M","R","?","R","T","E","?","?","R","M","R","BOSS","M","?","?","?","$","R","E"],"items_purchased_type":["Card","Relic","Card","Relic","Potion"],"build_version":"2020-12-22","purchased_purges":1,"victory":false,"max_hp_per_floor":[78,78,78,78,78,78,78,78,78,78,78,78,78,78,78,78,78,78,78,78,78,78,78,78,78,78,78,78,78,78,78,78,78,78,78,78,78,78,83,83,83,83],"card_choices":[{"not_picked":["Genetic Algorithm","Coolheaded","Turbo"],"picked":"SKIP","floor":1},{"not_picked":["Barrage","Gash"],"picked":"Ball Lightning","floor":2},{"not_picked":["Sweeping Beam","Auto Shields"],"picked":"Rainbow","floor":6},{"not_picked":["Cold Snap","Rebound"],"picked":"Chill","floor":14},{"not_picked":["Steam Power","Redo"],"picked":"Conserve Battery","floor":18},{"not_picked":["Auto Shields","Recycle"],"picked":"Cold Snap","floor":22},{"not_picked":["Gash","Glacier+1"],"picked":"Ball Lightning","floor":27},{"not_picked":["Redo","Rebound","Turbo"],"picked":"SKIP","floor":29},{"not_picked":["Rebound","Multi-Cast"],"picked":"Ball Lightning+1","floor":31},{"not_picked":["Rebound","Genetic Algorithm","Barrage"],"picked":"SKIP","floor":35},{"not_picked":["Compile Driver","Rebound+1","Leap"],"picked":"SKIP","floor":37}],"player_experience":1223408,"relics_obtained":[{"floor":6,"key":"Old Coin"},{"floor":14,"key":"Bronze Scales"},{"floor":26,"key":"Blue Candle"},{"floor":27,"key":"Turnip"},{"floor":28,"key":"reliquary:SculptingSteel"}],"event_choices":[{"damage_healed":0,"gold_gain":0,"player_choice":"Grow","damage_taken":0,"max_hp_gain":0,"max_hp_loss":0,"event_name":"Living Wall","floor":3,"gold_loss":0,"cards_upgraded":["Zap"]},{"cards_removed":["Rebound"],"damage_healed":0,"gold_gain":0,"player_choice":"Card Removal","damage_taken":7,"max_hp_gain":0,"max_hp_loss":0,"event_name":"Golden Wing","floor":4,"gold_loss":0},{"damage_healed":0,"gold_gain":75,"player_choice":"Gather Gold","damage_taken":11,"max_hp_gain":0,"max_hp_loss":0,"event_name":"World of Goop","floor":5,"gold_loss":0},{"damage_healed":0,"gold_gain":0,"player_choice":"Success","damage_taken":5,"relics_obtained":["reliquary:PrincelyHelmet"],"max_hp_gain":0,"max_hp_loss":0,"event_name":"Scrap Ooze","floor":8,"gold_loss":0},{"damage_healed":0,"gold_gain":0,"player_choice":"Ignored","damage_taken":0,"max_hp_gain":0,"max_hp_loss":0,"event_name":"Golden Idol","floor":11,"gold_loss":0},{"damage_healed":19,"gold_gain":0,"player_choice":"Healed","damage_taken":0,"max_hp_gain":0,"max_hp_loss":0,"event_name":"The Cleric","floor":13,"gold_loss":35},{"damage_healed":0,"gold_gain":0,"player_choice":"Damaged","damage_taken":11,"max_hp_gain":0,"max_hp_loss":0,"event_name":"Wheel of Change","floor":19,"gold_loss":0},{"cards_removed":["Electrodynamics"],"damage_healed":0,"gold_gain":0,"player_choice":"Take \u0026 Give","damage_taken":0,"max_hp_gain":0,"max_hp_loss":0,"event_name":"betterNote:BetterNote","floor":21,"gold_loss":0,"cards_obtained":["Electrodynamics"]},{"damage_healed":0,"gold_gain":0,"player_choice":"Ignored","damage_taken":0,"max_hp_gain":0,"max_hp_loss":0,"event_name":"Beggar","floor":24,"gold_loss":0},{"damage_healed":0,"gold_gain":0,"player_choice":"Upgraded","damage_taken":0,"max_hp_gain":0,"max_hp_loss":0,"event_name":"Upgrade Shrine","floor":36,"gold_loss":0,"cards_upgraded":["Conserve Battery"]},{"damage_healed":0,"gold_gain":0,"player_choice":"Embrace Madness","damage_taken":14,"max_hp_gain":0,"max_hp_loss":0,"event_name":"Winding Halls","floor":38,"gold_loss":0,"cards_obtained":["Madness","Madness"]}],"is_beta":false,"boss_relics":[{"not_picked":["reliquary:RedPaperclip","Ectoplasm"],"picked":"Empty Cage"},{"not_picked":["Black Star","Busted Crown"],"picked":"Inserter"}],"items_purged_floors":[20],"is_endless":false,"potions_floor_spawned":[1,2,6,16,18,29,33,37],"killed_by":"Reptomancer","ascension_level":20}}