{"host":"neeznpvpgo0qgfkd","time":1612214867,"event":{"mods":["AchievementEnabler","BaseMod","BetterRewards","Colored Map","Colored Powertips","Exacting","Minty Spire (QoL Compilation)","Permanent Neow","Quick Restart","Shop Mod"],"gold_per_floor":[125,151,226,259,279,328,346,377,377,377,377,395,395,406,406,480,480,498,498,498,498,87,87,98,132,132,132,132,146,146,230,230,230,230],"floor_reached":33,"language":"ENG","playtime":1242,"items_purged":[],"score":815,"play_id":"69fd6304-e7bd-4aae-825e-a79385e00ab3","local_time":"20210201162747","is_ascension_mode":true,"campfire_choices":[{"floor":13.0,"key":"REST"},{"floor":15.0,"key":"REST"},{"floor":23.0,"key":"REST"},{"floor":30.0,"key":"REST"},{"floor":32,"key":"RECALL"}],"circlet_count":0,"master_deck":["AscendersBane","Defend_G+1","Defend_G+1","Defend_G+1","Defend_G+1","Defend_G+1","Survivor","Neutralize","Accuracy","Backstab","Dagger Spray+1","Footwork","Terror","Backstab","Prepared","Bane+1","Envenom","Outmaneuver","Underhanded Strike","Backflip","Glass Knife","Poisoned Stab","Bite","Bite","Bite","Bite","Bite","Die Die Die","Riddle With Holes","A Thousand Cuts","Poisoned Stab"],"relics":["Ring of the Serpent","Unceasing Top","ClockworkSouvenir","Lizard Tail","MerchantsRug","Bronze Scales","Turnip","Meat on the Bone","Pear","Shuriken","The Courier","Mango"],"acts_visited":["Exordium","TheCity"],"potions_floor_usage":[31],"damage_taken":[{"damage":1.0,"enemies":"2 Louse","floor":1.0,"turns":3.0},{"damage":6.0,"enemies":"Small Slimes","floor":2.0,"turns":2.0},{"damage":0.0,"enemies":"Cultist","floor":4.0,"turns":2.0},{"damage":1.0,"enemies":"Looter","floor":5.0,"turns":3.0},{"damage":29.0,"enemies":"3 Sentries","floor":6.0,"turns":8.0},{"damage":0.0,"enemies":"Blue Slaver","floor":7.0,"turns":2.0},{"damage":4.0,"enemies":"Gremlin Nob","floor":8.0,"turns":3.0},{"damage":0.0,"enemies":"2 Fungi Beasts","floor":12.0,"turns":2.0},{"damage":13.0,"enemies":"Exordium Thugs","floor":14.0,"turns":3.0},{"damage":51.0,"enemies":"Slime Boss","floor":16.0,"turns":9.0},{"damage":36.0,"enemies":"Shell Parasite","floor":18.0,"turns":5.0},{"damage":8.0,"enemies":"Chosen","floor":24.0,"turns":4.0},{"damage":66.0,"enemies":"Book of Stabbing","floor":25.0,"turns":5.0},{"damage":38.0,"enemies":"Sentry and Sphere","floor":29.0,"turns":4.0},{"damage":32,"enemies":"Slavers","floor":31,"turns":5},{"damage":78,"enemies":"Automaton","floor":33,"turns":6}],"seed_played":"-766150682875319126","potions_obtained":[{"floor":2.0,"key":"GamblersBrew"},{"floor":5.0,"key":"SpeedPotion"},{"floor":6.0,"key":"LiquidMemories"},{"floor":8.0,"key":"PowerPotion"},{"floor":11.0,"key":"Energy Potion"},{"floor":12.0,"key":"Explosive Potion"},{"floor":18.0,"key":"BlessingOfTheForge"},{"floor":25.0,"key":"Fire Potion"}],"is_trial":false,"path_per_floor":["M","M","?","M","M","E","M","E","T","?","?","M","R","M","R","B",null,"M","?","?","?","$","R","M","E","T","$","?","M","R","E","R","B"],"character_chosen":"THE_SILENT","items_purchased":["Accuracy","Backstab","ClockworkSouvenir","Dagger Spray","MerchantsRug","Footwork","Pear","Die Die Die"],"campfire_rested":4,"item_purchase_floors":[0,0,0,0,0,0,22,22],"current_hp_per_floor":[58,52,41,41,40,11,11,7,7,7,7,19,38,37,56,17,54,30,30,30,19,29,47,43,39,39,39,51,29,47,51,51,0,0],"gold":230,"neow_bonus":"","is_daily":false,"chose_seed":false,"campfire_upgraded":0,"win_rate":0.0,"timestamp":1612214867,"path_taken":["M","M","?","M","M","E","M","E","T","?","?","?","R","M","R","BOSS","M","?","?","?","$","R","M","E","T","?","?","?","R","E","R","BOSS"],"items_purchased_type":["Card","Card","Relic","Card","Relic","Card","Relic","Card"],"build_version":"2020-12-22","purchased_purges":0,"victory":false,"max_hp_per_floor":[66,66,66,66,66,66,66,66,66,66,66,66,66,66,66,66,66,66,66,46,51,61,61,61,61,61,61,61,61,61,75,75,75,75],"card_choices":[{"not_picked":["Slice","Outmaneuver"],"picked":"Terror","floor":1.0},{"not_picked":["Bane","Flechettes"],"picked":"Backstab","floor":2.0},{"not_picked":["Dagger Throw","Deflect"],"picked":"Prepared","floor":4.0},{"not_picked":["Prepared","Setup"],"picked":"Bane","floor":5.0},{"not_picked":["Terror","Underhanded Strike"],"picked":"Envenom","floor":6.0},{"not_picked":["Prepared","Acrobatics"],"picked":"Outmaneuver","floor":7.0},{"not_picked":["Slice","PiercingWail"],"picked":"Underhanded Strike","floor":8.0},{"not_picked":["Heel Hook","Tactician","Acrobatics"],"picked":"SKIP","floor":12.0},{"not_picked":["Bane","Acrobatics"],"picked":"Backflip","floor":14.0},{"not_picked":["Envenom","Phantasmal Killer"],"picked":"Glass Knife","floor":16.0},{"not_picked":["Underhanded Strike+1","Calculated Gamble"],"picked":"Poisoned Stab","floor":18.0},{"not_picked":["PiercingWail","Footwork"],"picked":"Riddle With Holes","floor":24.0},{"not_picked":["Underhanded Strike","Setup"],"picked":"A Thousand Cuts","floor":25.0},{"not_picked":["Underhanded Strike+1","Calculated Gamble","Outmaneuver"],"picked":"SKIP","floor":29.0},{"not_picked":["Slice","Endless Agony"],"picked":"Poisoned Stab","floor":31}],"player_experience":1972720,"relics_obtained":[{"floor":6.0,"key":"Bronze Scales"},{"floor":8.0,"key":"Turnip"},{"floor":8.0,"key":"Whetstone"},{"floor":9.0,"key":"Meat on the Bone"},{"floor":25.0,"key":"Shuriken"},{"floor":26.0,"key":"The Courier"},{"floor":31,"key":"Mango"}],"event_choices":[{"damage_healed":0.0,"max_hp_gain":0.0,"max_hp_loss":0.0,"gold_gain":75.0,"event_name":"World of Goop","player_choice":"Gather Gold","floor":3.0,"gold_loss":0.0,"damage_taken":11.0},{"damage_healed":0.0,"max_hp_gain":0.0,"max_hp_loss":0.0,"gold_gain":0.0,"event_name":"Shining Light","player_choice":"Ignored","floor":10.0,"gold_loss":0.0,"damage_taken":0.0},{"damage_healed":0.0,"max_hp_gain":0.0,"max_hp_loss":0.0,"gold_gain":0.0,"event_name":"Lab","player_choice":"Got Potions","floor":11.0,"gold_loss":0.0,"damage_taken":0.0},{"damage_healed":0.0,"max_hp_gain":0.0,"max_hp_loss":0.0,"gold_gain":0.0,"event_name":"Back to Basics","player_choice":"Simplicity","floor":19.0,"gold_loss":0.0,"damage_taken":0.0,"cards_upgraded":["Strike_G","Strike_G","Strike_G","Strike_G","Strike_G","Defend_G","Defend_G","Defend_G","Defend_G","Defend_G"]},{"damage_healed":0.0,"max_hp_gain":0.0,"max_hp_loss":20.0,"gold_gain":0.0,"event_name":"Vampires","player_choice":"Became a vampire","floor":20.0,"gold_loss":0.0,"damage_taken":0.0,"cards_obtained":["Bite","Bite","Bite","Bite","Bite"]},{"damage_healed":0.0,"max_hp_gain":5.0,"max_hp_loss":0.0,"gold_gain":0.0,"event_name":"Forgotten Altar","player_choice":"Shed Blood","floor":21.0,"gold_loss":0.0,"damage_taken":16.0},{"damage_healed":12.0,"max_hp_gain":0.0,"max_hp_loss":0.0,"gold_gain":0.0,"event_name":"The Library","player_choice":"Heal","floor":28.0,"gold_loss":0.0,"damage_taken":0.0}],"is_beta":false,"boss_relics":[{"not_picked":["Empty Cage","Ectoplasm"],"picked":"Ring of the Serpent"}],"items_purged_floors":[],"is_endless":false,"potions_floor_spawned":[2,5,6,8,18,25],"killed_by":"Automaton","ascension_level":20}}