{"host":"nj4msrt0z6tj4wtb","time":1612180877,"event":{"mods":["AchievementEnabler","BaseMod","Colored Map","Colored Powertips","DeckTracker","Highlight Path","Keyboard Shortcuts","Minty Spire (QoL Compilation)","Quick Restart","Random Character Button","StSLib","SuperFastMode"],"gold_per_floor":[110,110,127,140,157,157,188,188,188,188,75,88,88,88,88,218,218,243,267,182,82,96,114,114,114],"floor_reached":24,"language":"KOR","playtime":1081,"items_purged":["Strike_B","Strike_B"],"score":228,"play_id":"560ddb6e-a321-450f-9f6b-e70a39ba8759","local_time":"20210201210117","is_ascension_mode":true,"campfire_choices":[{"data":"Trip","floor":6,"key":"SMITH"},{"data":"Zap","floor":8,"key":"SMITH"},{"floor":15,"key":"REST"}],"circlet_count":0,"master_deck":["Defend_B","Defend_B","Defend_B","Defend_B","Zap+1","Dualcast","Trip+1","Streamline","Ball Lightning","Go for the Eyes","Turbo","Seek","Loop","Glacier","Creative AI","Coolheaded","Chaos+1","Redo","Leap+1"],"relics":["Cracked Core","Matryoshka","Regal Pillow","StoneCalendar","Golden Idol","SlaversCollar","Emotion Chip"],"acts_visited":["Exordium","TheCity"],"potions_floor_usage":[],"damage_taken":[{"damage":0,"enemies":"Small Slimes","floor":1,"turns":3},{"damage":1,"enemies":"2 Louse","floor":3,"turns":2},{"damage":2,"enemies":"Jaw Worm","floor":4,"turns":2},{"damage":12,"enemies":"Exordium Thugs","floor":5,"turns":4},{"damage":32,"enemies":"3 Sentries","floor":7,"turns":6},{"damage":6,"enemies":"3 Louse","floor":12,"turns":3},{"damage":25,"enemies":"Hexaghost","floor":16,"turns":9},{"damage":7,"enemies":"Chosen","floor":18,"turns":5},{"damage":24,"enemies":"Spheric Guardian","floor":19,"turns":5},{"damage":24,"enemies":"Centurion and Healer","floor":22,"turns":7},{"damage":12,"enemies":"Snake Plant","floor":23,"turns":4},{"damage":4,"enemies":"3 Cultists","floor":24,"turns":5}],"seed_played":"6680077037192368109","potions_obtained":[{"floor":1,"key":"GamblersBrew"},{"floor":7,"key":"PotionOfCapacity"},{"floor":16,"key":"LiquidMemories"},{"floor":19,"key":"PotionOfCapacity"}],"is_trial":false,"path_per_floor":["M","?","M","M","M","R","E","R","T","?","$","M","?","$","R","B",null,"M","M","?","$","M","M","M"],"character_chosen":"DEFECT","items_purchased":["Loop"],"campfire_rested":1,"item_purchase_floors":[11],"current_hp_per_floor":[75,68,67,65,53,53,21,21,21,21,21,15,15,15,50,25,69,62,38,38,38,14,2,0,0],"gold":114,"neow_bonus":"RANDOM_COLORLESS","is_daily":false,"chose_seed":false,"campfire_upgraded":2,"win_rate":0.0,"timestamp":1612180877,"path_taken":["M","?","M","M","M","R","E","R","T","?","$","M","?","$","R","BOSS","M","M","?","$","M","M","M"],"items_purchased_type":["Card"],"build_version":"2020-12-22","purchased_purges":2,"victory":false,"max_hp_per_floor":[75,75,75,75,75,75,75,75,75,69,69,69,69,69,69,69,69,69,69,69,69,69,69,69,69],"card_choices":[{"not_picked":["Impatience","Discovery"],"picked":"Trip","floor":0},{"not_picked":["Beam Cell","Gash"],"picked":"Streamline","floor":1},{"not_picked":["Auto Shields","Sweeping Beam"],"picked":"Ball Lightning","floor":3},{"not_picked":["Auto Shields","Steam"],"picked":"Go for the Eyes","floor":4},{"not_picked":["Streamline","Gash"],"picked":"Turbo","floor":5},{"not_picked":["Doom and Gloom","Rebound"],"picked":"Seek","floor":7},{"not_picked":["Barrage","Blizzard"],"picked":"Glacier","floor":12},{"not_picked":["Biased Cognition","All For One"],"picked":"Creative AI","floor":16},{"not_picked":["Static Discharge","Beam Cell+1"],"picked":"Coolheaded","floor":18},{"not_picked":["Double Energy+1","Coolheaded"],"picked":"Chaos+1","floor":19},{"not_picked":["Go for the Eyes","Gash"],"picked":"Redo","floor":22},{"not_picked":["Undo","Ball Lightning"],"picked":"Leap+1","floor":23}],"player_experience":652568,"relics_obtained":[{"floor":7,"key":"Matryoshka"},{"floor":9,"key":"Regal Pillow"},{"floor":9,"key":"StoneCalendar"}],"event_choices":[{"cards_removed":["Strike_B"],"damage_healed":0,"gold_gain":0,"player_choice":"Card Removal","damage_taken":7,"max_hp_gain":0,"max_hp_loss":0,"event_name":"Golden Wing","floor":2,"gold_loss":0},{"damage_healed":0,"gold_gain":0,"player_choice":"Lose Max HP","damage_taken":0,"relics_obtained":["Golden Idol"],"max_hp_gain":0,"max_hp_loss":6,"event_name":"Golden Idol","floor":10,"gold_loss":0},{"cards_removed":["Strike_B"],"damage_healed":0,"gold_gain":0,"player_choice":"Forget","damage_taken":0,"max_hp_gain":0,"max_hp_loss":0,"event_name":"Living Wall","floor":13,"gold_loss":0},{"damage_healed":0,"gold_gain":0,"player_choice":"Obtained Relic","damage_taken":0,"relics_obtained":["Emotion Chip"],"max_hp_gain":0,"max_hp_loss":0,"event_name":"Addict","floor":20,"gold_loss":85}],"is_beta":false,"boss_relics":[{"not_picked":["Astrolabe","Philosopher\u0027s Stone"],"picked":"SlaversCollar"}],"items_purged_floors":[11,21],"is_endless":false,"potions_floor_spawned":[1,7,16,19],"killed_by":"3 Cultists","ascension_level":3}}