{"host":"eemx8njkng76fu5x","time":1612208222,"event":{"mods":["2.2 Compatiblity","BaseMod","Colored Map","Downfall","Minty Spire (QoL Compilation)","Permanent Neow","StSLib","Unceasing Turn Reminder","Unknown Chances"],"gold_per_floor":[99,117,133,149,149,184,207,221,256,256,56,56,67,84,97,192,192,192,205,205,220,220,232,257,157,182,182,192,205,130,143,159,255,255,255,268,268,268,278,313,313,325,358,358,374,391,391,248,258,258,258,292,78,78,78,78],"floor_reached":57,"language":"ENG","playtime":3669,"items_purged":["Guardian:Strike_Guardian","Guardian:Strike_Guardian","Guardian:Strike_Guardian"],"score":1950,"play_id":"4eeb125e-2956-4618-8aed-e3155820b9ac","local_time":"20210202033702","is_ascension_mode":true,"campfire_choices":[{"floor":1.0,"key":"RECALL"},{"data":"Guardian:SentryBeam","floor":11.0,"key":"SMITH"},{"data":"Guardian:Recover","floor":18.0,"key":"SMITH"},{"data":"Guardian:VentSteam","floor":25.0,"key":"SMITH"},{"data":"Guardian:ChargeUp","floor":27.0,"key":"SMITH"},{"data":"Guardian:TwinSlam","floor":35,"key":"SMITH"},{"data":"Guardian:SentryBeam","floor":44,"key":"SMITH"},{"data":"Guardian:TemporalShield","floor":47,"key":"SMITH"},{"data":"Guardian:BodySlam","floor":54,"key":"SMITH"}],"circlet_count":0,"master_deck":["AscendersBane","Guardian:Defend_Guardian","Guardian:Defend_Guardian","Guardian:Defend_Guardian+1","Guardian:Defend_Guardian+1","Guardian:CurlUp","Guardian:TwinSlam+1","Guardian:SentryBeam+1","Guardian:TemporalShield+1","Guardian:Recover+1","Guardian:TemporalStrike","Guardian:BronzeOrb","Guardian:BodySlam+1","Guardian:ArmoredProtocol","Guardian:VentSteam+1","Guardian:ChargeUp+1","Guardian:BronzeOrb+1","Guardian:BronzeOrb+1","Guardian:Incinerate+1","Guardian:Incinerate+1","Guardian:TemporalShield","Guardian:SentryBeam+1","Guardian:Incinerate+1","Guardian:SpikerProtocol+1","Guardian:FuturePlans","Guardian:BodySlam+1"],"relics":["Guardian:ModeShifter","Vajra","Bronze Scales","The Courier","downfall:HeartBlessingRed","downfall:HeartBlessingGreen","Bag of Preparation","SlaversCollar","downfall:HeartBlessingBlue","Matryoshka","Runic Pyramid","hexamod:CandleOfCauterizing","Blood Vial","White Beast Statue","Pen Nib","Pantograph","sneckomod:BlankCard","Membership Card","Bag of Marbles","Kunai","Pear","Ornamental Fan","Strawberry","War Paint"],"acts_visited":["Exordium","TheCity","TheBeyond","TheEnding"],"potions_floor_usage":[42,43,56,56,56,56,56],"damage_taken":[{"damage":5.0,"enemies":"Small Slimes","floor":2.0,"turns":4.0},{"damage":8.0,"enemies":"2 Louse","floor":3.0,"turns":3.0},{"damage":1.0,"enemies":"Cultist","floor":4.0,"turns":5.0},{"damage":17.0,"enemies":"Gremlin Nob","floor":6.0,"turns":5.0},{"damage":4.0,"enemies":"Red Slaver","floor":8.0,"turns":5.0},{"damage":13.0,"enemies":"3 Sentries","floor":9.0,"turns":12.0},{"damage":1.0,"enemies":"Blue Slaver","floor":13.0,"turns":3.0},{"damage":0.0,"enemies":"2 Fungi Beasts","floor":14.0,"turns":4.0},{"damage":0.0,"enemies":"Exordium Wildlife","floor":15.0,"turns":3.0},{"damage":10.0,"enemies":"DF_ARCHETYPE_STREAMLINE","floor":16.0,"turns":9.0},{"damage":0.0,"enemies":"Chosen","floor":19.0,"turns":3.0},{"damage":0.0,"enemies":"3 Byrds","floor":21.0,"turns":4.0},{"damage":2.0,"enemies":"Snake Plant","floor":23.0,"turns":3.0},{"damage":0.0,"enemies":"Book of Stabbing","floor":26.0,"turns":4.0},{"damage":0.0,"enemies":"Shelled Parasite and Fungi","floor":28.0,"turns":3.0},{"damage":0.0,"enemies":"Centurion and Healer","floor":29.0,"turns":4.0},{"damage":0.0,"enemies":"downfall:FleeingMerchant","floor":30.0,"turns":4.0},{"damage":0,"enemies":"Cultist and Chosen","floor":31,"turns":3},{"damage":0,"enemies":"Snake Plant","floor":32,"turns":3},{"damage":22,"enemies":"WA_ARCHETYPE_CALM","floor":33,"turns":7},{"damage":0,"enemies":"Orb Walker","floor":36,"turns":3},{"damage":2,"enemies":"3 Shapes","floor":39,"turns":4},{"damage":0,"enemies":"Giant Head","floor":40,"turns":4},{"damage":0,"enemies":"Spire Growth","floor":42,"turns":3},{"damage":0,"enemies":"Reptomancer","floor":43,"turns":4},{"damage":8,"enemies":"Maw","floor":45,"turns":5},{"damage":0,"enemies":"Sphere and 2 Shapes","floor":46,"turns":4},{"damage":0,"enemies":"downfall:FleeingMerchant","floor":48,"turns":3},{"damage":5,"enemies":"Transient","floor":49,"turns":5},{"damage":16,"enemies":"IC_BLOCK_ARCHETYPE","floor":50,"turns":9},{"damage":0,"enemies":"downfall:CharBossMerchant","floor":52,"turns":6},{"damage":5,"enemies":"downfall:NeowBoss","floor":55,"turns":11},{"damage":18,"enemies":"downfall:NeowBossFinal","floor":56,"turns":9}],"seed_played":"-8663362054084944874","potions_obtained":[{"floor":2.0,"key":"DistilledChaos"},{"floor":4.0,"key":"Fire Potion"},{"floor":6.0,"key":"EssenceOfSteel"},{"floor":15.0,"key":"ColorlessPotion"},{"floor":16.0,"key":"LiquidMemories"},{"floor":19.0,"key":"Regen Potion"},{"floor":23.0,"key":"Guardian:AcceleratePotion"},{"floor":32,"key":"Strength Potion"},{"floor":42,"key":"CultistPotion"},{"floor":43,"key":"Ancient Potion"},{"floor":45,"key":"PowerPotion"},{"floor":52,"key":"EntropicBrew"}],"is_trial":false,"path_per_floor":["R","M","M","M","?","E","T","M","E","?","R","?","M","M","M","B",null,"R","M","?","M","?","M","T","R","E","R","M","M","$","M","M","B",null,"R","M","T","?","M","E","T","M","E","R","M","M","R","$","M","B",null,"E","$","R","B","B",null],"character_chosen":"GUARDIAN","items_purchased":["Membership Card","Guardian:FuturePlans","Bag of Marbles","Kunai","Pear","Strawberry","War Paint","Guardian:BodySlam"],"campfire_rested":0,"item_purchase_floors":[48,48,48,48,48,53,53,53],"current_hp_per_floor":[72,67,59,58,63,46,46,42,29,29,29,22,21,21,21,11,67,67,67,67,67,67,65,65,75,75,75,75,75,75,75,75,53,85,85,85,85,85,85,87,87,95,95,95,87,89,89,101,98,89,101,103,110,110,107,94],"gold":78,"neow_bonus":"REMOVE_CARD","is_daily":false,"chose_seed":false,"campfire_upgraded":8,"win_rate":0.0,"timestamp":1612208222,"path_taken":["R","M","M","M","?","E","T","M","E","?","R","?","M","M","M","BOSS","R","M","?","M","?","M","T","R","E","R","M","?","$","M","M","BOSS","R","M","?","?","M","E","T","M","E","R","M","M","R","$","M","BOSS","E","$","R","BOSS","BOSS"],"items_purchased_type":["Relic","Card","Relic","Relic","Relic","Relic","Relic","Card"],"build_version":"2020-12-22","purchased_purges":3,"victory":true,"max_hp_per_floor":[80,80,80,80,85,85,85,85,85,85,85,85,85,85,85,85,85,85,85,85,85,85,85,85,95,95,95,95,95,95,95,95,95,95,95,95,95,95,95,95,95,95,95,95,95,95,95,105,105,105,105,105,112,112,112,112],"card_choices":[{"not_picked":["Guardian:Suspension","Guardian:Gem_Red"],"picked":"Guardian:GuardianWhirl","floor":2.0},{"not_picked":["Guardian:Emergency","Guardian:Reroute"],"picked":"Guardian:SentryBeam","floor":3.0},{"not_picked":["Guardian:VentSteam","Guardian:Gem_White"],"picked":"Guardian:TemporalShield","floor":4.0},{"not_picked":["Guardian:RollAttack","Guardian:ShieldCharger"],"picked":"Guardian:Gem_White","floor":6.0},{"not_picked":["Guardian:Gem_Red","Guardian:TimeCapacitor"],"picked":"Guardian:Recover","floor":8.0},{"not_picked":["Guardian:Gem_Green","Guardian:HyperBeam_Guardian"],"picked":"Guardian:TemporalStrike","floor":9.0},{"not_picked":["Guardian:RollAttack","Guardian:PrimingBeam","Guardian:WalkerClaw"],"picked":"SKIP","floor":13.0},{"not_picked":["Guardian:Incinerate","Guardian:WalkerClaw"],"picked":"Guardian:BronzeOrb","floor":14.0},{"not_picked":["Guardian:Suspension","Guardian:BodySlam"],"picked":"Guardian:TemporalStrike","floor":15.0},{"not_picked":["Guardian:FierceBash","Guardian:GatlingBeam"],"picked":"Guardian:Gem_Orange","floor":16.0},{"not_picked":["Guardian:RefractedBeam","Guardian:Gem_Green"],"picked":"Guardian:BodySlam","floor":19.0},{"not_picked":["Guardian:Gem_Cyan","Guardian:PrimingBeam"],"picked":"Guardian:VentSteam","floor":21.0},{"not_picked":["Guardian:RollAttack","Guardian:Clone"],"picked":"Guardian:ChargeUp","floor":23.0},{"not_picked":["Guardian:Harden","Guardian:Gem_Synthetic"],"picked":"Guardian:Gem_Orange","floor":26.0},{"not_picked":["Guardian:Orbwalk+1","Guardian:PrimingBeam"],"picked":"Guardian:BronzeOrb+1","floor":28.0},{"not_picked":["Guardian:Reroute","Guardian:PrismaticBeam"],"picked":"Guardian:BronzeOrb+1","floor":29.0},{"not_picked":["Guardian:ChargeCore","Guardian:Suspension+1"],"picked":"Guardian:Incinerate+1","floor":30},{"not_picked":["Guardian:Orbwalk","Guardian:Gem_Lightblue"],"picked":"Guardian:Incinerate+1","floor":31},{"not_picked":["Guardian:VentSteam+1","Guardian:DonusPower+1"],"picked":"Guardian:Gem_Purple","floor":32},{"not_picked":["Guardian:AncientConstruct","Guardian:ConstructionForm"],"picked":"Guardian:Gem_Orange","floor":33},{"not_picked":["Guardian:RollAttack","Guardian:Clone"],"picked":"Guardian:TemporalShield","floor":36},{"not_picked":["Guardian:ShieldCharger+1","Guardian:ArmoredProtocol","Guardian:Gem_Red"],"picked":"SKIP","floor":39},{"not_picked":["Guardian:Suspension","Guardian:GuardianWhirl"],"picked":"Guardian:SentryBeam","floor":40},{"not_picked":["Guardian:Gem_Cyan","Guardian:BronzeOrb+1"],"picked":"Guardian:Gem_Yellow","floor":42},{"not_picked":["Guardian:Gem_White","Guardian:TemporalShield","Guardian:Reroute+1"],"picked":"SKIP","floor":43},{"not_picked":["Guardian:SpikerProtocol","Guardian:Gem_Yellow","Guardian:WalkerClaw"],"picked":"SKIP","floor":45},{"not_picked":["Guardian:Reroute+1","Guardian:ShieldCharger+1"],"picked":"Guardian:Incinerate+1","floor":46},{"not_picked":["Guardian:ShieldCharger+1","Guardian:Planning"],"picked":"Guardian:SpikerProtocol+1","floor":48},{"not_picked":["Guardian:ChargeCore","Guardian:Harden+1","Guardian:Emergency"],"picked":"SKIP","floor":49},{"not_picked":["Guardian:FierceBash","Guardian:Gem_Crimson"],"picked":"Guardian:Gem_Red","floor":52}],"player_experience":522713,"relics_obtained":[{"floor":6.0,"key":"Vajra"},{"floor":7.0,"key":"Bronze Scales"},{"floor":9.0,"key":"The Courier"},{"floor":26.0,"key":"Matryoshka"},{"floor":37,"key":"hexamod:CandleOfCauterizing"},{"floor":37,"key":"Blood Vial"},{"floor":40,"key":"White Beast Statue"},{"floor":41,"key":"Pen Nib"},{"floor":41,"key":"Pantograph"},{"floor":43,"key":"sneckomod:BlankCard"},{"floor":52,"key":"Ornamental Fan"}],"event_choices":[{"damage_healed":0.0,"max_hp_gain":5.0,"max_hp_loss":0.0,"gold_gain":0.0,"event_name":"Big Fish","player_choice":"Donut","floor":5.0,"gold_loss":0.0,"damage_taken":0.0},{"damage_healed":0.0,"max_hp_gain":0.0,"max_hp_loss":0.0,"gold_gain":0.0,"event_name":"Scrap Ooze","player_choice":"Success","floor":12.0,"gold_loss":0.0,"damage_taken":7.0,"relics_obtained":["Bag of Preparation"]},{"damage_healed":0.0,"max_hp_gain":0.0,"max_hp_loss":0.0,"gold_gain":0.0,"event_name":"The Library","player_choice":"Read","floor":20.0,"gold_loss":0.0,"damage_taken":0.0,"cards_obtained":["Guardian:ArmoredProtocol"]},{"cards_removed":["Guardian:TemporalStrike"],"damage_healed":0,"gold_gain":0,"player_choice":"Removed Attack","damage_taken":0,"max_hp_gain":0,"max_hp_loss":0,"event_name":"Falling","floor":38,"gold_loss":0}],"is_beta":false,"boss_relics":[{"not_picked":["expansioncontent:StudyCardRelic","Cursed Key"],"picked":"SlaversCollar"},{"not_picked":["Tiny House","SacredBark"],"picked":"Runic Pyramid"}],"items_purged_floors":[30,48,53],"is_endless":false,"potions_floor_spawned":[2,4,6,15,16,19,23,32,36,42,43,45,46,48,49,52],"ascension_level":10}}