{"host":"21h5e52imz35vo8g","time":1612172271,"event":{"mods":["AchievementEnabler","BaseMod","Colored Map","Colored Powertips","Googly Eyes","Minty Spire (QoL Compilation)","Quick Restart","Rare Cards Sparkle","StSLib"],"gold_per_floor":[118,118,118,193,12,38,38,5,5,5,39,39,65,82,82,184,234,248,106,131,145,145,180,90,90,90,90,110,110,123,150,150,251,251,264,164,182,196,8,41,41,74,74,74,86,86,86,98,98,98],"floor_reached":51,"language":"ZHS","playtime":2485,"items_purged":["Defend_G","Eviscerate+1","Strike_G"],"score":1164,"play_id":"96f56e4c-7bd8-4d0c-8d00-55e109b98dc2","local_time":"20210201173751","is_ascension_mode":true,"campfire_choices":[{"data":"Backflip","floor":7,"key":"SMITH"},{"data":"Caltrops","floor":10,"key":"SMITH"},{"data":"Noxious Fumes","floor":12,"key":"SMITH"},{"data":"Catalyst","floor":15,"key":"SMITH"},{"floor":25,"key":"REST"},{"floor":27,"key":"REST"},{"data":"Adrenaline","floor":29,"key":"SMITH"},{"data":"Writhe","floor":32,"key":"PURGE"},{"data":"Strike_G","floor":41,"key":"PURGE"},{"data":"Strike_G","floor":47,"key":"PURGE"},{"floor":49,"key":"REST"}],"circlet_count":0,"master_deck":["Defend_G+1","Defend_G","Defend_G","Survivor+1","Neutralize","Backflip+1","Blade Dance","Caltrops+1","Noxious Fumes+1","Malaise","Catalyst+1","Adrenaline+1","Footwork+1","Deadly Poison","Blur","Dodge and Roll","Noxious Fumes+1","Crippling Poison+1","Footwork","Leg Sweep+1","Corpse Explosion+1","Prepared+1","Adrenaline+1","Distraction+1","Catalyst+1"],"relics":["Ring of the Snake","NeowsBlessing","Matryoshka","Paper Crane","Oddly Smooth Stone","War Paint","The Courier","Pantograph","Tiny House","Red Mask","Dream Catcher","Tough Bandages","Orichalcum","Toxic Egg 2","Peace Pipe","Philosopher\u0027s Stone","Pear","Bottled Lightning","Bag of Marbles"],"acts_visited":["Exordium","TheCity","TheBeyond"],"potions_floor_usage":[16,20,23,23,31,31,38,50,50,50],"damage_taken":[{"damage":0,"enemies":"Cultist","floor":1,"turns":1},{"damage":0,"enemies":"Lagavulin","floor":6,"turns":1},{"damage":0,"enemies":"3 Sentries","floor":11,"turns":1},{"damage":20,"enemies":"Lagavulin","floor":13,"turns":7},{"damage":0,"enemies":"Small Slimes","floor":14,"turns":3},{"damage":14,"enemies":"The Guardian","floor":16,"turns":8},{"damage":0,"enemies":"3 Byrds","floor":18,"turns":5},{"damage":45,"enemies":"Masked Bandits","floor":20,"turns":5},{"damage":8,"enemies":"Spheric Guardian","floor":21,"turns":4},{"damage":5,"enemies":"Book of Stabbing","floor":23,"turns":5},{"damage":18,"enemies":"Snake Plant","floor":28,"turns":4},{"damage":5,"enemies":"Snecko","floor":30,"turns":6},{"damage":0,"enemies":"Slavers","floor":31,"turns":5},{"damage":5,"enemies":"Champ","floor":33,"turns":11},{"damage":1,"enemies":"Orb Walker","floor":35,"turns":3},{"damage":16,"enemies":"3 Shapes","floor":37,"turns":3},{"damage":24,"enemies":"Transient","floor":38,"turns":5},{"damage":5,"enemies":"Nemesis","floor":40,"turns":7},{"damage":6,"enemies":"Giant Head","floor":42,"turns":9},{"damage":0,"enemies":"3 Darklings","floor":45,"turns":3},{"damage":0,"enemies":"Maw","floor":48,"turns":6},{"damage":26,"enemies":"Donu and Deca","floor":50,"turns":3}],"seed_played":"-8335072106033951612","potions_obtained":[{"floor":6,"key":"GhostInAJar"},{"floor":13,"key":"Energy Potion"},{"floor":14,"key":"CunningPotion"},{"floor":17,"key":"Weak Potion"},{"floor":28,"key":"AttackPotion"},{"floor":30,"key":"PowerPotion"},{"floor":31,"key":"DuplicationPotion"},{"floor":33,"key":"PowerPotion"},{"floor":38,"key":"SneckoOil"},{"floor":40,"key":"Dexterity Potion"},{"floor":42,"key":"Regen Potion"}],"is_trial":false,"path_per_floor":["M","T","?","?","$","E","R","$","T","R","E","R","E","M","R","B",null,"M","$","?","M","?","E","?","R","T","R","M","R","M","E","R","B",null,"M","$","M","M","$","E","R","E","T","$","M","?","R","M","R","B",null],"character_chosen":"THE_SILENT","items_purchased":["Blade Dance","Eviscerate","Noxious Fumes","Footwork","Adrenaline+1","Distraction+1"],"campfire_rested":3,"item_purchase_floors":[5,5,8,19,39,39],"current_hp_per_floor":[63,63,56,45,45,45,45,45,45,45,45,45,25,25,25,36,67,67,67,22,14,14,9,9,31,31,53,35,35,30,30,30,50,69,68,68,52,28,28,33,33,27,27,27,27,27,27,27,52,60],"gold":98,"neow_bonus":"THREE_ENEMY_KILL","is_daily":false,"chose_seed":false,"campfire_upgraded":5,"win_rate":0.0,"timestamp":1612172271,"path_taken":["M","?","?","?","$","E","R","$","T","R","E","R","E","M","R","BOSS","M","$","?","M","?","E","?","R","T","R","?","R","M","E","R","BOSS","M","$","M","M","$","E","R","E","T","$","M","?","R","M","R","BOSS"],"items_purchased_type":["Card","Card","Card","Card","Card","Card"],"build_version":"2020-12-22","purchased_purges":3,"victory":true,"max_hp_per_floor":[70,70,70,70,70,70,70,70,70,70,70,70,70,70,70,70,75,75,75,75,75,75,75,75,75,75,75,75,75,75,75,75,75,75,75,75,75,75,75,85,85,85,85,85,85,85,85,85,85,85],"card_choices":[{"not_picked":["Sucker Punch","Infinite Blades"],"picked":"Backflip","floor":1},{"not_picked":["Slice","Cloak And Dagger"],"picked":"Caltrops","floor":6},{"not_picked":["Flying Knee","Outmaneuver"],"picked":"Malaise","floor":11},{"not_picked":["Dagger Throw","Dodge and Roll"],"picked":"Catalyst","floor":13},{"not_picked":["PiercingWail","Poisoned Stab","Deflect"],"picked":"SKIP","floor":14},{"not_picked":["Tools of the Trade","After Image"],"picked":"Adrenaline","floor":16},{"not_picked":["Underhanded Strike","Cloak And Dagger","Tactician+1"],"picked":"SKIP","floor":18},{"not_picked":["Backflip+1","Flechettes"],"picked":"Deadly Poison","floor":20},{"not_picked":["Poisoned Stab+1","Deadly Poison"],"picked":"Blur","floor":21},{"not_picked":["A Thousand Cuts","Flechettes"],"picked":"Dodge and Roll","floor":23},{"not_picked":["Bane","Infinite Blades"],"picked":"Noxious Fumes+1","floor":25},{"not_picked":["Eviscerate","Bane"],"picked":"Crippling Poison+1","floor":27},{"not_picked":["All Out Attack+1","Expertise+1","Sucker Punch+1"],"picked":"SKIP","floor":28},{"not_picked":["Reflex+1","Flechettes"],"picked":"Footwork","floor":30},{"not_picked":["Accuracy","Masterful Stab"],"picked":"Leg Sweep+1","floor":31},{"not_picked":["Bullet Time+1","Die Die Die"],"picked":"Corpse Explosion+1","floor":33},{"not_picked":["Flechettes+1","Tactician+1"],"picked":"Prepared+1","floor":35},{"not_picked":["All Out Attack","Eviscerate+1","Crippling Poison+1"],"picked":"SKIP","floor":37},{"not_picked":["Bane+1","Blade Dance+1","Outmaneuver+1"],"picked":"SKIP","floor":38},{"not_picked":["Underhanded Strike","Crippling Poison+1","Outmaneuver+1"],"picked":"SKIP","floor":40},{"not_picked":["Bane+1","Flechettes+1","Expertise+1"],"picked":"SKIP","floor":42},{"not_picked":["Endless Agony+1","PiercingWail+1","Cloak And Dagger+1"],"picked":"SKIP","floor":45},{"not_picked":["Outmaneuver+1","Sucker Punch+1"],"picked":"Catalyst+1","floor":48}],"player_experience":348691,"relics_obtained":[{"floor":2,"key":"Matryoshka"},{"floor":6,"key":"Paper Crane"},{"floor":9,"key":"Oddly Smooth Stone"},{"floor":9,"key":"War Paint"},{"floor":11,"key":"The Courier"},{"floor":13,"key":"Pantograph"},{"floor":20,"key":"Red Mask"},{"floor":23,"key":"Tough Bandages"},{"floor":26,"key":"Orichalcum"},{"floor":26,"key":"Toxic Egg 2"},{"floor":31,"key":"Peace Pipe"},{"floor":40,"key":"Pear"},{"floor":42,"key":"Bottled Lightning"},{"floor":43,"key":"Bag of Marbles"}],"event_choices":[{"cards_removed":["Defend_G"],"damage_healed":0,"gold_gain":0,"player_choice":"Card Removal","damage_taken":7,"max_hp_gain":0,"max_hp_loss":0,"event_name":"Golden Wing","floor":3,"gold_loss":0},{"damage_healed":0,"gold_gain":75,"player_choice":"Gather Gold","damage_taken":11,"max_hp_gain":0,"max_hp_loss":0,"event_name":"World of Goop","floor":4,"gold_loss":0},{"damage_healed":0,"gold_gain":0,"player_choice":"Fought Bandits","damage_taken":0,"max_hp_gain":0,"max_hp_loss":0,"event_name":"Masked Bandits","floor":20,"gold_loss":0},{"damage_healed":0,"gold_gain":0,"player_choice":"Opened","damage_taken":0,"relics_obtained":["Dream Catcher"],"max_hp_gain":0,"max_hp_loss":0,"event_name":"The Mausoleum","floor":22,"gold_loss":0,"cards_obtained":["Writhe"]},{"cards_removed":["Strike_G"],"damage_healed":0,"gold_gain":0,"player_choice":"Upgrade and Remove","damage_taken":0,"max_hp_gain":0,"max_hp_loss":0,"event_name":"Designer","floor":24,"gold_loss":90,"cards_upgraded":["Footwork"]},{"cards_removed":["Strike_G"],"damage_healed":0,"gold_gain":0,"player_choice":"Removed Attack","damage_taken":0,"max_hp_gain":0,"max_hp_loss":0,"event_name":"Falling","floor":46,"gold_loss":0}],"is_beta":false,"boss_relics":[{"not_picked":["Black Star","Runic Dome"],"picked":"Tiny House"},{"not_picked":["Busted Crown","HoveringKite"],"picked":"Philosopher\u0027s Stone"}],"items_purged_floors":[5,19,36],"is_endless":false,"potions_floor_spawned":[6,13,14,28,30,31,33,38,40,42],"ascension_level":7}}