{"host":"neeznpvpgo0qgfkd","time":1612215473,"event":{"mods":["AchievementEnabler","BaseMod","BetterRewards","Colored Map","Colored Powertips","Exacting","Minty Spire (QoL Compilation)","Permanent Neow","Quick Restart","Shop Mod"],"gold_per_floor":[110,110,110,140,140,140,171,205,228,228,228],"floor_reached":10,"language":"ENG","playtime":262,"items_purged":[],"score":132,"play_id":"c80a0860-40e4-4062-9838-7acb8b7ab4fb","local_time":"20210201163753","is_ascension_mode":true,"campfire_choices":[{"floor":6,"key":"REST"}],"circlet_count":0,"master_deck":["AscendersBane","Strike_G","Strike_G","Strike_G","Strike_G","Strike_G+1","Defend_G+1","Defend_G","Defend_G","Defend_G","Defend_G","Survivor","Neutralize","Terror","Regret","Noxious Fumes"],"relics":["SlaversCollar","Vajra","Question Card"],"acts_visited":["Exordium"],"potions_floor_usage":[4],"damage_taken":[{"damage":6.0,"enemies":"Jaw Worm","floor":1.0,"turns":6.0},{"damage":4,"enemies":"2 Louse","floor":4,"turns":2},{"damage":11,"enemies":"Small Slimes","floor":7,"turns":4},{"damage":17,"enemies":"Lagavulin","floor":8,"turns":7},{"damage":67,"enemies":"Gremlin Nob","floor":10,"turns":4}],"seed_played":"1200358686319752400","potions_obtained":[{"floor":1.0,"key":"SpeedPotion"},{"floor":7,"key":"FairyPotion"}],"is_trial":false,"path_per_floor":["M","?","$","M","?","R","M","E","T","E"],"character_chosen":"THE_SILENT","items_purchased":[],"campfire_rested":1,"item_purchase_floors":[],"current_hp_per_floor":[53,33,33,29,29,48,37,20,20,0,0],"gold":228,"neow_bonus":"BOSS_RELIC","is_daily":false,"chose_seed":false,"campfire_upgraded":0,"win_rate":0.0,"timestamp":1612215473,"path_taken":["M","?","$","M","?","R","M","E","T","E"],"items_purchased_type":[],"build_version":"2020-12-22","purchased_purges":0,"victory":false,"max_hp_per_floor":[66,66,66,66,66,66,66,66,66,66,66],"card_choices":[{"not_picked":["Dagger Throw","Blade Dance"],"picked":"Terror","floor":1.0},{"not_picked":["Bane","Acrobatics","Terror"],"picked":"SKIP","floor":4},{"not_picked":["Dagger Throw","Acrobatics"],"picked":"Noxious Fumes","floor":7},{"not_picked":["Skewer","Quick Slash","Heel Hook"],"picked":"SKIP","floor":8}],"player_experience":1972720,"relics_obtained":[{"floor":8,"key":"Question Card"}],"event_choices":[{"damage_healed":0.0,"max_hp_gain":0.0,"max_hp_loss":0.0,"gold_gain":0.0,"event_name":"Shining Light","player_choice":"Entered Light","floor":2.0,"gold_loss":0.0,"damage_taken":20.0,"cards_upgraded":["Strike_G","Defend_G"]},{"damage_healed":0,"gold_gain":0,"player_choice":"Box","damage_taken":0,"relics_obtained":["Vajra"],"max_hp_gain":0,"max_hp_loss":0,"event_name":"Big Fish","floor":5,"gold_loss":0,"cards_obtained":["Regret"]}],"is_beta":false,"boss_relics":[],"items_purged_floors":[],"is_endless":false,"potions_floor_spawned":[1,7],"killed_by":"Gremlin Nob","ascension_level":20}}