{"host":"72j3if4hls1tefkc","time":1612156537,"event":{"mods":["AchievementEnabler","Always Whale","Aspiration","BaseMod","Beaked The Cultist","Colored Map","Conspire","FetchMod","Halation","Hubris","Infinite Spire","Minty Spire (QoL Compilation)","Reliquary","Replay The Spire","Shop Mod","StSLib","The Bug Knight","The Construct","The Jungle"],"gold_per_floor":[114,114,114,148,27,59,76,76,76,90,90,106,106,122,122,218,218,232,76,89,89,89,89,89,89,89,114,114,64,85,98,98,218,218,251,306,325,325,325,365,365,407,407,438,448,477,477,502,502,518],"floor_reached":51,"language":"ENG","playtime":3301,"items_purged":["Strike_B","Strike_B"],"score":1011,"play_id":"dae72d64-3e1c-4bb0-9b07-dbd98f445486","local_time":"20210131221537","is_ascension_mode":true,"campfire_choices":[{"floor":8,"key":"REST"},{"data":"Zap","floor":11,"key":"SMITH"},{"floor":15,"key":"REST"},{"data":"Electrodynamics","floor":23,"key":"SMITH"},{"data":"Magnetism","floor":25,"key":"SMITH"},{"data":"Hologram","floor":28,"key":"SMITH"},{"data":"Defragment","floor":32,"key":"SMITH"},{"data":"DevaForm","floor":41,"key":"SMITH"},{"data":"ReplayTheSpireMod:Chaos Vortex","floor":47,"key":"SMITH"},{"data":"Chill","floor":49,"key":"SMITH"}],"circlet_count":0,"master_deck":["Strike_B","Strike_B","Defend_B","Defend_B","Defend_B","Defend_B","Zap+1","Dualcast","Conserve Battery","Magnetism+1","Panacea","Flash of Steel","Hologram+1","Conserve Battery","Electrodynamics+1","Steam+1","Capacitor","ReplaySort","Amnesia","Loop+1","conspire:SpireCoStock","Defragment+1","ReplaySolidLightProjector","Electrodynamics","hubris:PowerSurge+1","ThirdEye+1","DevaForm+1","ReplayTheSpireMod:Chaos Vortex+1","Chill+1","Coolheaded+1","JustLucky+1","ReplayRNGCard","Lockon","JustLucky+1"],"relics":["Cracked Core","aspiration:Nostalgia","HollowMod:VesselMask","halation:EternalFortune","halation:AfternoonTea","ReplayTheSpireMod:ShopPack","Ancient Tea Set","Quantum Egg","Honey Jar","Ring of Peace","hubris:BottledHeart","Bottled Tornado","Smiling Mask","aspiration:WatcherSkillbook","reliquary:OuijaBoard","Mango","hubris:RGBLights","Pen Nib"],"acts_visited":["Exordium","TheCity","TheBeyond"],"potions_floor_usage":[4,16,27,35,40,44,45,50,50,50,50],"damage_taken":[{"damage":1,"enemies":"Cultist","floor":1,"turns":4},{"damage":25,"enemies":"conspire:MimicChest","floor":4,"turns":6},{"damage":33,"enemies":"Lagavulin","floor":6,"turns":8},{"damage":4,"enemies":"Small Slimes","floor":7,"turns":5},{"damage":0,"enemies":"Jaw Worm","floor":10,"turns":4},{"damage":6,"enemies":"Looter","floor":12,"turns":4},{"damage":11,"enemies":"Exordium Thugs","floor":14,"turns":5},{"damage":36,"enemies":"Slime Boss","floor":16,"turns":10},{"damage":0,"enemies":"3 Byrds","floor":18,"turns":2},{"damage":2,"enemies":"Chosen","floor":20,"turns":6},{"damage":0,"enemies":"Slavers","floor":27,"turns":2},{"damage":0,"enemies":"Snecko","floor":30,"turns":5},{"damage":0,"enemies":"3 Cultists","floor":31,"turns":2},{"damage":0,"enemies":"Automaton","floor":33,"turns":8},{"damage":0,"enemies":"3 Darklings","floor":35,"turns":2},{"damage":0,"enemies":"2 Orb Walkers","floor":36,"turns":4},{"damage":0,"enemies":"3 Shapes","floor":37,"turns":3},{"damage":0,"enemies":"Nemesis","floor":40,"turns":7},{"damage":0,"enemies":"Maw","floor":42,"turns":7},{"damage":0,"enemies":"Spire Growth","floor":44,"turns":5},{"damage":0,"enemies":"Sphere and 2 Shapes","floor":45,"turns":4},{"damage":0,"enemies":"Maw","floor":46,"turns":5},{"damage":0,"enemies":"Transient","floor":48,"turns":5},{"damage":0,"enemies":"Time Eater","floor":50,"turns":9}],"seed_played":"6739321869165975022","potions_obtained":[{"floor":1,"key":"FocusPotion"},{"floor":6,"key":"Energy Potion"},{"floor":7,"key":"FocusPotion"},{"floor":27,"key":"FocusPotion"},{"floor":30,"key":"BlessingOfTheForge"},{"floor":36,"key":"Strength Potion"},{"floor":42,"key":"Block Potion"},{"floor":45,"key":"SpeedPotion"},{"floor":46,"key":"BlessingOfTheForge"}],"is_trial":false,"path_per_floor":["M","?","?","?","$","E","M","R","T","M","R","M","?","M","R","B",null,"M","$","M","?","?","R","?","R","T","E","R","?","M","M","R","B",null,"M","?","M","AVR","?","E","R","M","T","M","M","M","R","M","R","B",null],"character_chosen":"DEFECT","items_purchased":["ReplayTheSpireMod:ShopPack","Capacitor"],"campfire_rested":2,"item_purchase_floors":[5,19],"current_hp_per_floor":[74,79,82,57,57,27,23,48,48,60,60,54,54,43,68,47,86,86,86,84,84,67,67,1,1,1,1,1,1,1,1,1,1,1,1,1,1,1,1,1,1,1,1,1,1,1,1,1,1,1],"gold":518,"neow_bonus":"NOSTALGIA","is_daily":false,"chose_seed":false,"campfire_upgraded":8,"win_rate":0.0,"timestamp":1612156537,"path_taken":["M","?","?","?","?","E","?","R","T","M","R","M","?","M","R","BOSS","M","$","M","?","?","R","?","R","T","E","R","?","M","M","R","BOSS","M","?","M","AVR","?","E","R","M","T","M","?","M","R","M","R","BOSS"],"items_purchased_type":["Relic","Card"],"build_version":"2020-12-22","purchased_purges":2,"victory":true,"max_hp_per_floor":[75,80,83,83,83,86,86,86,86,86,86,86,86,86,86,86,86,86,86,86,86,91,91,1,1,1,1,1,1,1,1,1,1,1,1,1,1,1,1,1,1,1,1,1,1,1,1,1,1,1],"card_choices":[{"not_picked":["Coolheaded","aspiration:Polymerization"],"picked":"Conserve Battery","floor":1},{"not_picked":["ReplayUltimateDefense","Crow Ritual"],"picked":"Magnetism","floor":5},{"not_picked":["Jack Of All Trades","Impatience"],"picked":"Panacea","floor":5},{"not_picked":["Replay:Parry","ReplayTheSpireMod:Private Reserves"],"picked":"Flash of Steel","floor":5},{"not_picked":["Scrape","Melter"],"picked":"Hologram","floor":6},{"not_picked":["Go for the Eyes","Hologram","conspire:Rain"],"picked":"SKIP","floor":7},{"not_picked":["Beam Cell","Reprogram","Turbo"],"picked":"SKIP","floor":10},{"not_picked":["Panic Button","Rebound"],"picked":"Conserve Battery","floor":12},{"not_picked":["Beam Cell","Crystallizer","Undo"],"picked":"SKIP","floor":14},{"not_picked":["Mirror Shield","hubris:DoWhile"],"picked":"Electrodynamics","floor":16},{"not_picked":["Redo","ReplayTheSpireMod:System Scan+1","conspire:SharedLibrary+1"],"picked":"Steam+1","floor":18},{"not_picked":["Turbo","Cold Snap","Panic Button"],"picked":"ReplaySort","floor":20},{"not_picked":["BasicCrystalCard+1","Buffer","Steam"],"picked":"Loop+1","floor":27},{"not_picked":["Redo","Go for the Eyes","Hello World+1"],"picked":"Defragment","floor":30},{"not_picked":["Fission","Sweeping Beam","Hologram"],"picked":"ReplaySolidLightProjector","floor":31},{"not_picked":["Biased Cognition","Core Surge","hubris:Prefetch"],"picked":"Electrodynamics","floor":33},{"not_picked":["conspire:SharedLibrary","Sweeping Beam+1","CrushJoints+1","Ball Lightning"],"picked":"hubris:PowerSurge+1","floor":35},{"not_picked":["CrushJoints+1","Compile Driver+1","Beam Cell","Cold Snap+1"],"picked":"ThirdEye+1","floor":36},{"not_picked":["hubris:PowerSurge+1","WheelKick","Conserve Battery+1","Heatsinks+1"],"picked":"DevaForm","floor":37},{"not_picked":["Panic Button+1","Barrage+1","Replay:BluntJabs","Crescendo"],"picked":"Chill","floor":40},{"not_picked":["Meditate","Turbo+1","Machine Learning","Halt+1"],"picked":"Coolheaded+1","floor":42},{"not_picked":["Hologram","Evaluate+1","Heatsinks+1","Leap"],"picked":"JustLucky+1","floor":44},{"not_picked":["Auto Shields+1","Halt","TalkToTheHand+1","Evaluate+1"],"picked":"ReplayRNGCard","floor":45},{"not_picked":["Gash+1","Steam+1","JustLucky","FollowUp+1"],"picked":"Lockon","floor":46},{"not_picked":["Doom and Gloom+1","Adaptation+1","Crescendo","Wallop+1"],"picked":"JustLucky+1","floor":48}],"player_experience":329223,"relics_obtained":[{"floor":4,"key":"halation:AfternoonTea"},{"floor":6,"key":"halation:EternalFortune"},{"floor":6,"key":"Ancient Tea Set"},{"floor":9,"key":"Quantum Egg"},{"floor":21,"key":"Ring of Peace"},{"floor":26,"key":"Bottled Tornado"},{"floor":27,"key":"Smiling Mask"},{"floor":33,"key":"halation:EternalFortune"},{"floor":36,"key":"reliquary:OuijaBoard"},{"floor":40,"key":"hubris:RGBLights"},{"floor":43,"key":"Pen Nib"}],"event_choices":[{"damage_healed":0,"gold_gain":0,"player_choice":"Donut","damage_taken":0,"max_hp_gain":5,"max_hp_loss":0,"event_name":"Big Fish","floor":2,"gold_loss":0},{"damage_healed":0,"gold_gain":0,"player_choice":"Shed Blood","damage_taken":22,"max_hp_gain":5,"max_hp_loss":0,"event_name":"Forgotten Altar","floor":22,"gold_loss":0},{"damage_healed":0,"gold_gain":0,"player_choice":"Invest 1","damage_taken":0,"max_hp_gain":0,"max_hp_loss":0,"event_name":"conspire:Investor","floor":29,"gold_loss":0},{"damage_healed":0,"gold_gain":0,"player_choice":"Fight","damage_taken":0,"max_hp_gain":0,"max_hp_loss":0,"event_name":"Mysterious Sphere","floor":36,"gold_loss":0}],"is_beta":false,"boss_relics":[{"not_picked":["aspiration:PoetsPen_weak","Replay:Fungal Core"],"picked":"Honey Jar"},{"not_picked":["reliquary:RedPaperclip","halation:SmartPhone"],"picked":"aspiration:WatcherSkillbook"}],"items_purged_floors":[19,38],"is_endless":false,"potions_floor_spawned":[1,6,7,27,30,36,42,45,46],"ascension_level":4}}