{"host":"xsuxkwaivmtd234a","time":1612195980,"event":{"mods":["BaseMod","Colored Map","Filter the Spire","Minty Spire (QoL Compilation)","Relic Stats","StSLib"],"gold_per_floor":[117,128,128,128,151,182,182,233,256,291,291,334,350,386,386,517,517,541,541,265,265,279,305,305,333,333,350,350,350,360,270,270,369,419,434,445,23,23,23,55,55,88,115,115,143,176,206,206,206,206,206,206,2,35,35],"floor_reached":56,"language":"ENG","playtime":2588,"items_purged":["Strike_R"],"score":1746,"play_id":"e8949ef2-c4ed-4f1b-989f-3579fe67c560","local_time":"20210201111300","is_ascension_mode":true,"campfire_choices":[{"floor":11,"key":"REST"},{"data":"Uppercut","floor":15,"key":"SMITH"},{"data":"Inflame","floor":24,"key":"SMITH"},{"data":"Spot Weakness","floor":29,"key":"SMITH"},{"data":"Evolve","floor":32,"key":"SMITH"},{"floor":49,"key":"RECALL"},{"data":"Demon Form","floor":52,"key":"SMITH"}],"circlet_count":0,"master_deck":["Strike_R","Strike_R","Defend_R","Defend_R","Defend_R","Defend_R","Bash","Hemokinesis","Armaments+1","Feel No Pain","Seeing Red+1","Blood for Blood","Dark Embrace","Evolve+1","Uppercut+1","Immolate+1","Corruption","Entrench+1","Inflame+1","Shockwave","Feel No Pain+1","Shockwave","Spot Weakness+1","Feel No Pain","RitualDagger","Seeing Red+1","Impervious","Power Through","Heavy Blade+1","Apotheosis","Demon Form+1","Battle Trance","Exhume+1","True Grit+1","Magnetism","Enlightenment","Mayhem","Body Slam+1","Seeing Red+1","Ghostly Armor+1"],"relics":["Burning Blood","Blood Vial","Juzu Bracelet","Bloody Idol","Nunchaku","PreservedInsect","Happy Flower","Dream Catcher","Lantern","Smiling Mask","Snecko Eye","Bronze Scales","Bag of Preparation","MealTicket","The Courier","Tiny House","Toy Ornithopter","Pen Nib","White Beast Statue","War Paint","Pantograph","Art of War","Bottled Tornado","Oddly Smooth Stone"],"acts_visited":["Exordium","TheCity","TheBeyond","TheEnding"],"potions_floor_usage":[12,23,30,33,45,50,55,55,55,55,55,55],"damage_taken":[{"damage":11.0,"enemies":"Jaw Worm","floor":1.0,"turns":5.0},{"damage":16.0,"enemies":"Small Slimes","floor":2.0,"turns":3.0},{"damage":8.0,"enemies":"2 Louse","floor":5.0,"turns":3.0},{"damage":11.0,"enemies":"3 Sentries","floor":6.0,"turns":8.0},{"damage":20.0,"enemies":"Gremlin Nob","floor":8.0,"turns":3.0},{"damage":22,"enemies":"Lagavulin","floor":10,"turns":5},{"damage":4,"enemies":"Gremlin Nob","floor":12,"turns":2},{"damage":2,"enemies":"2 Fungi Beasts","floor":13,"turns":2},{"damage":15,"enemies":"3 Sentries","floor":14,"turns":6},{"damage":26,"enemies":"Slime Boss","floor":16,"turns":7},{"damage":10,"enemies":"Shell Parasite","floor":18,"turns":4},{"damage":0,"enemies":"3 Byrds","floor":22,"turns":3},{"damage":27,"enemies":"Book of Stabbing","floor":23,"turns":4},{"damage":6,"enemies":"Slavers","floor":25,"turns":3},{"damage":8,"enemies":"Centurion and Healer","floor":27,"turns":4},{"damage":0,"enemies":"Cultist and Chosen","floor":30,"turns":5},{"damage":12,"enemies":"Champ","floor":33,"turns":7},{"damage":31,"enemies":"Orb Walker","floor":35,"turns":4},{"damage":3,"enemies":"3 Darklings","floor":36,"turns":3},{"damage":2,"enemies":"Reptomancer","floor":40,"turns":4},{"damage":2,"enemies":"Giant Head","floor":42,"turns":5},{"damage":18,"enemies":"Nemesis","floor":45,"turns":5},{"damage":13,"enemies":"4 Shapes","floor":46,"turns":4},{"damage":2,"enemies":"Giant Head","floor":47,"turns":5},{"damage":30,"enemies":"Donu and Deca","floor":50,"turns":7},{"damage":59,"enemies":"Shield and Spear","floor":54,"turns":5},{"damage":42,"enemies":"The Heart","floor":55,"turns":6}],"seed_played":"-6927457285418319657","potions_obtained":[{"floor":5.0,"key":"DistilledChaos"},{"floor":6.0,"key":"ColorlessPotion"},{"floor":10,"key":"DuplicationPotion"},{"floor":12,"key":"ElixirPotion"},{"floor":13,"key":"Regen Potion"},{"floor":18,"key":"Strength Potion"},{"floor":27,"key":"SkillPotion"},{"floor":33,"key":"GamblersBrew"},{"floor":34,"key":"EntropicBrew"},{"floor":42,"key":"LiquidBronze"},{"floor":45,"key":"SkillPotion"},{"floor":54,"key":"PowerPotion"}],"is_trial":false,"path_per_floor":["M","M","?","?","M","E","?","E","T","E","R","E","M","E","R","B",null,"M","?","$","?","M","E","R","E","T","M","?","R","M","?","R","B",null,"M","M","$","T","?","E","?","E","T","?","E","M","E","?","R","B",null,"R","$","E","B",null],"character_chosen":"IRONCLAD","items_purchased":["Bronze Scales","Inflame","Apotheosis","Demon Form","Battle Trance","Exhume","Bottled Tornado"],"campfire_rested":1,"item_purchase_floors":[20,20,37,37,37,37,53],"current_hp_per_floor":[75,67,64,64,64,61,61,49,49,35,57,61,67,60,60,42,66,64,64,64,64,74,67,67,74,74,74,68,68,74,74,74,73,79,59,69,79,79,79,79,69,79,79,79,77,79,79,79,79,55,73,73,79,31,52],"gold":35,"neow_bonus":"RANDOM_COMMON_RELIC","is_daily":false,"chose_seed":false,"campfire_upgraded":5,"win_rate":0.0,"timestamp":1612195980,"path_taken":["M","M","?","?","M","E","?","E","T","E","R","E","M","E","R","BOSS","M","?","$","?","M","E","R","E","T","M","?","R","M","?","R","BOSS","M","M","$","?","?","E","?","E","T","?","E","M","E","?","R","BOSS","R","$","E","BOSS"],"items_purchased_type":["Relic","Card","Card","Card","Card","Card","Relic"],"build_version":"2020-12-22","purchased_purges":1,"victory":true,"max_hp_per_floor":[80,80,80,74,74,74,74,74,74,74,74,74,74,74,74,74,74,74,74,74,74,74,74,74,74,74,74,74,74,74,74,74,74,79,79,79,79,79,79,79,79,79,79,79,79,79,79,79,79,79,79,79,79,79,79],"relic_stats":{"Happy Flower":[33],"counters":[27,122],"PreservedInsect":584,"Pen Nib":[5],"Juzu Bracelet":3,"Bag of Preparation":[28],"War Paint":["Exhume","Seeing Red"],"Smiling Mask":25,"Burning Blood":152,"Blood Vial":34,"Nunchaku":[15],"Dream Catcher":1,"Bloody Idol":51,"Bronze Scales":[285],"Pantograph":25,"Snecko Eye":[189,150,145,141],"MealTicket":16,"Art of War":[5],"obtain_stats":[{"Lantern":12,"Tiny House":34,"Juzu Bracelet":3,"Bag of Preparation":23,"Bottled Tornado":53,"Smiling Mask":14,"Burning Blood":0,"Blood Vial":0,"Nunchaku":6,"Dream Catcher":10,"Pantograph":45,"MealTicket":25,"Happy Flower":9,"Golden Idol":4,"Oddly Smooth Stone":54,"PreservedInsect":8,"The Courier":26,"Pen Nib":39,"War Paint":42,"White Beast Statue":40,"Bloody Idol":19,"Bronze Scales":20,"Snecko Eye":17,"Art of War":47,"Toy Ornithopter":38},{"Lantern":7,"Tiny House":17,"Juzu Bracelet":2,"Bag of Preparation":13,"Bottled Tornado":25,"Smiling Mask":9,"Burning Blood":0,"Blood Vial":0,"Nunchaku":4,"Dream Catcher":6,"Pantograph":22,"MealTicket":14,"Happy Flower":5,"Golden Idol":2,"Oddly Smooth Stone":26,"PreservedInsect":5,"The Courier":14,"Pen Nib":19,"War Paint":21,"White Beast Statue":20,"Bloody Idol":11,"Bronze Scales":11,"Snecko Eye":10,"Art of War":24,"Toy Ornithopter":19},{"Lantern":29,"Tiny House":74,"Juzu Bracelet":8,"Bag of Preparation":55,"Bottled Tornado":111,"Smiling Mask":37,"Burning Blood":0,"Blood Vial":0,"Nunchaku":19,"Dream Catcher":27,"Pantograph":95,"MealTicket":58,"Happy Flower":22,"Golden Idol":8,"Oddly Smooth Stone":116,"PreservedInsect":22,"The Courier":58,"Pen Nib":81,"War Paint":90,"White Beast Statue":85,"Bloody Idol":48,"Bronze Scales":48,"Snecko Eye":44,"Art of War":104,"Toy Ornithopter":81}],"Toy Ornithopter":35},"card_choices":[{"not_picked":["Wild Strike","Cleave"],"picked":"Hemokinesis","floor":1.0},{"not_picked":["Intimidate","Second Wind"],"picked":"Armaments","floor":2.0},{"not_picked":["Uppercut","Dark Embrace"],"picked":"Feel No Pain","floor":5.0},{"not_picked":["Warcry","Reckless Charge"],"picked":"Seeing Red","floor":6.0},{"not_picked":["Twin Strike","Warcry"],"picked":"Blood for Blood","floor":8.0},{"not_picked":["Pummel","Thunderclap","True Grit"],"picked":"SKIP","floor":10},{"not_picked":["Clash","Havoc"],"picked":"Dark Embrace","floor":11},{"not_picked":["Cleave","Reckless Charge"],"picked":"Evolve","floor":12},{"not_picked":["Sentinel","Perfected Strike"],"picked":"Uppercut","floor":13},{"not_picked":["Burning Pact","Body Slam"],"picked":"Immolate","floor":14},{"not_picked":["Berserk","Bludgeon"],"picked":"Corruption","floor":16},{"not_picked":["Body Slam+1","Armaments"],"picked":"Entrench+1","floor":18},{"not_picked":["Havoc+1","Iron Wave+1"],"picked":"Feel No Pain+1","floor":22},{"not_picked":["Body Slam","True Grit"],"picked":"Shockwave","floor":23},{"not_picked":["Havoc+1","Combust"],"picked":"Spot Weakness","floor":25},{"not_picked":["Armaments","Sentinel"],"picked":"Feel No Pain","floor":27},{"not_picked":["Combust+1","Reckless Charge"],"picked":"Seeing Red","floor":30},{"not_picked":["Bludgeon","Exhume"],"picked":"Impervious","floor":33},{"not_picked":["Wild Strike+1","Perfected Strike"],"picked":"Power Through","floor":34},{"not_picked":["Sword Boomerang+1","Havoc"],"picked":"Heavy Blade+1","floor":35},{"not_picked":["Warcry","Hemokinesis","Havoc"],"picked":"SKIP","floor":36},{"not_picked":["Wild Strike+1","Dropkick+1"],"picked":"True Grit+1","floor":40},{"not_picked":["Metamorphosis","Finesse"],"picked":"Magnetism","floor":41},{"not_picked":["Impatience","Transmutation"],"picked":"Enlightenment","floor":41},{"not_picked":["Panacea","Discovery"],"picked":"Mayhem","floor":41},{"not_picked":["Heavy Blade+1","Thunderclap","Sever Soul"],"picked":"SKIP","floor":42},{"not_picked":["Pommel Strike+1","Spot Weakness"],"picked":"Body Slam+1","floor":45},{"not_picked":["Blood for Blood+1","Clash+1","Armaments+1"],"picked":"SKIP","floor":46},{"not_picked":["Sword Boomerang","Rupture+1"],"picked":"Seeing Red+1","floor":47},{"not_picked":["Warcry","Perfected Strike"],"picked":"Ghostly Armor+1","floor":54}],"player_experience":1193192,"relics_obtained":[{"floor":6.0,"key":"Nunchaku"},{"floor":8.0,"key":"PreservedInsect"},{"floor":9.0,"key":"Happy Flower"},{"floor":10,"key":"Dream Catcher"},{"floor":12,"key":"Lantern"},{"floor":14,"key":"Smiling Mask"},{"floor":23,"key":"Bag of Preparation"},{"floor":25,"key":"MealTicket"},{"floor":26,"key":"The Courier"},{"floor":38,"key":"Toy Ornithopter"},{"floor":40,"key":"White Beast Statue"},{"floor":42,"key":"War Paint"},{"floor":45,"key":"Pantograph"},{"floor":47,"key":"Art of War"},{"floor":54,"key":"Oddly Smooth Stone"}],"event_choices":[{"damage_healed":0.0,"max_hp_gain":0.0,"max_hp_loss":0.0,"gold_gain":0.0,"event_name":"Scrap Ooze","player_choice":"Success","floor":3.0,"gold_loss":0.0,"damage_taken":3.0,"relics_obtained":["Juzu Bracelet"]},{"damage_healed":0.0,"max_hp_gain":0.0,"max_hp_loss":6.0,"gold_gain":0.0,"event_name":"Golden Idol","player_choice":"Lose Max HP","floor":4.0,"gold_loss":0.0,"damage_taken":0.0,"relics_obtained":["Golden Idol"]},{"damage_healed":0.0,"max_hp_gain":0.0,"max_hp_loss":0.0,"gold_gain":0.0,"event_name":"Living Wall","player_choice":"Grow","floor":7.0,"gold_loss":0.0,"damage_taken":0.0,"cards_upgraded":["Armaments"]},{"damage_healed":0,"gold_gain":0,"player_choice":"Gave Idol","damage_taken":0,"relics_obtained":["Bloody Idol"],"max_hp_gain":0,"max_hp_loss":0,"event_name":"Forgotten Altar","floor":19,"relics_lost":["Golden Idol"],"gold_loss":0},{"damage_healed":0,"gold_gain":0,"player_choice":"Read","damage_taken":0,"max_hp_gain":0,"max_hp_loss":0,"event_name":"The Library","floor":21,"gold_loss":0,"cards_obtained":["Shockwave"]},{"damage_healed":0,"gold_gain":0,"player_choice":"Joined the Cult","damage_taken":6,"max_hp_gain":0,"max_hp_loss":0,"event_name":"Nest","floor":28,"gold_loss":0,"cards_obtained":["RitualDagger"]},{"cards_removed":["Strike_R"],"damage_healed":0,"gold_gain":0,"player_choice":"Upgrade and Remove","damage_taken":0,"max_hp_gain":0,"max_hp_loss":0,"event_name":"Designer","floor":31,"gold_loss":90,"cards_upgraded":["Immolate"]},{"damage_healed":0,"gold_gain":0,"player_choice":"Gave Potion","damage_taken":0,"relics_obtained":["Pen Nib"],"max_hp_gain":0,"max_hp_loss":0,"event_name":"WeMeetAgain","floor":39,"gold_loss":0},{"damage_healed":0,"gold_gain":0,"player_choice":"Memory 3","damage_taken":10,"max_hp_gain":0,"max_hp_loss":0,"event_name":"SensoryStone","floor":41,"gold_loss":0},{"cards_removed":["Strike_R"],"damage_healed":0,"gold_gain":0,"player_choice":"Card Removal","damage_taken":0,"max_hp_gain":0,"max_hp_loss":0,"event_name":"Wheel of Change","floor":44,"gold_loss":0},{"damage_healed":0,"gold_gain":0,"player_choice":"Ignored","damage_taken":0,"max_hp_gain":0,"max_hp_loss":0,"event_name":"NoteForYourself","floor":48,"gold_loss":0}],"is_beta":false,"boss_relics":[{"not_picked":["SacredBark","Ectoplasm"],"picked":"Snecko Eye"},{"not_picked":["Black Star","Runic Cube"],"picked":"Tiny House"}],"items_purged_floors":[20],"is_endless":false,"potions_floor_spawned":[5,6,10,12,13,18,27,33,35,36,42,45,46,47,54],"ascension_level":5}}