{"host":"knspyp6dy614fx6e","time":1612161125,"event":{"mods":["ATMod(阿瑾Mod)","Aspiration","BaseMod","Better Altar","Better Skull","Better Third Choice","Card Filter","DeckTracker","Dota2Spire","Energized Spire","Jedi Mod","Minty Spire (QoL Compilation)","Quick Restart","Relic Filter Mod","Relic Stats","Reliquary","Shop Mod","Spicy Shops","StSLib","TestMod","Waifu the Spire","【遗物卡牌】REMEMod"],"gold_per_floor":[112,132,151,165,180,180,191,191,214,249,136,136,162,62,62,157,157,177,177,577,577,594,625,625,650,650,650,630,648,675,147,147,249,249,264,278,401,421,466,501,530,73,73,39,39,39,39,39,39,39,39,39,39,39,39],"floor_reached":56,"language":"ZHS","playtime":2697,"items_purged":["jedi:thedog","Strike_G","Pain","Slice","Eviscerate"],"score":2112,"play_id":"15a611a4-086b-40d1-958f-0b8d9d887ae9","local_time":"20210201143205","is_ascension_mode":true,"campfire_choices":[{"data":"Neutralize","floor":6.0,"key":"SMITH"},{"data":"jedi:unstablefumes","floor":8.0,"key":"SMITH"},{"data":"Acrobatics","floor":15.0,"key":"SMITH"},{"data":"REME_SpectralBlade","floor":24.0,"key":"SMITH"},{"data":"AT_WindFlip","floor":27.0,"key":"SMITH"},{"data":"AT_Desolate","floor":32.0,"key":"SMITH"},{"data":"AT_EmpoweredMortalDraw","floor":47.0,"key":"SMITH"},{"floor":49,"key":"RECALL"},{"data":"Venomology","floor":52,"key":"SMITH"}],"circlet_count":0,"master_deck":["AscendersBane","Neutralize+1","Acrobatics+1","jedi:unstablefumes+1","Blade Dance+1","AT_WindFlip+1","AT_Desolate+1","Unload","Deflect","Venomology+1","REME_SpectralBlade+1","REME_GreenPollution+1","Tactician+1","Cloak And Dagger+1","Terror+1","Reflex+1","AT_ShadowStep+1","Phantasmal Killer+1","Cloak And Dagger+1","AT_EmpoweredMortalDraw+1","Acrobatics+1","Calculated Gamble+1","Cloak And Dagger+1"],"relics":["Ring of the Snake","testmod-TestBox","AT_GoldPhoenixTree","REME_HandOfSuture","AT_ArcaneBoots","testmod-CasingShield","energizedSpire:OgreHead","reliquary:PartyBalloon","REME_PoisonedDagger","Paper Crane","TungstenRod","Red Mask","Toxic Egg 2","MerchantsRug","Coffee Dripper","Mercury Hourglass","The Specimen","Dota2Spire:EyeOfSkadi","Membership Card","reliquary:RoseTintedGlasses","aspiration:AnachronicSnailShell","testmod-AssaultLearning","jedi:ominousloannote","War Paint","Omamori","Bird Faced Urn","Nunchaku","Gambling Chip","jedi:gremlinknob","FossilizedHelix"],"acts_visited":["Exordium","TheCity","TheBeyond","TheEnding"],"potions_floor_usage":[50,54,55],"damage_taken":[{"damage":6.0,"enemies":"Small Slimes","floor":1.0,"turns":5.0},{"damage":0.0,"enemies":"2 Louse","floor":2.0,"turns":4.0},{"damage":0.0,"enemies":"Cultist","floor":3.0,"turns":4.0},{"damage":0.0,"enemies":"3 Louse","floor":4.0,"turns":3.0},{"damage":4.0,"enemies":"Exordium Wildlife","floor":5.0,"turns":5.0},{"damage":4.0,"enemies":"Red Slaver","floor":7.0,"turns":4.0},{"damage":17.0,"enemies":"Lagavulin","floor":10.0,"turns":3.0},{"damage":0.0,"enemies":"Gremlin Nob","floor":13.0,"turns":2.0},{"damage":0.0,"enemies":"Hexaghost","floor":16.0,"turns":9.0},{"damage":5.0,"enemies":"2 Thieves","floor":18.0,"turns":2.0},{"damage":0.0,"enemies":"Chosen","floor":22.0,"turns":3.0},{"damage":0.0,"enemies":"Slavers","floor":23.0,"turns":6.0},{"damage":0.0,"enemies":"Book of Stabbing","floor":25.0,"turns":4.0},{"damage":0.0,"enemies":"Centurion and Healer","floor":29.0,"turns":3.0},{"damage":0.0,"enemies":"Masked Bandits","floor":30.0,"turns":2.0},{"damage":11.0,"enemies":"Automaton","floor":33.0,"turns":4.0},{"damage":0.0,"enemies":"Orb Walker","floor":35.0,"turns":2.0},{"damage":6.0,"enemies":"3 Darklings","floor":36.0,"turns":2.0},{"damage":0.0,"enemies":"Jaw Worm Horde","floor":38.0,"turns":2.0},{"damage":0.0,"enemies":"Transient","floor":39.0,"turns":5.0},{"damage":34.0,"enemies":"Reptomancer","floor":40.0,"turns":3.0},{"damage":0.0,"enemies":"Giant Head","floor":41.0,"turns":4.0},{"damage":0.0,"enemies":"Reptomancer","floor":45.0,"turns":2.0},{"damage":0.0,"enemies":"Sphere and 2 Shapes","floor":46.0,"turns":1.0},{"damage":4.0,"enemies":"Mind Bloom Boss Battle","floor":48.0,"turns":2.0},{"damage":16,"enemies":"Awakened One","floor":50,"turns":5},{"damage":4,"enemies":"Shield and Spear","floor":54,"turns":3},{"damage":23,"enemies":"The Heart","floor":55,"turns":6}],"seed_played":"-841856148057849210","potions_obtained":[{"floor":2.0,"key":"Dota2Spire:Clarity"},{"floor":4.0,"key":"Swift Potion"},{"floor":13.0,"key":"SteroidPotion"},{"floor":22.0,"key":"Ancient Potion"},{"floor":28.0,"key":"EssenceOfSteel"},{"floor":29.0,"key":"EntropicBrew"},{"floor":30.0,"key":"SteroidPotion"},{"floor":37.0,"key":"FairyPotion"},{"floor":39.0,"key":"Swift Potion"},{"floor":40.0,"key":"AttackPotion"},{"floor":41.0,"key":"CunningPotion"},{"floor":45.0,"key":"CultistPotion"}],"is_trial":false,"path_per_floor":["M","M","M","M","M","R","M","R","T","E","$","?","E","$","R","B",null,"M","?","?","?","M","E","R","E","T","R","?","M","?","$","R","B",null,"M","M","?","M","M","E","E","$","T","$","E","M","R","?","R","B",null,"R","$","E","B",null],"character_chosen":"THE_SILENT","items_purchased":["Eviscerate","Toxic Egg 2","Reflex+1","AT_ShadowStep+1","MerchantsRug","Membership Card","reliquary:RoseTintedGlasses","aspiration:AnachronicSnailShell","testmod-AssaultLearning","jedi:ominousloannote","War Paint","Omamori","Bird Faced Urn","Nunchaku"],"campfire_rested":0,"item_purchase_floors":[11,31,31,31,31,42,42,42,42,44,44,44,44,44],"current_hp_per_floor":[57,57,57,57,53,53,49,49,49,32,32,37,37,37,37,37,66,61,61,61,61,61,61,61,61,61,61,61,61,61,61,61,50,69,69,63,63,63,63,29,34,34,34,34,38,42,42,44,44,32,68,68,68,66,47],"gold":39,"neow_bonus":"ONE_RARE_RELIC","is_daily":false,"chose_seed":false,"campfire_upgraded":8,"win_rate":0.0,"timestamp":1612161125,"path_taken":["M","M","M","M","M","R","M","R","T","E","$","?","E","$","R","BOSS","M","?","?","?","M","E","R","E","T","R","?","?","?","$","R","BOSS","M","M","?","?","M","E","E","$","T","?","E","?","R","?","R","BOSS","R","$","E","BOSS"],"items_purchased_type":["Card","Relic","Card","Card","Relic","Relic","Relic","Relic","Relic","Relic","Relic","Relic","Relic","Relic"],"build_version":"2020-12-22","purchased_purges":5,"victory":true,"max_hp_per_floor":[70,70,70,70,70,70,70,70,70,70,70,75,75,75,75,75,75,75,75,75,75,75,75,75,75,75,75,75,75,75,75,75,75,75,75,75,75,75,75,75,80,80,80,80,80,80,80,80,80,80,80,80,80,80,80],"relic_stats":{"Nunchaku":[7],"counters":[28,100],"Bird Faced Urn":[24],"Gambling Chip":[15],"War Paint":["Terror","Blade Dance"],"obtain_stats":[{"AT_ATBox":0,"reliquary:PartyBalloon":21,"AT_ArcaneBoots":40,"testmod-KeyOfTheVoid":19,"testmod-CasingShield":13,"Nunchaku":44,"Dota2Spire:EyeOfSkadi":41,"aspiration:AnachronicSnailShell":42,"Gambling Chip":45,"reliquary:RoseTintedGlasses":42,"Red Mask":30,"Toxic Egg 2":31,"Ring of the Snake":0,"MerchantsRug":31,"testmod-TestBox":0,"The Specimen":40,"AT_GoldPhoenixTree":0,"jedi:gremlinknob":48,"energizedSpire:OgreHead":17,"Omamori":44,"Paper Crane":25,"War Paint":44,"REME_PoisonedDagger":23,"Mercury Hourglass":37,"AT_SpeedBoots":10,"jedi:ominousloannote":44,"testmod-AssaultLearning":42,"Bird Faced Urn":44,"REME_HandOfSuture":9,"Coffee Dripper":34,"Membership Card":42,"TungstenRod":26,"FossilizedHelix":54,"REME_ComplimentaryCards":0},{"AT_ATBox":0,"reliquary:PartyBalloon":10,"AT_ArcaneBoots":21,"testmod-KeyOfTheVoid":10,"testmod-CasingShield":8,"Nunchaku":22,"Dota2Spire:EyeOfSkadi":22,"aspiration:AnachronicSnailShell":22,"Gambling Chip":23,"reliquary:RoseTintedGlasses":22,"Red Mask":15,"Toxic Egg 2":15,"Ring of the Snake":0,"MerchantsRug":15,"testmod-TestBox":0,"The Specimen":21,"AT_GoldPhoenixTree":0,"jedi:gremlinknob":25,"energizedSpire:OgreHead":9,"Omamori":22,"Paper Crane":13,"War Paint":22,"REME_PoisonedDagger":12,"Mercury Hourglass":18,"AT_SpeedBoots":7,"jedi:ominousloannote":22,"testmod-AssaultLearning":22,"Bird Faced Urn":22,"REME_HandOfSuture":6,"Coffee Dripper":16,"Membership Card":22,"TungstenRod":13,"FossilizedHelix":27,"REME_ComplimentaryCards":0},{"AT_ATBox":0,"reliquary:PartyBalloon":41,"AT_ArcaneBoots":75,"testmod-KeyOfTheVoid":41,"testmod-CasingShield":30,"Nunchaku":81,"Dota2Spire:EyeOfSkadi":81,"aspiration:AnachronicSnailShell":81,"Gambling Chip":83,"reliquary:RoseTintedGlasses":81,"Red Mask":59,"Toxic Egg 2":59,"Ring of the Snake":0,"MerchantsRug":59,"testmod-TestBox":0,"The Specimen":77,"AT_GoldPhoenixTree":0,"jedi:gremlinknob":86,"energizedSpire:OgreHead":39,"Omamori":81,"Paper Crane":54,"War Paint":81,"REME_PoisonedDagger":50,"Mercury Hourglass":67,"AT_SpeedBoots":28,"jedi:ominousloannote":81,"testmod-AssaultLearning":81,"Bird Faced Urn":81,"REME_HandOfSuture":25,"Coffee Dripper":63,"Membership Card":81,"TungstenRod":54,"FossilizedHelix":94,"REME_ComplimentaryCards":0}],"TungstenRod":29,"Ring of the Snake":[56],"Mercury Hourglass":[122]},"card_choices":[{"not_picked":["PiercingWail","Underhanded Strike"],"picked":"Slice","floor":1.0},{"not_picked":["PiercingWail","Bane"],"picked":"Acrobatics","floor":2.0},{"not_picked":["Well Laid Plans","Flying Knee"],"picked":"jedi:unstablefumes","floor":3.0},{"not_picked":["Tactician","AT_WomanClash"],"picked":"Blade Dance","floor":4.0},{"not_picked":["Acrobatics","Poisoned Stab"],"picked":"AT_WindFlip","floor":5.0},{"not_picked":["AT_WomanClash","Quick Slash"],"picked":"AT_Desolate","floor":7.0},{"not_picked":["Sucker Punch","Blade Dance"],"picked":"Unload","floor":10.0},{"not_picked":["Sucker Punch","Poisoned Stab"],"picked":"Deflect","floor":13.0},{"not_picked":["Storm of Steel","Envenom"],"picked":"Venomology","floor":16.0},{"not_picked":["Bane","Deflect","Cloak And Dagger"],"picked":"SKIP","floor":18.0},{"not_picked":["Blade Dance","Dash"],"picked":"REME_SpectralBlade","floor":22.0},{"not_picked":["Riddle With Holes+1","PiercingWail"],"picked":"REME_GreenPollution+1","floor":23.0},{"not_picked":["Noxious Fumes+1","Flying Knee"],"picked":"Tactician+1","floor":25.0},{"not_picked":["jedi:unstablefumes","Noxious Fumes+1"],"picked":"Cloak And Dagger+1","floor":29.0},{"not_picked":["Skewer","Underhanded Strike"],"picked":"Terror","floor":30.0},{"not_picked":["AT_KingSlayer","jedi:rejectivetoxin+1"],"picked":"Phantasmal Killer+1","floor":33.0},{"not_picked":["Sucker Punch","AT_TinkerSharpsword+1","Slice"],"picked":"SKIP","floor":35.0},{"not_picked":["Flying Knee","Dodge and Roll+1"],"picked":"Cloak And Dagger+1","floor":36.0},{"not_picked":["PanicButton+1","testmod-RabbitOfFibonacci"],"picked":"AT_EmpoweredMortalDraw","floor":37.0},{"not_picked":["Heel Hook","REME_GreenPollution","jedi:unstablefumes+1"],"picked":"SKIP","floor":38.0},{"not_picked":["AT_WindFlip","Slice+1","Dagger Throw"],"picked":"SKIP","floor":39.0},{"not_picked":["Slice+1","jedi:pocketpoison+1"],"picked":"Acrobatics+1","floor":40.0},{"not_picked":["AT_WindFlip+1","Terror+1","PiercingWail+1"],"picked":"SKIP","floor":41.0},{"not_picked":["Slice","Dagger Spray","Flying Knee"],"picked":"SKIP","floor":45.0},{"not_picked":["jedi:studypoison+1","Dagger Spray+1"],"picked":"Calculated Gamble+1","floor":46.0},{"not_picked":["jedi:pocketpoison+1","Sucker Punch+1"],"picked":"Cloak And Dagger+1","floor":48},{"not_picked":["Terror+1","jedi:studyshivs+1","Noxious Fumes"],"picked":"SKIP","floor":54}],"player_experience":280143,"relics_obtained":[{"floor":9.0,"key":"REME_HandOfSuture"},{"floor":10.0,"key":"AT_SpeedBoots"},{"floor":13.0,"key":"testmod-CasingShield"},{"floor":21.0,"key":"reliquary:PartyBalloon"},{"floor":23.0,"key":"REME_PoisonedDagger"},{"floor":25.0,"key":"Paper Crane"},{"floor":26.0,"key":"TungstenRod"},{"floor":30.0,"key":"Red Mask"},{"floor":37.0,"key":"Mercury Hourglass"},{"floor":40.0,"key":"The Specimen"},{"floor":41.0,"key":"Dota2Spire:EyeOfSkadi"},{"floor":45.0,"key":"Gambling Chip"},{"floor":48,"key":"jedi:gremlinknob"},{"floor":54,"key":"FossilizedHelix"}],"event_choices":[{"damage_healed":0.0,"max_hp_gain":5.0,"max_hp_loss":0.0,"gold_gain":0.0,"event_name":"Big Fish","player_choice":"Donut","floor":12.0,"gold_loss":0.0,"damage_taken":0.0},{"damage_healed":0.0,"max_hp_gain":0.0,"max_hp_loss":0.0,"gold_gain":0.0,"event_name":"给自己的盒子","player_choice":"Swap Relic","floor":19.0,"relics_lost":["AT_ATBox"],"gold_loss":0.0,"damage_taken":0.0,"relics_obtained":["testmod-KeyOfTheVoid"]},{"damage_healed":0.0,"max_hp_gain":0.0,"max_hp_loss":0.0,"gold_gain":400.0,"event_name":"恩洛斯的盘子","player_choice":"Sell","floor":20.0,"relics_lost":["REME_ComplimentaryCards"],"gold_loss":0.0,"damage_taken":0.0},{"damage_healed":0.0,"max_hp_gain":0.0,"max_hp_loss":0.0,"gold_gain":0.0,"event_name":"The Woman in Blue","player_choice":"Bought 1 Potion","floor":28.0,"gold_loss":0.0,"damage_taken":0.0},{"damage_healed":0.0,"max_hp_gain":0.0,"max_hp_loss":0.0,"gold_gain":0.0,"event_name":"Masked Bandits","player_choice":"Fought Bandits","floor":30.0,"gold_loss":0.0,"damage_taken":0.0},{"damage_healed":0.0,"max_hp_gain":0.0,"max_hp_loss":0.0,"gold_gain":0.0,"event_name":"betterThird:BetterPortal","player_choice":"Random: Red","floor":37.0,"gold_loss":0.0,"damage_taken":0.0},{"damage_healed":0.0,"max_hp_gain":0.0,"max_hp_loss":0.0,"gold_gain":0.0,"event_name":"MindBloom","player_choice":"Fight","floor":48.0,"gold_loss":0.0,"damage_taken":0.0}],"is_beta":false,"boss_relics":[{"not_picked":["Fusion Hammer","Velvet Choker"],"picked":"energizedSpire:OgreHead"},{"not_picked":["jedi:battlestandard","REME_LowDesire"],"picked":"Coffee Dripper"}],"items_purged_floors":[11,14,42,42,44],"is_endless":false,"potions_floor_spawned":[2,4,13,22,29,30,39,40,41,45,46],"ascension_level":10}}