{"host":"knspyp6dy614fx6e","time":1612169542,"event":{"mods":["ATMod(°¢èªMod)","Aspiration","BaseMod","Better Altar","Better Skull","Better Third Choice","Card Filter","DeckTracker","Dota2Spire","Energized Spire","Jedi Mod","Minty Spire (QoL Compilation)","Quick Restart","Relic Filter Mod","Relic Stats","Reliquary","Shop Mod","Spicy Shops","StSLib","TestMod","Waifu the Spire","¡¾ÒÅÎï¿¨ÅÆ¡¿REMEMod"],"gold_per_floor":[111,130,149,149,169,169,203,216,241,8,34,45,59,93,93,167,167,181,181,231,249,269,299,299,326,326,355,44,61,76,94,94,171,171,188,204,217,236,254,254,279,290,290,307,324,46,446,456,456,456,456,456,456,15,49,49,49],"floor_reached":56,"language":"ZHS","playtime":3981,"items_purged":["Strike_R","Strike_R","Strike_R"],"score":2088,"play_id":"9f6bc55b-e231-44e5-aded-0abc6904bb55","local_time":"20210201165222","is_ascension_mode":true,"campfire_choices":[{"data":"Immolate","floor":6.0,"key":"SMITH"},{"data":"Armaments","floor":15.0,"key":"SMITH"},{"data":"Offering","floor":24.0,"key":"SMITH"},{"data":"Evolve","floor":32.0,"key":"SMITH"},{"floor":40.0,"key":"REST"},{"floor":49.0,"key":"RECALL"},{"floor":53.0,"key":"REST"}],"circlet_count":0,"master_deck":["AscendersBane","Strike_R","Defend_R","Defend_R","Defend_R","Defend_R","Bash","Rampage","Armaments+1","Fire Breathing","Madness","Immolate+1","Seeing Red","Pommel Strike","AT_DrawKnifeCut","Power Through","Offering+1","Shrug It Off","Headbutt","Sentinel+1","Metallicize","Thunderclap","Second Wind+1","Evolve+1","Berserk","Impervious","Feel No Pain","REME_SingleHolding","REME_FearOfPain+1"],"relics":["Burning Blood","testmod-TestBox","REME_ComplimentaryCards","Ginger","reliquary:Crutches","Champion Belt","AT_GreenNoBalance","Philosopher\u0027s Stone","Kunai","Singing Bowl","Dota2Spire:ArcaneBoots","REME_CardOfGreed","Fusion Hammer","Akabeko","AT_ForceNature","testmod-InjuryResistance","MerchantsRug","reliquary:PrincelyHelmet"],"acts_visited":["Exordium","TheCity","TheBeyond","TheEnding"],"potions_floor_usage":[],"damage_taken":[{"damage":8.0,"enemies":"Small Slimes","floor":1.0,"turns":4.0},{"damage":6.0,"enemies":"Cultist","floor":2.0,"turns":3.0},{"damage":12.0,"enemies":"2 Louse","floor":3.0,"turns":3.0},{"damage":20.0,"enemies":"Exordium Thugs","floor":5.0,"turns":5.0},{"damage":31.0,"enemies":"Gremlin Nob","floor":7.0,"turns":4.0},{"damage":0.0,"enemies":"Lots of Slimes","floor":8.0,"turns":1.0},{"damage":22.0,"enemies":"Lagavulin","floor":11.0,"turns":6.0},{"damage":14.0,"enemies":"Gremlin Gang","floor":12.0,"turns":3.0},{"damage":5.0,"enemies":"Looter","floor":13.0,"turns":2.0},{"damage":9.0,"enemies":"3 Sentries","floor":14.0,"turns":3.0},{"damage":42.0,"enemies":"The Guardian","floor":16.0,"turns":8.0},{"damage":32.0,"enemies":"2 Thieves","floor":18.0,"turns":3.0},{"damage":15.0,"enemies":"Spheric Guardian","floor":21.0,"turns":4.0},{"damage":0.0,"enemies":"3 Cultists","floor":22.0,"turns":4.0},{"damage":32.0,"enemies":"Gremlin Leader","floor":23.0,"turns":5.0},{"damage":45.0,"enemies":"Book of Stabbing","floor":25.0,"turns":5.0},{"damage":6.0,"enemies":"Gremlin Leader","floor":27.0,"turns":5.0},{"damage":9.0,"enemies":"Centurion and Healer","floor":29.0,"turns":4.0},{"damage":6.0,"enemies":"Snake Plant","floor":30.0,"turns":2.0},{"damage":9.0,"enemies":"3 Cultists","floor":31.0,"turns":4.0},{"damage":22.0,"enemies":"Champ","floor":33.0,"turns":10.0},{"damage":21.0,"enemies":"3 Shapes","floor":35.0,"turns":1.0},{"damage":11.0,"enemies":"Orb Walker","floor":36.0,"turns":3.0},{"damage":13.0,"enemies":"4 Shapes","floor":37.0,"turns":2.0},{"damage":6.0,"enemies":"Transient","floor":38.0,"turns":6.0},{"damage":6.0,"enemies":"3 Darklings","floor":39.0,"turns":4.0},{"damage":35.0,"enemies":"Nemesis","floor":41.0,"turns":9.0},{"damage":6.0,"enemies":"Maw","floor":42.0,"turns":5.0},{"damage":0.0,"enemies":"4 Shapes","floor":44.0,"turns":3.0},{"damage":0.0,"enemies":"Jaw Worm Horde","floor":45.0,"turns":3.0},{"damage":3.0,"enemies":"3 Darklings","floor":48.0,"turns":3.0},{"damage":53.0,"enemies":"Awakened One","floor":50.0,"turns":12.0},{"damage":0.0,"enemies":"Donu and Deca","floor":51.0,"turns":9.0},{"damage":26,"enemies":"Shield and Spear","floor":55,"turns":9},{"damage":81,"enemies":"The Heart","floor":56,"turns":6}],"seed_played":"-6717740994384273418","potions_obtained":[{"floor":2.0,"key":"Dexterity Potion"},{"floor":3.0,"key":"Dota2Spire:HealingSalve"},{"floor":11.0,"key":"SteroidPotion"},{"floor":13.0,"key":"testmod-TestPotion"},{"floor":14.0,"key":"Dota2Spire:HealingSalve"},{"floor":21.0,"key":"FearPotion"},{"floor":22.0,"key":"Swift Potion"},{"floor":25.0,"key":"SneckoOil"},{"floor":29.0,"key":"Explosive Potion"},{"floor":30.0,"key":"PowerPotion"},{"floor":38.0,"key":"SkillPotion"},{"floor":41.0,"key":"LiquidMemories"},{"floor":45.0,"key":"Strength Potion"}],"is_trial":false,"path_per_floor":["M","M","M","?","M","R","E","M","T","$","E","M","M","E","R","B",null,"M","$","?","M","M","E","R","E","T","E","$","M","M","M","R","B",null,"M","M","M","M","M","R","E","M","T","M","M","$","?","M","R","B","B",null,"R","$","E","B"],"character_chosen":"IRONCLAD","items_purchased":["Lee\u0027s Waffle","Thunderclap","REME_CardOfGreed","AT_ForceNature","testmod-InjuryResistance","MerchantsRug","REME_SingleHolding"],"campfire_rested":2,"item_purchase_floors":[10,28,28,46,54,54,54],"current_hp_per_floor":[66,66,60,60,46,46,21,27,27,75,59,51,52,49,49,7,58,11,11,11,28,43,11,11,12,12,38,38,37,37,34,34,18,64,51,48,43,45,47,73,46,48,48,54,62,62,62,67,67,20,26,79,99,99,79,0,0],"gold":49,"neow_bonus":"ONE_RARE_RELIC","is_daily":false,"chose_seed":false,"campfire_upgraded":4,"win_rate":0.0,"timestamp":1612169542,"path_taken":["M","M","M","?","M","R","E","?","T","$","E","?","M","E","R","BOSS","M","$","?","?","M","E","R","E","T","E","$","M","M","?","R","BOSS","M","?","M","M","?","R","E","M","T","M","M","$","?","?","R","BOSS","BOSS","R","$","E","BOSS"],"items_purchased_type":["Relic","Card","Relic","Relic","Relic","Relic","Card"],"build_version":"2020-12-22","purchased_purges":3,"victory":false,"max_hp_per_floor":[68,68,68,68,68,68,68,68,68,75,75,75,75,75,75,75,75,75,75,75,75,75,75,75,77,77,77,77,79,79,79,79,79,79,81,83,85,87,89,89,91,93,93,93,95,95,95,97,97,97,97,97,99,99,99,99,99],"relic_stats":{"Singing Bowl":24,"counters":[35,163],"Ginger":[12],"Champion Belt":[64],"Kunai":[67],"obtain_stats":[{"Potion Belt":9,"AT_ForceNature":46,"MerchantsRug":54,"Lee\u0027s Waffle":10,"AT_ATBox":0,"testmod-TestBox":0,"Singing Bowl":25,"reliquary:PrincelyHelmet":55,"AT_GreenNoBalance":27,"AT_SilverBalance":14,"Ginger":0,"Burning Blood":0,"Akabeko":41,"reliquary:Crutches":7,"Dream Catcher":27,"testmod-InjuryResistance":54,"Philosopher\u0027s Stone":17,"Fusion Hammer":34,"Champion Belt":11,"Kunai":23,"Dota2Spire:ArcaneBoots":26,"REME_CardOfGreed":28,"REME_ComplimentaryCards":0},{"Potion Belt":6,"AT_ForceNature":30,"MerchantsRug":33,"Lee\u0027s Waffle":6,"AT_ATBox":0,"testmod-TestBox":0,"Singing Bowl":16,"reliquary:PrincelyHelmet":34,"AT_GreenNoBalance":17,"AT_SilverBalance":10,"Ginger":0,"Burning Blood":0,"Akabeko":27,"reliquary:Crutches":5,"Dream Catcher":17,"testmod-InjuryResistance":33,"Philosopher\u0027s Stone":11,"Fusion Hammer":21,"Champion Belt":7,"Kunai":15,"Dota2Spire:ArcaneBoots":16,"REME_CardOfGreed":17,"REME_ComplimentaryCards":0},{"Potion Belt":20,"AT_ForceNature":124,"MerchantsRug":148,"Lee\u0027s Waffle":20,"AT_ATBox":0,"testmod-TestBox":0,"Singing Bowl":63,"reliquary:PrincelyHelmet":157,"AT_GreenNoBalance":63,"AT_SilverBalance":34,"Ginger":0,"Burning Blood":0,"Akabeko":113,"reliquary:Crutches":19,"Dream Catcher":68,"testmod-InjuryResistance":148,"Philosopher\u0027s Stone":42,"Fusion Hammer":88,"Champion Belt":26,"Kunai":58,"Dota2Spire:ArcaneBoots":63,"REME_CardOfGreed":68,"REME_ComplimentaryCards":0}],"Burning Blood":204},"card_choices":[{"not_picked":["Clash","Body Slam"],"picked":"Rampage","floor":1.0},{"not_picked":["Wild Strike","Ghostly Armor"],"picked":"Armaments","floor":2.0},{"not_picked":["Searing Blow","Clash"],"picked":"Fire Breathing","floor":3.0},{"not_picked":["Disarm","Shrug It Off"],"picked":"Immolate","floor":5.0},{"not_picked":["Rampage","Twin Strike"],"picked":"Seeing Red","floor":7.0},{"not_picked":["Cleave","Entrench"],"picked":"Pommel Strike","floor":8.0},{"not_picked":["Heavy Blade","Clash","Wild Strike"],"picked":"SKIP","floor":11.0},{"not_picked":["Heavy Blade","Armaments","Intimidate"],"picked":"SKIP","floor":12.0},{"not_picked":["Inflame","Shrug It Off"],"picked":"AT_DrawKnifeCut","floor":13.0},{"not_picked":["Dual Wield","Pommel Strike"],"picked":"Power Through","floor":14.0},{"not_picked":["Juggernaut","Impervious"],"picked":"Offering","floor":16.0},{"not_picked":["Uppercut","Twin Strike+1"],"picked":"Shrug It Off","floor":18.0},{"not_picked":["Blood for Blood","Heavy Blade"],"picked":"Headbutt","floor":21.0},{"not_picked":["Sword Boomerang","REME_Cut"],"picked":"Sentinel+1","floor":22.0},{"not_picked":["Body Slam","Headbutt","Flame Barrier"],"picked":"SKIP","floor":23.0},{"not_picked":["Whirlwind","Dropkick+1","Ghostly Armor"],"picked":"Singing Bowl","floor":25.0},{"not_picked":["Perfected Strike","Heavy Blade"],"picked":"Metallicize","floor":27.0},{"not_picked":["Pommel Strike","Iron Wave","Infernal Blade"],"picked":"Singing Bowl","floor":29.0},{"not_picked":["Hemokinesis","Flex"],"picked":"Second Wind+1","floor":30.0},{"not_picked":["Heavy Blade","Warcry"],"picked":"Evolve","floor":31.0},{"not_picked":["AT_Dispersion","Demon Form"],"picked":"Berserk","floor":33.0},{"not_picked":["Searing Blow+1","Shrug It Off+1","Havoc"],"picked":"Singing Bowl","floor":35.0},{"not_picked":["Carnage","True Grit","Wild Strike"],"picked":"Singing Bowl","floor":36.0},{"not_picked":["Flex","Clash","Disarm+1"],"picked":"Singing Bowl","floor":37.0},{"not_picked":["Thunderclap","Headbutt","Reckless Charge"],"picked":"Singing Bowl","floor":38.0},{"not_picked":["Thunderclap+1","Pommel Strike+1","True Grit+1"],"picked":"Singing Bowl","floor":39.0},{"not_picked":["Twin Strike","Wild Strike"],"picked":"Impervious","floor":40.0},{"not_picked":["Flex","Blood for Blood","REME_SingleHolding"],"picked":"Singing Bowl","floor":41.0},{"not_picked":["Sword Boomerang","Wild Strike","Shrug It Off"],"picked":"Singing Bowl","floor":42.0},{"not_picked":["Warcry","Heavy Blade+1"],"picked":"Feel No Pain","floor":44.0},{"not_picked":["Body Slam","Disarm","Headbutt"],"picked":"Singing Bowl","floor":45.0},{"not_picked":["Sword Boomerang","Havoc+1","Evolve"],"picked":"Singing Bowl","floor":48.0},{"not_picked":["Sever Soul","Armaments","Thunderclap+1"],"picked":"Singing Bowl","floor":53.0},{"not_picked":["Carnage","Second Wind"],"picked":"REME_FearOfPain+1","floor":55}],"player_experience":285412,"relics_obtained":[{"floor":7.0,"key":"reliquary:Crutches"},{"floor":9.0,"key":"Potion Belt"},{"floor":11.0,"key":"Champion Belt"},{"floor":14.0,"key":"AT_SilverBalance"},{"floor":23.0,"key":"Kunai"},{"floor":25.0,"key":"Singing Bowl"},{"floor":26.0,"key":"Dota2Spire:ArcaneBoots"},{"floor":27.0,"key":"Dream Catcher"},{"floor":41.0,"key":"Akabeko"},{"floor":55,"key":"reliquary:PrincelyHelmet"}],"event_choices":[{"damage_healed":0.0,"max_hp_gain":0.0,"max_hp_loss":0.0,"gold_gain":0.0,"cards_transformed":["Strike_R"],"event_name":"Transmorgrifier","player_choice":"Transformed","floor":4.0,"gold_loss":0.0,"damage_taken":0.0,"cards_obtained":["AT_GerminateFire"]},{"damage_healed":0.0,"max_hp_gain":0.0,"max_hp_loss":0.0,"gold_gain":50.0,"event_name":"Golden Shrine","player_choice":"Pray","floor":20.0,"gold_loss":0.0,"damage_taken":0.0},{"damage_healed":0.0,"max_hp_gain":0.0,"max_hp_loss":0.0,"gold_gain":400.0,"event_name":"¶÷ÂåË¹µÄÅÌ×Ó","player_choice":"Sell","floor":47.0,"relics_lost":["AT_ATBox"],"gold_loss":0.0,"damage_taken":0.0}],"is_beta":false,"boss_relics":[{"not_picked":["Calling Bell","Velvet Choker"],"picked":"Philosopher\u0027s Stone"},{"not_picked":["jedi:battlestandard","SacredBark"],"picked":"Fusion Hammer"}],"items_purged_floors":[10,28,54],"is_endless":false,"potions_floor_spawned":[2,3,11,13,14,21,22,25,29,30,38,41,45],"killed_by":"The Heart","ascension_level":20}}