{"host":"f76wcztdlwlduum6","time":1612156282,"event":{"mods":["AchievementEnabler","BaseMod","BetterRewards","Colored Powertips","Downfall","Minty Spire (QoL Compilation)","Quick Restart","Rare Cards Sparkle","Relic Stats","StSLib","SuperFastMode","everything is the same but u backflip on backflip"],"gold_per_floor":[99,99,99,118,131,131,176,54,68,68,68,96,96,96,116,211,211,211,228,244,136,136,136,210,222,234,434,434,446,446,460,470,575,575,575,591,591,609,424,438,463,481,509,509,527,579,503,358,373,373],"floor_reached":51,"language":"ENG","playtime":2255,"items_purged":["bronze:Mutator","bronze:Optimize","bronze:Defend"],"score":929,"play_id":"33e93933-433c-4acd-b09c-fcac9f5fcf26","local_time":"20210131231122","is_ascension_mode":false,"campfire_choices":[{"data":"bronze:Goto","floor":1,"key":"SMITH"},{"data":"bronze:AlphaBuild","floor":6,"key":"SMITH"},{"data":"bronze:ChosenStrike","floor":13,"key":"SMITH"},{"data":"bronze:Verify","floor":18,"key":"SMITH"},{"data":"bronze:ChosenStrike","floor":23,"key":"SMITH"},{"data":"bronze:ClassDefault","floor":30,"key":"SMITH"},{"data":"bronze:Frontload","floor":35,"key":"SMITH"}],"circlet_count":0,"master_deck":["bronze:Goto+1","bronze:ChosenStrike+1","bronze:AlphaBuild+1","bronze:ChosenStrike+1","bronze:ChildClass","bronze:AlphaBuild","bronze:Verify+1","bronze:Frontload+1","bronze:ClassDefault+1","Finesse","bronze:InfiniteLoop","bronze:InfiniteBeams+1","bronze:InfiniteBeams+1","bronze:ItsAFeature+1","bronze:Library+1","bronze:Frontload+1","bronze:ClassDefault+1","bronze:Library+1","Bandage Up","bronze:Library+1","bronze:ClassDefault+1"],"relics":["bronze:BronzeCore","Prayer Wheel","Singing Bowl","Question Card","Juzu Bracelet","Mercury Hourglass","Bronze Scales","Medical Kit","Unceasing Top","Membership Card","Boot","Kunai","Blue Candle","Black Star","Frozen Egg 2","Sling","Bottled Flame","Nilry\u0027s Codex","Lantern","Mummified Hand","bronze:ElectromagneticCoil","DollysMirror","Centennial Puzzle","hexamod:BolsterEngine","bronze:BronzeIdol","Peace Pipe","Toolbox","OrangePellets","Blood Vial"],"acts_visited":["Exordium","TheCity","TheBeyond"],"potions_floor_usage":[],"damage_taken":[{"damage":35,"enemies":"downfall:FleeingMerchant","floor":2,"turns":15},{"damage":2,"enemies":"2 Louse","floor":4,"turns":2},{"damage":11,"enemies":"Jaw Worm","floor":5,"turns":2},{"damage":0,"enemies":"downfall:FleeingMerchant","floor":8,"turns":4},{"damage":0,"enemies":"Cultist","floor":9,"turns":1},{"damage":0,"enemies":"Lagavulin","floor":12,"turns":2},{"damage":0,"enemies":"Blue Slaver","floor":15,"turns":1},{"damage":0,"enemies":"SI_SHIV_ARCHETYPE","floor":16,"turns":1},{"damage":0,"enemies":"Spheric Guardian","floor":19,"turns":1},{"damage":8,"enemies":"Centurion and Healer","floor":20,"turns":5},{"damage":0,"enemies":"downfall:FleeingMerchant","floor":21,"turns":4},{"damage":15,"enemies":"Shelled Parasite and Fungi","floor":25,"turns":3},{"damage":24,"enemies":"Cultist and Chosen","floor":26,"turns":5},{"damage":1,"enemies":"Snake Plant","floor":29,"turns":2},{"damage":0,"enemies":"Snecko","floor":31,"turns":4},{"damage":0,"enemies":"Sentry and Sphere","floor":32,"turns":2},{"damage":5,"enemies":"WA_ARCHETYPE_CALM","floor":33,"turns":7},{"damage":13,"enemies":"3 Darklings","floor":36,"turns":5},{"damage":23,"enemies":"3 Shapes","floor":38,"turns":3},{"damage":13,"enemies":"Sphere and 2 Shapes","floor":40,"turns":3},{"damage":0,"enemies":"Transient","floor":42,"turns":1},{"damage":0,"enemies":"Reptomancer","floor":43,"turns":2},{"damage":37,"enemies":"Spire Growth","floor":45,"turns":4},{"damage":0,"enemies":"2 Orb Walkers","floor":46,"turns":2},{"damage":0,"enemies":"Sphere and 2 Shapes","floor":49,"turns":3},{"damage":52,"enemies":"IC_BLOCK_ARCHETYPE","floor":50,"turns":6}],"seed_played":"8307873546903463609","potions_obtained":[{"floor":9,"key":"AttackPotion"},{"floor":12,"key":"Slimebound:ThreeZeroPotion"},{"floor":16,"key":"champ:CounterPotion"},{"floor":19,"key":"Regen Potion"}],"is_trial":false,"path_per_floor":["R","?","?","M","M","R","T","$","M","?","?","E","R","?","M","B",null,"R","M","M","$","?","R","T","M","M","?","?","M","R","M","M","B",null,"R","M","?","M","$","M","T","M","E","?","M","?","$","$","M","B",null],"character_chosen":"THE_AUTOMATON","items_purchased":["Membership Card","bronze:ChosenStrike","Boot","Finesse","Frozen Egg 2","Sling","Bottled Flame","bronze:Library+1","Bandage Up","Toolbox","OrangePellets","Blood Vial"],"campfire_rested":0,"item_purchase_floors":[8,8,8,21,21,21,21,39,39,47,48,48],"current_hp_per_floor":[77,48,48,46,37,37,37,39,41,41,41,43,43,38,40,40,93,93,97,89,91,91,91,91,78,56,56,40,41,41,45,47,42,111,111,102,102,81,81,76,76,84,90,90,59,61,61,61,65,19],"gold":373,"neow_bonus":"TEN_PERCENT_HP_BONUS","is_daily":false,"chose_seed":false,"campfire_upgraded":7,"win_rate":0.0,"timestamp":1612156282,"path_taken":["R","?","?","M","M","R","T","?","M","?","?","E","R","?","M","BOSS","R","M","M","$","?","R","T","M","M","?","?","M","R","M","M","BOSS","R","M","?","M","$","M","T","M","E","?","M","?","?","$","M","BOSS"],"items_purchased_type":["Relic","Card","Relic","Card","Relic","Relic","Relic","Card","Card","Relic","Relic","Relic"],"build_version":"2020-12-22","purchased_purges":3,"victory":true,"max_hp_per_floor":[77,83,83,83,85,85,85,87,89,89,89,91,91,91,93,93,93,93,97,97,99,99,99,99,101,103,103,103,105,105,109,111,111,111,111,115,115,117,117,121,121,125,127,127,129,131,131,131,133,133],"relic_stats":{"Singing Bowl":56,"counters":[26,88],"Blue Candle":[2],"Juzu Bracelet":2,"Question Card":45,"Medical Kit":[76],"Boot":[19],"Mercury Hourglass":[286],"Peace Pipe":0,"Blood Vial":4,"OrangePellets":[17],"Centennial Puzzle":[6],"Mummified Hand":[68],"Bronze Scales":[125],"Prayer Wheel":17,"Black Star":1,"Kunai":[55],"obtain_stats":[{"Lantern":29,"bronze:ElectromagneticCoil":34,"bronze:BronzeCore":0,"Singing Bowl":0,"Nilry\u0027s Codex":28,"Juzu Bracelet":0,"Boot":8,"Sling":21,"Blood Vial":48,"Centennial Puzzle":41,"Mummified Hand":31,"DollysMirror":35,"Toolbox":47,"Prayer Wheel":0,"Kunai":12,"Blue Candle":14,"Frozen Egg 2":21,"Question Card":0,"Medical Kit":8,"Mercury Hourglass":2,"bronze:BronzeIdol":43,"Peace Pipe":46,"OrangePellets":48,"Bottled Flame":21,"Bronze Scales":7,"Black Star":17,"Membership Card":8,"hexamod:BolsterEngine":43,"Unceasing Top":8},{"Lantern":14,"bronze:ElectromagneticCoil":17,"bronze:BronzeCore":0,"Singing Bowl":0,"Nilry\u0027s Codex":13,"Juzu Bracelet":0,"Boot":4,"Sling":11,"Blood Vial":24,"Centennial Puzzle":20,"Mummified Hand":15,"DollysMirror":17,"Toolbox":24,"Prayer Wheel":0,"Kunai":6,"Blue Candle":6,"Frozen Egg 2":11,"Question Card":0,"Medical Kit":4,"Mercury Hourglass":1,"bronze:BronzeIdol":22,"Peace Pipe":24,"OrangePellets":24,"Bottled Flame":11,"Bronze Scales":3,"Black Star":8,"Membership Card":4,"hexamod:BolsterEngine":22,"Unceasing Top":4},{"Lantern":46,"bronze:ElectromagneticCoil":60,"bronze:BronzeCore":0,"Singing Bowl":0,"Nilry\u0027s Codex":45,"Juzu Bracelet":0,"Boot":22,"Sling":37,"Blood Vial":79,"Centennial Puzzle":70,"Mummified Hand":48,"DollysMirror":60,"Toolbox":79,"Prayer Wheel":0,"Kunai":25,"Blue Candle":25,"Frozen Egg 2":37,"Question Card":0,"Medical Kit":20,"Mercury Hourglass":3,"bronze:BronzeIdol":73,"Peace Pipe":79,"OrangePellets":79,"Bottled Flame":37,"Bronze Scales":18,"Black Star":27,"Membership Card":22,"hexamod:BolsterEngine":73,"Unceasing Top":20}],"Unceasing Top":[136]},"card_choices":[{"not_picked":["bronze:Spike"],"picked":"Singing Bowl","floor":2},{"not_picked":["bronze:DazingPulse"],"picked":"Singing Bowl","floor":2},{"not_picked":["bronze:Explode"],"picked":"Singing Bowl","floor":2},{"not_picked":["bronze:OilSpill","bronze:DelayedGuard","bronze:Safeguard"],"picked":"bronze:ChosenStrike","floor":2},{"not_picked":["bronze:Flail","bronze:Branch","bronze:ForceShield"],"picked":"bronze:Optimize","floor":4},{"not_picked":["bronze:Branch","bronze:Turbo","bronze:OilSpill"],"picked":"bronze:Mutator","floor":4},{"not_picked":["bronze:BuggyMess","bronze:Branch","bronze:Invalidate"],"picked":"bronze:ChosenStrike","floor":5},{"not_picked":["bronze:Overheat","bronze:Separator","bronze:Invalidate","bronze:BitShift"],"picked":"Singing Bowl","floor":5},{"not_picked":["bronze:Shield","bronze:BitShift","bronze:Return","bronze:OilSpill"],"picked":"Singing Bowl","floor":8},{"not_picked":["bronze:FollowUp","bronze:ForLoop","bronze:Separator","bronze:Break"],"picked":"Singing Bowl","floor":9},{"not_picked":["bronze:Deprecate","bronze:Iterate","bronze:Return"],"picked":"bronze:ChildClass","floor":9},{"not_picked":["bronze:BugBarrage","bronze:Constructor","bronze:Deprecate","bronze:Iterate"],"picked":"Singing Bowl","floor":12},{"not_picked":["bronze:CutThrough","bronze:BitShift","bronze:WildBeam"],"picked":"bronze:AlphaBuild","floor":15},{"not_picked":["bronze:BitShift","bronze:ClassDefault","bronze:Separator","bronze:Deprecate"],"picked":"Singing Bowl","floor":15},{"not_picked":["bronze:Mutator","bronze:Library","bronze:Hardcode"],"picked":"bronze:Verify","floor":16},{"not_picked":["bronze:DelayedGuard","bronze:Frontload+1","bronze:Deprecate+1","bronze:BugBarrage"],"picked":"Singing Bowl","floor":19},{"not_picked":["bronze:WildBeam","bronze:ForLoop","bronze:FollowUp","bronze:Fortify"],"picked":"Singing Bowl","floor":19},{"not_picked":["bronze:Overheat","bronze:BugBarrage","bronze:Break"],"picked":"bronze:Frontload","floor":20},{"not_picked":["bronze:Frontload","bronze:BronzeOrb","bronze:BitShift+1"],"picked":"bronze:ClassDefault","floor":20},{"not_picked":["bronze:Separator","bronze:Iterate","bronze:FineTuning+1","bronze:Deprecate"],"picked":"Singing Bowl","floor":21},{"not_picked":["bronze:DelayedSlice","bronze:BugBarrage","bronze:Branch"],"picked":"bronze:InfiniteLoop","floor":25},{"not_picked":["bronze:ChosenStrike","bronze:Shield","bronze:DelayedSlice","bronze:CloningBeam"],"picked":"Singing Bowl","floor":25},{"not_picked":["bronze:CutThrough","bronze:BuggyMess","bronze:Boost"],"picked":"bronze:InfiniteBeams+1","floor":26},{"not_picked":["bronze:Separator","bronze:Turbo+1","bronze:ForceShield","bronze:OilSpill"],"picked":"Singing Bowl","floor":26},{"not_picked":["bronze:GetLatest","bronze:Backtrace+1","bronze:Safeguard+1","bronze:MaxOutput+1"],"picked":"Singing Bowl","floor":29},{"not_picked":["bronze:Virus","bronze:WhirlingStrike+1","bronze:BuggyMess"],"picked":"bronze:InfiniteBeams+1","floor":29},{"not_picked":["bronze:Return+1","bronze:DelayedSlice","bronze:Constructor","bronze:MaxOutput+1"],"picked":"Singing Bowl","floor":31},{"not_picked":["bronze:Invalidate","bronze:BronzeOrb+1","bronze:WhirlingStrike","bronze:Return"],"picked":"Singing Bowl","floor":31},{"not_picked":["bronze:DelayedSlice","bronze:Invalidate","bronze:DelayedGuard","bronze:AlphaBuild"],"picked":"Singing Bowl","floor":32},{"not_picked":["bronze:FineTuning","bronze:Allocate","bronze:InfiniteBeams+1"],"picked":"bronze:ItsAFeature+1","floor":32},{"not_picked":["bronze:CleanCode+1","bronze:TinkerersToolbox","bronze:InfiniteLoop"],"picked":"bronze:Library+1","floor":33},{"not_picked":["bronze:Separator+1","bronze:Boost","bronze:Invalidate+1","bronze:Shield+1"],"picked":"Singing Bowl","floor":36},{"not_picked":["bronze:ChildClass","bronze:BitShift+1","bronze:OilSpill+1","bronze:Overload+1"],"picked":"Singing Bowl","floor":36},{"not_picked":["bronze:Safeguard","bronze:Invalidate+1","bronze:CutThrough+1"],"picked":"bronze:ClassDefault+1","floor":38},{"not_picked":["bronze:Virus","bronze:WhirlingStrike+1","bronze:Deprecate","bronze:Turbo"],"picked":"Singing Bowl","floor":38},{"not_picked":["bronze:Shield+1","bronze:Philosophize+1","bronze:FineTuning","bronze:OilSpill+1"],"picked":"Singing Bowl","floor":40},{"not_picked":["bronze:Shield+1","bronze:ItsAFeature+1","bronze:Flail+1","bronze:Overheat"],"picked":"Singing Bowl","floor":40},{"not_picked":["bronze:Overheat+1","bronze:Separator+1","bronze:BronzeArmor+1","bronze:BitShift"],"picked":"Singing Bowl","floor":42},{"not_picked":["bronze:ChildClass","bronze:BurnOut","bronze:Separator","bronze:Iterate"],"picked":"Singing Bowl","floor":42},{"not_picked":["bronze:Turbo","bronze:Shield","bronze:BitShift+1","bronze:Deprecate"],"picked":"Singing Bowl","floor":43},{"not_picked":["bronze:Deprecate","bronze:CutThrough+1","bronze:DelayedSlice"],"picked":"bronze:Library+1","floor":45},{"not_picked":["bronze:Terminator+1","bronze:Deprecate","bronze:WhirlingStrike","bronze:Invalidate"],"picked":"Singing Bowl","floor":45},{"not_picked":["bronze:BitShift","bronze:BronzeArmor+1","bronze:OilSpill","bronze:Boost"],"picked":"Singing Bowl","floor":46},{"not_picked":["bronze:Return+1","bronze:WhirlingStrike+1","bronze:Iterate+1","bronze:Turbo+1"],"picked":"Singing Bowl","floor":49},{"not_picked":["bronze:CutThrough+1","bronze:BronzeOrb+1","bronze:Allocate"],"picked":"bronze:ClassDefault+1","floor":49}],"player_experience":256617,"relics_obtained":[{"floor":7,"key":"Bronze Scales"},{"floor":12,"key":"Kunai"},{"floor":28,"key":"Nilry\u0027s Codex"},{"floor":41,"key":"Centennial Puzzle"},{"floor":43,"key":"hexamod:BolsterEngine"},{"floor":43,"key":"bronze:BronzeIdol"},{"floor":46,"key":"Peace Pipe"}],"event_choices":[{"cards_removed":["bronze:ChosenStrike"],"damage_healed":0,"gold_gain":0,"player_choice":"Removed Attack","damage_taken":0,"max_hp_gain":0,"max_hp_loss":0,"event_name":"Falling","floor":37,"gold_loss":0},{"damage_healed":0,"gold_gain":0,"player_choice":"Fight","damage_taken":0,"max_hp_gain":0,"max_hp_loss":0,"event_name":"Mysterious Sphere","floor":46,"gold_loss":0}],"is_beta":false,"boss_relics":[{"not_picked":["Busted Crown","Fusion Hammer"],"picked":"Black Star"},{"not_picked":["Runic Dome","Tiny House"],"picked":"bronze:ElectromagneticCoil"}],"items_purged_floors":[8,21,39],"is_endless":false,"potions_floor_spawned":[9,12,16,19,29,31,38,40,42,43],"ascension_level":0}}