{"host":"d61fcf2p3sjwe6yo","time":1612216703,"event":{"mods":["AchievementEnabler","BaseMod","Colored Map","Downfall","Minty Spire (QoL Compilation)","StSLib","SuperFastMode"],"gold_per_floor":[99,109,127,137,155,173,243,243,143,171,171,171,184,218,235,306,306,206,216,231,70,87,87,87,87,87,87,87,102,120,220,239,316,316,216,236,236,396,421,453,453,453,453,453,162,188,188,188,203,203,203,236,54,54,54,54],"floor_reached":57,"language":"ENG","playtime":2783,"items_purged":["Shame"],"score":1897,"play_id":"ea50628e-4479-458b-876d-7de930f34bc5","local_time":"20210202005823","is_ascension_mode":true,"campfire_choices":[{"floor":1,"key":"RECALL"},{"floor":42,"key":"REST"},{"floor":44,"key":"REST"},{"floor":54,"key":"REST"}],"circlet_count":0,"master_deck":["AscendersBane","sneckomod:Defend","sneckomod:Defend+1","sneckomod:Defend","sneckomod:TailWhip+1","sneckomod:SnekBite+1","sneckomod:SerpentIdol","sneckomod:QuickBite","sneckomod:QuickBite","Bludgeon+1","sneckomod:UnknownCommonAttack+1","hexamod:BacktrackSmack+1","Slimebound:Teamwork","sneckomod:QuickMove","Feed+1","sneckomod:UnknownBlock","Slimebound:PrepareCrush","Slimebound:SlimeSpikes","Slimebound:SplitSpecialist","sneckomod:WideSting+1","sneckomod:QuickMove","sneckomod:Restock","Bludgeon+1","sneckomod:QuickBite+1","sneckomod:UnknownBlock+1","expansioncontent:LastStand","Slimebound:Prepare","Slimebound:PrepareCrush","Uppercut+1","sneckomod:UnknownBlock","sneckomod:UnknownClassSLIMEBOUND+1","sneckomod:MasterEye"],"relics":["sneckomod:SneckoSoul","Guardian:PocketSentry","Molten Egg 2","downfall:HeartBlessingRed","Odd Mushroom","sneckomod:BlankCard","Philosopher\u0027s Stone","downfall:HeartBlessingGreen","sneckomod:RareBoosterPack","SlaversCollar","downfall:HeartBlessingBlue","WingedGreaves","Sundial","bronze:BronzeIdol","Lizard Tail","MealTicket","Orichalcum","Toolbox"],"acts_visited":["Exordium","TheCity","TheBeyond","TheEnding"],"potions_floor_usage":[14,16,56,56],"damage_taken":[{"damage":9,"enemies":"Jaw Worm","floor":2,"turns":3},{"damage":0,"enemies":"2 Louse","floor":3,"turns":2},{"damage":0,"enemies":"Cultist","floor":4,"turns":2},{"damage":0,"enemies":"Large Slime","floor":5,"turns":3},{"damage":11,"enemies":"Exordium Thugs","floor":6,"turns":5},{"damage":6,"enemies":"The Mushroom Lair","floor":10,"turns":3},{"damage":6,"enemies":"3 Louse","floor":13,"turns":2},{"damage":10,"enemies":"Lagavulin","floor":14,"turns":4},{"damage":0,"enemies":"Exordium Wildlife","floor":15,"turns":2},{"damage":34,"enemies":"DF_ARCHETYPE_STREAMLINE","floor":16,"turns":6},{"damage":0,"enemies":"Shell Parasite","floor":19,"turns":2},{"damage":0,"enemies":"Chosen","floor":20,"turns":2},{"damage":3,"enemies":"downfall:FleeingMerchant","floor":21,"turns":4},{"damage":10,"enemies":"Sentry and Sphere","floor":22,"turns":4},{"damage":7,"enemies":"3 Cultists","floor":29,"turns":4},{"damage":0,"enemies":"Snake Plant","floor":30,"turns":2},{"damage":18,"enemies":"Shelled Parasite and Fungi","floor":32,"turns":6},{"damage":37,"enemies":"IC_MUSHROOM_ARCHETYPE","floor":33,"turns":9},{"damage":10,"enemies":"3 Shapes","floor":36,"turns":3},{"damage":23,"enemies":"downfall:FleeingMerchant","floor":38,"turns":3},{"damage":41,"enemies":"downfall:FleeingMerchant","floor":39,"turns":5},{"damage":26,"enemies":"Reptomancer","floor":40,"turns":5},{"damage":12,"enemies":"Giant Head","floor":46,"turns":4},{"damage":0,"enemies":"Orb Walker","floor":49,"turns":2},{"damage":19,"enemies":"SI_POISON_ARCHETYPE","floor":50,"turns":13},{"damage":85,"enemies":"downfall:CharBossMerchant","floor":52,"turns":9},{"damage":9,"enemies":"downfall:NeowBoss","floor":55,"turns":12},{"damage":46,"enemies":"downfall:NeowBossFinal","floor":56,"turns":8}],"seed_played":"-9184369851294779451","potions_obtained":[{"floor":4,"key":"PowerPotion"},{"floor":6,"key":"Regen Potion"},{"floor":22,"key":"DuplicationPotion"},{"floor":26,"key":"CultistPotion"}],"is_trial":false,"path_per_floor":["R","M","M","M","M","M","T","?","R","?","?","R","M","E","M","B",null,"R","M","M","$","M","R","T","R","?","R","?","M","M","?","M","B",null,"R","M","?","$","?","E","T","R","?","R","$","E","R","?","M","B",null,"E","$","R","B","B",null],"character_chosen":"THE_SNECKO","items_purchased":["sneckomod:RareBoosterPack","sneckomod:Memorize","Lizard Tail","Toolbox","sneckomod:MasterEye"],"campfire_rested":3,"item_purchase_floors":[21,38,45,53,53],"current_hp_per_floor":[75,66,66,66,66,55,55,55,55,49,49,49,43,42,42,8,64,64,64,64,61,51,51,51,51,51,51,93,90,90,90,76,50,88,98,88,88,84,47,21,21,56,56,91,91,83,83,83,83,68,112,27,42,80,71,40],"gold":54,"neow_bonus":"RANDOM_COMMON_RELIC","is_daily":false,"chose_seed":false,"campfire_upgraded":0,"win_rate":0.0,"timestamp":1612216703,"path_taken":["R","M","M","M","M","M","T","?","R","?","?","R","M","E","M","BOSS","R","M","M","$","M","R","T","R","?","R","?","?","M","?","M","BOSS","R","M","?","?","?","E","T","R","?","R","$","E","R","?","M","BOSS","E","$","R","BOSS","BOSS"],"items_purchased_type":["Relic","Card","Relic","Relic","Card"],"build_version":"2020-12-22","purchased_purges":1,"victory":true,"max_hp_per_floor":[83,83,83,83,83,83,83,83,83,83,83,83,83,83,83,83,83,83,83,83,83,83,83,83,83,83,83,93,97,97,97,101,101,101,111,111,111,115,119,119,119,119,119,119,119,123,123,123,123,127,127,127,127,127,127,127],"card_choices":[{"not_picked":["sneckomod:UnknownStrike","sneckomod:SoulDraw"],"picked":"sneckomod:SerpentIdol","floor":2},{"not_picked":["sneckomod:UnknownDraw","sneckomod:PureSnecko"],"picked":"sneckomod:QuickBite","floor":3},{"not_picked":["sneckomod:DiceCrush","sneckomod:DiceBlock"],"picked":"sneckomod:Unknown1Cost","floor":4},{"not_picked":["sneckomod:UnknownColorless","sneckomod:UnknownUncommonAttack"],"picked":"sneckomod:QuickBite","floor":5},{"not_picked":["sneckomod:ImprovisedAttack","sneckomod:Nope","sneckomod:UnknownCommonAttack"],"picked":"SKIP","floor":6},{"not_picked":["sneckomod:DiceCrush+1","sneckomod:DiceBlock"],"picked":"sneckomod:UnknownCommonAttack+1","floor":10},{"not_picked":["sneckomod:DiceBlock","sneckomod:SoulRoll"],"picked":"sneckomod:UnknownRarePower","floor":13},{"not_picked":["sneckomod:SoulDraw","sneckomod:QuickBite+1","sneckomod:UnknownCommonAttack+1"],"picked":"SKIP","floor":14},{"not_picked":["sneckomod:SnekBeam+1","sneckomod:IronFang+1"],"picked":"sneckomod:UnknownCommonSkill","floor":15},{"not_picked":["sneckomod:UnknownBoss","sneckomod:UnlimitedRolls"],"picked":"sneckomod:UnknownRareAttack+1","floor":16},{"not_picked":["sneckomod:UnknownUncommonPower","sneckomod:SoulCleanse"],"picked":"sneckomod:QuickMove","floor":19},{"not_picked":["sneckomod:DefensiveFlair","sneckomod:UnknownCommonSkill"],"picked":"sneckomod:Memorize+1","floor":20},{"not_picked":["sneckomod:QuickMove","sneckomod:UnknownClassRED"],"picked":"sneckomod:UnknownBlock","floor":21},{"not_picked":["sneckomod:QuickBite+1","sneckomod:DiceCrush+1"],"picked":"sneckomod:UnknownUncommonSkill","floor":22},{"not_picked":["sneckomod:DiceBlock","sneckomod:ImprovisedGuard"],"picked":"sneckomod:WideSting+1","floor":29},{"not_picked":["sneckomod:UnknownClassHEXA_GHOST_PURPLE","sneckomod:RainOfDice+1"],"picked":"sneckomod:Unknown3Cost","floor":30},{"not_picked":["sneckomod:DefensiveFlair","sneckomod:UnknownCommonAttack+1"],"picked":"sneckomod:QuickMove","floor":32},{"not_picked":["sneckomod:MorePower","sneckomod:Transmogrify"],"picked":"sneckomod:Restock","floor":33},{"not_picked":["sneckomod:UnknownCommonSkill","sneckomod:UnknownDraw"],"picked":"sneckomod:QuickBite+1","floor":36},{"not_picked":["sneckomod:IronFang+1","sneckomod:DiceBlock"],"picked":"sneckomod:UnknownBlock+1","floor":38},{"not_picked":["sneckomod:QuickMove","sneckomod:SoulRoll"],"picked":"sneckomod:Unknown2Cost","floor":39},{"not_picked":["sneckomod:Unknown1Cost","sneckomod:UnknownUncommonPower"],"picked":"sneckomod:Memorize+1","floor":40},{"not_picked":["expansioncontent:PolyBeam","expansioncontent:GuardianWhirl"],"picked":"expansioncontent:LastStand","floor":43},{"not_picked":["sneckomod:Mudshield","sneckomod:UnknownCommonAttack+1"],"picked":"sneckomod:Unknown2Cost","floor":46},{"not_picked":["sneckomod:IronFang+1","sneckomod:UnknownCommonAttack+1"],"picked":"sneckomod:UnknownBlock","floor":49},{"not_picked":["sneckomod:UnlimitedRolls","sneckomod:CheapStock+1"],"picked":"sneckomod:UnknownClassSLIMEBOUND+1","floor":52}],"player_experience":754320,"relics_obtained":[{"floor":7,"key":"Molten Egg 2"},{"floor":10,"key":"Odd Mushroom"},{"floor":14,"key":"sneckomod:BlankCard"},{"floor":39,"key":"WingedGreaves"},{"floor":40,"key":"Sundial"},{"floor":41,"key":"bronze:BronzeIdol"},{"floor":46,"key":"MealTicket"},{"floor":52,"key":"Orichalcum"}],"event_choices":[{"damage_healed":0,"gold_gain":0,"player_choice":"Fought Mushrooms","damage_taken":0,"max_hp_gain":0,"max_hp_loss":0,"event_name":"Mushrooms","floor":10,"gold_loss":0},{"cards_removed":["downfall:Malfunctioning"],"damage_healed":0,"gold_gain":0,"player_choice":"Card Removal","damage_taken":0,"max_hp_gain":0,"max_hp_loss":0,"event_name":"The Cleric","floor":11,"gold_loss":0},{"cards_removed":["sneckomod:UnknownRarePower"],"damage_healed":32,"gold_gain":0,"player_choice":"Offered Rare","damage_taken":0,"max_hp_gain":10,"max_hp_loss":0,"event_name":"Bonfire Elementals","floor":28,"gold_loss":0},{"cards_removed":["sneckomod:UnknownRarePower"],"damage_healed":0,"gold_gain":0,"player_choice":"Removed Power","damage_taken":0,"max_hp_gain":0,"max_hp_loss":0,"event_name":"Falling","floor":48,"gold_loss":0}],"is_beta":false,"boss_relics":[{"not_picked":["Coffee Dripper","sneckomod:SneckoBoss"],"picked":"Philosopher\u0027s Stone"},{"not_picked":["Empty Cage","Runic Dome"],"picked":"SlaversCollar"}],"items_purged_floors":[38],"is_endless":false,"potions_floor_spawned":[4,6,10,13,22,32,40,46],"ascension_level":14}}