{"host":"dv93mabv568wiefh","time":1612147031,"event":{"mods":["BaseMod","Better Altar","Better Match","Better Note","Better Sensory Stone","Better Skull","Better Third Choice","Hermit","Hubris","Infinite Spire","Marisa????????","Minty Spire (QoL Compilation)","Rare Cards Sparkle","Replay The Spire","StSLib","The Construct"],"gold_per_floor":[112,37,0,0,12,38,38,50,103,103,103,103,123,148,148,225,225,239,255,265,265,265,265,165,165,165,192,211,211,224,242,242,317,317,333,333,353,371,296,296,296,296],"floor_reached":41,"language":"ENG","playtime":3006,"items_purged":["Strike_P","BattleHymn"],"score":695,"play_id":"0ffeb84f-8893-4dd0-a806-8dd9b30f9198","local_time":"20210131213711","is_ascension_mode":true,"campfire_choices":[{"floor":7.0,"key":"REST"},{"data":"ConjureBlade","floor":10.0,"key":"SMITH"},{"floor":15.0,"key":"REST"},{"floor":23.0,"key":"REST"},{"floor":25.0,"key":"REST"},{"floor":32.0,"key":"REST"},{"floor":40,"key":"REST"}],"circlet_count":0,"master_deck":["AscendersBane","Eruption","Vigilance","ConjureBlade+1","Enlightenment","DeceiveReality","Halt","infinitespire:DeathsTouch","Vault","DeusExMachina","WreathOfFlame+1","Protect","DeusExMachina","DeusExMachina","ForeignInfluence"],"relics":["PureWater","Replay:PocketPolymizer","Omamori","infinitespire:Lucky Rock","infinitespire:ShieldingShard","VioletLotus"],"acts_visited":["Exordium","TheCity","TheBeyond"],"potions_floor_usage":[37,41],"damage_taken":[{"damage":6.0,"enemies":"Cultist","floor":1.0,"turns":3.0},{"damage":3.0,"enemies":"Jaw Worm","floor":5.0,"turns":5.0},{"damage":32.0,"enemies":"Gremlin Nob","floor":6.0,"turns":5.0},{"damage":0.0,"enemies":"2 Louse","floor":8.0,"turns":4.0},{"damage":15.0,"enemies":"Exordium Thugs","floor":13.0,"turns":4.0},{"damage":17.0,"enemies":"3 Sentries","floor":14.0,"turns":4.0},{"damage":11.0,"enemies":"The Guardian","floor":16.0,"turns":7.0},{"damage":0.0,"enemies":"Spheric Guardian","floor":18.0,"turns":3.0},{"damage":14.0,"enemies":"2 Thieves","floor":19.0,"turns":4.0},{"damage":46.0,"enemies":"Shelled Parasite and Fungi","floor":20.0,"turns":6.0},{"damage":16.0,"enemies":"Book of Stabbing","floor":27.0,"turns":5.0},{"damage":10.0,"enemies":"Centurion and Healer","floor":28.0,"turns":6.0},{"damage":7.0,"enemies":"Chosen and Byrds","floor":30.0,"turns":4.0},{"damage":0.0,"enemies":"Sentry and Sphere","floor":31.0,"turns":3.0},{"damage":11.0,"enemies":"Champ","floor":33.0,"turns":8.0},{"damage":22,"enemies":"3 Shapes","floor":35,"turns":5},{"damage":25,"enemies":"3 Darklings","floor":37,"turns":7},{"damage":44,"enemies":"Jaw Worm Horde","floor":38,"turns":5},{"damage":33,"enemies":"Reptomancer","floor":41,"turns":2}],"seed_played":"1685226136543623062","potions_obtained":[{"floor":6.0,"key":"Weak Potion"},{"floor":13.0,"key":"SteroidPotion"},{"floor":16.0,"key":"Strength Potion"},{"floor":20.0,"key":"SpeedPotion"},{"floor":28.0,"key":"SkillPotion"},{"floor":30.0,"key":"StancePotion"},{"floor":33.0,"key":"FairyPotion"},{"floor":38,"key":"PowerPotion"}],"is_trial":false,"path_per_floor":["M","$","?","?","M","E","R","M","T","R","?","?","M","E","R","B",null,"M","M","M","?","?","R","$","R","T","E","M","?","M","M","R","B",null,"M","?","M","M","$","R","E"],"character_chosen":"WATCHER","items_purchased":["ForeignInfluence"],"campfire_rested":6,"item_purchase_floors":[39],"current_hp_per_floor":[59,59,65,65,62,30,51,51,51,51,51,51,36,19,40,29,61,61,47,1,1,1,22,22,43,43,27,17,17,10,10,31,20,58,36,36,11,4,4,25,0,0],"gold":296,"neow_bonus":"THREE_RARE_CARDS","is_daily":false,"chose_seed":false,"campfire_upgraded":1,"win_rate":0.0,"timestamp":1612147031,"path_taken":["M","$","?","?","?","E","R","M","T","R","?","?","M","E","R","BOSS","M","M","M","?","?","R","$","R","T","E","?","?","M","M","R","BOSS","M","?","?","M","$","R","E"],"items_purchased_type":["Card"],"build_version":"2020-12-22","purchased_purges":2,"victory":false,"max_hp_per_floor":[65,65,71,71,71,71,71,71,71,71,71,71,71,71,71,71,71,71,71,71,71,71,71,71,71,71,71,71,71,71,71,71,71,71,71,71,71,71,71,71,71,71],"card_choices":[{"not_picked":["Replay:LoomingThreat","DevaForm"],"picked":"ConjureBlade","floor":0.0},{"not_picked":["JustLucky","FollowUp","CutThroughFate"],"picked":"SKIP","floor":1.0},{"not_picked":["ThirdEye","FlyingSleeves","EmptyFist"],"picked":"SKIP","floor":5.0},{"not_picked":["TalkToTheHand","FlurryOfBlows"],"picked":"ClearTheMind","floor":6.0},{"not_picked":["FlyingSleeves","Adaptation"],"picked":"Halt","floor":8.0},{"not_picked":["hubris:InfiniteBlow+145","hubris:Rewind"],"picked":"infinitespire:DeathsTouch","floor":11.0},{"not_picked":["BowlingBash","EmptyFist","Wireheading"],"picked":"SKIP","floor":13.0},{"not_picked":["Replay:ManipulateFuture","EmptyBody"],"picked":"Vault","floor":14.0},{"not_picked":["SpiritShield","Wish"],"picked":"DeusExMachina","floor":16.0},{"not_picked":["SandsOfTime","PathToVictory","Evaluate"],"picked":"SKIP","floor":18.0},{"not_picked":["SandsOfTime","Adaptation"],"picked":"WreathOfFlame+1","floor":19.0},{"not_picked":["EmptyBody","BattleHymn","EmptyFist"],"picked":"SKIP","floor":20.0},{"not_picked":["EmptyBody","MentalFortress","Prostrate+1"],"picked":"SKIP","floor":27.0},{"not_picked":["Nirvana","ThirdEye+1","Weave"],"picked":"SKIP","floor":28.0},{"not_picked":["BowlingBash","Halt","JustLucky"],"picked":"SKIP","floor":30.0},{"not_picked":["PathToVictory","EmptyBody","Nirvana"],"picked":"SKIP","floor":31.0},{"not_picked":["ConjureBlade","Blasphemy"],"picked":"DeusExMachina","floor":33.0},{"not_picked":["EmptyFist","Replay:Vibes","Wireheading"],"picked":"SKIP","floor":35},{"not_picked":["EmptyFist+1","InnerPeace","Consecrate"],"picked":"SKIP","floor":37},{"not_picked":["Crescendo","InnerPeace","Evaluate"],"picked":"SKIP","floor":38}],"player_experience":903091,"relics_obtained":[{"floor":6.0,"key":"Replay:PocketPolymizer"},{"floor":9.0,"key":"Omamori"},{"floor":14.0,"key":"infinitespire:Lucky Rock"},{"floor":26.0,"key":"infinitespire:ShieldingShard"}],"event_choices":[{"damage_healed":0.0,"max_hp_gain":0.0,"max_hp_loss":0.0,"gold_gain":0.0,"event_name":"betterThird:BetterSerpent","player_choice":"RENOUNCE","floor":3.0,"gold_loss":37.0,"damage_taken":37.0,"cards_obtained":["Enlightenment"]},{"cards_removed":["Defend_P"],"damage_healed":0.0,"max_hp_gain":0.0,"max_hp_loss":0.0,"gold_gain":0.0,"event_name":"Living Wall","player_choice":"Forget","floor":12.0,"gold_loss":0.0,"damage_taken":0.0},{"damage_healed":0.0,"max_hp_gain":0.0,"max_hp_loss":4.0,"gold_gain":0.0,"event_name":"betterThird:BetterWriting","player_choice":"Materialism","floor":22.0,"gold_loss":0.0,"damage_taken":0.0},{"damage_healed":0,"gold_gain":0,"cards_transformed":["ClearTheMind"],"player_choice":"Transformed","damage_taken":0,"max_hp_gain":0,"max_hp_loss":0,"event_name":"Transmorgrifier","floor":36,"gold_loss":0,"cards_obtained":["DeusExMachina"]}],"is_beta":false,"boss_relics":[{"not_picked":["Abe\u0027s Treasure","Painkiller Herb","Snecko Eye"]},{"not_picked":["Replay:Drink Me","ChewingGum"],"picked":"VioletLotus"}],"items_purged_floors":[2,24],"is_endless":false,"potions_floor_spawned":[6,13,16,20,28,30,33,38],"killed_by":"Reptomancer","ascension_level":13}}