{"host":"g868zphnms2wggi3","time":1612178729,"event":{"mods":["Act Like it!","BaseMod","Colored Map","GifTheSpireLib","Good Game Mod","KomeijiMod","Lobotomy","LobotomyExtend","Minty Spire (QoL Compilation)","Relic Filter Mod","Reliquary","Replay The Spire","Shop Mod","StSLib","The Invoker Mod"],"gold_per_floor":[115,126,142,155,168,194,194,194,194,194,213,90,125,140,140,243,243,256,3,3,18,18,46,60,60,114,139,71,24,40,52,52,147,147,158,170,183,202,202,228,228,239,263,263,263,277,277,292,292,292,292],"floor_reached":50,"language":"ZHS","playtime":7555,"items_purged":["Defend_Komeiji","Defend_Komeiji"],"score":678,"play_id":"01f30377-1bcd-48c7-8feb-e0c01ba43dec","local_time":"20210201192529","is_ascension_mode":false,"campfire_choices":[{"data":"SeekerDolls","floor":8.0,"key":"SMITH"},{"data":"IceTornado","floor":10.0,"key":"SMITH"},{"data":"ShanghaiNingyou","floor":15.0,"key":"SMITH"},{"floor":32.0,"key":"REST"},{"floor":41,"key":"RECALL"},{"data":"NingyouFukuhei+1","floor":44,"key":"SWEEP"},{"floor":49,"key":"REST"}],"circlet_count":0,"master_deck":["Dash_Komeiji","Genetic Algorithm","SeekerDolls+1","FairyFestival","IceTornado+1","NingyouSousou+1","HagoromoKu","ShanghaiNingyou+1","LunaDial+1","GasuOrimono","NingyouSP+1","SeekerWire+1","GasuOrimono+1","Replay:Parry","SilentOrchestra","NingyouFukuhei+1","Strike_Koishi","Strike_Koishi","Strike_Koishi","Defend_Koishi+1","Defend_Koishi+1","SubterraneanRose+1"],"relics":["SpellCardsRule","MusicBox","REME:ComplimentaryCards","CogitoBucket","LetterFromLob","RedMistMask","CrystalOfMemory","SkinProphecy","War Paint","reliquary:RedPaperclip","Pet Ghost","TreeSap","Toxic Egg 2","Regal Pillow","reliquary:WeakTea","AtMidnight","FleshIdol","Fusion Hammer","Replay:Accelerometer","HoshigumaDish","KoishisEye"],"acts_visited":["Exordium","TheCity","TheBeyond"],"potions_floor_usage":[50,50,50],"damage_taken":[{"damage":3.0,"enemies":"Cultist","floor":1.0,"turns":6.0},{"damage":9.0,"enemies":"Jaw Worm","floor":2.0,"turns":9.0},{"damage":2.0,"enemies":"2 Louse","floor":3.0,"turns":5.0},{"damage":1.0,"enemies":"Large Slime","floor":4.0,"turns":9.0},{"damage":0.0,"enemies":"3 Louse","floor":5.0,"turns":3.0},{"damage":1.0,"enemies":"3 Sentries","floor":6.0,"turns":4.0},{"damage":21.0,"enemies":"Exordium Thugs","floor":11.0,"turns":2.0},{"damage":0.0,"enemies":"Replay:BlueRogue","floor":13.0,"turns":4.0},{"damage":0.0,"enemies":"Blue Slaver","floor":14.0,"turns":4.0},{"damage":5.0,"enemies":"The Guardian","floor":16.0,"turns":13.0},{"damage":3.0,"enemies":"3 Byrds","floor":18.0,"turns":3.0},{"damage":6.0,"enemies":"Shell Parasite","floor":21.0,"turns":4.0},{"damage":9.0,"enemies":"Slavers","floor":23.0,"turns":8.0},{"damage":5.0,"enemies":"Cultist and Chosen","floor":24.0,"turns":7.0},{"damage":0.0,"enemies":"Replay:Snechameleon","floor":27.0,"turns":4.0},{"damage":1.0,"enemies":"Shelled Parasite and Fungi","floor":30.0,"turns":6.0},{"damage":8.0,"enemies":"3 Cultists","floor":31.0,"turns":16.0},{"damage":17.0,"enemies":"Pondfish","floor":33.0,"turns":10.0},{"damage":0.0,"enemies":"Orb Walker","floor":35.0,"turns":5.0},{"damage":0.0,"enemies":"3 Shapes","floor":36.0,"turns":3.0},{"damage":11.0,"enemies":"Sphere and 2 Shapes","floor":37.0,"turns":6.0},{"damage":0.0,"enemies":"Writhing Mass","floor":38.0,"turns":6.0},{"damage":0.0,"enemies":"Giant Head","floor":40.0,"turns":7.0},{"damage":11,"enemies":"Spire Growth","floor":42,"turns":3},{"damage":0,"enemies":"Transient","floor":46,"turns":5},{"damage":0,"enemies":"Maw","floor":48,"turns":7},{"damage":142,"enemies":"Time Eater","floor":50,"turns":5}],"seed_played":"-7138440923766186938","potions_obtained":[{"floor":3.0,"key":"BlessingOfTheForge"},{"floor":5.0,"key":"Ancient Potion"},{"floor":13.0,"key":"PowerPotion"},{"floor":16.0,"key":"Explosive Potion"},{"floor":24.0,"key":"DistilledChaos"},{"floor":46,"key":"Toxic Potion"}],"is_trial":false,"path_per_floor":["M","M","M","M","M","E","?","R","T","R","M","$","E","M","R","B",null,"M","$","?","M","M","E","M","$","T","E","$","$","M","M","R","B",null,"M","M","M","M","?","E","R","M","T","R","?","M","?","M","R","B"],"character_chosen":"KomeijiSatori","items_purchased":["NingyouKisou+1","Pet Ghost","GasuOrimono","NingyouSP+1"],"campfire_rested":2,"item_purchase_floors":[12,19,28,29],"current_hp_per_floor":[47,48,49,50,50,50,50,50,50,50,29,29,29,34,34,41,56,50,50,50,40,40,40,37,37,37,36,36,36,41,38,74,75,76,74,72,76,84,84,86,86,71,71,79,79,83,83,87,92,0,0],"gold":292,"neow_bonus":"","is_daily":false,"chose_seed":false,"campfire_upgraded":3,"win_rate":0.0,"timestamp":1612178729,"path_taken":["M","M","?","M","M","E","?","R","T","R","M","$","E","M","R","BOSS","M","$","?","M","M","E","M","$","T","E","?","$","M","M","R","BOSS","M","M","M","M","?","E","R","M","T","R","?","M","?","?","R","BOSS"],"items_purchased_type":["Card","Relic","Card","Card"],"build_version":"2020-12-22","purchased_purges":2,"victory":false,"max_hp_per_floor":[50,50,50,50,50,50,50,50,50,50,50,50,52,54,54,56,56,58,58,58,62,62,64,66,66,66,68,68,68,70,74,74,76,76,78,80,82,84,84,86,86,88,88,88,88,90,90,92,92,96,96],"card_choices":[{"not_picked":["MajikuruSanhai+1","HagoromoMizu"],"picked":"SeekerDolls","floor":1.0},{"not_picked":["Porccubus","Bloodbath","Alriune"],"picked":"Singing Bowl","floor":1.0},{"not_picked":["ShyLook","PunishingBird"],"picked":"FairyFestival","floor":1.0},{"not_picked":["UniverseFragment","MHz","Bloodbath"],"picked":"Singing Bowl","floor":2.0},{"not_picked":["DochyakuKami+1","SuitokuNoKyoryu","HenyouMirume"],"picked":"SKIP","floor":2.0},{"not_picked":["NingyouShinki+1","NingyouOkisou+1"],"picked":"IceTornado","floor":3.0},{"not_picked":["Bloodbath","Mercenary","ShyLook"],"picked":"Singing Bowl","floor":3.0},{"not_picked":["Melting","Mishyaguji+1"],"picked":"NingyouSousou+1","floor":4.0},{"not_picked":["OoedoNingyou+1","HagoromoMizu","SatsujinDooru"],"picked":"SKIP","floor":5.0},{"not_picked":["NingyouShinki+1","HenyouMirume"],"picked":"HagoromoKu","floor":6.0},{"not_picked":["NingyouShinki+1","VampireKiss","ShyakuBuku"],"picked":"SKIP","floor":11.0},{"not_picked":["Melting","MissingPower","Agarareta+1"],"picked":"SKIP","floor":13.0},{"not_picked":["DochyakuKami+1","VampireKiss"],"picked":"ShanghaiNingyou","floor":14.0},{"not_picked":["AbyssNova","TenguhouSokujitsuken"],"picked":"TerribleSouvenir","floor":16.0},{"not_picked":["Agarareta+1","NingyouShinki+1","JyouchiJin+1"],"picked":"SKIP","floor":18.0},{"not_picked":["RikonNoKama+1","YoukiSo+1","WumiGaWareru"],"picked":"SKIP","floor":21.0},{"not_picked":["KoKei+1","HisouNoKen"],"picked":"LunaDial+1","floor":23.0},{"not_picked":["KeiseiJin+1","DemonLordCradle+1","DochyakuKami+1"],"picked":"SKIP","floor":24.0},{"not_picked":["ShyakuBuku","GroundStardust+1","KinbakuJin+1"],"picked":"SKIP","floor":27.0},{"not_picked":["JyouchiJin+1","ShyakuBuku+1"],"picked":"SeekerWire+1","floor":30.0},{"not_picked":["NingyouOkisou+1","Agarareta+1","RikonNoKama+1"],"picked":"SKIP","floor":31.0},{"not_picked":["MusuNoYume+1","Sabishigari+1","NingyouFukuhei+1"],"picked":"SKIP","floor":35.0},{"not_picked":["InscribeRedSoul","NingyouOkisou+1"],"picked":"GasuOrimono+1","floor":36.0},{"not_picked":["Mishyaguji+1","TenguNoTaiko+1","SelfTokamak+1"],"picked":"SKIP","floor":37.0},{"not_picked":["Sabishigari+1","ArtfulChanter+1","HagoromoMizu+1"],"picked":"SKIP","floor":38.0},{"not_picked":["Replay:Bootleg Shield Generator+1","Violence+1"],"picked":"Replay:Parry","floor":39.0},{"not_picked":["MajikuruSanhai+1","Mishyaguji+1","SeishiRoten+1"],"picked":"SKIP","floor":40},{"not_picked":["MajikuruSanhai+1","Mishyaguji+1","SeishiRoten+1"],"picked":"SKIP","floor":40},{"not_picked":["CrumblingArmor","MeltingLove","BigBadWolf"],"picked":"Singing Bowl","floor":42},{"not_picked":["PlagueDoctor","MeatLantern"],"picked":"SilentOrchestra","floor":42},{"not_picked":["NingyouFukuhei+1","JyouchiJin+1","DochyakuKami+1"],"picked":"SKIP","floor":42},{"not_picked":["MusuNoYume+1","Sabishigari+1","DemonLordCradle+1"],"picked":"SKIP","floor":46},{"not_picked":["MakuraSeki+1","NingyouSousou+1","FreezeTouchMe+1"],"picked":"SKIP","floor":48}],"player_experience":183131,"relics_obtained":[{"floor":4.0,"key":"LetterFromLob"},{"floor":5.0,"key":"RedMistMask"},{"floor":6.0,"key":"reliquary:PartyBalloon"},{"floor":6.0,"key":"CrystalOfMemory"},{"floor":9.0,"key":"Centennial Puzzle"},{"floor":13.0,"key":"War Paint"},{"floor":23.0,"key":"Toxic Egg 2"},{"floor":26.0,"key":"Regal Pillow"},{"floor":27.0,"key":"reliquary:WeakTea"},{"floor":31.0,"key":"AtMidnight"},{"floor":40,"key":"Replay:Accelerometer"},{"floor":43,"key":"HoshigumaDish"}],"event_choices":[{"cards_removed":["Strike_Komeiji"],"damage_healed":0.0,"max_hp_gain":0.0,"max_hp_loss":0.0,"gold_gain":0.0,"event_name":"Back to Basics","player_choice":"Elegance","floor":20.0,"gold_loss":0.0,"damage_taken":0.0},{"damage_healed":0.0,"max_hp_gain":0.0,"max_hp_loss":0.0,"gold_gain":0.0,"event_name":"SensoryStone","player_choice":"Memory 1","floor":39.0,"gold_loss":0.0,"damage_taken":0.0},{"damage_healed":0,"gold_gain":0,"player_choice":"Upgraded","damage_taken":0,"max_hp_gain":0,"max_hp_loss":0,"event_name":"Upgrade Shrine","floor":47,"gold_loss":0,"cards_upgraded":["SubterraneanRose"]}],"is_beta":false,"boss_relics":[{"not_picked":["Coffee Dripper","Replay:Drink Me"],"picked":"reliquary:RedPaperclip"},{"not_picked":["SacredBark","Runic Pyramid"],"picked":"Fusion Hammer"}],"items_purged_floors":[12,19],"is_endless":false,"potions_floor_spawned":[3,5,13,16,21,24,31,33,35,46,48],"killed_by":"Time Eater","ascension_level":0}}