{"host":"h1qktzcccqnez8tx","time":1612181265,"event":{"mods":["AchievementEnabler","BaseMod","Bestiary","Better Note","Block Reminder","Colored Map","Colored Powertips","Curses Come First","Downfall","Highlight Path","Infinite Spire","Minty Spire (QoL Compilation)","Permanent Neow","Quick Restart","Relic Stats","Replay The Spire","Say the Spire","StSLib","The Cursed","UnlockEverythingMod"],"gold_per_floor":[117,117,117,117,63,93,93,93,116,127,144,144,162,178,178,277,277,297,143,143,162,162,162,189,199,222,232,248,248,266,286,286,407,407,447,495,106,0,0,0,53,53,78,111,11,11,11,30,30,130,130,143,18,19,32,31,31,32,40,40,49,43,48,48,46,46,112,112,122,126,126,149,142,142,142,142,142,144,133,125,133,126,126,181,181,181,181,191,168,168,168],"floor_reached":89,"language":"ENG","playtime":5518,"items_purged":["Overencumbered","ReplayTheSpireMod:Restless Dread","bronze:Defend","Pain","downfall:Icky","bronze:Defend"],"score":1781,"play_id":"30831ed7-c433-4ad8-806f-e3d175dbb481","local_time":"20210201130745","is_ascension_mode":false,"campfire_choices":[{"data":"bronze:Repair","floor":7.0,"key":"SMITH"},{"data":"bronze:Flail","floor":12.0,"key":"SMITH"},{"data":"bronze:Terminator","floor":23.0,"key":"SMITH"},{"data":"bronze:ChildClass","floor":32.0,"key":"SMITH"},{"data":"bronze:Turbo","floor":40.0,"key":"SMITH"},{"data":"bronze:Turbo","floor":40.0,"key":"SMITH"},{"floor":46.0,"key":"REST"},{"floor":49.0,"key":"REST"},{"data":"bronze:Assembly","floor":57.0,"key":"SMITH"},{"data":"bronze:Fortify","floor":57.0,"key":"SMITH"},{"data":"bronze:Terminator","floor":66.0,"key":"SMITH"},{"data":"Slimebound:Grow","floor":66.0,"key":"SMITH"},{"data":"bronze:TinkerersToolbox","floor":74.0,"key":"SMITH"},{"data":"bronze:FollowUp","floor":74.0,"key":"SMITH"},{"floor":83.0,"key":"REST"}],"circlet_count":0,"master_deck":["bronze:Strike+1","bronze:Defend+1","bronze:Replicate","bronze:FollowUp+1","bronze:Iterate+1","bronze:Repair+1","bronze:Fortify+1","bronze:Flail+1","bronze:Terminator+1","bronze:Library+1","bronze:Flail+1","bronze:Optimize+1","bronze:Frontload+1","Slimebound:Grow+1","bronze:Separator+1","infinitespire:Collect","bronze:ChildClass+1","bronze:Turbo+1","bronze:Constructor+1","bronze:Turbo+1","bronze:Separator+1","ReplayTheSpireMod:Book of Names","bronze:Assembly+1","bronze:Branch","bronze:Branch","bronze:Explode","bronze:Terminator+1","bronze:TinkerersToolbox+1","bronze:GetLatest+1","bronze:Separator+1","Languid","bronze:BuggyMess+1","bronze:Shell+1","bronze:Turbo+1"],"relics":["Cursed Key","Blue Candle","ReplayTheSpireMod:Ring of Challenge","Slimebound:StickyStick","Replay:Mystery Machine","Astrolabe","Happy Flower","Replay:Bottled Snecko","Replay:Towering Pillar of Hats","Simple Rune","infinitespire:EvilPickle","SlaversCollar","Replay:Arrowhead","Red Mask","Mango","Blood Vial","infinitespire:Satchel","Centennial Puzzle","Ring of Chaos","Bird Faced Urn","infinitespire:Eraser","Black Star","Toxic Egg 2","Philosopher\u0027s Stone","Strawberry","Replay:Bottled Eggs","infinitespire:EvilPickle","bronze:ElectromagneticCoil"],"acts_visited":["Exordium","TheCity","TheBeyond","Exordium","TheCity","TheBeyond"],"potions_floor_usage":[],"damage_taken":[{"damage":0.0,"enemies":"2 Louse","floor":1.0,"turns":2.0},{"damage":43.0,"enemies":"Gremlin Nob","floor":6.0,"turns":5.0},{"damage":0.0,"enemies":"Jaw Worm","floor":10.0,"turns":3.0},{"damage":0.0,"enemies":"Small Slimes","floor":11.0,"turns":3.0},{"damage":1.0,"enemies":"Looter","floor":13.0,"turns":3.0},{"damage":5.0,"enemies":"Exordium Wildlife","floor":14.0,"turns":3.0},{"damage":34.0,"enemies":"Hexaghost","floor":16.0,"turns":9.0},{"damage":0.0,"enemies":"Chosen","floor":18.0,"turns":5.0},{"damage":4.0,"enemies":"3 Byrds","floor":21.0,"turns":5.0},{"damage":29.0,"enemies":"Book of Stabbing","floor":24.0,"turns":6.0},{"damage":0.0,"enemies":"Centurion and Healer","floor":25.0,"turns":6.0},{"damage":2.0,"enemies":"Chosen and Byrds","floor":27.0,"turns":4.0},{"damage":1.0,"enemies":"Sentry and Sphere","floor":28.0,"turns":4.0},{"damage":0.0,"enemies":"Cultist and Chosen","floor":30.0,"turns":4.0},{"damage":0.0,"enemies":"Snecko","floor":31.0,"turns":3.0},{"damage":25.0,"enemies":"Pondfish","floor":33.0,"turns":9.0},{"damage":7.0,"enemies":"Orb Walker","floor":35.0,"turns":4.0},{"damage":11.0,"enemies":"3 Shapes","floor":36.0,"turns":4.0},{"damage":52.0,"enemies":"2 Orb Walkers","floor":41.0,"turns":5.0},{"damage":45.0,"enemies":"Nightmare","floor":44.0,"turns":9.0},{"damage":14.0,"enemies":"Writhing Mass","floor":48.0,"turns":4.0},{"damage":31.0,"enemies":"Replay:Hell Engine","floor":50.0,"turns":6.0},{"damage":1.0,"enemies":"Cultist","floor":52.0,"turns":3.0},{"damage":0.0,"enemies":"Small Slimes","floor":54.0,"turns":2.0},{"damage":0.0,"enemies":"2 Louse","floor":55.0,"turns":2.0},{"damage":0.0,"enemies":"Large Slime","floor":56.0,"turns":2.0},{"damage":13.0,"enemies":"Blue Slaver","floor":58.0,"turns":3.0},{"damage":0.0,"enemies":"Lagavulin","floor":59.0,"turns":3.0},{"damage":1.0,"enemies":"Gremlin Gang","floor":61.0,"turns":1.0},{"damage":4.0,"enemies":"Gremlin Gang","floor":62.0,"turns":2.0},{"damage":1.0,"enemies":"Exordium Wildlife","floor":63.0,"turns":2.0},{"damage":0.0,"enemies":"Large Slime","floor":65.0,"turns":4.0},{"damage":3.0,"enemies":"The Guardian","floor":67.0,"turns":4.0},{"damage":0.0,"enemies":"3 Byrds","floor":69.0,"turns":2.0},{"damage":5.0,"enemies":"Chosen","floor":70.0,"turns":3.0},{"damage":1.0,"enemies":"Snake Plant","floor":73.0,"turns":3.0},{"damage":1.0,"enemies":"Centurion and Healer","floor":78.0,"turns":3.0},{"damage":53.0,"enemies":"Snecko","floor":79.0,"turns":5.0},{"damage":17.0,"enemies":"Cultist and Chosen","floor":80.0,"turns":3.0},{"damage":2.0,"enemies":"Centurion and Healer","floor":81.0,"turns":3.0},{"damage":34.0,"enemies":"Snake Plant","floor":82.0,"turns":4.0},{"damage":10.0,"enemies":"Pondfish","floor":84.0,"turns":6.0},{"damage":25.0,"enemies":"3 Darklings","floor":86.0,"turns":4.0},{"damage":46.0,"enemies":"Orb Walker","floor":88.0,"turns":4.0},{"damage":63,"enemies":"Transient","floor":89,"turns":3}],"seed_played":"-2005292012453768628","potions_obtained":[{"floor":6.0,"key":"SpeedPotion"},{"floor":10.0,"key":"Languid Potion"},{"floor":13.0,"key":"FearPotion"},{"floor":30.0,"key":"Flashbang"},{"floor":44.0,"key":"Fire Potion"},{"floor":52.0,"key":"Adrenaline Potion"},{"floor":54.0,"key":"infinitespire:BlackPotion"},{"floor":79.0,"key":"Energy Potion"},{"floor":86.0,"key":"Energy Potion"}],"is_trial":false,"path_per_floor":["M","?","T","?","$","E","R","?","T","M","M","R","M","M","R_BF","B",null,"M","$","?","M","AVR","R","E","M","T","M","M","?","M","M","R","B",null,"M","M","$","?","?","R","?","AVR","T","NM","$","R","T","M","R","B",null,"M","$","M","M","M","R","M","E","T","M","?","M","?","M","R","B",null,"M","M","AVR","T","M","R","?","$","T","M","M","M","M","M","R","B",null,"M","?","M","M"],"character_chosen":"THE_AUTOMATON","items_purchased":["bronze:Iterate","Happy Flower","Replay:Arrowhead"],"campfire_rested":3,"item_purchase_floors":[5,19,37],"current_hp_per_floor":[70,63,63,63,63,20,20,20,20,30,40,40,49,54,70,46,70,70,70,70,70,70,70,51,61,61,68,70,70,70,70,70,55,70,70,64,64,64,64,64,36,36,36,3,3,28,28,26,51,32,84,83,83,84,84,84,84,71,73,73,74,72,73,73,84,84,84,84,84,81,81,88,91,91,91,91,91,91,44,43,47,31,58,74,91,80,80,38,0,0,0],"gold":168,"neow_bonus":"BOSS_RELIC","is_daily":false,"chose_seed":false,"campfire_upgraded":12,"win_rate":0.0,"timestamp":1612181265,"path_taken":["M","?","?","?","$","E","R","?","T","M","?","R","M","M","R_BF","BOSS","M","$","?","M","AVR","R","E","M","T","M","M","?","M","M","R","BOSS","M","M","$","?","?","R","?","AVR","T","NM","?","R","?","M","R","BOSS","M","$","M","M","M","R","M","E","T","M","?","M","?","?","R","BOSS","M","?","AVR","?","?","R","?","?","T","M","M","?","M","M","R","BOSS","M","?","M","M"],"items_purchased_type":["Card","Relic","Relic"],"build_version":"2020-12-22","purchased_purges":6,"victory":false,"max_hp_per_floor":[70,70,70,70,70,70,70,70,70,70,70,70,70,70,70,70,70,70,70,70,70,70,70,70,70,70,70,70,70,70,70,70,70,70,70,70,70,70,70,70,84,84,84,84,84,84,84,84,84,84,84,84,84,84,84,84,84,84,84,84,84,84,84,84,84,84,84,84,84,84,84,91,91,91,91,91,91,91,91,91,91,91,91,91,91,91,91,91,91,91,91],"relic_stats":{"Blood Vial":31,"Centennial Puzzle":[59],"Happy Flower":[48],"counters":[45,176],"Blue Candle":[17],"Astrolabe":["bronze:Library","bronze:Flail","bronze:Optimize"],"Bird Faced Urn":[49],"Black Star":0,"Cursed Key":8,"obtain_stats":[{"bronze:ElectromagneticCoil":85,"bronze:BronzeCore":0,"Mango":41,"Replay:Mystery Machine":9,"Cursed Key":0,"Blood Vial":42,"Centennial Puzzle":44,"Slimebound:StickyStick":6,"Strawberry":72,"Philosopher\u0027s Stone":71,"Red Mask":38,"Replay:Bottled Snecko":22,"infinitespire:Eraser":60,"Toxic Egg 2":71,"Replay:Bottled Eggs":77,"Happy Flower":19,"Replay:Towering Pillar of Hats":24,"Blue Candle":3,"Astrolabe":17,"Ring of Chaos":51,"Replay:Arrowhead":37,"infinitespire:EvilPickle":33,"SlaversCollar":34,"Bird Faced Urn":59,"infinitespire:Satchel":43,"Simple Rune":26,"Black Star":68,"ReplayTheSpireMod:Ring of Challenge":4},{"bronze:ElectromagneticCoil":42,"bronze:BronzeCore":0,"Mango":19,"Replay:Mystery Machine":2,"Cursed Key":0,"Blood Vial":19,"Centennial Puzzle":20,"Slimebound:StickyStick":2,"Strawberry":35,"Philosopher\u0027s Stone":35,"Red Mask":18,"Replay:Bottled Snecko":9,"infinitespire:Eraser":28,"Toxic Egg 2":35,"Replay:Bottled Eggs":36,"Happy Flower":8,"Replay:Towering Pillar of Hats":10,"Blue Candle":1,"Astrolabe":7,"Ring of Chaos":22,"Replay:Arrowhead":18,"infinitespire:EvilPickle":16,"SlaversCollar":16,"Bird Faced Urn":28,"infinitespire:Satchel":19,"Simple Rune":11,"Black Star":33,"ReplayTheSpireMod:Ring of Challenge":1},{"bronze:ElectromagneticCoil":165,"bronze:BronzeCore":0,"Mango":87,"Replay:Mystery Machine":7,"Cursed Key":0,"Blood Vial":87,"Centennial Puzzle":95,"Slimebound:StickyStick":7,"Strawberry":138,"Philosopher\u0027s Stone":138,"Red Mask":82,"Replay:Bottled Snecko":38,"infinitespire:Eraser":120,"Toxic Egg 2":138,"Replay:Bottled Eggs":141,"Happy Flower":33,"Replay:Towering Pillar of Hats":44,"Blue Candle":2,"Astrolabe":28,"Ring of Chaos":105,"Replay:Arrowhead":82,"infinitespire:EvilPickle":74,"SlaversCollar":74,"Bird Faced Urn":120,"infinitespire:Satchel":87,"Simple Rune":50,"Black Star":133,"ReplayTheSpireMod:Ring of Challenge":2}]},"card_choices":[{"not_picked":["bronze:Frontload","bronze:Safeguard"],"picked":"bronze:FollowUp","floor":1.0},{"not_picked":["bronze:ItsAFeature","bronze:Shield"],"picked":"bronze:Repair","floor":6.0},{"not_picked":["bronze:ItsAFeature","bronze:Turbo"],"picked":"bronze:Fortify","floor":10.0},{"not_picked":["bronze:BuggyMess","bronze:DarkDash"],"picked":"bronze:Flail","floor":11.0},{"not_picked":["bronze:DelayedGuard","bronze:Format"],"picked":"bronze:Terminator","floor":13.0},{"not_picked":["bronze:Turbo","bronze:ChosenStrike","bronze:BitShift"],"picked":"SKIP","floor":14.0},{"not_picked":["bronze:ChosenStrike","bronze:BitShift"],"picked":"bronze:Frontload+1","floor":18.0},{"not_picked":["bronze:BuggyMess","bronze:WildBeam+1"],"picked":"bronze:Separator","floor":21.0},{"not_picked":["bronze:Invalidate+1","bronze:Repulsor"],"picked":"bronze:ChildClass","floor":24.0},{"not_picked":["bronze:MaxOutput","bronze:Frontload+1"],"picked":"bronze:Turbo","floor":25.0},{"not_picked":["bronze:ForLoop+1","bronze:InfiniteBeams","bronze:Overload"],"picked":"SKIP","floor":27.0},{"not_picked":["bronze:Safeguard","bronze:ChosenStrike"],"picked":"bronze:Constructor+1","floor":28.0},{"not_picked":["bronze:ItsAFeature","bronze:ForceShield"],"picked":"bronze:Turbo","floor":30.0},{"not_picked":["bronze:Deprecate","bronze:Safeguard+1","bronze:CutThrough"],"picked":"SKIP","floor":31.0},{"not_picked":["bronze:Repulsor","bronze:Invalidate"],"picked":"bronze:Separator+1","floor":35.0},{"not_picked":["bronze:Invalidate+1","bronze:Philosophize+1","bronze:BugBarrage+1"],"picked":"SKIP","floor":36.0},{"not_picked":["bronze:Deprecate+1","bronze:OilSpill","bronze:NullPointer+1"],"picked":"SKIP","floor":44.0},{"not_picked":["bronze:Refactor","bronze:DigitalCarnage","bronze:BuggyMess+1"],"picked":"SKIP","floor":48.0},{"not_picked":["bronze:Refactor","bronze:DigitalCarnage","bronze:BuggyMess+1"],"picked":"SKIP","floor":48.0},{"not_picked":["bronze:Hardcode","bronze:Virus"],"picked":"bronze:Assembly","floor":50.0},{"not_picked":["bronze:CutThrough","bronze:Frontload"],"picked":"bronze:Branch","floor":52.0},{"not_picked":["bronze:Boost","bronze:Overload"],"picked":"bronze:Branch","floor":54.0},{"not_picked":["bronze:Break","bronze:OilSpill","bronze:Allocate"],"picked":"SKIP","floor":55.0},{"not_picked":["bronze:WildBeam","bronze:Overheat","bronze:Optimize"],"picked":"SKIP","floor":56.0},{"not_picked":["bronze:BronzeOrb","bronze:DigitalCarnage","bronze:BronzeArmor"],"picked":"SKIP","floor":58.0},{"not_picked":["bronze:Return","bronze:CutThrough","bronze:Deprecate"],"picked":"SKIP","floor":59.0},{"not_picked":["bronze:NullPointer","bronze:ChildClass","bronze:Frontload"],"picked":"SKIP","floor":61.0},{"not_picked":[],"picked":"bronze:Explode","floor":62.0},{"not_picked":["bronze:FineTuning","bronze:ChildClass","bronze:Branch"],"picked":"SKIP","floor":63.0},{"not_picked":["bronze:Constructor","bronze:CutThrough"],"picked":"bronze:Terminator","floor":65.0},{"not_picked":["bronze:Verify","bronze:RecursiveStrike"],"picked":"bronze:TinkerersToolbox","floor":67.0},{"not_picked":["bronze:DelayedSlice","bronze:CutThrough","bronze:Shell"],"picked":"SKIP","floor":69.0},{"not_picked":["bronze:OilSpill+1","bronze:ChildClass","bronze:Repair"],"picked":"SKIP","floor":70.0},{"not_picked":["bronze:Separator","bronze:Flail"],"picked":"bronze:GetLatest+1","floor":73.0},{"not_picked":["bronze:Mutator","bronze:BitShift+1"],"picked":"bronze:BuggyMess+1","floor":78.0},{"not_picked":["bronze:BuggyMess+1","bronze:Invalidate+1"],"picked":"bronze:Shell+1","floor":79.0},{"not_picked":["bronze:DelayedGuard+1","bronze:Deprecate+1"],"picked":"bronze:Turbo+1","floor":80.0},{"not_picked":["bronze:Constructor+1","bronze:ItsAFeature","bronze:DelayedSlice"],"picked":"SKIP","floor":81.0},{"not_picked":["bronze:FineTuning+1","bronze:Return+1","bronze:BuggyMess+1"],"picked":"SKIP","floor":82.0},{"not_picked":["bronze:Branch","bronze:GetLatest+1","bronze:DelayedGuard+1"],"picked":"SKIP","floor":86.0},{"not_picked":["bronze:Overheat+1","bronze:Deprecate+1","bronze:Overload+1"],"picked":"SKIP","floor":88}],"player_experience":355290,"relics_obtained":[{"floor":3.0,"key":"Blue Candle"},{"floor":4.0,"key":"ReplayTheSpireMod:Ring of Challenge"},{"floor":6.0,"key":"Slimebound:StickyStick"},{"floor":9.0,"key":"Replay:Mystery Machine"},{"floor":24.0,"key":"Replay:Towering Pillar of Hats"},{"floor":26.0,"key":"Simple Rune"},{"floor":41.0,"key":"Mango"},{"floor":43.0,"key":"infinitespire:Satchel"},{"floor":44.0,"key":"Centennial Puzzle"},{"floor":59.0,"key":"Bird Faced Urn"},{"floor":60.0,"key":"infinitespire:Eraser"},{"floor":72.0,"key":"Strawberry"},{"floor":77.0,"key":"Replay:Bottled Eggs"}],"event_choices":[{"cards_removed":["bronze:Goto"],"damage_healed":0.0,"max_hp_gain":0.0,"max_hp_loss":0.0,"gold_gain":0.0,"event_name":"Golden Wing","player_choice":"Card Removal","floor":2.0,"gold_loss":0.0,"damage_taken":7.0},{"cards_removed":["bronze:Replicate"],"damage_healed":0.0,"max_hp_gain":0.0,"max_hp_loss":0.0,"gold_gain":0.0,"event_name":"betterNote:BetterNote","player_choice":"Take \u0026 Give","floor":20.0,"gold_loss":0.0,"damage_taken":0.0,"cards_obtained":["Slimebound:Grow"]},{"damage_healed":0.0,"max_hp_gain":0.0,"max_hp_loss":0.0,"gold_gain":0.0,"event_name":"The Mausoleum","player_choice":"Ignored","floor":29.0,"gold_loss":0.0,"damage_taken":0.0},{"damage_healed":0.0,"max_hp_gain":0.0,"max_hp_loss":0.0,"gold_gain":0.0,"event_name":"Tomb of Lord Red Mask","player_choice":"Paid","floor":38.0,"gold_loss":106.0,"damage_taken":0.0,"relics_obtained":["Red Mask"]},{"cards_removed":["bronze:Defend"],"damage_healed":0.0,"max_hp_gain":0.0,"max_hp_loss":0.0,"gold_gain":0.0,"event_name":"Falling","player_choice":"Removed Skill","floor":39.0,"gold_loss":0.0,"damage_taken":0.0},{"damage_healed":0.0,"max_hp_gain":0.0,"max_hp_loss":0.0,"gold_gain":0.0,"event_name":"Mysterious Sphere","player_choice":"Fight","floor":41.0,"gold_loss":0.0,"damage_taken":0.0},{"cards_removed":["Doubt"],"damage_healed":0.0,"max_hp_gain":0.0,"max_hp_loss":0.0,"gold_gain":0.0,"event_name":"Fountain of Cleansing","player_choice":"Removed Curses","floor":64.0,"gold_loss":0.0,"damage_taken":0.0},{"damage_healed":0.0,"max_hp_gain":0.0,"max_hp_loss":0.0,"gold_gain":0.0,"event_name":"The Woman in Blue","player_choice":"Bought 0 Potions","floor":87.0,"gold_loss":0.0,"damage_taken":0.0}],"is_beta":false,"boss_relics":[{"not_picked":["Runic Dome","bronze:ElectromagneticCoil"],"picked":"Astrolabe"},{"not_picked":["Tiny House","Fusion Hammer"],"picked":"SlaversCollar"},{"not_picked":["Pandora\u0027s Box","Snecko Eye"],"picked":"Ring of Chaos"},{"not_picked":["Pandora\u0027s Box","Velvet Choker"],"picked":"Black Star"},{"not_picked":["infinitespire:Cupcake","Honey Jar"],"picked":"bronze:ElectromagneticCoil"}],"items_purged_floors":[22,37,42,45,53,71],"is_endless":true,"potions_floor_spawned":[6,10,13,18,24,30,44,50,52,54,59,61,63,73,79,80,81,86],"killed_by":"Transient","ascension_level":0}}