{"host":"kntpungskobv1jqb","time":1612161099,"event":{"mods":["BaseMod","Minty Spire (QoL Compilation)","Replay The Spire","StSLib","SuperFastMode"],"gold_per_floor":[113,130,130,130,148,148,10,10,10,10,28,45,45,61,61,132,132,144,44,44,54,54,54,102,102,121,121,121],"floor_reached":27,"language":"ZHS","playtime":576,"items_purged":["Regret","Parasite"],"score":396,"play_id":"f46df98d-ca10-45ac-8d11-d922347ac7d8","local_time":"20210201143139","is_ascension_mode":true,"campfire_choices":[{"floor":6,"key":"REST"},{"data":"ReplayTheSpireMod:Omega Cannon","floor":8,"key":"SMITH"},{"data":"Dualcast","floor":10,"key":"SMITH"},{"floor":13,"key":"REST"},{"floor":15,"key":"REST"},{"floor":25,"key":"REST"}],"circlet_count":0,"master_deck":["AscendersBane","Strike_B+1","Strike_B","Strike_B+1","Strike_B","Defend_B","Defend_B","Defend_B","Defend_B","Zap","Dualcast+1","ReplayTheSpireMod:Omega Cannon+1","ReplayTheSpireMod:Reroute Power","Crystallizer+1","Leap","Chill","Consume","Seek","ReplayGash","RitualDagger","Leap","Gash"],"relics":["Cracked Core","Replay:WaspNest","Ice Cream","Black Star","Replay:Wax Seal"],"acts_visited":["Exordium","TheCity"],"potions_floor_usage":[16,27],"damage_taken":[{"damage":6,"enemies":"Cultist","floor":1,"turns":3},{"damage":0,"enemies":"Small Slimes","floor":2,"turns":2},{"damage":2,"enemies":"2 Louse","floor":5,"turns":2},{"damage":13,"enemies":"Exordium Wildlife","floor":11,"turns":3},{"damage":0,"enemies":"Looter","floor":12,"turns":2},{"damage":15,"enemies":"3 Louse","floor":14,"turns":2},{"damage":49,"enemies":"Hexaghost","floor":16,"turns":8},{"damage":32,"enemies":"Shell Parasite","floor":18,"turns":4},{"damage":0,"enemies":"3 Byrds","floor":21,"turns":3},{"damage":38,"enemies":"Cultist and Chosen","floor":26,"turns":7},{"damage":22,"enemies":"Snecko","floor":27,"turns":4}],"seed_played":"7767909720372550868","potions_obtained":[{"floor":5,"key":"AttackPotion"},{"floor":11,"key":"FearPotion"},{"floor":16,"key":"Regen Potion"}],"is_trial":false,"path_per_floor":["M","M","?","?","M","R","$","R","T","R","M","M","R","M","R","B",null,"M","$","?","M","PTL","PTL","T","R","M","M"],"character_chosen":"DEFECT","items_purchased":["Crystallizer+1"],"campfire_rested":4,"item_purchase_floors":[7],"current_hp_per_floor":[58,58,37,37,35,56,56,56,56,56,43,43,64,49,70,21,59,27,27,21,21,21,21,21,41,3,0,0],"gold":121,"neow_bonus":"THREE_RARE_CARDS","is_daily":false,"chose_seed":false,"campfire_upgraded":2,"win_rate":0.0,"timestamp":1612161099,"path_taken":["M","?","?","?","M","R","$","R","T","R","?","M","R","M","R","BOSS","M","$","?","M","PTL","PTL","?","R","M","M"],"items_purchased_type":["Card"],"build_version":"2020-12-22","purchased_purges":2,"victory":false,"max_hp_per_floor":[71,71,71,71,71,71,71,71,71,71,71,71,71,71,71,71,71,71,68,68,68,68,68,68,68,68,68,68],"card_choices":[{"not_picked":["Rainbow","Creative AI"],"picked":"ReplayTheSpireMod:Omega Cannon","floor":0},{"not_picked":["Sweeping Beam","Redo","Panic Button"],"picked":"SKIP","floor":1},{"not_picked":["Rebound","Steam"],"picked":"ReplayTheSpireMod:Reroute Power","floor":2},{"not_picked":["Heatsinks","Go for the Eyes","ReplaySort"],"picked":"SKIP","floor":5},{"not_picked":["Recycle","Darkness"],"picked":"Leap","floor":11},{"not_picked":["Time Bomb","Stack"],"picked":"Chill","floor":12},{"not_picked":["Sweeping Beam","ReplayTheSpireMod:Omega Cannon"],"picked":"Consume","floor":14},{"not_picked":["ReplayTheSpireMod:Omega Cannon","Multi-Cast"],"picked":"Seek","floor":16},{"not_picked":["Gash","Compile Driver"],"picked":"ReplayGash","floor":18},{"not_picked":["Rebound","Blizzard+1"],"picked":"Leap","floor":21},{"not_picked":["Hologram","Barrage"],"picked":"Gash","floor":26}],"player_experience":526366,"relics_obtained":[{"floor":9,"key":"Ice Cream"},{"floor":24,"key":"Replay:Wax Seal"}],"event_choices":[{"damage_healed":0,"gold_gain":0,"player_choice":"Entered Light","damage_taken":21,"max_hp_gain":0,"max_hp_loss":0,"event_name":"Shining Light","floor":3,"gold_loss":0,"cards_upgraded":["Strike_B","Strike_B"]},{"damage_healed":0,"gold_gain":0,"player_choice":"Box","damage_taken":0,"relics_obtained":["Replay:WaspNest"],"max_hp_gain":0,"max_hp_loss":0,"event_name":"Big Fish","floor":4,"gold_loss":0,"cards_obtained":["Regret"]},{"damage_healed":0,"gold_gain":0,"player_choice":"Joined the Cult","damage_taken":6,"max_hp_gain":0,"max_hp_loss":0,"event_name":"Nest","floor":20,"gold_loss":0,"cards_obtained":["RitualDagger"]}],"is_beta":false,"boss_relics":[{"not_picked":["Runic Dome","FrozenCore"],"picked":"Black Star"}],"items_purged_floors":[7,19],"is_endless":false,"potions_floor_spawned":[5,11,12,16,26],"killed_by":"Snecko","ascension_level":19}}