{"host":"2q4w55ev63ot6isg","time":1612193264,"event":{"mods":["Aspiration","BaseMod","Downfall","Hubris","Marisa????????","Minty Spire (QoL Compilation)","Replay The Spire","StSLib","The Cursed","The Jungle","The Servant 0.9.4"],"gold_per_floor":[112,112,112,37,49,49,77,89,115,65,65,65,78,94,94,197,197,217,34,51,51,64,146,36,79,102,111,229,246,206,216,216,323,323,351,371,371,299,104,104,104,26,107,147,173,12,36,65,65,65],"floor_reached":51,"language":"ENG","playtime":1585,"items_purged":["Strike_R"],"score":1169,"play_id":"10503abf-9b87-4038-9a80-e591d3943ba1","local_time":"20210201072744","is_ascension_mode":true,"campfire_choices":[{"data":"Inflame","floor":6,"key":"SMITH"},{"floor":11,"key":"DIG"},{"floor":15,"key":"DIG"},{"data":"Eclipse","floor":40,"key":"SMITH"},{"data":"Battle Trance","floor":49,"key":"SMITH"}],"circlet_count":0,"master_deck":["Strike_R+1","Strike_R","Strike_R","Strike_R+1","Defend_R","Defend_R+1","Defend_R","Bash","Spot Weakness","CurseOfTheBell","CurseOfTheBell","Inflame+1","Double Tap+1","Armaments+1","Injury","Shrug It Off+1","Battle Trance+1","Feed","Warcry+1","ReplayTheSpireMod:Limb From Limb+1","ReplayTheSpireMod:Limb From Limb","Doubt","Berserk+1","Fire Breathing+1","Uppercut+1","Shockwave+1","downfall:Bewildered","ReplayTheSpireMod:Splinters","Pommel Strike","Eclipse+1","Dark Embrace+1","ForeignInfluence+1","Sword Boomerang+1","Pommel Strike+1","Feel No Pain+1","Replay:Parry","Replay:Undeath\u0027s Touch+1","ForeignInfluence+1"],"relics":["Burning Blood","Guardian:PocketSentry","downfall:ExtraCursedBell","Mercury Hourglass","Replay:Multitool","hexamod:BolsterEngine","Boot","Vajra","Darkstone Periapt","Frozen Egg 2","Pet Ghost","Ring of Chaos","Membership Card","Ring of Misfortune","CeramicFish","hubris:SlimyHat","Potion Belt","sneckomod:BabySnecko","Ancient Tea Set","aspiration:WatcherSkillbook","champ:Barbells","Toolbox","InkBottle","hubris:ChampionShield","The Courier","hexamod:CandleOfCauterizing","FossilizedHelix"],"acts_visited":["Exordium","TheCity","TheBeyond"],"potions_floor_usage":[16,16,29,33,33,33,44,44,50,50,50],"damage_taken":[{"damage":6,"enemies":"Jaw Worm","floor":1,"turns":4},{"damage":0,"enemies":"Small Slimes","floor":5,"turns":2},{"damage":22,"enemies":"Lagavulin","floor":7,"turns":6},{"damage":0,"enemies":"2 Louse","floor":8,"turns":2},{"damage":11,"enemies":"Exordium Wildlife","floor":13,"turns":3},{"damage":0,"enemies":"2 Fungi Beasts","floor":14,"turns":3},{"damage":36,"enemies":"Slime Boss","floor":16,"turns":7},{"damage":21,"enemies":"2 Thieves","floor":18,"turns":4},{"damage":18,"enemies":"Shell Parasite","floor":20,"turns":4},{"damage":2,"enemies":"Snake Plant","floor":22,"turns":2},{"damage":10,"enemies":"Book of Stabbing","floor":25,"turns":3},{"damage":0,"enemies":"Snecko","floor":29,"turns":3},{"damage":0,"enemies":"Sentry and Sphere","floor":31,"turns":3},{"damage":17,"enemies":"Automaton","floor":33,"turns":5},{"damage":1,"enemies":"Orb Walker","floor":35,"turns":2},{"damage":0,"enemies":"3 Shapes","floor":36,"turns":1},{"damage":3,"enemies":"R_Hoarder","floor":44,"turns":5},{"damage":1,"enemies":"3 Darklings","floor":45,"turns":4},{"damage":0,"enemies":"Sphere and 2 Shapes","floor":47,"turns":3},{"damage":0,"enemies":"Jaw Worm Horde","floor":48,"turns":3},{"damage":0,"enemies":"hubris:GrandSnecko","floor":50,"turns":5}],"seed_played":"3479207153461661967","potions_obtained":[{"floor":5,"key":"FearPotion"},{"floor":7,"key":"SkillPotion"},{"floor":14,"key":"Guardian:BlockOnCardUsePotion"},{"floor":22,"key":"Strength Potion"},{"floor":25,"key":"PowerPotion"},{"floor":31,"key":"LiquidMemories"},{"floor":37,"key":"EssenceOfSteel"},{"floor":37,"key":"Block Potion"},{"floor":37,"key":"Swift Potion"},{"floor":44,"key":"champ:CounterPotion"},{"floor":45,"key":"SkillPotion"}],"is_trial":false,"path_per_floor":["M","?","?","$","M","R","E","M","T","?","R","?","M","M","R","B",null,"M","$","M","?","M","R","$","E","T","?","?","M","?","M","R","B",null,"M","M","?","$","$","R","?","$","T","E","M","$","M","M","R","B",null],"character_chosen":"IRONCLAD","items_purchased":["Membership Card","ReplayTheSpireMod:Limb From Limb","CeramicFish","Fire Breathing+1","Uppercut","champ:Barbells","Toolbox","InkBottle","hubris:ChampionShield","FossilizedHelix","Feel No Pain+1","Replay:Parry"],"campfire_rested":0,"item_purchase_floors":[19,19,24,24,24,38,39,39,42,46,46,46],"current_hp_per_floor":[80,64,64,64,70,70,54,60,60,60,60,66,61,67,67,37,74,62,62,50,56,63,63,63,62,62,68,74,80,80,86,113,102,110,113,113,113,113,113,113,113,113,113,113,116,116,119,122,122,122],"gold":65,"neow_bonus":"RANDOM_COMMON_RELIC","is_daily":false,"chose_seed":false,"campfire_upgraded":3,"win_rate":0.0,"timestamp":1612193264,"path_taken":["M","?","?","$","M","R","E","M","T","?","R","?","M","M","R","BOSS","M","$","M","?","M","R","$","E","T","?","?","M","?","?","R","BOSS","M","M","?","?","$","R","?","$","T","E","M","$","?","?","R","BOSS"],"items_purchased_type":["Relic","Card","Relic","Card","Card","Relic","Relic","Relic","Relic","Relic","Card","Card"],"build_version":"2020-12-22","purchased_purges":1,"victory":true,"max_hp_per_floor":[80,80,80,80,80,80,80,80,80,80,80,86,86,86,86,86,86,89,89,89,95,98,98,98,101,101,107,113,113,113,113,113,113,113,113,113,113,113,113,113,113,113,113,113,116,116,119,122,122,122],"card_choices":[{"not_picked":["Replay:Undeath\u0027s Touch","Run Through"],"picked":"Spot Weakness","floor":1},{"not_picked":["ReplayTheSpireMod:LeadingStrike","ReplayTheSpireMod:Strike From Hell"],"picked":"Inflame","floor":5},{"not_picked":["Sword Boomerang","Rampage"],"picked":"Double Tap","floor":7},{"not_picked":["Hemokinesis","Perfected Strike"],"picked":"Armaments","floor":8},{"not_picked":["Cleave","Run Through"],"picked":"Shrug It Off","floor":13},{"not_picked":["Clash","Intimidate"],"picked":"Battle Trance","floor":14},{"not_picked":["Replay:Many Hands","Demonic Infusion"],"picked":"Feed","floor":16},{"not_picked":["Carnage","Anger+1"],"picked":"Warcry+1","floor":18},{"not_picked":["ReplayTheSpireMod:Strike From Hell","Rupture+1","Massacre"],"picked":"SKIP","floor":20},{"not_picked":["Replay:Undeath\u0027s Touch","Shrug It Off"],"picked":"Berserk+1","floor":22},{"not_picked":["Clash","Iron Wave"],"picked":"Shockwave+1","floor":25},{"not_picked":["Intimidate","Warcry"],"picked":"Pommel Strike","floor":28},{"not_picked":["ReplayTheSpireMod:Limb From Limb+1","Massacre","Iron Wave"],"picked":"SKIP","floor":29},{"not_picked":["Cleave","Wild Strike","Clothesline"],"picked":"SKIP","floor":31},{"not_picked":["Demonic Infusion","Double Tap"],"picked":"Eclipse","floor":33},{"not_picked":["Sword Boomerang+1","Iron Wave","Havoc+1"],"picked":"Dark Embrace+1","floor":35},{"not_picked":["Replay:ManipulateFuture","Replay:AtTheReady","Replay:Battleflow"],"picked":"ForeignInfluence+1","floor":36},{"not_picked":["Headbutt","Tantrum","ThirdEye"],"picked":"Sword Boomerang+1","floor":44},{"not_picked":["Flex+1","Replay:BluntJabs","Replay:Undeath\u0027s Touch"],"picked":"Pommel Strike+1","floor":45},{"not_picked":["Blasphemy","Havoc+1","Perfected Strike+1"],"picked":"Replay:Undeath\u0027s Touch+1","floor":47},{"not_picked":["Nirvana+1","FlurryOfBlows+1","JustLucky"],"picked":"ForeignInfluence+1","floor":48}],"player_experience":193645,"relics_obtained":[{"floor":3,"key":"Mercury Hourglass"},{"floor":3,"key":"Replay:Multitool"},{"floor":3,"key":"hexamod:BolsterEngine"},{"floor":7,"key":"Boot"},{"floor":9,"key":"Vajra"},{"floor":11,"key":"Darkstone Periapt"},{"floor":15,"key":"Pet Ghost"},{"floor":21,"key":"Ring of Misfortune"},{"floor":25,"key":"hubris:SlimyHat"},{"floor":26,"key":"Potion Belt"},{"floor":28,"key":"Ancient Tea Set"},{"floor":43,"key":"The Courier"},{"floor":44,"key":"hexamod:CandleOfCauterizing"}],"event_choices":[{"damage_healed":0,"gold_gain":0,"player_choice":"Entered Light","damage_taken":16,"max_hp_gain":0,"max_hp_loss":0,"event_name":"Shining Light","floor":2,"gold_loss":0,"cards_upgraded":["Defend_R","Strike_R"]},{"cards_removed":["Defend_R"],"damage_healed":0,"gold_gain":0,"player_choice":"Card Removal","damage_taken":0,"max_hp_gain":0,"max_hp_loss":0,"event_name":"The Cleric","floor":10,"gold_loss":50},{"damage_healed":0,"gold_gain":0,"player_choice":"Upgraded Two","damage_taken":0,"max_hp_gain":0,"max_hp_loss":0,"event_name":"Designer","floor":30,"gold_loss":40,"cards_upgraded":["Uppercut","ReplayTheSpireMod:Limb From Limb"]},{"damage_healed":0,"gold_gain":0,"player_choice":"Got Potions","damage_taken":0,"max_hp_gain":0,"max_hp_loss":0,"event_name":"Lab","floor":37,"gold_loss":0}],"is_beta":false,"boss_relics":[{"not_picked":["hubris:BlackHole","ChewingGum"],"picked":"Ring of Chaos"},{"not_picked":["Empty Cage","Electric Blood"],"picked":"aspiration:WatcherSkillbook"}],"items_purged_floors":[4],"is_endless":false,"potions_floor_spawned":[5,7,14,22,25,31,44,45],"ascension_level":5}}