{"host":"3i0tc1zs9k2bo7un","time":1612194179,"event":{"mods":["Act Like it!","Aspiration","BaseMod","Gensokyo","Minty Spire (QoL Compilation)","MostiFishMod","Quick Restart","Reliquary","Replay The Spire","StSLib","TestMod","Wide Potions","[IsaacMod]ÒÔÈö¼âËþ","¡¾ÒÅÎï¿¨ÅÆ¡¿REMEMod"],"gold_per_floor":[119,119,519,449,449,478,478,512,585,585,602,621,621,651,651,651,651],"floor_reached":16,"language":"ZHS","playtime":372,"items_purged":["Strike_G","Strike_G"],"score":394,"play_id":"00014c82-c21c-4afc-bfc9-4aa254521690","local_time":"20210201234259","is_ascension_mode":true,"campfire_choices":[{"data":"Tantrum","floor":7,"key":"SMITH"},{"data":"Acrobatics","floor":15,"key":"SMITH"}],"circlet_count":0,"master_deck":["AscendersBane","Strike_G+1","Strike_G+1","Defend_G","Defend_G","Defend_G+1","Defend_G","Defend_G","Survivor","Neutralize","Tantrum+1","Glass Knife+1","Flechettes","Acrobatics+1"],"relics":["Ring of the Snake","DaveBox","testmod-TestBox","HushsDoor","Damocles","testmod-EqualTreatment","DiscerningMonocle","NeowsBlessing","Blood Vial","SynthV:TestCard","UnicornStump","reliquary:RosewoodLute","DaCapo","TungstenRod","REME_HourglassOfDeath","Letter Opener","Ying","Replay:Bottled Flurry","Whetstone","ReplayTheSpireMod:Lightbulb","MealTicket","BrkXgEgg","ReplayTheSpireMod:TigerMarble","reliquary:BoilingFlask","Ornamental Fan"],"acts_visited":["Gensokyo:Gensokyo"],"potions_floor_usage":[],"damage_taken":[{"damage":0,"enemies":"Gensokyo:Python","floor":1,"turns":1},{"damage":0,"enemies":"Gensokyo:Aya","floor":6,"turns":1},{"damage":0,"enemies":"Gensokyo:Mamizou","floor":8,"turns":1},{"damage":0,"enemies":"Gensokyo:Gryphon","floor":11,"turns":1},{"damage":0,"enemies":"Gensokyo:3_Fairies","floor":12,"turns":2},{"damage":0,"enemies":"Gensokyo:Cirno","floor":14,"turns":4},{"damage":95,"enemies":"Gensokyo:Yukari","floor":16,"turns":5}],"seed_played":"5486957874908086039","potions_obtained":[{"floor":1,"key":"Weak Potion"},{"floor":11,"key":"Flashbang"},{"floor":12,"key":"Strength Potion"}],"is_trial":false,"path_per_floor":["M","?","?","?","?","E","R","E","T","$","M","M","$","E","R","B"],"character_chosen":"THE_SILENT","items_purchased":["Letter Opener","Ying","Replay:Bottled Flurry","MealTicket","BrkXgEgg","ReplayTheSpireMod:TigerMarble"],"campfire_rested":0,"item_purchase_floors":[10,10,10,13,13,13],"current_hp_per_floor":[59,59,59,59,59,61,61,63,63,63,65,66,66,66,66,0,0],"gold":651,"neow_bonus":"THREE_ENEMY_KILL","is_daily":false,"chose_seed":false,"campfire_upgraded":2,"win_rate":0.0,"timestamp":1612194179,"path_taken":["M","?","?","?","?","E","R","E","T","$","M","M","?","E","R","BOSS"],"items_purchased_type":["Relic","Relic","Relic","Relic","Relic","Relic"],"build_version":"2020-12-22","purchased_purges":2,"victory":false,"max_hp_per_floor":[66,66,66,66,66,66,66,66,66,66,66,66,66,66,66,66,66],"card_choices":[{"not_picked":["Hidden Blade","Poisoned Stab","MostiFishMod:FrostNova"],"picked":"SKIP","floor":1},{"not_picked":["Backstab","Deadly Poison","Sucker Punch","Dagger Throw"],"picked":"Glass Knife","floor":2},{"not_picked":["ReplayTheSpireMod:Exploit Weakness","MostiFishMod:ThornCasing","Blade Dance","Flying Knee"],"picked":"Flechettes","floor":6},{"not_picked":["Blade Dance","Flechettes","Deflect","Dodge and Roll","Cloak And Dagger"],"picked":"SKIP","floor":8},{"not_picked":["Outmaneuver","Prepared","Night Terror","ReplayTheSpireMod:Scrap Shanks","Underhanded Strike"],"picked":"SKIP","floor":11},{"not_picked":["MostiFishMod:VineMother","Flying Knee","Skewer","Dagger Spray","MostiFishMod:PoisonShield"],"picked":"SKIP","floor":12},{"not_picked":["ReplayTheSpireMod:Tripwire","PiercingWail","Cloak And Dagger","Noxious Fumes"],"picked":"Acrobatics","floor":14}],"player_experience":687494,"relics_obtained":[{"floor":1,"key":"Blood Vial"},{"floor":1,"key":"SynthV:TestCard"},{"floor":6,"key":"UnicornStump"},{"floor":6,"key":"reliquary:RosewoodLute"},{"floor":8,"key":"DaCapo"},{"floor":8,"key":"TungstenRod"},{"floor":9,"key":"REME_HourglassOfDeath"},{"floor":11,"key":"Whetstone"},{"floor":12,"key":"ReplayTheSpireMod:Lightbulb"},{"floor":14,"key":"reliquary:BoilingFlask"},{"floor":14,"key":"Ornamental Fan"}],"event_choices":[{"damage_healed":0,"gold_gain":400,"player_choice":"Sell","damage_taken":0,"max_hp_gain":0,"max_hp_loss":0,"event_name":"¶÷ÂåË¹µÄÅÌ×Ó","floor":3,"relics_lost":["REME_ComplimentaryCards"],"gold_loss":0}],"is_beta":false,"boss_relics":[],"items_purged_floors":[10,13],"is_endless":false,"potions_floor_spawned":[1,11,12],"killed_by":"Gensokyo:Yukari","ascension_level":19}}