{"host":"upxylo0gv9lknfjc","time":1612147405,"event":{"mods":["2.2 Compatiblity","BaseMod","Colored Map","Downfall","GungeonMod","Hermit","Lobotomy","Minty Spire (QoL Compilation)","StSLib","The Bug Knight","The Cursed","The Dragon Tamer","The Gatherer","The Hierophant","The Jungle","The Poker Player","The Runesmith"],"gold_per_floor":[99,109,125,125,138,149,149,49,59,44,68,94,108,208,228,228,228,228],"floor_reached":16,"language":"ENG","playtime":2299,"items_purged":[],"score":129,"play_id":"6f8c0a3f-f8db-44f8-a388-c2e3290e0f0d","local_time":"20210201114324","is_ascension_mode":false,"campfire_choices":[{"floor":1.0,"key":"RECALL"},{"data":"champ:BerserkersShout","floor":8,"key":"SMITH"}],"circlet_count":0,"master_deck":["champ:Strike","champ:Strike","champ:Strike","champ:Strike","champ:Defend","champ:Defend","champ:Defend","champ:Defend","champ:Execute","champ:Taunt","champ:BerserkersShout+1","champ:AdrenalArmor","champ:Encircle","champ:ArenaPreparation","champ:GutPunch","champ:BringItOn","champ:FancyFootwork","champ:PreciseThrust","champ:Endure"],"relics":["champ:ChampionCrown","downfall:HeartBlessingBlue","Odd Mushroom","DemoMod:JetPack","downfall:CloakOfManyFaces","CultistMask","FaceOfCleric","NlothsMask","GremlinMask","SsserpentHead","DemoMod:GlassGuonStoneRelic"],"acts_visited":["Exordium"],"potions_floor_usage":[6,9,9,14,14,16],"damage_taken":[{"damage":11.0,"enemies":"Jaw Worm","floor":2.0,"turns":5.0},{"damage":36.0,"enemies":"Cultist","floor":3.0,"turns":3.0},{"damage":35,"enemies":"Small Slimes","floor":5,"turns":4},{"damage":61,"enemies":"Gremlin Gang","floor":6,"turns":6},{"damage":58,"enemies":"3 Louse","floor":9,"turns":6},{"damage":59,"enemies":"downfall:FleeingMerchant","floor":10,"turns":4},{"damage":51,"enemies":"The Mushroom Lair","floor":11,"turns":4},{"damage":60,"enemies":"Gremlin Nob","floor":12,"turns":4},{"damage":44,"enemies":"Large Slime","floor":13,"turns":5},{"damage":71,"enemies":"downfall:FaceTrader","floor":14,"turns":10},{"damage":17,"enemies":"2 Fungi Beasts","floor":15,"turns":2},{"damage":54,"enemies":"SI_SHIV_ARCHETYPE","floor":16,"turns":10}],"seed_played":"-3184077351810123396","potions_obtained":[{"floor":3,"key":"SpeedPotion"},{"floor":4,"key":"LiquidMemories"},{"floor":4,"key":"champ:TechniquePotion"},{"floor":12,"key":"champ:TechniquePotion"},{"floor":13,"key":"Explosive Potion"},{"floor":14,"key":"Block Potion"}],"is_trial":false,"path_per_floor":["R","M","M","?","M","M","T","R","M","$","?","E","M","?","M","B"],"character_chosen":"THE_CHAMP","items_purchased":[],"campfire_rested":0,"item_purchase_floors":[],"current_hp_per_floor":[99,98,92,92,92,81,81,91,78,74,63,33,24,18,19,0,0,0],"gold":228,"neow_bonus":"TEN_PERCENT_HP_BONUS","is_daily":false,"chose_seed":false,"campfire_upgraded":1,"win_rate":0.0,"timestamp":1612147404,"path_taken":["R","M","M","?","M","?","T","R","M","?","?","E","M","?","M","BOSS"],"items_purchased_type":[],"build_version":"2020-12-22","purchased_purges":0,"victory":false,"max_hp_per_floor":[99,99,99,99,99,99,99,109,109,109,109,109,109,109,110,110,110,110],"card_choices":[{"not_picked":["champ:SetATrap","champ:BringItOn"],"picked":"champ:BerserkersShout","floor":2.0},{"not_picked":["champ:Shatter","champ:FocusedDefense"],"picked":"champ:AdrenalArmor","floor":3},{"not_picked":["champ:FanOfKnives","champ:CrownThrow"],"picked":"champ:Encircle","floor":5},{"not_picked":["champ:Circumvent","champ:AdrenalArmor","champ:TornadoPunch"],"picked":"SKIP","floor":6},{"not_picked":["champ:BladeFlurry","champ:Encircle"],"picked":"champ:ArenaPreparation","floor":9},{"not_picked":["champ:FlashCut","champ:Shatter"],"picked":"champ:GutPunch","floor":10},{"not_picked":["champ:EndlessRage","champ:GladiatorStyle"],"picked":"champ:BringItOn","floor":11},{"not_picked":["champ:BringItOn","champ:EnragedBash","champ:Haymaker"],"picked":"SKIP","floor":12},{"not_picked":["champ:BladeFlurry","champ:Lariat"],"picked":"champ:FancyFootwork","floor":13},{"not_picked":["champ:Circumvent","champ:Shatter"],"picked":"champ:PreciseThrust","floor":14},{"not_picked":["champ:GutPunch","champ:TornadoPunch"],"picked":"champ:Endure","floor":15}],"player_experience":1140283,"relics_obtained":[{"floor":11,"key":"Odd Mushroom"},{"floor":12,"key":"DemoMod:JetPack"},{"floor":14,"key":"downfall:CloakOfManyFaces"}],"event_choices":[{"damage_healed":0,"gold_gain":0,"player_choice":"Got Potions","damage_taken":0,"max_hp_gain":0,"max_hp_loss":0,"event_name":"Lab","floor":4,"gold_loss":0},{"damage_healed":0,"gold_gain":0,"player_choice":"Fought Mushrooms","damage_taken":0,"max_hp_gain":0,"max_hp_loss":0,"event_name":"Mushrooms","floor":11,"gold_loss":0}],"is_beta":false,"boss_relics":[],"items_purged_floors":[],"is_endless":false,"potions_floor_spawned":[3,12,13,14],"killed_by":"SI_SHIV_ARCHETYPE","ascension_level":0}}