{"host":"xp5rvh2jwe2ejyfm","time":1612147159,"event":{"mods":["Aspiration","BaseMod","BetterRewards","Colored Powertips","Conspire","Downfall","Duelist Mod","GifTheSpireLib","Gremlin Mod","Hermit","Hubris","Minty Spire (QoL Compilation)","Robot Space Explorer","StSLib","The Blackbeard","The Clintock","The Construct","The Cursed","The Disciple","The Forsaken","The Hierophant","The Necromancer","The Runesmith","The Servant 0.9.4"],"gold_per_floor":[109,126,139,139,65,99,117,130,130,130,130],"floor_reached":10,"language":"ENG","playtime":411,"items_purged":[],"score":70,"play_id":"6f50ab86-90b5-430e-af19-fc36dec17748","local_time":"20210131213919","is_ascension_mode":false,"campfire_choices":[],"circlet_count":0,"master_deck":["RobotSpaceExplorer:Strike","RobotSpaceExplorer:Strike","RobotSpaceExplorer:Strike","RobotSpaceExplorer:Strike","RobotSpaceExplorer:Defend","RobotSpaceExplorer:Defend","RobotSpaceExplorer:Defend","RobotSpaceExplorer:Defend","RobotSpaceExplorer:Scan","RobotSpaceExplorer:MiniLasers","RobotSpaceExplorer:Probe","RobotSpaceExplorer:Pulsar","RobotSpaceExplorer:MetalStrike","RobotSpaceExplorer:DoubleFind","RobotSpaceExplorer:FreezeRay","RobotSpaceExplorer:ChargingLaser","RobotSpaceExplorer:Probe","RobotSpaceExplorer:GlueShot"],"relics":["RobotSpaceExplorer:RoboCore","WingedGreaves","Molten Egg 2"],"acts_visited":["Exordium"],"potions_floor_usage":[6,6,8],"damage_taken":[{"damage":0,"enemies":"Cultist","floor":1,"turns":3},{"damage":3,"enemies":"Jaw Worm","floor":2,"turns":4},{"damage":7,"enemies":"Small Slimes","floor":3,"turns":3},{"damage":22,"enemies":"Gremlin Nob","floor":6,"turns":5},{"damage":7,"enemies":"Blue Slaver","floor":7,"turns":4},{"damage":16,"enemies":"Gremlin Gang","floor":8,"turns":5},{"damage":16,"enemies":"3 Sentries","floor":10,"turns":6}],"seed_played":"6012107730183243451","potions_obtained":[{"floor":1,"key":"SkillPotion"},{"floor":3,"key":"SneckoOil"},{"floor":8,"key":"Energy Potion"}],"is_trial":false,"path_per_floor":["M","M","M","?","$","E","M","M","T","E"],"character_chosen":"RobotSpaceExplorer","items_purchased":["RobotSpaceExplorer:FreezeRay"],"campfire_rested":0,"item_purchase_floors":[5],"current_hp_per_floor":[75,72,65,65,65,43,36,20,20,4,4],"gold":130,"neow_bonus":"THREE_CARDS","is_daily":false,"chose_seed":false,"campfire_upgraded":0,"win_rate":0.0,"timestamp":1612147159,"path_taken":["M","M","M","?","?","E","M","M","T","E"],"items_purchased_type":["Card"],"build_version":"2020-12-22","purchased_purges":0,"victory":false,"max_hp_per_floor":[75,75,75,75,75,75,75,75,75,75,75],"card_choices":[{"not_picked":["RobotSpaceExplorer:FrostMissile","RobotSpaceExplorer:SelfCleaning"],"picked":"RobotSpaceExplorer:Probe","floor":0},{"not_picked":["RobotSpaceExplorer:ImprovisedAttack","RobotSpaceExplorer:FrostMissile"],"picked":"RobotSpaceExplorer:Pulsar","floor":1},{"not_picked":["RobotSpaceExplorer:Ammunition","RobotSpaceExplorer:StarDust"],"picked":"RobotSpaceExplorer:MetalStrike","floor":2},{"not_picked":["RobotSpaceExplorer:GlueShot","RobotSpaceExplorer:SurgingStrike"],"picked":"RobotSpaceExplorer:DoubleFind","floor":3},{"not_picked":["RobotSpaceExplorer:ShovelStrike","RobotSpaceExplorer:IronShell"],"picked":"RobotSpaceExplorer:ChargingLaser","floor":6},{"not_picked":["RobotSpaceExplorer:BigMissile","RobotSpaceExplorer:IronShell"],"picked":"RobotSpaceExplorer:Probe","floor":7},{"not_picked":["RobotSpaceExplorer:DoubleBlock","RobotSpaceExplorer:FrostMissile"],"picked":"RobotSpaceExplorer:GlueShot","floor":8}],"player_experience":371644,"relics_obtained":[{"floor":6,"key":"WingedGreaves"},{"floor":9,"key":"Molten Egg 2"}],"event_choices":[{"damage_healed":0,"gold_gain":0,"player_choice":"Ignored","damage_taken":0,"max_hp_gain":0,"max_hp_loss":0,"event_name":"Golden Wing","floor":4,"gold_loss":0}],"is_beta":false,"boss_relics":[],"items_purged_floors":[],"is_endless":false,"potions_floor_spawned":[1,3,8],"killed_by":"3 Sentries","ascension_level":0}}