{"host":"rnys9sj607vajavv","time":1612170631,"event":{"mods":["BaseMod","Colored Map","Downfall","Minty Spire (QoL Compilation)","StSLib"],"gold_per_floor":[99,110,110,130,15,33,33,44,44,44,29,57,57,92,107,212,212,212,228,113,130,149,167,192,192,211,211,111,144,164,0,19,114,114,114,128,140,140,125,144,144,155,174,376,376,405,205,205,224,224,224,250,108,108,108,108],"floor_reached":57,"language":"ENG","playtime":4400,"items_purged":["downfall:Malfunctioning","champ:Strike","champ:Strike"],"score":1316,"play_id":"0ed1e09a-e590-4424-b24e-5914bf5ef3c1","local_time":"20210201011031","is_ascension_mode":false,"campfire_choices":[{"data":"champ:Taunt","floor":1.0,"key":"SMITH"},{"data":"champ:EnGarde","floor":9.0,"key":"SMITH"},{"data":"champ:SkillfulDodge","floor":13.0,"key":"SMITH"},{"data":"champ:HoldFirm","floor":18,"key":"SMITH"},{"data":"champ:SwordSigil","floor":28,"key":"SMITH"},{"floor":35,"key":"RECALL"},{"data":"champ:EnchantCrown","floor":47,"key":"SMITH"},{"data":"champ:Improvising","floor":54,"key":"SMITH"}],"circlet_count":0,"master_deck":["champ:Strike+1","champ:Defend","champ:Defend+1","champ:Defend+1","champ:Defend","champ:Taunt+1","The Bomb","champ:Circumvent","champ:EnGarde+1","champ:SwordSigil+1","champ:SkillfulDodge+1","champ:DefensiveShout","champ:HoldFirm+1","champ:EnchantCrown+1","champ:ShieldThrow","champ:Circumvent","champ:ShieldSigil+1","champ:EnchantCrown+1","champ:DefensiveStyle+1","champ:Circumvent+1","champ:Improvising+1"],"relics":["champ:ChampionCrown","Tiny Chest","Art of War","champ:DeflectingBracers","Coffee Dripper","Mummified Hand","downfall:HeartBlessingBlue","Dead Branch","Bag of Preparation","Empty Cage","Toxic Egg 2","White Beast Statue","downfall:HeartBlessingRed","downfall:HeartBlessingGreen","Meat on the Bone"],"acts_visited":["Exordium","TheCity","TheBeyond","TheEnding"],"potions_floor_usage":[15,16,26,33,33,39,46,55,56,56],"damage_taken":[{"damage":10.0,"enemies":"Cultist","floor":2.0,"turns":4.0},{"damage":2.0,"enemies":"Jaw Worm","floor":4.0,"turns":4.0},{"damage":24.0,"enemies":"downfall:FleeingMerchant","floor":5.0,"turns":4.0},{"damage":12.0,"enemies":"Small Slimes","floor":6.0,"turns":4.0},{"damage":0.0,"enemies":"Blue Slaver","floor":8.0,"turns":5.0},{"damage":24.0,"enemies":"downfall:FleeingMerchant","floor":11.0,"turns":4.0},{"damage":20.0,"enemies":"3 Sentries","floor":12.0,"turns":4.0},{"damage":34,"enemies":"Lagavulin","floor":14,"turns":5},{"damage":11,"enemies":"3 Louse","floor":15,"turns":4},{"damage":53,"enemies":"DF_ARCHETYPE_STREAMLINE","floor":16,"turns":14},{"damage":0,"enemies":"Shell Parasite","floor":19,"turns":3},{"damage":10,"enemies":"downfall:FleeingMerchant","floor":20,"turns":4},{"damage":20,"enemies":"3 Cultists","floor":21,"turns":4},{"damage":0,"enemies":"Cultist and Chosen","floor":22,"turns":4},{"damage":1,"enemies":"Snake Plant","floor":23,"turns":4},{"damage":10,"enemies":"3 Cultists","floor":26,"turns":5},{"damage":44,"enemies":"Gremlin Leader","floor":29,"turns":11},{"damage":0,"enemies":"Snecko","floor":30,"turns":4},{"damage":10,"enemies":"downfall:FleeingMerchant","floor":31,"turns":4},{"damage":0,"enemies":"Centurion and Healer","floor":32,"turns":6},{"damage":10,"enemies":"IC_MUSHROOM_ARCHETYPE","floor":33,"turns":8},{"damage":5,"enemies":"3 Darklings","floor":36,"turns":3},{"damage":12,"enemies":"Orb Walker","floor":37,"turns":3},{"damage":16,"enemies":"downfall:FleeingMerchant","floor":39,"turns":4},{"damage":0,"enemies":"Maw","floor":40,"turns":4},{"damage":0,"enemies":"Spire Growth","floor":42,"turns":3},{"damage":0,"enemies":"4 Shapes","floor":43,"turns":6},{"damage":0,"enemies":"downfall:FleeingMerchant","floor":44,"turns":1},{"damage":5,"enemies":"Giant Head","floor":46,"turns":7},{"damage":0,"enemies":"Maw","floor":49,"turns":5},{"damage":0,"enemies":"WA_ARCHETYPE_DIVINITY","floor":50,"turns":4},{"damage":0,"enemies":"downfall:CharBossMerchant","floor":52,"turns":5},{"damage":16,"enemies":"downfall:NeowBoss","floor":55,"turns":13},{"damage":32,"enemies":"downfall:NeowBossFinal","floor":56,"turns":8}],"seed_played":"5465370585375680046","potions_obtained":[{"floor":4.0,"key":"champ:CounterPotion"},{"floor":6.0,"key":"Fire Potion"},{"floor":15,"key":"Fruit Juice"},{"floor":16,"key":"DistilledChaos"},{"floor":21,"key":"SteroidPotion"},{"floor":29,"key":"ColorlessPotion"},{"floor":30,"key":"Dexterity Potion"},{"floor":42,"key":"AttackPotion"},{"floor":43,"key":"ColorlessPotion"},{"floor":46,"key":"LiquidMemories"},{"floor":49,"key":"champ:CounterPotion"}],"is_trial":false,"path_per_floor":["R","M","?","M","$","M","T","M","R","?","$","E","R","E","M","B",null,"R","M","$","M","M","M","T","?","M","T","R","E","M","$","M","B",null,"R","M","M","?","$","M","T","M","M","$","?","E","R","?","M","B",null,"E","$","R","B","B",null],"character_chosen":"THE_CHAMP","items_purchased":["champ:EnGarde","Bag of Preparation","champ:CounterPotion","champ:Improvising"],"campfire_rested":0,"item_purchase_floors":[5,31,44,53],"current_hp_per_floor":[81,81,81,79,75,73,73,73,73,78,74,64,64,50,54,26,91,91,91,91,91,91,90,90,90,90,90,100,66,66,66,66,66,101,101,96,84,84,68,68,68,68,68,68,88,83,83,83,83,83,88,88,88,88,72,52],"gold":108,"neow_bonus":"RANDOM_COLORLESS_2","is_daily":false,"chose_seed":false,"campfire_upgraded":7,"win_rate":0.0,"timestamp":1612170631,"path_taken":["R","M","?","M","$","M","T","M","R","?","$","E","R","E","M","BOSS","R","M","$","M","M","M","T","?","?","?","R","E","M","$","M","BOSS","R","M","M","?","$","M","T","M","M","$","?","E","R","?","M","BOSS","E","$","R","BOSS","BOSS"],"items_purchased_type":["Card","Relic","Potion","Card"],"build_version":"2020-12-22","purchased_purges":3,"victory":true,"max_hp_per_floor":[81,81,81,81,81,81,81,81,81,86,86,86,86,86,91,91,91,91,91,91,91,91,91,91,91,91,91,101,101,101,101,101,101,101,101,101,101,101,101,101,101,101,101,101,88,88,88,88,88,88,88,88,88,88,88,88],"card_choices":[{"not_picked":["Metamorphosis","Chrysalis"],"picked":"The Bomb","floor":0.0},{"not_picked":["champ:Backstep","champ:PreciseThrust"],"picked":"champ:Circumvent","floor":2.0},{"not_picked":["champ:Encircle","champ:AdrenalArmor","champ:Shatter"],"picked":"SKIP","floor":4.0},{"not_picked":["champ:IronFortress","champ:PerfectedStrike","champ:Haymaker"],"picked":"SKIP","floor":5.0},{"not_picked":["champ:CalledShot","champ:Duel"],"picked":"champ:SwordSigil","floor":6.0},{"not_picked":["champ:AdrenalArmor","champ:CalledShot","champ:Duel"],"picked":"SKIP","floor":8.0},{"not_picked":["champ:Encircle","champ:GutPunch","champ:FancyFootwork"],"picked":"SKIP","floor":11.0},{"not_picked":["champ:IronFortress","champ:GladiatorForm"],"picked":"champ:SkillfulDodge","floor":12.0},{"not_picked":["champ:SkillfulDodge","champ:Shatter","champ:EndlessRage"],"picked":"SKIP","floor":14},{"not_picked":["champ:BladeFlurry","champ:FlashCut"],"picked":"champ:DefensiveShout","floor":15},{"not_picked":["champ:Improvising","champ:ShieldThrow"],"picked":"champ:HoldFirm","floor":16},{"not_picked":["champ:CalledShot","champ:Haymaker+1","champ:RapidStrikes"],"picked":"SKIP","floor":19},{"not_picked":["champ:DeathBlow","champ:BladeFlurry","champ:EndlessRage"],"picked":"SKIP","floor":20},{"not_picked":["champ:DefensiveShout","champ:Shatter+1","champ:GutPunch+1"],"picked":"SKIP","floor":21},{"not_picked":["champ:BladeFlurry","champ:StanceDance+1"],"picked":"champ:EnchantCrown","floor":22},{"not_picked":["champ:DefensiveShout+1","champ:BerserkersShout","champ:EnGarde"],"picked":"SKIP","floor":23},{"not_picked":["champ:DeathBlow","champ:RisingSlash+1","champ:PreciseThrust+1"],"picked":"SKIP","floor":26},{"not_picked":["champ:Backstep","champ:Circumvent"],"picked":"champ:FocusedDefense","floor":29},{"not_picked":["champ:FlashCut","champ:TornadoPunch","champ:GutPunch"],"picked":"SKIP","floor":30},{"not_picked":["champ:FlashCut","champ:TornadoPunch","champ:GutPunch"],"picked":"SKIP","floor":30},{"not_picked":["champ:StanceDance","champ:LastStand","champ:FancyFootwork"],"picked":"SKIP","floor":31},{"not_picked":["champ:AdrenalArmor+1","champ:FanOfKnives","champ:SwordSigil"],"picked":"SKIP","floor":32},{"not_picked":["champ:GladiatorForm","champ:DancingMaster"],"picked":"champ:ShieldThrow","floor":33},{"not_picked":["champ:RapidStrikes","champ:ShieldSigil","champ:PerfectedStrike+1"],"picked":"SKIP","floor":36},{"not_picked":["champ:BerserkerStyle","champ:PreciseThrust+1","champ:CalledShot"],"picked":"SKIP","floor":37},{"not_picked":["champ:FlashCut+1","champ:BerserkerStyle+1"],"picked":"champ:Circumvent","floor":39},{"not_picked":["champ:AdrenalArmor+1","champ:GutPunch+1","champ:CrookedStrike"],"picked":"SKIP","floor":40},{"not_picked":["champ:EndlessRage","champ:EnGarde+1"],"picked":"champ:ShieldSigil+1","floor":42},{"not_picked":["champ:DefensiveShout+1","champ:FocusedBerserking+1"],"picked":"champ:EnchantCrown+1","floor":43},{"not_picked":["champ:Lariat+1","champ:ShieldSlam+1","champ:Backstep+1"],"picked":"SKIP","floor":44},{"not_picked":["champ:ShieldSigil+1","champ:StanceDance+1","champ:FlashCut"],"picked":"SKIP","floor":46},{"not_picked":["champ:SetATrap+1","champ:Haymaker+1"],"picked":"champ:DefensiveStyle+1","floor":49},{"not_picked":["champ:PerfectedStrike+1","champ:PreciseThrust+1"],"picked":"champ:Circumvent+1","floor":52}],"player_experience":689340,"relics_obtained":[{"floor":7.0,"key":"Tiny Chest"},{"floor":12.0,"key":"Art of War"},{"floor":14,"key":"champ:DeflectingBracers"},{"floor":27,"key":"Mummified Hand"},{"floor":29,"key":"Dead Branch"},{"floor":41,"key":"Toxic Egg 2"},{"floor":46,"key":"White Beast Statue"},{"floor":48,"key":"Meat on the Bone"}],"event_choices":[{"damage_healed":0.0,"max_hp_gain":5.0,"max_hp_loss":0.0,"gold_gain":0.0,"event_name":"Big Fish","player_choice":"Donut","floor":10.0,"gold_loss":0.0,"damage_taken":0.0},{"damage_healed":0,"gold_gain":0,"player_choice":"Got Potions","damage_taken":0,"max_hp_gain":0,"max_hp_loss":0,"event_name":"Lab","floor":25,"gold_loss":0},{"cards_removed":["champ:FocusedDefense"],"damage_healed":0,"gold_gain":0,"player_choice":"Removed Skill","damage_taken":0,"max_hp_gain":0,"max_hp_loss":0,"event_name":"Falling","floor":38,"gold_loss":0}],"is_beta":false,"boss_relics":[{"not_picked":["bronze:MakeshiftBattery","champ:ChampionCrownUpgraded"],"picked":"Coffee Dripper"},{"not_picked":["Philosopher\u0027s Stone","Velvet Choker"],"picked":"Empty Cage"}],"items_purged_floors":[5,20,44],"is_endless":false,"potions_floor_spawned":[4,6,15,16,21,22,29,30,32,42,43,46,49,52],"ascension_level":0}}