{"host":"u9h06qdlnp3wgzsw","time":1612162326,"event":{"mods":["Act Like it!","BaseMod","Conspire","Curses Come First","Downfall","Hallownest","Hermit","Hubris","Minty Spire (QoL Compilation)","Quick Restart","Rare Cards Sparkle","Replay The Spire","Shop Mod","StSLib","The Disciple","The Hierophant","The Servant 0.9.4"],"gold_per_floor":[114,114,125,22,40,40,67,67,67,67,19,19,19,39,39,57,57,160,210,222,238,163,163,115,140,160,192,192,123,135,135,235,235,235,332,332,345,345,356,371,8,8,39,39,39],"floor_reached":44,"language":"ENG","playtime":4098,"items_purged":[],"score":524,"play_id":"fe775c06-5023-4c3c-bac3-f9ccc4efa0ca","local_time":"20210201015206","is_ascension_mode":false,"campfire_choices":[{"data":"Replay:Bag of Tricks","floor":6,"key":"SMITH"},{"floor":8,"key":"REST"},{"floor":10,"key":"REST"},{"data":"hubris:Gluttony","floor":17,"key":"PURGE"},{"floor":31,"key":"REST"},{"floor":34,"key":"REST"},{"floor":42,"key":"REST"}],"circlet_count":0,"master_deck":["Strike_G","Strike_G","Strike_G","Defend_G","Defend_G","Defend_G","Defend_G","Survivor","Neutralize","Replay:Bag of Tricks+1","Replay:Bag of Tricks","Infinite Blades+1","Accuracy","Hidden Blade","Malaise+1","Finisher","Replay:Bag of Tricks","ReplayTheSpireMod:Shiv Toss","Blade Dance+1","Outmaneuver+1","Noxious Fumes","ReplayTheSpireMod:Speed Training","Outmaneuver","ReplayTheSpireMod:Necrosis","hubris:NaturalOne","Replay:Bag of Tricks","Venomology"],"relics":["Ring of the Snake","hubris:AncientText","ReplayTheSpireMod:Ninjato","Tiny House","hubris:Reverence","Mango","Question Card","Turnip","conspire:Dentures","hubris:Icosahedron","hubris:VirtuousBlindfold","conspire:GiftBox","Ancient Tea Set"],"acts_visited":["Exordium","TheCity","TheCity"],"potions_floor_usage":[7,18,25,32,32,32,35,39,40,40,44],"damage_taken":[{"damage":5,"enemies":"Jaw Worm","floor":1,"turns":6},{"damage":0,"enemies":"Cultist","floor":3,"turns":3},{"damage":8,"enemies":"Small Slimes","floor":5,"turns":3},{"damage":40,"enemies":"Lagavulin","floor":7,"turns":9},{"damage":3,"enemies":"Exordium Wildlife","floor":14,"turns":3},{"damage":9,"enemies":"2 Fungi Beasts","floor":16,"turns":4},{"damage":42,"enemies":"Fading Forest","floor":18,"turns":11},{"damage":0,"enemies":"3 Byrds","floor":20,"turns":6},{"damage":5,"enemies":"Spheric Guardian","floor":21,"turns":3},{"damage":26,"enemies":"Slavers","floor":25,"turns":6},{"damage":1,"enemies":"Snecko","floor":26,"turns":4},{"damage":1,"enemies":"Replay:Snechameleon","floor":27,"turns":6},{"damage":6,"enemies":"conspire:HollyBat","floor":30,"turns":6},{"damage":17,"enemies":"Colosseum Slavers","floor":32,"turns":6},{"damage":20,"enemies":"Colosseum Nobs","floor":32,"turns":5},{"damage":56,"enemies":"Automaton","floor":35,"turns":7},{"damage":33,"enemies":"Hallownest:2_Littles","floor":37,"turns":5},{"damage":7,"enemies":"Hallownest:Shield_Heavy","floor":39,"turns":4},{"damage":35,"enemies":"Hallownest:Slobbering_and_Violent","floor":40,"turns":6},{"damage":25,"enemies":"Hallownest:eliteHiveKnight","floor":43,"turns":13},{"damage":19,"enemies":"Hallownest:2_Great","floor":44,"turns":3}],"seed_played":"-7490478813925333235","potions_obtained":[{"floor":5,"key":"Weak Potion"},{"floor":19,"key":"Weak Potion"},{"floor":25,"key":"Dexterity Potion"},{"floor":27,"key":"hexamod:SoulburnPotion"},{"floor":35,"key":"LiquidMemories"},{"floor":37,"key":"LiquidBronze"},{"floor":39,"key":"Poison Potion"},{"floor":43,"key":"Explosive Potion"}],"is_trial":false,"path_per_floor":["M","?","M","$","M","R","E","R","T","R","$","PTL","PTL","M","?","M","R","B",null,"M","M","?","?","$","E","M","E","T","$","M","R","?","?","R","B",null,"M","?","M","M","$","R","E","M"],"character_chosen":"THE_SILENT","items_purchased":["Accuracy","Hidden Blade","Dexterity Potion","PowerPotion","Noxious Fumes","conspire:GiftBox","Ancient Potion"],"campfire_rested":5,"item_purchase_floors":[4,4,11,24,29,41,41],"current_hp_per_floor":[65,65,65,65,57,57,17,38,38,59,59,59,59,56,56,47,47,23,75,75,70,70,70,70,44,43,56,56,56,50,76,39,39,65,9,89,56,56,49,14,14,40,15,0,0],"gold":39,"neow_bonus":"THREE_RARE_CARDS","is_daily":false,"chose_seed":false,"campfire_upgraded":1,"win_rate":0.0,"timestamp":1612162326,"path_taken":["M","?","?","$","M","R","E","R","T","R","$","PTL","PTL","M","?","M","R","BOSS","M","M","?","?","$","E","?","E","T","$","M","R","?","?","R","BOSS","M","?","M","M","$","R","E","?"],"items_purchased_type":["Card","Card","Potion","Potion","Card","Relic","Potion"],"build_version":"2020-12-22","purchased_purges":0,"victory":false,"max_hp_per_floor":[70,70,70,70,70,70,70,70,70,70,70,70,70,70,70,70,70,70,75,75,75,75,75,75,75,75,89,89,89,89,89,89,89,89,89,89,89,89,89,89,89,89,89,89,89],"card_choices":[{"not_picked":["Burst","Malaise"],"picked":"Replay:Bag of Tricks","floor":0},{"not_picked":["Quick Slash","Acrobatics","PiercingWail"],"picked":"SKIP","floor":1},{"not_picked":["Dagger Spray","Dodge and Roll"],"picked":"Infinite Blades","floor":3},{"not_picked":["Underhanded Strike","Quick Slash","Dagger Throw"],"picked":"SKIP","floor":5},{"not_picked":["hubris:Sniper","Sucker Punch","Quick Slash"],"picked":"SKIP","floor":7},{"not_picked":["Sucker Punch","Flying Knee","Dodge and Roll"],"picked":"SKIP","floor":14},{"not_picked":["Backflip","Dodge and Roll"],"picked":"Finisher","floor":16},{"not_picked":["Burst","Venomology"],"picked":"Replay:Bag of Tricks","floor":18},{"not_picked":["Bane","Flying Knee"],"picked":"ReplayTheSpireMod:Shiv Toss","floor":19},{"not_picked":["Acrobatics","Prepared"],"picked":"Blade Dance+1","floor":20},{"not_picked":["Quick Slash","Bouncing Flask","hubris:SlightOfHand"],"picked":"SKIP","floor":21},{"not_picked":["Tactician","hubris:SlightOfHand","Crippling Poison"],"picked":"SKIP","floor":25},{"not_picked":["Sucker Punch+1","Bane","Cloak And Dagger"],"picked":"SKIP","floor":26},{"not_picked":["Hidden Blade","Cloak And Dagger"],"picked":"Outmaneuver+1","floor":27},{"not_picked":["Flechettes+1","Calculated Gamble+1","Malaise"],"picked":"ReplayTheSpireMod:Speed Training","floor":30},{"not_picked":["PiercingWail","Hidden Blade+1","Choke"],"picked":"Outmaneuver","floor":32},{"not_picked":["Wraith Form v2","Night Terror","Grand Finale"],"picked":"ReplayTheSpireMod:Necrosis","floor":35},{"not_picked":["Deflect+1","Skewer","Deadly Poison","Sucker Punch+1"],"picked":"SKIP","floor":37},{"not_picked":["Replay:Poison Smokescreen","Hidden Blade+1","Backstab","Dodge and Roll"],"picked":"SKIP","floor":39},{"not_picked":["Underhanded Strike","Dodge and Roll","Noxious Fumes","hubris:TrickCloak"],"picked":"SKIP","floor":40},{"not_picked":["Grand Finale","Die Die Die","Unload"],"picked":"Replay:Bag of Tricks","floor":41},{"not_picked":["hubris:SlightOfHand+1","Choke+1","Bane+1"],"picked":"Venomology","floor":43}],"player_experience":978044,"relics_obtained":[{"floor":7,"key":"hubris:AncientText"},{"floor":9,"key":"ReplayTheSpireMod:Ninjato"},{"floor":25,"key":"hubris:Reverence"},{"floor":27,"key":"Mango"},{"floor":28,"key":"Question Card"},{"floor":32,"key":"Turnip"},{"floor":32,"key":"conspire:Dentures"},{"floor":43,"key":"Ancient Tea Set"}],"event_choices":[{"damage_healed":0,"gold_gain":0,"player_choice":"1 cards matched","damage_taken":0,"max_hp_gain":0,"max_hp_loss":0,"event_name":"Match and Keep!","floor":2,"gold_loss":0,"cards_obtained":["Replay:Bag of Tricks"]},{"cards_removed":["Strike_G"],"damage_healed":0,"gold_gain":0,"player_choice":"Gave Gold","damage_taken":0,"max_hp_gain":0,"max_hp_loss":0,"event_name":"Beggar","floor":22,"gold_loss":75},{"cards_removed":["Defend_G"],"damage_healed":0,"gold_gain":0,"player_choice":"Offered Basic","damage_taken":0,"max_hp_gain":0,"max_hp_loss":0,"event_name":"Bonfire Elementals","floor":23,"gold_loss":0},{"damage_healed":0,"gold_gain":0,"player_choice":"Fight","damage_taken":0,"max_hp_gain":0,"max_hp_loss":0,"event_name":"Colosseum","floor":32,"gold_loss":0},{"damage_healed":0,"gold_gain":0,"player_choice":"Fought Nobs","damage_taken":0,"max_hp_gain":0,"max_hp_loss":0,"event_name":"Colosseum","floor":32,"gold_loss":0}],"is_beta":false,"boss_relics":[{"not_picked":["conspire:SeveredTorchhead","Snecko Eye"],"picked":"Tiny House"},{"not_picked":["Sozu","bronze:MakeshiftBattery"],"picked":"hubris:VirtuousBlindfold"}],"items_purged_floors":[],"is_endless":false,"potions_floor_spawned":[5,25,27,35,37,39,43],"killed_by":"Hallownest:2_Great","ascension_level":0}}