{"host":"wuernuywc9gl215o","time":1612199362,"event":{"mods":["AchievementEnabler","BaseMod","Block Reminder","Key Reminder","Minty Spire (QoL Compilation)","Permanent Neow","Potion Indicator Mod","Quick Restart","Relic Stats"],"gold_per_floor":[117,192,202,222,234,234,265,293,305,337,349,421,459,471,483,572,584,616,119,119,134,144,144,177,177,223,223,223],"floor_reached":27,"language":"ENG","playtime":1268,"items_purged":[],"score":486,"play_id":"29ed73c2-05f8-46bb-80cc-c4cb748d20f5","local_time":"20210201170922","is_ascension_mode":true,"campfire_choices":[{"data":"Flame Barrier","floor":6,"key":"SMITH"},{"data":"Whirlwind","floor":15,"key":"SMITH"},{"floor":23,"key":"REST"},{"data":"Rupture","floor":25,"key":"SMITH"}],"circlet_count":0,"master_deck":["AscendersBane","Strike_R","Defend_R","Defend_R","Defend_R","Defend_R","Bash","Flame Barrier","Cleave","Flame Barrier+1","Armaments","Whirlwind+1","Pommel Strike","Fire Breathing","Thunderclap","Carnage","Iron Wave","Brutality","Limit Break+1","Thunderclap+1","Exhume+1","Feel No Pain","Rupture+1","Body Slam","Combust"],"relics":["Runic Dome","MawBank","Ornamental Fan","Self Forming Clay","Meat on the Bone","Astrolabe","Bag of Preparation","Pear","Vajra","Smiling Mask"],"acts_visited":["Exordium","TheCity"],"potions_floor_usage":[7,12,13,16],"damage_taken":[{"damage":7.0,"enemies":"Jaw Worm","floor":1.0,"turns":3.0},{"damage":2.0,"enemies":"Small Slimes","floor":3.0,"turns":4.0},{"damage":4.0,"enemies":"2 Louse","floor":4.0,"turns":2.0},{"damage":4,"enemies":"2 Fungi Beasts","floor":5,"turns":4},{"damage":19,"enemies":"3 Sentries","floor":7,"turns":7},{"damage":2,"enemies":"Lots of Slimes","floor":8,"turns":2},{"damage":0,"enemies":"Exordium Thugs","floor":10,"turns":4},{"damage":1,"enemies":"3 Sentries","floor":12,"turns":3},{"damage":4,"enemies":"Gremlin Nob","floor":13,"turns":3},{"damage":20,"enemies":"Hexaghost","floor":16,"turns":8},{"damage":0,"enemies":"3 Byrds","floor":18,"turns":3},{"damage":5,"enemies":"Chosen","floor":21,"turns":5},{"damage":23,"enemies":"Snake Plant","floor":22,"turns":3},{"damage":39,"enemies":"Book of Stabbing","floor":24,"turns":6},{"damage":42,"enemies":"Gremlin Leader","floor":27,"turns":4}],"seed_played":"-8661766762065180346","potions_obtained":[{"floor":1.0,"key":"DuplicationPotion"},{"floor":4.0,"key":"ColorlessPotion"},{"floor":5,"key":"BloodPotion"},{"floor":10,"key":"Energy Potion"},{"floor":14,"key":"FearPotion"},{"floor":14,"key":"Fire Potion"},{"floor":16,"key":"GamblersBrew"}],"is_trial":false,"path_per_floor":["M","?","M","M","M","R","E","M","T","M","?","?","E","?","R","B",null,"M","$","?","M","M","R","E","R","T","E"],"character_chosen":"IRONCLAD","items_purchased":["Feel No Pain","Bag of Preparation","Pear"],"campfire_rested":1,"item_purchase_floors":[19,19,19],"current_hp_per_floor":[61,50,48,44,40,40,21,19,19,19,19,18,29,29,29,21,62,62,72,72,67,44,69,42,42,42,0,0],"gold":223,"neow_bonus":"BOSS_RELIC","is_daily":false,"chose_seed":false,"campfire_upgraded":3,"win_rate":0.0,"timestamp":1612199362,"path_taken":["M","?","M","M","M","R","E","M","T","M","?","?","E","?","R","BOSS","M","$","?","M","M","R","E","R","T","E"],"items_purchased_type":["Card","Relic","Relic"],"build_version":"2020-12-22","purchased_purges":0,"victory":false,"max_hp_per_floor":[75,75,75,75,75,75,75,75,75,75,75,75,75,75,75,75,75,75,85,85,85,85,85,85,85,85,85,85],"relic_stats":{"counters":[15,61],"Ornamental Fan":[32],"Self Forming Clay":[66],"Astrolabe":["Limit Break","Thunderclap","Exhume"],"Bag of Preparation":[8],"MawBank":144,"Smiling Mask":0,"obtain_stats":[{"Runic Dome":0,"Pear":19,"Ornamental Fan":9,"Self Forming Clay":12,"Astrolabe":17,"Vajra":24,"Bag of Preparation":19,"MawBank":7,"Smiling Mask":26,"Burning Blood":0,"Meat on the Bone":13},{"Runic Dome":0,"Pear":11,"Ornamental Fan":6,"Self Forming Clay":8,"Astrolabe":10,"Vajra":14,"Bag of Preparation":11,"MawBank":5,"Smiling Mask":14,"Burning Blood":0,"Meat on the Bone":9},{"Runic Dome":0,"Pear":43,"Ornamental Fan":22,"Self Forming Clay":29,"Astrolabe":40,"Vajra":57,"Bag of Preparation":43,"MawBank":20,"Smiling Mask":57,"Burning Blood":0,"Meat on the Bone":32}],"Meat on the Bone":24},"card_choices":[{"not_picked":["Metallicize","Thunderclap"],"picked":"Flame Barrier","floor":1.0},{"not_picked":["Bloodletting","Dual Wield"],"picked":"Cleave","floor":3.0},{"not_picked":["Perfected Strike","Clothesline"],"picked":"Flame Barrier","floor":4.0},{"not_picked":["Combust","Thunderclap"],"picked":"Armaments","floor":5},{"not_picked":["Sever Soul","Rampage"],"picked":"Whirlwind","floor":7},{"not_picked":["Armaments","Demon Form"],"picked":"Pommel Strike","floor":8},{"not_picked":["Perfected Strike","Armaments"],"picked":"Fire Breathing","floor":10},{"not_picked":["Dropkick","Flame Barrier"],"picked":"Carnage","floor":12},{"not_picked":["Cleave","Brutality"],"picked":"Iron Wave","floor":13},{"not_picked":["Juggernaut","Corruption"],"picked":"Brutality","floor":16},{"not_picked":["Dual Wield+1","Flex","Cleave"],"picked":"SKIP","floor":18},{"not_picked":["Blood for Blood+1","Metallicize"],"picked":"Rupture","floor":21},{"not_picked":["Anger","Clash"],"picked":"Body Slam","floor":22},{"not_picked":["Reckless Charge","Metallicize"],"picked":"Combust","floor":24}],"player_experience":751292,"relics_obtained":[{"floor":7,"key":"MawBank"},{"floor":9,"key":"Ornamental Fan"},{"floor":12,"key":"Self Forming Clay"},{"floor":13,"key":"Meat on the Bone"},{"floor":24,"key":"Vajra"},{"floor":26,"key":"Smiling Mask"}],"event_choices":[{"damage_healed":0.0,"max_hp_gain":0.0,"max_hp_loss":0.0,"gold_gain":75.0,"event_name":"World of Goop","player_choice":"Gather Gold","floor":2.0,"gold_loss":0.0,"damage_taken":11.0},{"damage_healed":0,"gold_gain":0,"cards_transformed":["Strike_R"],"player_choice":"Change","damage_taken":0,"max_hp_gain":0,"max_hp_loss":0,"event_name":"Living Wall","floor":11,"gold_loss":0,"cards_obtained":["Thunderclap"]},{"damage_healed":0,"gold_gain":0,"player_choice":"Searched \u00271\u0027 times","damage_taken":0,"max_hp_gain":0,"max_hp_loss":0,"event_name":"Dead Adventurer","floor":12,"gold_loss":0},{"damage_healed":0,"gold_gain":0,"player_choice":"Got Potions","damage_taken":0,"max_hp_gain":0,"max_hp_loss":0,"event_name":"Lab","floor":14,"gold_loss":0},{"damage_healed":0,"gold_gain":0,"player_choice":"Ignored","damage_taken":0,"max_hp_gain":0,"max_hp_loss":0,"event_name":"Ghosts","floor":20,"gold_loss":0}],"is_beta":false,"boss_relics":[{"not_picked":["Busted Crown","Sozu"],"picked":"Astrolabe"}],"items_purged_floors":[],"is_endless":false,"potions_floor_spawned":[1,4,5,10,16,21],"killed_by":"Gremlin Leader","ascension_level":20}}