{"host":"g7mkzn6qfoxkk5sz","time":1612144320,"event":{"mods":["BaseMod","Colored Map","Colored Powertips","Downfall","Minty Spire (QoL Compilation)","StSLib"],"gold_per_floor":[99,109,127,52,62,79,103,131,41,74,249,282,300,300,316,411,411,361,361,361,378,193,143,192,154,200,225,237,259,221,93,112,217,217,167,167,187,239,107,140,140,140,90,90,116,126,76,111,127,127],"floor_reached":51,"language":"ENG","playtime":2614,"items_purged":["Slimebound:Strike_Slimebound","downfall:Malfunctioning","Pain","Doubt"],"score":987,"play_id":"f50e6805-03d5-4ac6-95e7-a2328de004c1","local_time":"20210201035200","is_ascension_mode":true,"campfire_choices":[{"data":"Slimebound:CorrosiveSpit","floor":1,"key":"SMITH"},{"data":"Slimebound:GoopSpray","floor":18,"key":"SMITH"},{"data":"Slimebound:LevelUp","floor":23,"key":"SMITH"},{"data":"Slimebound:Repurpose","floor":25,"key":"SMITH"},{"data":"Slimebound:LevelUp","floor":35,"key":"SMITH"},{"data":"Slimebound:MassRepurpose","floor":43,"key":"SMITH"},{"floor":47,"key":"REST"}],"circlet_count":0,"master_deck":["Slimebound:Strike_Slimebound+1","Slimebound:Tackle","Slimebound:Defend_Slimebound+1","Slimebound:Defend_Slimebound","Slimebound:Defend_Slimebound+1","Slimebound:Split+1","Slimebound:CorrosiveSpit+1","Slimebound:SplitSpecialist+1","Slimebound:Equalize+1","Slimebound:LevelUp+1","Slimebound:SplitLeeching","Slimebound:Gluttony","Slimebound:GoopSpray+1","Slimebound:LivingWall","Slimebound:LeechLife+1","Slimebound:SplitAcid","Slimebound:TagTeam+1","Slimebound:Gluttony","Slimebound:SlimeBarrage+1","Slimebound:Repurpose+1","Slimebound:SlimeSpikes+1","Slimebound:Nibble+1","Pride","Slimebound:Prepare","Slimebound:LevelUp+1","Slimebound:MassRepurpose+1","expansioncontent:AwakenDeath","Slimebound:SplitLeeching+1","Slimebound:LevelUp+1","Slimebound:RainOfGoop+1"],"relics":["Slimebound:AbsorbEndCombat","Slimebound:GreedOozeRelic","Slimebound:AggressiveSlimeRelic","War Paint","Molten Egg 2","Akabeko","Empty Cage","Nilry\u0027s Codex","Meat on the Bone","MawBank","Strawberry","Torii","SlaversCollar","Oddly Smooth Stone","Mercury Hourglass","Blood Vial","Pantograph","Art of War","Blue Candle"],"acts_visited":["Exordium","TheCity","TheBeyond"],"potions_floor_usage":[8,10,10,16,16,22,33,33,33,33,50,50],"damage_taken":[{"damage":2,"enemies":"Jaw Worm","floor":2,"turns":3},{"damage":7,"enemies":"Small Slimes","floor":3,"turns":3},{"damage":4,"enemies":"Cultist","floor":5,"turns":3},{"damage":30,"enemies":"Exordium Thugs","floor":6,"turns":4},{"damage":24,"enemies":"Lagavulin","floor":8,"turns":5},{"damage":0,"enemies":"downfall:FleeingMerchant","floor":9,"turns":4},{"damage":23,"enemies":"Gremlin Nob","floor":10,"turns":4},{"damage":25,"enemies":"3 Sentries","floor":12,"turns":7},{"damage":0,"enemies":"2 Fungi Beasts","floor":13,"turns":2},{"damage":5,"enemies":"3 Louse","floor":15,"turns":3},{"damage":34,"enemies":"WA_ARCHETYPE_RETAIN","floor":16,"turns":8},{"damage":19,"enemies":"Chosen","floor":21,"turns":3},{"damage":3,"enemies":"downfall:FleeingMerchant","floor":22,"turns":4},{"damage":43,"enemies":"Slavers","floor":26,"turns":4},{"damage":21,"enemies":"Spheric Guardian","floor":27,"turns":5},{"damage":28,"enemies":"Snecko","floor":29,"turns":6},{"damage":2,"enemies":"downfall:FleeingMerchant","floor":31,"turns":4},{"damage":23,"enemies":"Centurion and Healer","floor":32,"turns":7},{"damage":103,"enemies":"IC_MUSHROOM_ARCHETYPE","floor":33,"turns":14},{"damage":15,"enemies":"3 Shapes","floor":37,"turns":6},{"damage":0,"enemies":"downfall:FleeingMerchant","floor":39,"turns":4},{"damage":25,"enemies":"Nemesis","floor":40,"turns":7},{"damage":68,"enemies":"Reptomancer","floor":45,"turns":4},{"damage":6,"enemies":"Orb Walker","floor":46,"turns":4},{"damage":7,"enemies":"Giant Head","floor":48,"turns":6},{"damage":40,"enemies":"3 Darklings","floor":49,"turns":5},{"damage":26,"enemies":"SI_POISON_ARCHETYPE","floor":50,"turns":9}],"seed_played":"-4834455999039256562","potions_obtained":[{"floor":3,"key":"SteroidPotion"},{"floor":5,"key":"Block Potion"},{"floor":8,"key":"Fruit Juice"},{"floor":12,"key":"Slimebound:SlimyTonguePotion"},{"floor":13,"key":"Ancient Potion"},{"floor":15,"key":"champ:CounterPotion"},{"floor":26,"key":"ColorlessPotion"},{"floor":29,"key":"PowerPotion"},{"floor":32,"key":"EssenceOfSteel"},{"floor":33,"key":"Fruit Juice"},{"floor":46,"key":"Slimebound:SlimedPotion"},{"floor":48,"key":"Energy Potion"}],"is_trial":false,"path_per_floor":["R","M","M","?","M","M","T","E","$","E","?","E","M","?","M","B",null,"R","?","?","M","$","R","T","R","E","M","?","M","?","$","M","B",null,"R","?","M","?","$","E","T","$","R","$","E","M","R","E","M","B",null],"character_chosen":"SLIMEBOUND","items_purchased":["Slimebound:Repurpose","Mercury Hourglass","DistilledChaos"],"campfire_rested":1,"item_purchase_floors":[22,39,39],"current_hp_per_floor":[65,65,60,60,62,44,44,39,53,42,42,29,37,37,40,45,70,70,54,54,39,38,38,38,38,44,43,43,40,69,71,62,19,82,82,82,69,69,73,68,68,68,68,68,30,38,62,61,57,66],"gold":127,"neow_bonus":"UPGRADE_CARD","is_daily":false,"chose_seed":false,"campfire_upgraded":6,"win_rate":0.0,"timestamp":1612144320,"path_taken":["R","M","M","?","M","M","T","E","$","E","?","E","M","?","M","BOSS","R","?","?","?","?","R","T","R","E","M","?","M","?","$","M","BOSS","R","?","M","?","$","E","T","$","R","?","E","M","R","E","M","BOSS"],"items_purchased_type":["Card","Relic","Potion"],"build_version":"2020-12-22","purchased_purges":4,"victory":true,"max_hp_per_floor":[65,65,65,65,65,65,65,70,70,70,70,70,70,70,70,70,70,70,70,70,70,70,70,70,70,77,77,77,77,77,77,77,82,82,82,82,82,82,82,82,82,82,82,82,82,82,82,82,82,82],"card_choices":[{"not_picked":["Slimebound:Schlurp","Slimebound:DisruptingSlam"],"picked":"Slimebound:SplitSpecialist","floor":2},{"not_picked":["Slimebound:Recollect","Slimebound:ComboTackle"],"picked":"Slimebound:Equalize","floor":3},{"not_picked":["Slimebound:GoopTackle","Slimebound:LeechEnergy"],"picked":"Slimebound:LevelUp","floor":5},{"not_picked":["Slimebound:LevelUp","Slimebound:Gluttony"],"picked":"Slimebound:SplitLeeching","floor":6},{"not_picked":["Slimebound:LeechingTouch","Slimebound:ItLooksTasty"],"picked":"Slimebound:Gluttony","floor":8},{"not_picked":["Slimebound:LivingWall","Slimebound:SlimeBarrage"],"picked":"Slimebound:GoopSpray","floor":9},{"not_picked":["Slimebound:HauntingLick","Slimebound:ProtectTheBoss","Slimebound:ServeAndProtect"],"picked":"SKIP","floor":10},{"not_picked":["Slimebound:SplitLeeching","Slimebound:SlimeTap"],"picked":"Slimebound:LivingWall","floor":12},{"not_picked":["Slimebound:SplitBruiser","Slimebound:GoopTackle+1"],"picked":"Slimebound:LeechLife+1","floor":13},{"not_picked":["Slimebound:GoopTackle+1","Slimebound:SamplingLick"],"picked":"Slimebound:SplitAcid","floor":15},{"not_picked":["Slimebound:Recycling","Slimebound:RallyTheTroops+1"],"picked":"Slimebound:TagTeam+1","floor":16},{"not_picked":["Slimebound:ComboTackle+1","Slimebound:Chomp+1"],"picked":"Slimebound:Gluttony","floor":21},{"not_picked":["Slimebound:TongueLash+1","Slimebound:ItLooksTasty+1"],"picked":"Slimebound:SlimeBarrage+1","floor":22},{"not_picked":["Slimebound:ForwardTackle+1","Slimebound:PressTheAttack+1"],"picked":"Slimebound:SlimeSpikes+1","floor":26},{"not_picked":["Slimebound:HauntingLick","Slimebound:Prepare"],"picked":"Slimebound:Nibble+1","floor":27},{"not_picked":["Slimebound:FinishingTackle+1","Slimebound:Schlurp"],"picked":"Slimebound:Prepare","floor":29},{"not_picked":["Slimebound:GoopTackle+1","Slimebound:Replication+1"],"picked":"Slimebound:LevelUp","floor":31},{"not_picked":["Slimebound:LeechEnergy+1","Slimebound:Gluttony","Slimebound:Dissolve"],"picked":"SKIP","floor":32},{"not_picked":["Slimebound:TagTeam+1","Slimebound:DuplicatedForm"],"picked":"Slimebound:MassRepurpose","floor":33},{"not_picked":["expansioncontent:DecaShield","expansioncontent:LastStand"],"picked":"expansioncontent:AwakenDeath","floor":36},{"not_picked":["Slimebound:HauntingLick","Slimebound:LeechingTouch+1","Slimebound:SlimeSpikes+1"],"picked":"SKIP","floor":37},{"not_picked":["Slimebound:SamplingLick+1","Slimebound:ItLooksTasty+1"],"picked":"Slimebound:SplitLeeching+1","floor":39},{"not_picked":["Slimebound:Chomp+1","Slimebound:Repurpose+1"],"picked":"Slimebound:LevelUp+1","floor":40},{"not_picked":["Slimebound:DisruptingSlam+1","Slimebound:PrepareCrush","Slimebound:RejuvenatingLick+1"],"picked":"SKIP","floor":45},{"not_picked":["Slimebound:Prepare+1","Slimebound:SplitLeeching+1"],"picked":"Slimebound:RainOfGoop+1","floor":46},{"not_picked":["Slimebound:SamplingLick+1","Slimebound:RollThrough+1","Slimebound:Prepare+1"],"picked":"SKIP","floor":48},{"not_picked":["Slimebound:GoopSpray","Slimebound:LivingWall+1","Slimebound:Prepare"],"picked":"SKIP","floor":49}],"player_experience":459542,"relics_obtained":[{"floor":7,"key":"Slimebound:AggressiveSlimeRelic"},{"floor":8,"key":"War Paint"},{"floor":10,"key":"Molten Egg 2"},{"floor":12,"key":"Akabeko"},{"floor":19,"key":"Nilry\u0027s Codex"},{"floor":24,"key":"MawBank"},{"floor":26,"key":"Strawberry"},{"floor":38,"key":"Oddly Smooth Stone"},{"floor":40,"key":"Blood Vial"},{"floor":41,"key":"Pantograph"},{"floor":45,"key":"Art of War"},{"floor":48,"key":"Blue Candle"}],"event_choices":[{"damage_healed":0,"gold_gain":0,"player_choice":"Stole Relic","damage_taken":0,"relics_obtained":["Torii"],"max_hp_gain":0,"max_hp_loss":0,"event_name":"Addict","floor":28,"gold_loss":0,"cards_obtained":["Pride"]}],"is_beta":false,"boss_relics":[{"not_picked":["Runic Dome","Sozu"],"picked":"Empty Cage"},{"not_picked":["bronze:MakeshiftBattery","Black Star"],"picked":"SlaversCollar"}],"items_purged_floors":[9,22,31,39],"is_endless":false,"potions_floor_spawned":[3,5,8,12,13,15,26,29,32,33,46,48,49],"ascension_level":3}}