{"host":"72j3if4hls1tefkc","time":1612213527,"event":{"mods":["AchievementEnabler","Always Whale","Aspiration","BaseMod","Colored Map","Conspire","FetchMod","Halation","Hubris","Infinite Spire","Minty Spire (QoL Compilation)","Reliquary","Replay The Spire","Shop Mod","StSLib","The Construct","The Jungle"],"gold_per_floor":[110,122,134,134,134,167,167,167,167,150,162,162,162],"floor_reached":12,"language":"ENG","playtime":573,"items_purged":[],"score":162,"play_id":"59964f4b-a278-4031-a36e-14a871f2ea57","local_time":"20210201140527","is_ascension_mode":true,"campfire_choices":[{"floor":7,"key":"REST"}],"circlet_count":0,"master_deck":["conspire:GhostlyStrike","conspire:GhostlyStrike","conspire:GhostlyStrike","conspire:GhostlyStrike","conspire:GhostlyStrike","conspire:GhostlyDefend","conspire:GhostlyDefend","conspire:GhostlyDefend","conspire:GhostlyDefend","conspire:GhostlyDefend","Survivor","Neutralize","Cloak And Dagger","Hidden Blade","ReplayTheSpireMod:Scrap Shanks","Injury","conspire:PoisonWeapons+1","Cloak And Dagger+1"],"relics":["halation:SimulatedSpire","Toxic Egg 2","halation:VictoryRuler","reliquary:PorcupineQuills"],"acts_visited":["Exordium"],"potions_floor_usage":[12,12],"damage_taken":[{"damage":12,"enemies":"Small Slimes","floor":1,"turns":5},{"damage":0,"enemies":"2 Louse","floor":2,"turns":3},{"damage":1,"enemies":"Jaw Worm","floor":3,"turns":5},{"damage":46,"enemies":"Lagavulin","floor":6,"turns":13},{"damage":2,"enemies":"Exordium Thugs","floor":10,"turns":4},{"damage":13,"enemies":"Lots of Slimes","floor":11,"turns":6},{"damage":15,"enemies":"3 Sentries","floor":12,"turns":2}],"seed_played":"-5151669007319703511","potions_obtained":[{"floor":2,"key":"Reflective Coating"},{"floor":6,"key":"Weak Potion"},{"floor":10,"key":"Fire Potion"}],"is_trial":false,"path_per_floor":["M","M","M","?","?","E","R","T","T","M","M","E"],"character_chosen":"THE_SILENT","items_purchased":[],"campfire_rested":1,"item_purchase_floors":[],"current_hp_per_floor":[51,51,50,50,50,4,25,25,25,23,10,0,0],"gold":162,"neow_bonus":"SIMULATED_SPIRE","is_daily":false,"chose_seed":false,"campfire_upgraded":0,"win_rate":0.0,"timestamp":1612213527,"path_taken":["M","M","M","?","?","E","R","?","T","M","M","E"],"items_purchased_type":[],"build_version":"2020-12-22","purchased_purges":0,"victory":false,"max_hp_per_floor":[70,70,70,70,70,70,70,70,70,70,70,70,70],"card_choices":[{"not_picked":["conspire:DoublingDagger","Sneak Up"],"picked":"Cloak And Dagger","floor":1},{"not_picked":["Prepared","Blur"],"picked":"Hidden Blade","floor":2},{"not_picked":["hubris:SlightOfHand","Slice"],"picked":"ReplayTheSpireMod:Scrap Shanks","floor":3},{"not_picked":["Acrobatics","Dagger Spray","Prepared"],"picked":"SKIP","floor":3},{"not_picked":["Underhanded Strike","Sucker Punch"],"picked":"conspire:PoisonWeapons+1","floor":6},{"not_picked":["Distraction+1","Footwork"],"picked":"Cloak And Dagger+1","floor":10},{"not_picked":["Outmaneuver+1","Bane","Skewer"],"picked":"SKIP","floor":11},{"not_picked":["ReplayTheSpireMod:Shiv Toss+1","conspire:DoublingDagger+1","Acrobatics+1"],"picked":"SKIP","floor":11}],"player_experience":325326,"relics_obtained":[{"floor":6,"key":"halation:VictoryRuler"},{"floor":8,"key":"reliquary:PorcupineQuills"}],"event_choices":[{"damage_healed":0,"gold_gain":0,"player_choice":"Agree","damage_taken":0,"max_hp_gain":0,"max_hp_loss":0,"event_name":"conspire:LoneGhost","floor":4,"gold_loss":0}],"is_beta":false,"boss_relics":[],"items_purged_floors":[],"is_endless":false,"potions_floor_spawned":[2,6,10],"killed_by":"3 Sentries","ascension_level":8}}