{"host":"lreod2rejfd0az5i","time":1612152580,"event":{"mods":["AchievementEnabler","Aspiration","BaseMod","Colored Powertips","Conspire","Downfall","Highlight Path","Hubris","Infinite Spire","Mad Scientist","Minty Spire (QoL Compilation)","Rare Cards Sparkle","Relic Stats","Replay The Spire","StSLib","The Bug Knight","The Jungle"],"gold_per_floor":[112,130,130,230,73,73,107,125,172,172,182,201,351,362,362,362,362],"floor_reached":16,"language":"ENG","playtime":575,"items_purged":[],"score":204,"play_id":"aac8884c-1ff7-4b8b-9d31-9e019ad5840a","local_time":"20210131210940","is_ascension_mode":true,"campfire_choices":[{"data":"Neutralize","floor":6,"key":"SMITH"},{"floor":10,"key":"REST"},{"data":"Tools of the Trade","floor":15,"key":"SMITH"}],"circlet_count":0,"master_deck":["AscendersBane","Strike_G+1","Strike_G","Strike_G","Strike_G","Strike_G","Defend_G","Defend_G","Defend_G","Defend_G","Defend_G","Survivor","Neutralize+1","Poisoned Stab+1","Tools of the Trade+1","Blade Dance","Blade Dance","Doubt"],"relics":["Ring of the Snake","Pocketwatch","Bag of Marbles","Guide Book","conspire:GiftBox","Potion Belt"],"acts_visited":["Exordium"],"potions_floor_usage":[7,7,14],"damage_taken":[{"damage":0,"enemies":"2 Louse","floor":1,"turns":3},{"damage":1,"enemies":"Small Slimes","floor":2,"turns":4},{"damage":10,"enemies":"Gremlin Nob","floor":7,"turns":4},{"damage":0,"enemies":"Cultist","floor":8,"turns":3},{"damage":0,"enemies":"2 Fungi Beasts","floor":11,"turns":2},{"damage":0,"enemies":"Exordium Thugs","floor":12,"turns":3},{"damage":0,"enemies":"Large Slime","floor":14,"turns":2},{"damage":53,"enemies":"Hexaghost","floor":16,"turns":10}],"seed_played":"7214080967474299998","potions_obtained":[{"floor":1,"key":"SpeedPotion"},{"floor":2,"key":"DuplicationPotion"},{"floor":11,"key":"Explosive Potion"}],"is_trial":false,"path_per_floor":["M","M","?","?","$","R","E","M","T","R","M","M","?","M","R","B"],"character_chosen":"THE_SILENT","items_purchased":["Guide Book"],"campfire_rested":1,"item_purchase_floors":[5],"current_hp_per_floor":[44,43,43,43,43,43,33,33,33,52,52,52,52,52,52,0,0],"gold":362,"neow_bonus":"ONE_RARE_RELIC","is_daily":false,"chose_seed":false,"campfire_upgraded":2,"win_rate":0.0,"timestamp":1612152580,"path_taken":["M","M","?","?","$","R","E","M","T","R","M","?","?","M","R","BOSS"],"items_purchased_type":["Relic"],"build_version":"2020-12-22","purchased_purges":0,"victory":false,"max_hp_per_floor":[66,66,66,66,66,66,66,66,66,66,66,66,66,66,66,66,66],"relic_stats":{"counters":[8,31],"obtain_stats":[{"Potion Belt":9,"conspire:GiftBox":7,"Guide Book":5,"Bag of Marbles":3,"Ring of the Snake":0,"Pocketwatch":0},{"Potion Belt":4,"conspire:GiftBox":3,"Guide Book":2,"Bag of Marbles":2,"Ring of the Snake":0,"Pocketwatch":0},{"Potion Belt":14,"conspire:GiftBox":11,"Guide Book":7,"Bag of Marbles":7,"Ring of the Snake":0,"Pocketwatch":0}],"Ring of the Snake":[16],"Pocketwatch":[27]},"card_choices":[{"not_picked":["Sucker Punch","Backstab"],"picked":"Poisoned Stab","floor":1},{"not_picked":["Dagger Throw","Poisoned Stab","Draining Mist"],"picked":"SKIP","floor":2},{"not_picked":["Wraith Form v2","Grand Finale"],"picked":"Tools of the Trade","floor":7},{"not_picked":["Flechettes","ReplayTheSpireMod:Exploit Weakness","Dodge and Roll"],"picked":"SKIP","floor":7},{"not_picked":["Dagger Spray","Skewer"],"picked":"Blade Dance","floor":8},{"not_picked":["Quick Slash","Replay:Bag of Tricks"],"picked":"Blade Dance","floor":11},{"not_picked":["Slice","hubris:Sniper","Dagger Throw"],"picked":"SKIP","floor":12},{"not_picked":["ReplayTheSpireMod:Shiv Toss","ReplayTheSpireMod:Scrap Shanks","Dash"],"picked":"SKIP","floor":14}],"player_experience":890066,"relics_obtained":[{"floor":3,"key":"Bag of Marbles"},{"floor":7,"key":"conspire:GiftBox"},{"floor":9,"key":"Potion Belt"}],"event_choices":[{"damage_healed":0,"gold_gain":100,"player_choice":"Gold","damage_taken":0,"max_hp_gain":0,"max_hp_loss":0,"event_name":"Wheel of Change","floor":4,"gold_loss":0},{"damage_healed":0,"gold_gain":150,"player_choice":"AGREE","damage_taken":0,"max_hp_gain":0,"max_hp_loss":0,"event_name":"Liars Game","floor":13,"gold_loss":0,"cards_obtained":["Doubt"]}],"is_beta":false,"boss_relics":[],"items_purged_floors":[],"is_endless":false,"potions_floor_spawned":[1,2,11],"killed_by":"Hexaghost","ascension_level":20}}