{"host":"74uvi6kym3vf3uk6","time":1612199203,"event":{"mods":["AchievementEnabler","Astrologer","BaseMod","Better Altar","Better Match","Better Note","Better Sensory Stone","Better Skull","Better Third Choice","CatGirl Mod","ChefMod","Colored Map","Colored Powertips","Conspire","Custom Start","Dark Map","Halation","Hermit","Highlight Path","Infinite Spire","Minty Spire (QoL Compilation)","Permanent Neow","Rare Cards Sparkle","Replay The Spire","Shop Mod","StSLib","The Construct","The Elementalist","The Exalted","The Florist","The Poker Player","The Runesmith","The Vixen","TheBandit"],"gold_per_floor":[118,118,128,128,142,142,142],"floor_reached":6,"language":"ENG","playtime":866,"items_purged":[],"score":36,"play_id":"e4297207-1303-4124-9f65-6ca752a88fb5","local_time":"20210201110643","is_ascension_mode":false,"campfire_choices":[],"circlet_count":0,"master_deck":["Agrypnos:BasicStrike","Agrypnos:BasicStrike","Agrypnos:BasicStrike","Agrypnos:BasicDefend","Agrypnos:BasicDefend","Agrypnos:BasicDefend","Agrypnos:BasicDefend","Agrypnos:Dandelion","Agrypnos:Trowel","Agrypnos:QueenOfTheNight","Agrypnos:Rake","Agrypnos:Myosotis","Agrypnos:Rake"],"relics":["Agrypnos:Floristry","elementalistmod:RedRibbon"],"acts_visited":["Exordium"],"potions_floor_usage":[],"damage_taken":[{"damage":0,"enemies":"2 Louse","floor":1,"turns":2},{"damage":0,"enemies":"Jaw Worm","floor":3,"turns":5},{"damage":0,"enemies":"Small Slimes","floor":5,"turns":5},{"damage":68,"enemies":"Gremlin Nob","floor":6,"turns":6}],"seed_played":"6620721789958643595","potions_obtained":[{"floor":3,"key":"GamblersBrew"}],"is_trial":false,"path_per_floor":["M","?","M","?","M","E"],"character_chosen":"THE_FLORIST","items_purchased":[],"campfire_rested":0,"item_purchase_floors":[],"current_hp_per_floor":[63,63,63,63,63,0,0],"gold":142,"neow_bonus":"THREE_RARE_CARDS","is_daily":false,"chose_seed":false,"campfire_upgraded":0,"win_rate":0.0,"timestamp":1612199203,"path_taken":["M","?","M","?","M","E"],"items_purchased_type":[],"build_version":"2020-12-22","purchased_purges":0,"victory":false,"max_hp_per_floor":[63,63,63,63,63,63,63],"card_choices":[{"not_picked":["Agrypnos:Winter","Agrypnos:FuneralWreath"],"picked":"Agrypnos:QueenOfTheNight","floor":0},{"not_picked":["Agrypnos:ViolentBloom","Agrypnos:Leaf"],"picked":"Agrypnos:Rake","floor":1},{"not_picked":["Agrypnos:Nightshade","Agrypnos:CombTheEarth"],"picked":"Agrypnos:Myosotis","floor":3},{"not_picked":["Agrypnos:Rot","Agrypnos:Shell"],"picked":"Agrypnos:Rake","floor":5}],"player_experience":233829,"relics_obtained":[],"event_choices":[],"is_beta":false,"boss_relics":[],"items_purged_floors":[],"is_endless":false,"potions_floor_spawned":[3],"killed_by":"Gremlin Nob","ascension_level":0}}