{"host":"hxex1q8lhnh7wpd4","time":1612196736,"event":{"mods":["100% Spire Juice","BaseMod","CapriCore","Hermit","Koishi","Lobotomy","Minty Spire (QoL Compilation)","Replay The Spire","StSLib","The Bug Knight","The Cursed","The Dragon Tamer","The Gatherer","The Hierophant","The Immortal","The Poker Player","The Runesmith"],"gold_per_floor":[112,37,37,37,37,67,67,138,190,210,28,61,61,80,80,180,180,160,180,180,34,53,53,80,92,118,4,4,4],"floor_reached":28,"language":"KOR","playtime":5258,"items_purged":["Strike_B","ReplayTheSpireMod:Splinters"],"score":323,"play_id":"9dfc6aee-75cf-46b1-ba36-774090f62562","local_time":"20210202012536","is_ascension_mode":true,"campfire_choices":[{"data":"Gash","floor":7.0,"key":"SMITH"},{"data":"Crystallizer","floor":13.0,"key":"SMITH"},{"data":"Loop","floor":15.0,"key":"SMITH"},{"data":"Storm","floor":23.0,"key":"SMITH"}],"circlet_count":1,"master_deck":["Strike_B","Strike_B","Strike_B","Defend_B","Defend_B","Defend_B","Defend_B","Dualcast+1","Gash+1","Genetic Algorithm+1","Cold Snap","White Noise","Scrape","Crystallizer+1","Loop+1","Conserve Battery","Machine Learning","BasicCrystalCard","Consume","Storm+1","Genetic Algorithm+1","Defragment","Panache","ReplayTheSpireMod:GoodbyeWorld+1"],"relics":["ReplayTheSpireMod:DimensionalGlitch","Ring of Misfortune","ReplayTheSpireMod:Ring of Addiction","Circlet","Potion Belt","Carrot","ReplayTheSpireMod:CursedCoin","Bag of Marbles","Painkiller Herb","Membership Card","Pear","Pet Ghost"],"acts_visited":["Exordium","TheCity"],"potions_floor_usage":[],"damage_taken":[{"damage":1.0,"enemies":"Cultist","floor":1.0,"turns":4.0},{"damage":12.0,"enemies":"Gremlin Nob","floor":6.0,"turns":6.0},{"damage":0.0,"enemies":"Jaw Worm","floor":10.0,"turns":5.0},{"damage":10.0,"enemies":"3 Sentries","floor":12.0,"turns":11.0},{"damage":0.0,"enemies":"2 Louse","floor":14.0,"turns":2.0},{"damage":0.0,"enemies":"Fading Forest","floor":16.0,"turns":11.0},{"damage":12.0,"enemies":"2 Thieves","floor":18.0,"turns":4.0},{"damage":7.0,"enemies":"Shell Parasite","floor":19.0,"turns":9.0},{"damage":6.0,"enemies":"Snecko","floor":22.0,"turns":7.0},{"damage":20.0,"enemies":"Gremlin Leader","floor":24.0,"turns":15.0},{"damage":25.0,"enemies":"Centurion and Healer","floor":25.0,"turns":12.0},{"damage":3,"enemies":"Snake Plant","floor":28,"turns":3}],"seed_played":"8490735673578789045","potions_obtained":[{"floor":1.0,"key":"FearPotion"},{"floor":3.0,"key":"Cursed Concoction"},{"floor":3.0,"key":"SkillPotion"},{"floor":3.0,"key":"Ancient Potion"},{"floor":14.0,"key":"Strength Potion"},{"floor":16.0,"key":"PowerPotion"},{"floor":18.0,"key":"Venom Potion"}],"is_trial":false,"path_per_floor":["M","$","?","?","?","E","R","$","T","M","$","E","R","M","R","B",null,"?","?","?","T","?","T","E","?","T","T","?"],"character_chosen":"DEFECT","items_purchased":["ReplayTheSpireMod:CursedCoin","White Noise","Crystallizer","Membership Card","Panache","ReplayTheSpireMod:GoodbyeWorld+1"],"campfire_rested":0,"item_purchase_floors":[8,8,11,21,27,27],"current_hp_per_floor":[74,74,74,74,74,62,62,62,62,62,62,52,52,52,52,52,69,57,50,50,50,44,44,34,9,9,9,6,6],"gold":4,"neow_bonus":"BOSS_RELIC","is_daily":false,"chose_seed":false,"campfire_upgraded":4,"win_rate":0.0,"timestamp":1612196736,"path_taken":["M","?","?","?","?","E","R","$","T","M","$","E","R","M","R","BOSS","?","?","?","T","?","T","E","?","T","T","?"],"items_purchased_type":["Relic","Card","Card","Relic","Card","Card"],"build_version":"2020-12-22","purchased_purges":2,"victory":false,"max_hp_per_floor":[75,75,75,75,75,75,75,75,75,73,73,73,71,71,71,69,69,69,67,67,67,67,67,77,77,77,77,77,77],"card_choices":[{"not_picked":["ReplaySolidLightProjector","Panic Button"],"picked":"Gash","floor":1.0},{"not_picked":["Hologram","Multi-Cast"],"picked":"Cold Snap","floor":6.0},{"not_picked":["Leap","Stack"],"picked":"Scrape","floor":10.0},{"not_picked":["Cold Snap","Sweeping Beam"],"picked":"Loop","floor":12.0},{"not_picked":["Beam Cell","Barrage"],"picked":"Conserve Battery","floor":14.0},{"not_picked":["ReplayTheSpireMod:Omega Cannon","Meteor Strike"],"picked":"Machine Learning","floor":16.0},{"not_picked":["Force Field","Steam"],"picked":"BasicCrystalCard","floor":18.0},{"not_picked":["Scrape","Steam+1"],"picked":"Consume","floor":19.0},{"not_picked":["Beam Cell","Go for the Eyes+1"],"picked":"Storm","floor":22.0},{"not_picked":["Steam","Leap"],"picked":"Genetic Algorithm+1","floor":24.0},{"not_picked":["Streamline+1","Static Discharge"],"picked":"Defragment","floor":25.0}],"player_experience":203402,"relics_obtained":[{"floor":3.0,"key":"Ring of Misfortune"},{"floor":3.0,"key":"ReplayTheSpireMod:Ring of Addiction"},{"floor":3.0,"key":"Circlet"},{"floor":3.0,"key":"Potion Belt"},{"floor":6.0,"key":"Carrot"},{"floor":12.0,"key":"Bag of Marbles"},{"floor":24.0,"key":"Pear"},{"floor":26.0,"key":"Pet Ghost"}],"event_choices":[{"cards_removed":["Amnesia"],"damage_healed":0.0,"max_hp_gain":0.0,"max_hp_loss":0.0,"gold_gain":0.0,"event_name":"Back to Basics","player_choice":"Elegance","floor":20.0,"gold_loss":0.0,"damage_taken":0.0}],"is_beta":false,"boss_relics":[{"not_picked":["Ectoplasm","Snecko Eye"],"picked":"Painkiller Herb"}],"items_purged_floors":[2,11],"is_endless":false,"potions_floor_spawned":[1,14,16,18],"killed_by":"Snake Plant","ascension_level":2}}