{"host":"r0e4s450fexxrjel","time":1612205233,"event":{"mods":["AchievementEnabler","Act Like it!","Aspiration","BaseMod","Better Third Choice","Clawfect","Colored Map","Conspire","Dota2Spire","Downfall","Energized Spire","Friendly Minions","GifTheSpireLib","Gold Saver","Hubris","Infinite Spire","Minty Spire (QoL Compilation)","Pale of the Ancients","RRrroohrrRGHHhhh!!","Reliquary","Replay The Spire","Shop Mod","StSLib"],"gold_per_floor":[631,631,167,182,193,193,193,219,219,219,219,239,272,287,287,384,384,403,303,319,389,453,487,537,570,570,587,601,601,224,238,238,341,341,358,378,389,389,489,489,42,61,85,135,135,151,201,267,267,267,287,304,354,354,354,373,373,373,373,373],"floor_reached":61,"language":"DEU","playtime":1262,"items_purged":["Defend_B","Defend_B","Defend_B","Defend_B","Defend_B","Gash"],"score":1702,"play_id":"6ca5eb3a-c775-43e5-b3d2-cf5bff30da9c","local_time":"20210201194713","is_ascension_mode":false,"campfire_choices":[{"data":"Clawfect:ClawSnap","floor":6,"key":"SMITH"},{"floor":15,"key":"REST"},{"data":"Gash","floor":29,"key":"SMITH"},{"data":"Gash","floor":32,"key":"SMITH"},{"data":"Gash","floor":40,"key":"SMITH"},{"data":"Gash","floor":40,"key":"SMITH"},{"floor":45,"key":"REST"},{"floor":49,"key":"REST"},{"floor":55,"key":"REST"},{"floor":57,"key":"REST"}],"circlet_count":0,"master_deck":["Gash+1","Gash+1","Gash+1","Gash+1"],"relics":["Clawfect:DRClaw","aspiration:Nostalgia","champ:ChampionCrown","Kunai","ClockworkSouvenir","hubris:EvacipatedBox","hubris:64BitClover","Dota2Spire:OctarineCore","SsserpentHead","conspire:Boomerang","hubris:Backtick","Unceasing Top","Dota2Spire:MonkeyKingBar","Onion Ring","Snack Pack","conspire:SpecialSausage","Molten Egg 2","Simple Rune","Replay:Arrowhead","TheAbacus","Bag of Marbles","reliquary:RosewoodLute","paleoftheancients:Timepiece","paleoftheancients:KeyRelic","Anchor","Ice Cream","Gremlin Horn","paleoftheancients:SoulOfTheWatcher"],"acts_visited":["Exordium","TheCity","TheBeyond","TheBeyond"],"potions_floor_usage":[8,16,16,27,33,50],"damage_taken":[{"damage":1,"enemies":"Jaw Worm","floor":1,"turns":4},{"damage":4,"enemies":"infinitespire:Voidling","floor":4,"turns":4},{"damage":0,"enemies":"Cultist","floor":5,"turns":4},{"damage":0,"enemies":"Replay:BlueRogue","floor":8,"turns":4},{"damage":5,"enemies":"Gremlin Gang","floor":12,"turns":4},{"damage":12,"enemies":"3 Sentries","floor":13,"turns":6},{"damage":6,"enemies":"Large Slime","floor":14,"turns":3},{"damage":0,"enemies":"Slime Boss","floor":16,"turns":4},{"damage":0,"enemies":"Spheric Guardian","floor":18,"turns":1},{"damage":0,"enemies":"Chosen","floor":20,"turns":2},{"damage":0,"enemies":"Centurion and Healer","floor":21,"turns":2},{"damage":0,"enemies":"Cultist and Chosen","floor":22,"turns":2},{"damage":6,"enemies":"conspire:SneckoGhost","floor":23,"turns":3},{"damage":8,"enemies":"Nightmare","floor":25,"turns":4},{"damage":0,"enemies":"Shelled Parasite and Fungi","floor":27,"turns":2},{"damage":0,"enemies":"Sentry and Sphere","floor":28,"turns":1},{"damage":0,"enemies":"Chosen and Byrds","floor":31,"turns":1},{"damage":0,"enemies":"Collector","floor":33,"turns":1},{"damage":0,"enemies":"Orb Walker","floor":35,"turns":1},{"damage":6,"enemies":"3 Shapes","floor":36,"turns":1},{"damage":0,"enemies":"Transient","floor":37,"turns":3},{"damage":0,"enemies":"2 Orb Walkers","floor":39,"turns":1},{"damage":0,"enemies":"Maw","floor":42,"turns":1},{"damage":0,"enemies":"Sphere and 2 Shapes","floor":46,"turns":1},{"damage":0,"enemies":"Transient","floor":48,"turns":1},{"damage":0,"enemies":"Awakened One","floor":50,"turns":2},{"damage":0,"enemies":"Awakened One","floor":51,"turns":1},{"damage":0,"enemies":"Awakened One","floor":52,"turns":2},{"damage":0,"enemies":"Awakened One","floor":56,"turns":3},{"damage":0,"enemies":"paleoftheancients:N","floor":60,"turns":2}],"seed_played":"2217971424339106676","potions_obtained":[{"floor":1,"key":"SkillPotion"},{"floor":12,"key":"hexamod:SoulburnPotion"},{"floor":14,"key":"AttackPotion"},{"floor":23,"key":"Ancient Potion"},{"floor":25,"key":"SpeedPotion"},{"floor":27,"key":"LifebloodPotion"},{"floor":31,"key":"Strength Potion"},{"floor":35,"key":"Explosive Potion"}],"is_trial":false,"path_per_floor":["M","?","$","M","M","R","$","E","T","?","?","M","E","M","R","B",null,"M","$","M","M","M","E","?","NM","T","M","M","R","$","M","R","B",null,"M","M","M","AVR","?","R","$","M","T","?","R","M","?","M","R","B","M","M","?","$","R","M","R","$","?","B",null],"character_chosen":"DEFECT","items_purchased":["Kunai","ClockworkSouvenir","hubris:EvacipatedBox","Snack Pack","TheAbacus","Bag of Marbles"],"campfire_rested":5,"item_purchase_floors":[3,3,7,30,41,41],"current_hp_per_floor":[74,75,75,71,71,71,47,47,47,47,47,42,30,24,46,46,75,75,75,75,75,75,69,69,61,61,61,61,61,61,67,67,75,75,75,73,75,75,75,75,75,75,75,75,75,75,75,75,75,75,75,75,78,78,78,78,78,78,78,78],"gold":373,"neow_bonus":"NOSTALGIA","is_daily":false,"chose_seed":false,"campfire_upgraded":5,"win_rate":0.0,"timestamp":1612205233,"path_taken":["M","?","$","M","?","R","?","E","T","?","?","M","E","M","R","BOSS","M","$","M","?","?","E","?","NM","T","M","M","R","$","M","R","BOSS","M","M","M","AVR","?","R","$","M","T","?","R","M","?","?","R","BOSS","M","M","?","$","R","M","R","$","?","BOSS"],"items_purchased_type":["Relic","Relic","Relic","Relic","Relic","Relic"],"build_version":"2020-12-22","purchased_purges":6,"victory":true,"max_hp_per_floor":[75,75,75,75,75,75,75,75,75,75,75,75,75,75,75,75,75,75,75,75,75,75,75,75,75,75,75,75,75,75,75,75,75,75,75,75,75,75,75,75,75,75,75,75,75,75,75,75,75,75,75,75,78,78,78,78,78,78,78,78],"card_choices":[{"not_picked":["rorgmod:SQL Injection","BasicCrystalCard","rorgmod:Steady Aim"],"picked":"SKIP","floor":1},{"not_picked":["Redo","Capacitor","Reinforced Body"],"picked":"SKIP","floor":4},{"not_picked":["Clawfect:ClawLightning","Redo"],"picked":"Clawfect:ClawSnap","floor":5},{"not_picked":["Clawfect:Clawrage","ReplayTheSpireMod:Reroute Power","Conserve Battery"],"picked":"SKIP","floor":8},{"not_picked":["rorgmod:Antivirus","rorgmod:Hot Sockets","Meteor Strike"],"picked":"SKIP","floor":12},{"not_picked":["rorgmod:Overcurrent","rorgmod:Fusion","rorgmod:SQL Injection"],"picked":"SKIP","floor":13},{"not_picked":["Clawfect:ClawCell","Hologram","Clawfect:ClawForTheEyes"],"picked":"SKIP","floor":14},{"not_picked":["Clawfect:Clawline","Steam Power+1","Coolheaded"],"picked":"SKIP","floor":18},{"not_picked":["rorgmod:Refrigerate","Reboot","Clawfect:ClawpileDriver"],"picked":"SKIP","floor":20},{"not_picked":["Clawfect:ClawLightning","Sunder","Clawfect:Clawline+1"],"picked":"SKIP","floor":21},{"not_picked":["Recycle+1","Clawfect:ClawForTheEyes+1","Machine Learning"],"picked":"SKIP","floor":22},{"not_picked":["Clawfect:ClawingBeam","rorgmod:Antivirus","rorgmod:Critical Section"],"picked":"SKIP","floor":23},{"not_picked":["Conserve Battery","Clawfect:ClawForOne","Clawfect:ClawCell"],"picked":"SKIP","floor":25},{"not_picked":["rorgmod:SQL Injection","hubris:PowerSurge","Clawfect:ClawCell"],"picked":"SKIP","floor":27},{"not_picked":["ReplaySort+1","Clawfect:ClawCell+1","Panic Button+1"],"picked":"SKIP","floor":28},{"not_picked":["rorgmod:Antivirus","Chill","rorgmod:Leap"],"picked":"SKIP","floor":31},{"not_picked":["Coolheaded","rorgmod:Antivirus","Heatsinks"],"picked":"SKIP","floor":35},{"not_picked":["Stack","Reboot+1","rorgmod:Overcurrent"],"picked":"SKIP","floor":36},{"not_picked":["Sunder+1","Heatsinks+1","Stack"],"picked":"SKIP","floor":37},{"not_picked":["FTL+1","Static Discharge+1","Hologram+1"],"picked":"SKIP","floor":42},{"not_picked":["rorgmod:SQL Injection+1","Redo","Genetic Algorithm"],"picked":"SKIP","floor":46},{"not_picked":["Meteor Strike+1","rorgmod:Centralize","rorgmod:Fuse Blower"],"picked":"SKIP","floor":48},{"not_picked":["ReplayTheSpireMod:Calculation Training+1","rorgmod:Overcurrent+1","rorgmod:Malware"],"picked":"SKIP","floor":51},{"not_picked":["rorgmod:Steady Aim","rorgmod:Chaos+1","rorgmod:Overcurrent"],"picked":"SKIP","floor":52},{"not_picked":["Clawfect:ClawForTheEyes+1","Double Energy+1","Conserve Battery"],"picked":"SKIP","floor":56}],"player_experience":74030,"relics_obtained":[{"floor":8,"key":"hubris:64BitClover"},{"floor":9,"key":"Dota2Spire:OctarineCore"},{"floor":13,"key":"conspire:Boomerang"},{"floor":23,"key":"Dota2Spire:MonkeyKingBar"},{"floor":26,"key":"Onion Ring"},{"floor":37,"key":"Molten Egg 2"},{"floor":39,"key":"Replay:Arrowhead"},{"floor":43,"key":"reliquary:RosewoodLute"},{"floor":51,"key":"paleoftheancients:SoulOfTheWatcher"},{"floor":56,"key":"paleoftheancients:SoulOfTheShrineMaiden"}],"event_choices":[{"damage_healed":0,"gold_gain":0,"player_choice":"Disagree","damage_taken":0,"max_hp_gain":0,"max_hp_loss":0,"event_name":"conspire:LoneGhost","floor":10,"gold_loss":0},{"damage_healed":0,"gold_gain":0,"player_choice":"Trade","damage_taken":0,"relics_obtained":["SsserpentHead"],"max_hp_gain":0,"max_hp_loss":0,"event_name":"FaceTrader","floor":11,"gold_loss":0},{"damage_healed":0,"gold_gain":0,"player_choice":"Fight","damage_taken":0,"max_hp_gain":0,"max_hp_loss":0,"event_name":"Mysterious Sphere","floor":39,"gold_loss":0},{"cards_removed":["Clawfect:ClawSnap"],"damage_healed":0,"gold_gain":0,"player_choice":"Removed Attack","damage_taken":0,"max_hp_gain":0,"max_hp_loss":0,"event_name":"Falling","floor":44,"gold_loss":0},{"damage_healed":0,"gold_gain":0,"player_choice":"Ignored","damage_taken":0,"max_hp_gain":0,"max_hp_loss":0,"event_name":"Accursed Blacksmith","floor":47,"gold_loss":0}],"is_beta":false,"boss_relics":[{"not_picked":["Ectoplasm","energizedSpire:StickyHand","SacredBark"],"picked":"hubris:Backtick"},{"not_picked":["energizedSpire:DeadBattery","aspiration:RitualDagger","conspire:RoyalGoblet"],"picked":"conspire:SpecialSausage"}],"items_purged_floors":[3,7,19,30,38,41],"is_endless":false,"potions_floor_spawned":[1,12,14,20,23,25,27,31,35,39,42],"ascension_level":0}}