{"host":"btk6hapgokl8j5e3","time":1612201532,"event":{"mods":["Act Like it!","BaseMod","BetterRewards","Colored Powertips","Downfall","Friendly Minions","GifTheSpireLib","Hallownest","Minty Spire (QoL Compilation)","StSLib","The Animator","The Bug Knight","The Necromancer"],"gold_per_floor":[114,163,193,193,204,204,204,204],"floor_reached":7,"language":"ENG","playtime":422,"items_purged":[],"score":41,"play_id":"41b92fd9-f360-4434-89b2-b26e6a2869ce","local_time":"20210201184532","is_ascension_mode":false,"campfire_choices":[{"data":"animator:Chung","floor":6,"key":"SMITH"}],"circlet_count":0,"master_deck":["animator:Strike_Elsword","animator:Strike","animator:Strike","animator:Strike","animator:Defend","animator:Defend","animator:Chung+1","animator:Raven","animator:Add"],"relics":["animator:LivingPicture","animator:TheMissingPiece"],"acts_visited":["Exordium"],"potions_floor_usage":[],"damage_taken":[{"damage":0,"enemies":"2 Louse","floor":1,"turns":3},{"damage":0,"enemies":"Small Slimes","floor":3,"turns":3},{"damage":6,"enemies":"Jaw Worm","floor":5,"turns":6},{"damage":77,"enemies":"Gremlin Nob","floor":7,"turns":7}],"seed_played":"1023229624757744320","potions_obtained":[{"floor":3,"key":"DistilledChaos"},{"floor":5,"key":"BlessingOfTheForge"}],"is_trial":false,"path_per_floor":["M","?","M","?","M","R","E"],"character_chosen":"THE_ANIMATOR","items_purchased":[],"campfire_rested":0,"item_purchase_floors":[],"current_hp_per_floor":[72,72,72,65,59,59,0,0],"gold":204,"neow_bonus":"TEN_PERCENT_HP_BONUS","is_daily":false,"chose_seed":false,"campfire_upgraded":1,"win_rate":0.0,"timestamp":1612201532,"path_taken":["M","?","M","?","M","R","E"],"items_purchased_type":[],"build_version":"2020-12-22","purchased_purges":0,"victory":false,"max_hp_per_floor":[72,72,72,72,72,72,72,72],"card_choices":[{"not_picked":["animator:Yoichi","animator:Shion","animator:GazelDwargon"],"picked":"SKIP","floor":1},{"not_picked":["animator:Shion","animator:Guy"],"picked":"animator:Add","floor":3},{"not_picked":["animator:Cocytus","animator:AcuraAkari","animator:Fredrika"],"picked":"SKIP","floor":5}],"player_experience":421916,"relics_obtained":[],"event_choices":[{"cards_removed":["animator:Defend"],"damage_healed":0,"gold_gain":0,"player_choice":"Card Removal","damage_taken":7,"max_hp_gain":0,"max_hp_loss":0,"event_name":"Golden Wing","floor":4,"gold_loss":0}],"is_beta":false,"boss_relics":[],"items_purged_floors":[],"is_endless":false,"potions_floor_spawned":[3,5],"killed_by":"Gremlin Nob","ascension_level":0}}