{"host":"5sge6gv1nm0vflk2","time":1612177651,"event":{"mods":["AchievementEnabler","Aspiration","Bard","BaseMod","Beaked The Cultist","Better Third Choice","BetterRewards","Challenge The Spire","Colored Powertips","Conspire","Curses Come First","Downfall","Halation","Hubris","Infinite Spire","Minty Spire (QoL Compilation)","Relic Stats","Shade Mod","Shop Mod","Spicy Shops","StSLib","The Construct","The Cursed","The Disciple","The Hierophant","The Runesmith","The Servant 0.9.4"],"gold_per_floor":[110,110,121,121,27,27,58,58,58,88,88,104,145,70,70,191,191,213,213,202,202,52,97,97,124,124,178,178,178,25,63,63,182,182,211,231,23,23,23,23,64,64,64],"floor_reached":42,"language":"ENG","playtime":4852,"items_purged":["Strike_S"],"score":621,"play_id":"e72ba83f-d77f-434f-9a39-9c4bdb86e667","local_time":"20210201050731","daily_mods":["Heirloom","Elite Swarm"],"is_ascension_mode":false,"campfire_choices":[{"data":"Defy","floor":6,"key":"SMITH"},{"floor":8,"key":"REST"},{"floor":15,"key":"REST"},{"floor":24,"key":"REST"},{"data":"MurderousAura","floor":32,"key":"SMITH"}],"circlet_count":0,"master_deck":["Strike_S","Strike_S","Defend_S","Defend_S","Defend_S","Defend_S","KidneyShot","Exchange","Unruled","Defy+1","Replace","Spin","Embodiment","Dilation","KillingDoll","SilverBlades","SoulSculpture","Revamp+1","GearUp","FlawlessForm","Rearm+1","TheWorld","Potential","MurderousAura+1","Deny","Barrier","Unruled","Trip","MurderousAura"],"relics":["Uniform","halation:OrihimeAndHikoboshiSamaAndTears","hubris:Towel","Orichalcum","halation:IllGainedPizza","conspire:InfiniteJournal","aspiration:FrozenJewel","Anchor","bronze:MakeshiftBattery","Art of War","infinitespire:Lucky Rock","Mummified Hand","Eternal Feather","infinitespire:Midas Blood","halation:PinkSoulGem","hubris:64BitClover","Boot","MerchantsRug","MealTicket","Akabeko"],"acts_visited":["Exordium","TheCity","TheBeyond"],"potions_floor_usage":[13,20,25,27,33,33,41],"damage_taken":[{"damage":6,"enemies":"Small Slimes","floor":1,"turns":2},{"damage":1,"enemies":"2 Louse","floor":3,"turns":3},{"damage":17,"enemies":"Gremlin Nob","floor":7,"turns":5},{"damage":16,"enemies":"Lagavulin","floor":10,"turns":9},{"damage":5,"enemies":"Jaw Worm","floor":12,"turns":3},{"damage":4,"enemies":"3 Sentries","floor":13,"turns":6},{"damage":0,"enemies":"Hexaghost","floor":16,"turns":10},{"damage":14,"enemies":"Spheric Guardian","floor":18,"turns":4},{"damage":1,"enemies":"2 Thieves","floor":20,"turns":4},{"damage":14,"enemies":"Gremlin Leader","floor":23,"turns":6},{"damage":0,"enemies":"Snecko","floor":25,"turns":8},{"damage":1,"enemies":"Book of Stabbing","floor":27,"turns":8},{"damage":0,"enemies":"Slavers","floor":31,"turns":5},{"damage":0,"enemies":"Automaton","floor":33,"turns":7},{"damage":0,"enemies":"3 Shapes","floor":35,"turns":6},{"damage":0,"enemies":"Orb Walker","floor":36,"turns":5},{"damage":14,"enemies":"Giant Head","floor":41,"turns":8}],"seed_played":"3109536942300625713","potions_obtained":[{"floor":7,"key":"bronze:BurnAndBuffPotion"},{"floor":12,"key":"EssenceOfSteel"},{"floor":16,"key":"DuplicationPotion"},{"floor":18,"key":"Regen Potion"},{"floor":20,"key":"PowerPotion"},{"floor":25,"key":"Weak Potion"},{"floor":27,"key":"Swift Potion"},{"floor":33,"key":"champ:CounterPotion"},{"floor":36,"key":"AttackPotion"}],"is_trial":true,"path_per_floor":["M","?","M","?","$","R","E","R","T","E","T","M","E","$","R","B",null,"M","?","M","HB","$","E","R","M","T","E","?","?","$","E","R","B",null,"M","M","$","?","?","R","E","HB"],"character_chosen":"THE_SERVANT","items_purchased":["Replace","Spin","SilverBlades","infinitespire:Lucky Rock","hubris:64BitClover","halation:BottledHappiness","MerchantsRug","MealTicket"],"campfire_rested":3,"item_purchase_floors":[5,5,14,22,30,30,37,37],"current_hp_per_floor":[59,52,51,51,51,51,34,53,53,37,37,32,28,28,47,47,65,51,51,62,33,33,19,28,28,28,27,27,27,27,27,33,33,33,33,33,33,33,33,33,19,17,17],"gold":64,"neow_bonus":"","is_daily":false,"chose_seed":false,"campfire_upgraded":2,"win_rate":0.0,"timestamp":1612177651,"path_taken":["M","?","M","?","$","R","E","R","T","E","?","M","E","$","R","BOSS","M","?","M","HB","?","E","R","?","T","E","?","?","$","E","R","BOSS","M","M","$","?","?","R","E","HB"],"items_purchased_type":["Card","Card","Card","Relic","Relic","Relic","Relic","Relic"],"build_version":"2020-12-22","purchased_purges":1,"victory":false,"max_hp_per_floor":[65,65,65,65,65,65,65,65,65,65,65,65,65,65,65,65,65,65,65,65,33,33,33,33,33,33,33,33,33,33,33,33,33,33,33,33,33,33,33,33,33,17,17],"relic_stats":{"counters":[17,99],"Mummified Hand":[48],"Eternal Feather":6,"MealTicket":0,"Art of War":[7],"Orichalcum":[186],"Boot":[8],"obtain_stats":[{"MerchantsRug":37,"halation:OrihimeAndHikoboshiSamaAndTears":0,"construct:WeddingRing":34,"hubris:64BitClover":30,"halation:IllGainedPizza":9,"Eternal Feather":26,"halation:BottledHappiness":30,"Uniform":0,"infinitespire:Lucky Rock":22,"hubris:Towel":4,"Orichalcum":7,"Boot":31,"aspiration:FrozenJewel":11,"Akabeko":41,"conspire:InfiniteJournal":10,"Anchor":13,"Mummified Hand":23,"MealTicket":37,"Art of War":19,"halation:PinkSoulGem":28,"bronze:MakeshiftBattery":17,"infinitespire:Midas Blood":27},{"MerchantsRug":16,"halation:OrihimeAndHikoboshiSamaAndTears":0,"construct:WeddingRing":14,"hubris:64BitClover":12,"halation:IllGainedPizza":3,"Eternal Feather":11,"halation:BottledHappiness":12,"Uniform":0,"infinitespire:Lucky Rock":9,"hubris:Towel":2,"Orichalcum":3,"Boot":13,"aspiration:FrozenJewel":4,"Akabeko":17,"conspire:InfiniteJournal":4,"Anchor":6,"Mummified Hand":10,"MealTicket":16,"Art of War":8,"halation:PinkSoulGem":12,"bronze:MakeshiftBattery":7,"infinitespire:Midas Blood":12},{"MerchantsRug":91,"halation:OrihimeAndHikoboshiSamaAndTears":0,"construct:WeddingRing":80,"hubris:64BitClover":68,"halation:IllGainedPizza":10,"Eternal Feather":60,"halation:BottledHappiness":68,"Uniform":0,"infinitespire:Lucky Rock":46,"hubris:Towel":5,"Orichalcum":10,"Boot":73,"aspiration:FrozenJewel":19,"Akabeko":99,"conspire:InfiniteJournal":19,"Anchor":28,"Mummified Hand":52,"MealTicket":91,"Art of War":42,"halation:PinkSoulGem":68,"bronze:MakeshiftBattery":38,"infinitespire:Midas Blood":68}]},"card_choices":[{"not_picked":["Rearm","Starlight"],"picked":"Unruled","floor":1},{"not_picked":["Snipe","Sabotage"],"picked":"Defy","floor":3},{"not_picked":["PendulumOfEternity","Deny"],"picked":"Embodiment","floor":7},{"not_picked":["Initiator","KillingDoll"],"picked":"Dilation","floor":10},{"not_picked":["Gouge","FanOfKnives","RealityMarble"],"picked":"SKIP","floor":12},{"not_picked":["Embodiment","Sunlight"],"picked":"KillingDoll","floor":13},{"not_picked":["FlawlessForm","Solidify"],"picked":"SoulSculpture","floor":16},{"not_picked":["Defy+1","Luminosity"],"picked":"Revamp+1","floor":18},{"not_picked":["Moondial","StarChef+1"],"picked":"GearUp","floor":20},{"not_picked":["Embodiment","Sunlight"],"picked":"FlawlessForm","floor":23},{"not_picked":["Orbit","Ricochet+1"],"picked":"Rearm+1","floor":25},{"not_picked":["Solidify","Dilation"],"picked":"TheWorld","floor":27},{"not_picked":["Deny","Sunlight"],"picked":"MurderousAura","floor":31},{"not_picked":["TrueSight","Sunlight"],"picked":"Deny","floor":33},{"not_picked":["BottledTime+1","Starlight+1"],"picked":"Barrier","floor":35},{"not_picked":["SpecialFormula","Replace"],"picked":"Unruled","floor":36},{"not_picked":["Magnetism","Mayhem"],"picked":"Trip","floor":38},{"not_picked":["FloweringNight","ForgedInTime"],"picked":"MurderousAura","floor":41}],"player_experience":463543,"relics_obtained":[{"floor":7,"key":"Orichalcum"},{"floor":9,"key":"halation:IllGainedPizza"},{"floor":10,"key":"conspire:InfiniteJournal"},{"floor":11,"key":"aspiration:FrozenJewel"},{"floor":13,"key":"Anchor"},{"floor":23,"key":"Mummified Hand"},{"floor":26,"key":"Eternal Feather"},{"floor":27,"key":"infinitespire:Midas Blood"},{"floor":31,"key":"Boot"},{"floor":41,"key":"Akabeko"}],"event_choices":[{"cards_removed":["Strike_S"],"damage_healed":0,"gold_gain":0,"player_choice":"Card Removal","damage_taken":7,"max_hp_gain":0,"max_hp_loss":0,"event_name":"Golden Wing","floor":2,"gold_loss":0},{"damage_healed":0,"gold_gain":0,"player_choice":"Gave Potion","damage_taken":0,"relics_obtained":["Art of War"],"max_hp_gain":0,"max_hp_loss":0,"event_name":"WeMeetAgain","floor":19,"gold_loss":0},{"damage_healed":0,"gold_gain":0,"player_choice":"Read","damage_taken":0,"max_hp_gain":0,"max_hp_loss":0,"event_name":"The Library","floor":29,"gold_loss":0,"cards_obtained":["Potential"]},{"damage_healed":0,"gold_gain":0,"player_choice":"Memory 1","damage_taken":0,"max_hp_gain":0,"max_hp_loss":0,"event_name":"SensoryStone","floor":38,"gold_loss":0},{"damage_healed":0,"gold_gain":0,"player_choice":"Ignored","damage_taken":0,"max_hp_gain":0,"max_hp_loss":0,"event_name":"betterThird:BetterPortal","floor":39,"gold_loss":0}],"is_beta":false,"boss_relics":[{"not_picked":["halation:PlatinumPhoenix","halation:CatFaceCupcake"],"picked":"bronze:MakeshiftBattery"},{"not_picked":["Velvet Choker","Sozu"],"picked":"construct:WeddingRing"}],"items_purged_floors":[37],"is_endless":false,"potions_floor_spawned":[7,12,16,18,20,25,27,33,36],"ascension_level":0}}