{"host":"ziko4uwynam20dv9","time":1612149969,"event":{"mods":["Aspiration","BaseMod","BetterRewards","Downfall","Hubris","Infinite Spire","Minty Spire (QoL Compilation)","Remilia??????","Replay The Spire","Shop Mod","StSLib","The Animator","The Jungle"],"gold_per_floor":[0,16,30,41,61,61,61,74,144,179,194,94,114,14,25,25,38,138,138,38,49,59,59,122,122,122,148,170,170,202,202,202,274,302,409,409,409,427,447,467,491,491,541,541,564,579,579,599,599,230,256,256,256,256,256,256],"floor_reached":54,"language":"FRA","playtime":3170,"items_purged":["Spreading Infection"],"score":806,"play_id":"c3cea309-70b3-4f2c-8b4f-301b15041288","local_time":"20210201042609","is_ascension_mode":true,"campfire_choices":[{"floor":1,"key":"RECALL"},{"data":"hexamod:ForkedFlame","floor":12,"key":"SMITH"},{"floor":14,"key":"REST"},{"data":"infinitespire:SevenWalls","floor":20,"key":"SMITH"},{"data":"hexamod:ForkedFlame","floor":25,"key":"SMITH"},{"floor":29,"key":"REST"},{"floor":32,"key":"REST"},{"data":"hexamod:GhostOfSpirePresent","floor":37,"key":"SMITH"},{"floor":42,"key":"REST"},{"floor":44,"key":"REST"},{"floor":47,"key":"REST"}],"circlet_count":0,"master_deck":["hexamod:Strike","hexamod:Strike","hexamod:Strike","hexamod:Strike","hexamod:Defend","hexamod:Defend","hexamod:Defend","hexamod:Defend","hexamod:Sear","hexamod:Float","hexamod:FourthSeal","hexamod:CatchUp","hexamod:SpectralSpark","hexamod:SwordOfDarkness","hexamod:TimeWarp","hexamod:ForkedFlame+1","hexamod:GhostflameInferno","hexamod:FirstSeal","hexamod:ForkedFlame+1","Shame","RedMoon","hexamod:TimeOfNeed","ReplayTheSpireMod:Private Reserves","infinitespire:SevenWalls+1","hexamod:ExtraCrispy+1","hexamod:ThirdSeal","ReplayTheSpireMod:??????????????????????","hexamod:EmpoweredFlame","hexamod:SecondSeal","hexamod:Toasty","hexamod:ShieldOfDarkness+1","hexamod:Hexaguard","hexamod:SpectersWail","hexamod:ParanormalForm","hexamod:WildfireWeapon","hexamod:GhostOfSpirePresent+1","hexamod:EmpoweredFlame","hexamod:EmpoweredFlame+1","hexamod:GhostflameBarrier","hexamod:RadiantFlame+1","hexamod:DynamicBlow+1","hexamod:HeatMetal","hexamod:PhantomCloak+1","hexamod:Rewind+1","expansioncontent:DashGenerateEvil"],"relics":["hexamod:SpiritBrand","infinitespire:Bottled Soul","downfall:HeartBlessingRed","downfall:HeartBlessingGreen","hubris:Towel","ReplayTheSpireMod:SealedPack","downfall:HeartBlessingBlue","Membership Card","hubris:SphereOfDissonance","hubris:AstralHammer","Bag of Preparation","Ring of Searing","Ring of Peace","Replay:Bottled Flurry","Sozu","Happy Flower","Vajra","hubris:MedicalManual","aspiration:Nostalgia","m_BurningSludge"],"acts_visited":["Exordium","Exordium","TheBeyond","TheEnding"],"potions_floor_usage":[4,4,8,10,18,18,18,30,35,52,52,52],"damage_taken":[{"damage":2,"enemies":"Jaw Worm","floor":2,"turns":3},{"damage":0,"enemies":"Cultist","floor":3,"turns":3},{"damage":6,"enemies":"Small Slimes","floor":4,"turns":4},{"damage":6,"enemies":"Blue Slaver","floor":5,"turns":3},{"damage":0,"enemies":"Lots of Slimes","floor":8,"turns":4},{"damage":7,"enemies":"Gremlin Nob","floor":10,"turns":3},{"damage":9,"enemies":"Red Slaver","floor":11,"turns":3},{"damage":0,"enemies":"Large Slime","floor":13,"turns":5},{"damage":4,"enemies":"2 Fungi Beasts","floor":15,"turns":2},{"damage":3,"enemies":"Gremlin Gang","floor":17,"turns":4},{"damage":26,"enemies":"IC_STATUS_ARCHETYPE","floor":18,"turns":7},{"damage":13,"enemies":"theJungle:GiantWrat","floor":21,"turns":4},{"damage":12,"enemies":"Shell Parasite","floor":22,"turns":5},{"damage":40,"enemies":"theJungle:Cassacara","floor":27,"turns":9},{"damage":37,"enemies":"theJungle:Snecko_Cultist_And_Trap","floor":28,"turns":7},{"damage":42,"enemies":"theJungle:2_Phrogs","floor":30,"turns":7},{"damage":0,"enemies":"theJungle:SlimyTreeVines","floor":34,"turns":6},{"damage":21,"enemies":"SI_MIRROR_ARCHETYPE","floor":35,"turns":8},{"damage":20,"enemies":"Orb Walker","floor":38,"turns":4},{"damage":41,"enemies":"3 Darklings","floor":39,"turns":6},{"damage":28,"enemies":"4 Shapes","floor":40,"turns":4},{"damage":14,"enemies":"Maw","floor":41,"turns":6},{"damage":7,"enemies":"3 Darklings","floor":45,"turns":8},{"damage":30,"enemies":"4 Shapes","floor":46,"turns":6},{"damage":0,"enemies":"Transient","floor":48,"turns":5},{"damage":0,"enemies":"downfall:FleeingMerchant","floor":50,"turns":4},{"damage":10,"enemies":"Spire Growth","floor":51,"turns":3},{"damage":63,"enemies":"WA_ARCHETYPE_DIVINITY","floor":52,"turns":9},{"damage":98,"enemies":"downfall:CharBossMerchant","floor":54,"turns":6}],"seed_played":"634793987828619149","potions_obtained":[{"floor":2,"key":"GamblersBrew"},{"floor":3,"key":"Strength Potion"},{"floor":3,"key":"hexamod:InfernoChargePotion"},{"floor":4,"key":"Languid Potion"},{"floor":5,"key":"AttackPotion"},{"floor":8,"key":"bronze:BurnAndBuffPotion"},{"floor":10,"key":"BlessingOfTheForge"},{"floor":10,"key":"CultistPotion"},{"floor":18,"key":"Milkshake"},{"floor":18,"key":"Regen Potion"},{"floor":21,"key":"CultistPotion"},{"floor":22,"key":"Ancient Potion"},{"floor":30,"key":"DuplicationPotion"},{"floor":35,"key":"DuplicationPotion"}],"is_trial":false,"path_per_floor":["R","M","M","M","M","PTL","PTL","M","T","E","M","R","M","R","M","?","M","B",null,"R","M","M","AVR","?","R","T","E","M","R","E","?","R","T","M","B",null,"R","M","M","M","M","R","T","R","M","M","R","M","T","$","M","B",null,"E"],"character_chosen":"THE_SPIRIT","items_purchased":["hubris:MedicalManual","expansioncontent:DashGenerateEvil","aspiration:Nostalgia"],"campfire_rested":6,"item_purchase_floors":[50,50,50],"current_hp_per_floor":[84,82,82,76,70,70,70,70,70,63,54,54,54,79,75,75,72,53,84,94,88,83,83,83,83,83,54,17,45,18,18,46,46,59,45,94,94,83,49,23,16,44,44,72,72,42,70,77,77,77,67,11,94,0,0,0],"gold":256,"neow_bonus":"TWENTY_PERCENT_HP_BONUS","is_daily":false,"chose_seed":false,"campfire_upgraded":4,"win_rate":0.0,"timestamp":1612149969,"path_taken":["R","M","M","M","M","PTL","PTL","M","T","E","M","R","M","R","M","?","M","BOSS","R","M","M","AVR","?","R","T","E","?","R","E","?","R","?","M","BOSS","R","M","M","M","?","R","T","R","M","M","R","M","?","$","M","BOSS","E"],"items_purchased_type":["Relic","Card","Relic"],"build_version":"2020-12-22","purchased_purges":1,"victory":false,"max_hp_per_floor":[84,84,84,84,84,84,84,84,84,84,84,84,84,84,84,84,84,84,84,94,94,94,94,94,94,94,94,94,94,94,94,94,94,94,94,94,94,94,94,94,94,94,94,94,94,94,94,94,94,94,94,94,94,94,94,94],"card_choices":[{"not_picked":["hexamod:GhostShield","hexamod:SuperheatedStrike"],"picked":"hexamod:FourthSeal","floor":2},{"not_picked":["hexamod:NightmareGuise","hexamod:ShieldOfDarkness"],"picked":"hexamod:CatchUp","floor":3},{"not_picked":["hexamod:ShieldOfDarkness","hexamod:ThermalTransfer"],"picked":"hexamod:SpectralSpark","floor":4},{"not_picked":["hexamod:Hexaguard","hexamod:BurningTouch"],"picked":"hexamod:SwordOfDarkness","floor":5},{"not_picked":["hexamod:NightmareStrike","hexamod:ShieldOfDarkness"],"picked":"hexamod:TimeWarp","floor":8},{"not_picked":["hexamod:AdvancingGuard","hexamod:SwordOfDarkness"],"picked":"hexamod:ForkedFlame","floor":10},{"not_picked":["hexamod:InspiringFlames","hexamod:NightmareGuise","hexamod:GhostLash"],"picked":"SKIP","floor":11},{"not_picked":["hexamod:Rewind","hexamod:FlamesFromBeyond"],"picked":"hexamod:GhostflameInferno","floor":13},{"not_picked":["hexamod:HeatCrush","hexamod:BacktrackSmack","hexamod:NightmareStrike"],"picked":"SKIP","floor":15},{"not_picked":["hexamod:SuperheatedStrike","hexamod:BurningTouch"],"picked":"hexamod:FirstSeal","floor":17},{"not_picked":["hexamod:TimeWarp","hexamod:TurnItUp"],"picked":"hexamod:ForkedFlame","floor":18},{"not_picked":["bronze:Goto","Zap"],"picked":"RedMoon","floor":19},{"not_picked":["hexamod:ApocalypticArmor","hexamod:UnleashSpirits"],"picked":"hexamod:TimeOfNeed","floor":19},{"not_picked":["Mind Blast","Blind"],"picked":"ReplayTheSpireMod:Private Reserves","floor":19},{"not_picked":["Replay:Fractal Strike","infinitespire:Oblivion"],"picked":"infinitespire:SevenWalls","floor":19},{"not_picked":["hexamod:AdvancingGuard","hexamod:FourthSeal"],"picked":"hexamod:ExtraCrispy+1","floor":21},{"not_picked":["hexamod:HauntingEcho","hexamod:HeatMetal"],"picked":"hexamod:ThirdSeal","floor":22},{"not_picked":["hexamod:SpectersWail+1","hexamod:BurningTouch"],"picked":"hexamod:EmpoweredFlame","floor":24},{"not_picked":["hexamod:FlamesFromBeyond","hexamod:NightmareStrike+1"],"picked":"hexamod:SecondSeal","floor":27},{"not_picked":["hexamod:HeatMetal","hexamod:HauntingEcho"],"picked":"hexamod:Toasty","floor":27},{"not_picked":["hexamod:NecessarySacrifice","hexamod:Haunt"],"picked":"hexamod:ShieldOfDarkness+1","floor":28},{"not_picked":["hexamod:FourthSeal","hexamod:ThirdSeal","hexamod:Haunt"],"picked":"SKIP","floor":28},{"not_picked":["hexamod:SuperheatedStrike","hexamod:FlamesFromBeyond"],"picked":"hexamod:Hexaguard","floor":30},{"not_picked":["hexamod:NightmareStrike","hexamod:GhostShield","hexamod:FastForward"],"picked":"SKIP","floor":30},{"not_picked":["hexamod:ShieldOfDarkness","hexamod:InspiringFlames"],"picked":"hexamod:SpectersWail","floor":34},{"not_picked":["hexamod:SwordOfDarkness+1","hexamod:HauntingEcho"],"picked":"hexamod:ParanormalForm","floor":34},{"not_picked":["hexamod:TimeWarp","hexamod:GhostflameInferno"],"picked":"hexamod:WildfireWeapon","floor":35},{"not_picked":["hexamod:ApocalypseNow","hexamod:UnlimitedPower"],"picked":"hexamod:GhostOfSpirePresent","floor":35},{"not_picked":["hexamod:GhostLash+1","hexamod:BurningTouch+1"],"picked":"hexamod:EmpoweredFlame","floor":38},{"not_picked":["hexamod:BurningTouch","hexamod:FlamesFromBeyond+1"],"picked":"hexamod:EmpoweredFlame+1","floor":39},{"not_picked":["hexamod:Hexaguard","hexamod:StepThrough+1","hexamod:SpectralSpark"],"picked":"SKIP","floor":39},{"not_picked":["hexamod:Hexaguard","hexamod:FlamesFromBeyond"],"picked":"hexamod:GhostflameBarrier","floor":40},{"not_picked":["hexamod:GhostShield","hexamod:ThermalTransfer+1"],"picked":"hexamod:RadiantFlame+1","floor":41},{"not_picked":["hexamod:GhostShield","hexamod:BurningTouch+1"],"picked":"hexamod:DynamicBlow+1","floor":45},{"not_picked":["hexamod:SkipABeat","hexamod:RainOfEmbers"],"picked":"hexamod:HeatMetal","floor":45},{"not_picked":["hexamod:NightmareGuise","hexamod:GhostLash"],"picked":"hexamod:PhantomCloak+1","floor":46},{"not_picked":["hexamod:NightmareStrike+1","hexamod:Firestarter+1"],"picked":"hexamod:Rewind+1","floor":48},{"not_picked":["hexamod:Firestarter+1","hexamod:SpectralSpark+1","hexamod:ThirdSeal"],"picked":"SKIP","floor":50},{"not_picked":["hexamod:SoulSteal","Evolve","hexamod:SuperheatedStrike"],"picked":"SKIP","floor":51},{"not_picked":["hexamod:AdvancingGuard+1","hexamod:Hexaguard","hexamod:GhostShield+1"],"picked":"SKIP","floor":51}],"player_experience":980541,"relics_obtained":[{"floor":10,"key":"infinitespire:Bottled Soul"},{"floor":26,"key":"hubris:SphereOfDissonance"},{"floor":27,"key":"hubris:AstralHammer"},{"floor":30,"key":"Bag of Preparation"},{"floor":31,"key":"Ring of Searing"},{"floor":31,"key":"Ring of Peace"},{"floor":33,"key":"Replay:Bottled Flurry"},{"floor":43,"key":"Happy Flower"},{"floor":49,"key":"Vajra"}],"event_choices":[],"is_beta":false,"boss_relics":[{"not_picked":["Astrolabe","aspiration:SilentSkillbook"],"picked":"ReplayTheSpireMod:SealedPack"},{"not_picked":["Snecko Eye","Kintsugi"],"picked":"Sozu"}],"items_purged_floors":[50],"is_endless":false,"potions_floor_spawned":[2,3,10,13,15,18,22,28,30,38,39,41,51],"killed_by":"downfall:CharBossMerchant","ascension_level":2}}