{"host":"ow66nzv2xecjoor3","time":1612157575,"event":{"mods":["BaseMod","Bestiary","Block Reminder","Colored Powertips","Curses Come First","Highlight Path","Keyboard Shortcuts","Minty Spire (QoL Compilation)","Permanent Neow","Relic Stats","StSLib","UnlockEverythingMod"],"gold_per_floor":[113,113,131,144,160,189,189,223,223,255,255,275,287,362,362,436,436,452,472,484,759,292,322,336,364,410,436,436,463,473,473,473,545,545,558,568,583,599,613,613,643,643,643,657,671,682,721,731,731,731,731,731,731,601,645,645],"floor_reached":57,"language":"ENG","playtime":4469,"items_purged":[],"score":3061,"play_id":"48a7cc71-b33b-4622-9ee7-0415cbadbda9","local_time":"20210131233255","is_ascension_mode":true,"campfire_choices":[{"data":"Immolate","floor":11,"key":"SMITH"},{"data":"Disarm","floor":15,"key":"SMITH"},{"floor":28,"key":"REST"},{"floor":32,"key":"REST"},{"data":"Feel No Pain","floor":40,"key":"SMITH"},{"floor":49,"key":"RECALL"},{"data":"Dual Wield","floor":53,"key":"SMITH"}],"circlet_count":0,"master_deck":["AscendersBane","Bash","Iron Wave","Warcry","Intimidate","Evolve+1","Carnage","Metallicize","Anger+1","Immolate+1","Armaments","Disarm+1","Power Through","Battle Trance","Thunderclap","Feel No Pain","Double Tap","Uppercut","Second Wind","Offering+1","Burning Pact","Whirlwind","Reckless Charge+1","Dark Embrace","Battle Trance","Flame Barrier","Dual Wield+1","Feel No Pain+1","Barricade","Armaments+1","Shrug It Off+1","Evolve+1","Second Wind","Pommel Strike+1","Feel No Pain","Sever Soul","Exhume","Entrench+1","Inflame+1","Power Through+1"],"relics":["Pandora\u0027s Box","Red Skull","Bronze Scales","Omamori","Singing Bowl","Odd Mushroom","Black Star","Bag of Marbles","TheAbacus","Strawberry","Pantograph","Nunchaku","PreservedInsect","Anchor","Bottled Lightning","Blood Vial","Regal Pillow","Snecko Eye","Paper Frog","Art of War","HornCleat","CeramicFish","Shuriken","Orrery","Happy Flower","War Paint"],"acts_visited":["Exordium","TheCity","TheBeyond","TheEnding"],"potions_floor_usage":[10,23,25,30,38,47,47,56],"damage_taken":[{"damage":4.0,"enemies":"Jaw Worm","floor":1.0,"turns":2.0},{"damage":0.0,"enemies":"Small Slimes","floor":3.0,"turns":2.0},{"damage":0.0,"enemies":"Cultist","floor":4.0,"turns":2.0},{"damage":4.0,"enemies":"Exordium Thugs","floor":5.0,"turns":4.0},{"damage":3.0,"enemies":"Gremlin Nob","floor":6.0,"turns":3.0},{"damage":10.0,"enemies":"3 Sentries","floor":8.0,"turns":4.0},{"damage":0,"enemies":"Lagavulin","floor":10,"turns":2},{"damage":2,"enemies":"The Mushroom Lair","floor":12,"turns":3},{"damage":0,"enemies":"3 Louse","floor":13,"turns":3},{"damage":0,"enemies":"The Guardian","floor":16,"turns":9},{"damage":14,"enemies":"2 Thieves","floor":18,"turns":3},{"damage":4,"enemies":"3 Byrds","floor":19,"turns":2},{"damage":6,"enemies":"3 Cultists","floor":20,"turns":3},{"damage":2,"enemies":"Slavers","floor":23,"turns":3},{"damage":8,"enemies":"Snake Plant","floor":24,"turns":2},{"damage":12,"enemies":"Gremlin Leader","floor":25,"turns":4},{"damage":6,"enemies":"Slavers","floor":27,"turns":2},{"damage":6,"enemies":"Gremlin Leader","floor":29,"turns":5},{"damage":7,"enemies":"Shelled Parasite and Fungi","floor":30,"turns":3},{"damage":50,"enemies":"Collector","floor":33,"turns":10},{"damage":6,"enemies":"Orb Walker","floor":35,"turns":2},{"damage":6,"enemies":"3 Darklings","floor":36,"turns":5},{"damage":7,"enemies":"Sphere and 2 Shapes","floor":37,"turns":7},{"damage":23,"enemies":"Jaw Worm Horde","floor":38,"turns":3},{"damage":0,"enemies":"Maw","floor":39,"turns":11},{"damage":35,"enemies":"Nemesis","floor":41,"turns":9},{"damage":56,"enemies":"Spire Growth","floor":44,"turns":7},{"damage":20,"enemies":"Transient","floor":45,"turns":6},{"damage":4,"enemies":"4 Shapes","floor":46,"turns":2},{"damage":6,"enemies":"Giant Head","floor":47,"turns":8},{"damage":0,"enemies":"Spire Growth","floor":48,"turns":6},{"damage":27,"enemies":"Time Eater","floor":50,"turns":14},{"damage":27,"enemies":"Donu and Deca","floor":51,"turns":9},{"damage":31,"enemies":"Shield and Spear","floor":55,"turns":7},{"damage":11,"enemies":"The Heart","floor":56,"turns":14}],"seed_played":"-6197181285131632290","potions_obtained":[{"floor":3.0,"key":"Dexterity Potion"},{"floor":4.0,"key":"BlessingOfTheForge"},{"floor":6.0,"key":"Energy Potion"},{"floor":10,"key":"FearPotion"},{"floor":19,"key":"SteroidPotion"},{"floor":23,"key":"Explosive Potion"},{"floor":29,"key":"Weak Potion"},{"floor":30,"key":"Fire Potion"},{"floor":33,"key":"Weak Potion"},{"floor":38,"key":"BlessingOfTheForge"},{"floor":44,"key":"Dexterity Potion"},{"floor":48,"key":"Fire Potion"}],"is_trial":false,"path_per_floor":["M","?","M","M","M","E","?","E","T","E","R","?","M","?","R","B",null,"M","M","M","?","$","E","M","E","T","E","R","E","M","?","R","B",null,"M","M","M","M","M","R","E","?","T","M","M","M","E","M","R","B","B",null,"R","$","E","B",null],"character_chosen":"IRONCLAD","items_purchased":["Bag of Marbles","Dark Embrace","TheAbacus","Battle Trance","Orrery"],"campfire_rested":2,"item_purchase_floors":[22,22,22,22,54],"current_hp_per_floor":[64,64,64,64,60,57,34,24,24,24,24,24,24,13,13,13,61,47,43,37,37,37,44,38,28,28,22,49,43,38,32,74,40,78,74,70,65,46,50,50,19,96,96,40,22,20,16,20,20,20,20,79,79,83,54,70],"gold":645,"neow_bonus":"BOSS_RELIC","is_daily":false,"chose_seed":false,"campfire_upgraded":4,"win_rate":0.0,"timestamp":1612157575,"path_taken":["M","?","M","M","M","E","?","E","T","E","R","?","M","?","R","BOSS","M","M","M","?","?","E","M","E","T","E","R","E","?","?","R","BOSS","M","M","M","M","?","R","E","?","T","M","M","M","E","M","R","BOSS","BOSS","R","$","E","BOSS"],"items_purchased_type":["Relic","Card","Relic","Card","Relic"],"build_version":"2020-12-22","purchased_purges":0,"victory":true,"max_hp_per_floor":[75,75,75,75,75,75,75,75,75,75,75,77,77,77,77,77,77,77,77,77,77,77,86,88,90,90,90,90,90,90,90,90,90,90,90,90,90,92,94,94,96,96,96,96,96,96,96,98,98,98,98,98,98,102,102,102],"relic_stats":{"Regal Pillow":15,"Singing Bowl":20,"Happy Flower":[4],"counters":[35,181],"CeramicFish":45,"PreservedInsect":342,"War Paint":["Offering","Entrench"],"Blood Vial":32,"Nunchaku":[25],"TheAbacus":[294],"Shuriken":[21],"Bronze Scales":[666],"Pantograph":89,"Snecko Eye":[250,320,240,247],"Pandora\u0027s Box":["Iron Wave","Warcry","Intimidate","Evolve","Carnage","Metallicize","Anger","Immolate","Armaments"],"Black Star":7,"Art of War":[12],"obtain_stats":[{"Regal Pillow":29,"Singing Bowl":10,"CeramicFish":47,"Burning Blood":0,"Blood Vial":29,"Nunchaku":25,"TheAbacus":22,"HornCleat":43,"Strawberry":23,"Pantograph":23,"Red Skull":6,"Paper Frog":41,"Happy Flower":55,"PreservedInsect":25,"Omamori":9,"Odd Mushroom":12,"War Paint":55,"Anchor":27,"Shuriken":47,"Bronze Scales":8,"Snecko Eye":34,"Orrery":54,"Pandora\u0027s Box":0,"Black Star":17,"Bag of Marbles":22,"Art of War":41,"Bottled Lightning":27},{"Regal Pillow":18,"Singing Bowl":7,"CeramicFish":30,"Burning Blood":0,"Blood Vial":18,"Nunchaku":16,"TheAbacus":13,"HornCleat":26,"Strawberry":14,"Pantograph":14,"Red Skull":5,"Paper Frog":26,"Happy Flower":34,"PreservedInsect":16,"Omamori":6,"Odd Mushroom":8,"War Paint":34,"Anchor":17,"Shuriken":30,"Bronze Scales":6,"Snecko Eye":20,"Orrery":33,"Pandora\u0027s Box":0,"Black Star":10,"Bag of Marbles":13,"Art of War":26,"Bottled Lightning":17},{"Regal Pillow":58,"Singing Bowl":19,"CeramicFish":131,"Burning Blood":0,"Blood Vial":58,"Nunchaku":51,"TheAbacus":42,"HornCleat":108,"Strawberry":45,"Pantograph":45,"Red Skull":13,"Paper Frog":108,"Happy Flower":167,"PreservedInsect":51,"Omamori":17,"Odd Mushroom":22,"War Paint":167,"Anchor":53,"Shuriken":131,"Bronze Scales":17,"Snecko Eye":71,"Orrery":160,"Pandora\u0027s Box":0,"Black Star":34,"Bag of Marbles":42,"Art of War":108,"Bottled Lightning":53}]},"card_choices":[{"not_picked":["Flex","Intimidate"],"picked":"Disarm","floor":1.0},{"not_picked":["True Grit","Disarm"],"picked":"Power Through","floor":3.0},{"not_picked":["Burning Pact","Clash"],"picked":"Battle Trance","floor":4.0},{"not_picked":["Spot Weakness","Evolve"],"picked":"Thunderclap","floor":5.0},{"not_picked":["Dark Embrace","Fire Breathing"],"picked":"Feel No Pain","floor":6.0},{"not_picked":["Dropkick","Bludgeon"],"picked":"Double Tap","floor":8.0},{"not_picked":["Intimidate","Headbutt"],"picked":"Uppercut","floor":10},{"not_picked":["Metallicize","Searing Blow","Headbutt"],"picked":"Singing Bowl","floor":12},{"not_picked":["Clash","Heavy Blade"],"picked":"Second Wind","floor":13},{"not_picked":["Bludgeon","Double Tap"],"picked":"Offering","floor":16},{"not_picked":["Clash","Cleave+1"],"picked":"Burning Pact","floor":18},{"not_picked":["Cleave","Wild Strike"],"picked":"Whirlwind","floor":19},{"not_picked":["Clothesline","Uppercut"],"picked":"Reckless Charge+1","floor":20},{"not_picked":["Flex","Perfected Strike","Blood for Blood"],"picked":"Singing Bowl","floor":23},{"not_picked":["Demon Form","Flex+1","Cleave+1"],"picked":"Singing Bowl","floor":24},{"not_picked":["Heavy Blade","Clash","Uppercut"],"picked":"Singing Bowl","floor":25},{"not_picked":["Iron Wave","Metallicize"],"picked":"Flame Barrier","floor":27},{"not_picked":["Battle Trance","Infernal Blade"],"picked":"Dual Wield","floor":29},{"not_picked":["Blood for Blood+1","Perfected Strike"],"picked":"Feel No Pain","floor":30},{"not_picked":["Impervious","Limit Break"],"picked":"Barricade","floor":33},{"not_picked":["Hemokinesis","Heavy Blade"],"picked":"Armaments+1","floor":35},{"not_picked":["Cleave","Twin Strike"],"picked":"Shrug It Off+1","floor":36},{"not_picked":["Flex","Blood for Blood+1"],"picked":"Evolve+1","floor":37},{"not_picked":["Body Slam+1","Rage","Heavy Blade+1"],"picked":"Singing Bowl","floor":38},{"not_picked":["Clothesline","Rupture+1","Pummel"],"picked":"Singing Bowl","floor":39},{"not_picked":["Perfected Strike","Battle Trance","Body Slam"],"picked":"Singing Bowl","floor":41},{"not_picked":["Iron Wave","Sentinel+1"],"picked":"Second Wind","floor":44},{"not_picked":["Shrug It Off","Twin Strike"],"picked":"Pommel Strike+1","floor":45},{"not_picked":["Armaments","Whirlwind"],"picked":"Feel No Pain","floor":46},{"not_picked":["Battle Trance","Cleave"],"picked":"Sever Soul","floor":47},{"not_picked":["Pommel Strike","Ghostly Armor+1","Havoc+1"],"picked":"Singing Bowl","floor":48},{"not_picked":["Blood for Blood","Berserk"],"picked":"Exhume","floor":54},{"not_picked":["Wild Strike","Rage","Clash"],"picked":"Singing Bowl","floor":54},{"not_picked":["Blood for Blood","Anger"],"picked":"Entrench","floor":54},{"not_picked":["Cleave+1","Rampage","Intimidate"],"picked":"Singing Bowl","floor":54},{"not_picked":["Thunderclap","Wild Strike"],"picked":"Inflame+1","floor":54},{"not_picked":["Clothesline","Burning Pact"],"picked":"Power Through+1","floor":55}],"player_experience":2801598,"relics_obtained":[{"floor":6.0,"key":"Red Skull"},{"floor":8.0,"key":"Bronze Scales"},{"floor":9.0,"key":"Omamori"},{"floor":10,"key":"Singing Bowl"},{"floor":12,"key":"Odd Mushroom"},{"floor":23,"key":"Strawberry"},{"floor":23,"key":"Pantograph"},{"floor":25,"key":"Nunchaku"},{"floor":25,"key":"PreservedInsect"},{"floor":27,"key":"Anchor"},{"floor":27,"key":"Bottled Lightning"},{"floor":29,"key":"Blood Vial"},{"floor":29,"key":"Regal Pillow"},{"floor":41,"key":"Paper Frog"},{"floor":41,"key":"Art of War"},{"floor":43,"key":"HornCleat"},{"floor":47,"key":"CeramicFish"},{"floor":47,"key":"Shuriken"},{"floor":55,"key":"Happy Flower"},{"floor":55,"key":"War Paint"}],"event_choices":[{"damage_healed":0.0,"max_hp_gain":0.0,"max_hp_loss":0.0,"gold_gain":0.0,"event_name":"The Cleric","player_choice":"Leave","floor":2.0,"gold_loss":0.0,"damage_taken":0.0},{"damage_healed":0.0,"max_hp_gain":0.0,"max_hp_loss":0.0,"gold_gain":0.0,"event_name":"Shining Light","player_choice":"Entered Light","floor":7.0,"gold_loss":0.0,"damage_taken":23.0,"cards_upgraded":["Evolve","Anger"]},{"damage_healed":0,"gold_gain":0,"player_choice":"Fought Mushrooms","damage_taken":0,"max_hp_gain":0,"max_hp_loss":0,"event_name":"Mushrooms","floor":12,"gold_loss":0},{"damage_healed":0,"gold_gain":75,"player_choice":"Gather Gold","damage_taken":11,"max_hp_gain":0,"max_hp_loss":0,"event_name":"World of Goop","floor":14,"gold_loss":0},{"damage_healed":0,"gold_gain":275,"player_choice":"Desecrate","damage_taken":0,"max_hp_gain":0,"max_hp_loss":0,"event_name":"Golden Shrine","floor":21,"gold_loss":0,"cards_obtained":["Regret"]},{"damage_healed":0,"gold_gain":0,"player_choice":"","damage_taken":6,"max_hp_gain":0,"max_hp_loss":0,"event_name":"Knowing Skull","floor":31,"potions_obtained":[],"gold_loss":0,"cards_obtained":[]},{"damage_healed":77,"gold_gain":0,"player_choice":"Heal","damage_taken":0,"max_hp_gain":0,"max_hp_loss":0,"event_name":"MindBloom","floor":42,"gold_loss":0,"cards_obtained":["Doubt"]}],"is_beta":false,"boss_relics":[{"not_picked":["Busted Crown","Astrolabe"],"picked":"Black Star"},{"not_picked":["SlaversCollar","Runic Dome"],"picked":"Snecko Eye"}],"items_purged_floors":[],"is_endless":false,"potions_floor_spawned":[3,4,6,8,10,13,18,19,23,29,30,33,38,41,44,46,48],"ascension_level":20}}