{"host":"gaqyve1328ta0etl","time":1612171089,"event":{"mods":["BaseMod","Colored Map","Colored Powertips","Googly Eyes","Minty Spire (QoL Compilation)","Shop Mod","StSLib","SuperFastMode","The Hierophant","The Runesmith"],"gold_per_floor":[113,113,113,126,145,145,164,197,197,197,214,227,247,247,247,247,247],"floor_reached":16,"language":"ENG","playtime":579,"items_purged":[],"score":166,"play_id":"6cbcfde2-13a1-4f49-8ff7-0d2d6d73c52b","local_time":"20210201011809","is_ascension_mode":true,"campfire_choices":[{"floor":6,"key":"REST"},{"floor":10,"key":"REST"},{"floor":15,"key":"REST"}],"circlet_count":0,"master_deck":["AscendersBane","Strike_G","Strike_G","Strike_G","Strike_G","Defend_G","Defend_G","Defend_G","Defend_G","Defend_G","Survivor","Neutralize","Wraith Form v2+1","All Out Attack","Slice","Footwork","Dodge and Roll","Malaise","Dodge and Roll"],"relics":["Ring of the Snake","Pantograph","Darkstone Periapt"],"acts_visited":["Exordium"],"potions_floor_usage":[4,7,8],"damage_taken":[{"damage":22,"enemies":"Jaw Worm","floor":1,"turns":6},{"damage":0,"enemies":"Cultist","floor":4,"turns":5},{"damage":4,"enemies":"2 Louse","floor":5,"turns":3},{"damage":1,"enemies":"Exordium Wildlife","floor":7,"turns":4},{"damage":12,"enemies":"3 Sentries","floor":8,"turns":8},{"damage":10,"enemies":"Gremlin Gang","floor":11,"turns":7},{"damage":2,"enemies":"Looter","floor":12,"turns":5},{"damage":10,"enemies":"3 Louse","floor":13,"turns":3},{"damage":72,"enemies":"Slime Boss","floor":16,"turns":13}],"seed_played":"355700689988209756","potions_obtained":[{"floor":1,"key":"Swift Potion"},{"floor":4,"key":"Fire Potion"},{"floor":7,"key":"AttackPotion"}],"is_trial":false,"path_per_floor":["M","?","?","M","M","R","M","E","T","R","M","M","M","?","R","B"],"character_chosen":"THE_SILENT","items_purchased":[],"campfire_rested":3,"item_purchase_floors":[],"current_hp_per_floor":[41,34,34,34,30,51,50,38,38,59,49,47,37,37,58,0,0],"gold":247,"neow_bonus":"ONE_RANDOM_RARE_CARD","is_daily":false,"chose_seed":false,"campfire_upgraded":0,"win_rate":0.0,"timestamp":1612171089,"path_taken":["M","?","?","M","M","R","M","E","T","R","?","M","M","?","R","BOSS"],"items_purchased_type":[],"build_version":"2020-12-22","purchased_purges":0,"victory":false,"max_hp_per_floor":[70,70,70,70,70,70,70,70,70,70,70,70,70,70,70,70,70],"card_choices":[{"not_picked":["Endless Agony","Blade Dance","Deflect"],"picked":"SKIP","floor":1},{"not_picked":["Distraction","Underhanded Strike"],"picked":"All Out Attack","floor":4},{"not_picked":["Bouncing Flask","Acrobatics"],"picked":"Slice","floor":5},{"not_picked":["Heel Hook","Deadly Poison"],"picked":"Footwork","floor":7},{"not_picked":["Quick Slash","Slice"],"picked":"Dodge and Roll","floor":8},{"not_picked":["Distraction","Choke"],"picked":"Malaise","floor":11},{"not_picked":["PiercingWail","Riddle With Holes"],"picked":"Dodge and Roll","floor":12},{"not_picked":["Cloak And Dagger","Riddle With Holes","Bouncing Flask"],"picked":"SKIP","floor":13}],"player_experience":2067164,"relics_obtained":[{"floor":8,"key":"Pantograph"},{"floor":9,"key":"Darkstone Periapt"}],"event_choices":[{"cards_removed":["Strike_G"],"damage_healed":0,"gold_gain":0,"player_choice":"Card Removal","damage_taken":7,"max_hp_gain":0,"max_hp_loss":0,"event_name":"Golden Wing","floor":2,"gold_loss":0},{"damage_healed":0,"gold_gain":0,"player_choice":"Forge","damage_taken":0,"max_hp_gain":0,"max_hp_loss":0,"event_name":"Accursed Blacksmith","floor":3,"gold_loss":0,"cards_upgraded":["Wraith Form v2"]},{"damage_healed":0,"gold_gain":0,"player_choice":"Fled","damage_taken":0,"max_hp_gain":0,"max_hp_loss":0,"event_name":"Scrap Ooze","floor":14,"gold_loss":0}],"is_beta":false,"boss_relics":[],"items_purged_floors":[],"is_endless":false,"potions_floor_spawned":[1,4,7],"killed_by":"Slime Boss","ascension_level":12}}