{"host":"zxkjcgzis4pm3za5","time":1612151636,"event":{"mods":["AchievementEnabler","Act Like it!","BaseMod","Colored Map","Colored Powertips","Friendly Minions","GifTheSpireLib","Minty Spire (QoL Compilation)","Quick Restart","Random Character Button","Relic Sorter","Relic Stats","StSLib"],"gold_per_floor":[115,127,127,146,166,166,177,202,255,273,273,306,306,321,321,393,393,406,3,3,3,19,39,39,51,51,51,86,86,86,86,86,86,86],"floor_reached":33,"language":"ENG","playtime":1532,"items_purged":["Strike_G"],"score":526,"play_id":"0165ac5c-4251-4888-90b0-df1197d998e9","local_time":"20210201092356","is_ascension_mode":true,"campfire_choices":[{"data":"Slice","floor":6,"key":"SMITH"},{"data":"Footwork","floor":11,"key":"SMITH"},{"data":"Cloak And Dagger","floor":13,"key":"SMITH"},{"floor":15,"key":"REST"},{"data":"J.A.X.","floor":24,"key":"SMITH"},{"floor":30,"key":"REST"},{"floor":32,"key":"REST"}],"circlet_count":0,"master_deck":["AscendersBane","Strike_G","Strike_G","Strike_G","Strike_G","Defend_G","Defend_G","Defend_G","Defend_G","Defend_G","Survivor","Neutralize+1","Slice+1","PiercingWail","Dagger Throw","Dodge and Roll","Blade Dance","Accuracy","Footwork+1","Cloak And Dagger+1","Corpse Explosion","Bullet Time","Blade Dance+1","Blade Dance","J.A.X.+1","Dodge and Roll+1","Acrobatics+1","Dash"],"relics":["Ring of the Snake","Lantern","Question Card","Philosopher\u0027s Stone","Membership Card","Ginger","Vajra","Ancient Tea Set"],"acts_visited":["Exordium","TheCity"],"potions_floor_usage":[8,16,16,28],"damage_taken":[{"damage":0,"enemies":"Cultist","floor":1,"turns":4},{"damage":2,"enemies":"Jaw Worm","floor":2,"turns":4},{"damage":4,"enemies":"Small Slimes","floor":4,"turns":4},{"damage":0,"enemies":"2 Fungi Beasts","floor":5,"turns":4},{"damage":0,"enemies":"Large Slime","floor":7,"turns":7},{"damage":14,"enemies":"3 Sentries","floor":8,"turns":8},{"damage":8,"enemies":"3 Louse","floor":10,"turns":3},{"damage":17,"enemies":"Gremlin Nob","floor":12,"turns":4},{"damage":8,"enemies":"Exordium Wildlife","floor":14,"turns":6},{"damage":21,"enemies":"Slime Boss","floor":16,"turns":8},{"damage":11,"enemies":"Shell Parasite","floor":18,"turns":7},{"damage":0,"enemies":"Chosen","floor":22,"turns":3},{"damage":10,"enemies":"Snecko","floor":23,"turns":7},{"damage":5,"enemies":"Chosen and Byrds","floor":25,"turns":5},{"damage":19,"enemies":"Book of Stabbing","floor":28,"turns":4},{"damage":51,"enemies":"Automaton","floor":33,"turns":6}],"seed_played":"7392344557155076796","potions_obtained":[{"floor":2,"key":"FairyPotion"},{"floor":3,"key":"CultistPotion"},{"floor":3,"key":"Strength Potion"},{"floor":14,"key":"GamblersBrew"},{"floor":18,"key":"LiquidBronze"}],"is_trial":false,"path_per_floor":["M","M","?","M","M","R","M","E","T","M","R","E","R","M","R","B",null,"M","$","?","?","M","M","R","M","T","?","E","?","R","?","R","B"],"character_chosen":"THE_SILENT","items_purchased":["Membership Card","Ginger","Blade Dance"],"campfire_rested":3,"item_purchase_floors":[19,19,19],"current_hp_per_floor":[59,57,57,53,53,53,53,39,39,31,31,14,14,6,25,4,51,40,40,40,40,40,30,30,25,25,25,6,6,25,7,28,0,0],"gold":86,"neow_bonus":"UPGRADE_CARD","is_daily":false,"chose_seed":false,"campfire_upgraded":4,"win_rate":0.0,"timestamp":1612151636,"path_taken":["M","?","?","M","?","R","M","E","T","M","R","E","R","M","R","BOSS","M","$","?","?","M","M","R","M","T","?","E","?","R","?","R","BOSS"],"items_purchased_type":["Relic","Relic","Card"],"build_version":"2020-12-22","purchased_purges":1,"victory":false,"max_hp_per_floor":[66,66,66,66,66,66,66,66,66,66,66,66,66,66,66,66,66,66,66,66,66,66,66,66,66,66,66,66,66,66,71,71,71,71],"relic_stats":{"counters":[16,84],"Ginger":[14],"Question Card":7,"obtain_stats":[{"Lantern":8,"Vajra":26,"Philosopher\u0027s Stone":17,"Membership Card":19,"Ginger":19,"Question Card":12,"Ancient Tea Set":28,"Ring of the Snake":0},{"Lantern":6,"Vajra":14,"Philosopher\u0027s Stone":10,"Membership Card":11,"Ginger":11,"Question Card":8,"Ancient Tea Set":15,"Ring of the Snake":0},{"Lantern":31,"Vajra":74,"Philosopher\u0027s Stone":52,"Membership Card":59,"Ginger":59,"Question Card":38,"Ancient Tea Set":78,"Ring of the Snake":0}],"Ring of the Snake":[32]},"card_choices":[{"not_picked":["Flying Knee","Dagger Throw"],"picked":"Slice","floor":1},{"not_picked":["Setup","Eviscerate"],"picked":"PiercingWail","floor":2},{"not_picked":["Deflect","Backflip"],"picked":"Dagger Throw","floor":4},{"not_picked":["Deadly Poison","Prepared"],"picked":"Dodge and Roll","floor":5},{"not_picked":["Sucker Punch","Acrobatics"],"picked":"Blade Dance","floor":7},{"not_picked":["Dodge and Roll","Underhanded Strike"],"picked":"Accuracy","floor":8},{"not_picked":["Flechettes","Acrobatics"],"picked":"Footwork","floor":10},{"not_picked":["Backflip","Quick Slash"],"picked":"Cloak And Dagger","floor":12},{"not_picked":["Outmaneuver","Backstab","Backflip"],"picked":"Corpse Explosion","floor":14},{"not_picked":["Storm of Steel","Die Die Die","Malaise"],"picked":"Bullet Time","floor":16},{"not_picked":["Outmaneuver","Skewer","Dagger Throw"],"picked":"Blade Dance+1","floor":18},{"not_picked":["Calculated Gamble","Choke","Concentrate"],"picked":"Dodge and Roll+1","floor":22},{"not_picked":["Footwork","Underhanded Strike","Reflex"],"picked":"Acrobatics+1","floor":23},{"not_picked":["Prepared","Sucker Punch","Setup"],"picked":"Dash","floor":25},{"not_picked":["Slice","Distraction","Sucker Punch","Dodge and Roll"],"picked":"SKIP","floor":28}],"player_experience":302152,"relics_obtained":[{"floor":8,"key":"Lantern"},{"floor":12,"key":"Question Card"},{"floor":26,"key":"Vajra"},{"floor":28,"key":"Ancient Tea Set"}],"event_choices":[{"damage_healed":0,"gold_gain":0,"player_choice":"Got Potions","damage_taken":0,"max_hp_gain":0,"max_hp_loss":0,"event_name":"Lab","floor":3,"gold_loss":0},{"damage_healed":0,"gold_gain":0,"player_choice":"Obtain J.A.X.","damage_taken":0,"max_hp_gain":0,"max_hp_loss":0,"event_name":"Drug Dealer","floor":21,"gold_loss":0,"cards_obtained":["J.A.X."]},{"damage_healed":0,"gold_gain":0,"player_choice":"Ignored","damage_taken":0,"max_hp_gain":0,"max_hp_loss":0,"event_name":"Ghosts","floor":27,"gold_loss":0},{"damage_healed":0,"gold_gain":0,"player_choice":"Ignored","damage_taken":0,"max_hp_gain":0,"max_hp_loss":0,"event_name":"Cursed Tome","floor":29,"gold_loss":0},{"damage_healed":0,"gold_gain":0,"player_choice":"Shed Blood","damage_taken":23,"max_hp_gain":5,"max_hp_loss":0,"event_name":"Forgotten Altar","floor":31,"gold_loss":0}],"is_beta":false,"boss_relics":[{"not_picked":["Ectoplasm","Calling Bell"],"picked":"Philosopher\u0027s Stone"}],"items_purged_floors":[19],"is_endless":false,"potions_floor_spawned":[2,4,5,7,14,18],"killed_by":"Automaton","ascension_level":18}}