{"host":"9b7hrp48q3pna783","time":1612168499,"event":{"mods":["BaseMod","Colored Map","Colored Powertips","Highlight Path","Minty Spire (QoL Compilation)","Relic Stats"],"gold_per_floor":[113,125,145,129,147,175,175,175,175,189,189,189,206,206,206,206,206],"floor_reached":16,"language":"ENG","playtime":914,"items_purged":[],"score":114,"play_id":"0f97ce37-9830-493b-9c9c-f8ec23b659d3","local_time":"20210201033459","is_ascension_mode":true,"campfire_choices":[{"data":"Poisoned Stab","floor":7,"key":"SMITH"},{"data":"Prepared","floor":11,"key":"SMITH"},{"data":"Catalyst","floor":15,"key":"SMITH"}],"circlet_count":0,"master_deck":["Strike_G","Strike_G","Strike_G","Strike_G","Strike_G","Defend_G","Defend_G","Defend_G","Defend_G","Defend_G","Survivor","Neutralize","Prepared+1","Underhanded Strike","Crippling Poison","Poisoned Stab+1","Catalyst+1","Decay"],"relics":["Ring of the Snake","Snake Skull","Pantograph","NlothsMask"],"acts_visited":["Exordium"],"potions_floor_usage":[4,13,16,16],"damage_taken":[{"damage":1,"enemies":"Jaw Worm","floor":1,"turns":3},{"damage":1,"enemies":"Cultist","floor":2,"turns":4},{"damage":1,"enemies":"Small Slimes","floor":3,"turns":5},{"damage":6,"enemies":"Exordium Thugs","floor":4,"turns":4},{"damage":4,"enemies":"Blue Slaver","floor":5,"turns":3},{"damage":35,"enemies":"Lagavulin","floor":6,"turns":7},{"damage":7,"enemies":"Exordium Wildlife","floor":10,"turns":3},{"damage":7,"enemies":"Gremlin Gang","floor":13,"turns":3},{"damage":40,"enemies":"The Guardian","floor":16,"turns":9}],"seed_played":"-7142177841921079186","potions_obtained":[{"floor":3,"key":"PowerPotion"},{"floor":6,"key":"Ancient Potion"},{"floor":10,"key":"SkillPotion"},{"floor":13,"key":"GhostInAJar"}],"is_trial":false,"path_per_floor":["M","M","M","M","M","E","R","?","T","M","R","?","M","$","R","B"],"character_chosen":"THE_SILENT","items_purchased":[],"campfire_rested":0,"item_purchase_floors":[],"current_hp_per_floor":[76,75,74,68,64,29,29,29,29,22,22,22,15,15,15,0,0],"gold":206,"neow_bonus":"TEN_PERCENT_HP_BONUS","is_daily":false,"chose_seed":false,"campfire_upgraded":3,"win_rate":0.0,"timestamp":1612168499,"path_taken":["M","M","M","M","M","E","R","?","T","?","R","?","M","?","R","BOSS"],"items_purchased_type":[],"build_version":"2020-12-22","purchased_purges":0,"victory":false,"max_hp_per_floor":[77,77,77,77,77,77,77,77,77,77,77,77,77,77,77,77,77],"relic_stats":{"counters":[9,41],"Pantograph":25,"Snake Skull":[9],"obtain_stats":[{"Pantograph":9,"Snake Skull":6,"Ring of the Snake":0,"NlothsMask":12},{"Pantograph":6,"Snake Skull":6,"Ring of the Snake":0,"NlothsMask":7},{"Pantograph":26,"Snake Skull":26,"Ring of the Snake":0,"NlothsMask":29}],"Ring of the Snake":[18]},"card_choices":[{"not_picked":["Slice","Finisher"],"picked":"Prepared","floor":1},{"not_picked":["Cloak And Dagger","Dodge and Roll"],"picked":"Underhanded Strike","floor":2},{"not_picked":["Eviscerate","Cloak And Dagger"],"picked":"Crippling Poison","floor":3},{"not_picked":["Dagger Throw","Endless Agony"],"picked":"Poisoned Stab","floor":4},{"not_picked":["Heel Hook","Bane","Finisher"],"picked":"SKIP","floor":5},{"not_picked":["Dagger Spray","Slice"],"picked":"Catalyst","floor":6},{"not_picked":["Skewer","Flechettes","Slice"],"picked":"SKIP","floor":10},{"not_picked":["Quick Slash","Slice","Heel Hook"],"picked":"SKIP","floor":13}],"player_experience":129170,"relics_obtained":[{"floor":6,"key":"Snake Skull"},{"floor":9,"key":"Pantograph"}],"event_choices":[{"damage_healed":0,"gold_gain":0,"player_choice":"Cursed","damage_taken":0,"max_hp_gain":0,"max_hp_loss":0,"event_name":"Wheel of Change","floor":8,"gold_loss":0,"cards_obtained":["Decay"]},{"damage_healed":0,"gold_gain":0,"player_choice":"Trade","damage_taken":0,"relics_obtained":["NlothsMask"],"max_hp_gain":0,"max_hp_loss":0,"event_name":"FaceTrader","floor":12,"gold_loss":0}],"is_beta":false,"boss_relics":[],"items_purged_floors":[],"is_endless":false,"potions_floor_spawned":[3,6,10,13],"killed_by":"The Guardian","ascension_level":2}}