{"host":"4rvakrj1idbgia3f","time":1612198093,"event":{"mods":["BaseMod","Colored Map","Colored Powertips","DeckTracker","Highlight Path","Minty Spire (QoL Compilation)","Random Character Button","StSLib"],"gold_per_floor":[116,135,410,196,215,215,243,243,243,259,290,290,315,346,346,346,346],"floor_reached":16,"language":"JPN","playtime":722,"items_purged":["Regret"],"score":240,"play_id":"71fdd863-f9cb-475c-95d6-09add662c7cb","local_time":"20210202014813","is_ascension_mode":true,"campfire_choices":[{"data":"Wild Strike","floor":6,"key":"SMITH"},{"data":"Evolve","floor":8,"key":"SMITH"},{"floor":15,"key":"DIG"}],"circlet_count":0,"master_deck":["AscendersBane","Strike_R","Strike_R","Strike_R","Strike_R","Strike_R","Defend_R","Defend_R","Defend_R","Bash","Battle Trance","Evolve+1","Fire Breathing","Sword Boomerang","Wild Strike+1","Reaper"],"relics":["Burning Blood","Pen Nib","Singing Bowl","Shovel","Golden Idol","Peace Pipe","Potion Belt"],"acts_visited":["Exordium"],"potions_floor_usage":[7,11,14],"damage_taken":[{"damage":6,"enemies":"2 Louse","floor":1,"turns":3},{"damage":1,"enemies":"Cultist","floor":2,"turns":3},{"damage":14,"enemies":"Jaw Worm","floor":5,"turns":4},{"damage":25,"enemies":"Lagavulin","floor":7,"turns":7},{"damage":6,"enemies":"Exordium Wildlife","floor":10,"turns":3},{"damage":15,"enemies":"3 Sentries","floor":11,"turns":3},{"damage":1,"enemies":"2 Fungi Beasts","floor":13,"turns":3},{"damage":24,"enemies":"Gremlin Nob","floor":14,"turns":4},{"damage":36,"enemies":"The Guardian","floor":16,"turns":2}],"seed_played":"5949371627528075914","potions_obtained":[{"floor":1,"key":"DistilledChaos"},{"floor":10,"key":"SpeedPotion"},{"floor":13,"key":"HeartOfIron"}],"is_trial":false,"path_per_floor":["M","M","?","$","M","R","E","R","T","M","E","?","M","E","R","B"],"character_chosen":"IRONCLAD","items_purchased":["Fire Breathing","Sword Boomerang"],"campfire_rested":0,"item_purchase_floors":[4,4],"current_hp_per_floor":[68,73,73,73,65,65,46,46,46,48,41,41,46,36,36,0,0],"gold":346,"neow_bonus":"REMOVE_CARD","is_daily":false,"chose_seed":false,"campfire_upgraded":2,"win_rate":0.0,"timestamp":1612198093,"path_taken":["M","M","?","$","M","R","E","R","T","?","E","?","M","E","R","BOSS"],"items_purchased_type":["Card","Card"],"build_version":"2020-12-22","purchased_purges":1,"victory":false,"max_hp_per_floor":[75,75,75,75,75,75,75,75,75,77,79,72,72,74,74,74,74],"card_choices":[{"not_picked":["Sword Boomerang","Clash"],"picked":"Battle Trance","floor":1},{"not_picked":["Heavy Blade","Metallicize"],"picked":"Evolve","floor":2},{"not_picked":["Fire Breathing","Flex"],"picked":"Wild Strike","floor":5},{"not_picked":["Iron Wave","Body Slam","Heavy Blade"],"picked":"Singing Bowl","floor":10},{"not_picked":["Thunderclap","Dark Embrace","Rampage"],"picked":"Singing Bowl","floor":11},{"not_picked":["Pommel Strike","Havoc"],"picked":"Reaper","floor":13},{"not_picked":["Perfected Strike","Flex","Anger"],"picked":"Singing Bowl","floor":14}],"player_experience":2187231,"relics_obtained":[{"floor":7,"key":"Pen Nib"},{"floor":9,"key":"Singing Bowl"},{"floor":11,"key":"Shovel"},{"floor":14,"key":"Peace Pipe"},{"floor":15,"key":"Potion Belt"}],"event_choices":[{"damage_healed":0,"gold_gain":275,"player_choice":"Desecrate","damage_taken":0,"max_hp_gain":0,"max_hp_loss":0,"event_name":"Golden Shrine","floor":3,"gold_loss":0,"cards_obtained":["Regret"]},{"damage_healed":0,"gold_gain":0,"player_choice":"Lose Max HP","damage_taken":0,"relics_obtained":["Golden Idol"],"max_hp_gain":0,"max_hp_loss":7,"event_name":"Golden Idol","floor":12,"gold_loss":0}],"is_beta":false,"boss_relics":[],"items_purged_floors":[4],"is_endless":false,"potions_floor_spawned":[1,10,13],"killed_by":"The Guardian","ascension_level":20}}