{"host":"m4qpn8a4h7jhbw2f","time":1612219728,"event":{"mods":["BaseMod","Colored Map","Colored Powertips","Highlight Path","Minty Spire (QoL Compilation)","Rare Cards Sparkle","Relic Stats"],"gold_per_floor":[111,126,78,78,90,90,109,109,109,109,34,49,79,0,0,103,103,114,14,34,34,34,34,34,60,141,157,171,182,199,210,210,210,210],"floor_reached":33,"language":"ENG","playtime":4783,"items_purged":["Decay","Defend_R"],"score":309,"play_id":"ee6d0e82-6688-4a94-81e8-581b3e786644","local_time":"20210201174848","is_ascension_mode":true,"campfire_choices":[{"data":"Rage","floor":6.0,"key":"SMITH"},{"data":"Infernal Blade","floor":8.0,"key":"SMITH"},{"data":"Headbutt","floor":10.0,"key":"SMITH"},{"data":"Rampage","floor":15.0,"key":"SMITH"},{"data":"Exhume","floor":23.0,"key":"SMITH"},{"floor":32,"key":"REST"}],"circlet_count":0,"master_deck":["Strike_R","Strike_R","Strike_R","Strike_R","Strike_R","Defend_R","Defend_R","Defend_R","Bash","Headbutt+1","Clothesline","Rage+1","Infernal Blade+1","Carnage","Offering","Rampage+1","Exhume+1","Whirlwind","Flex+1","Intimidate","Exhume","Metallicize","Flex","Headbutt"],"relics":["Burning Blood","NeowsBlessing","Bag of Preparation","Self Forming Clay","Runic Pyramid","Blue Candle","Ornamental Fan","Meat on the Bone"],"acts_visited":["Exordium","TheCity"],"potions_floor_usage":[],"damage_taken":[{"damage":0.0,"enemies":"Jaw Worm","floor":1.0,"turns":1.0},{"damage":0.0,"enemies":"Cultist","floor":2.0,"turns":1.0},{"damage":0.0,"enemies":"2 Louse","floor":5.0,"turns":1.0},{"damage":5.0,"enemies":"2 Fungi Beasts","floor":7.0,"turns":4.0},{"damage":5.0,"enemies":"Gremlin Gang","floor":12.0,"turns":4.0},{"damage":12.0,"enemies":"3 Sentries","floor":13.0,"turns":6.0},{"damage":26.0,"enemies":"Slime Boss","floor":16.0,"turns":10.0},{"damage":6.0,"enemies":"Chosen","floor":18.0,"turns":3.0},{"damage":18.0,"enemies":"2 Thieves","floor":20.0,"turns":4.0},{"damage":41.0,"enemies":"Gremlin Leader","floor":25.0,"turns":5.0},{"damage":18.0,"enemies":"Snake Plant","floor":27.0,"turns":3.0},{"damage":23.0,"enemies":"Cultist and Chosen","floor":28.0,"turns":6.0},{"damage":12.0,"enemies":"Centurion and Healer","floor":29.0,"turns":4.0},{"damage":9,"enemies":"Snecko","floor":30,"turns":3},{"damage":31,"enemies":"Shelled Parasite and Fungi","floor":31,"turns":5},{"damage":84,"enemies":"Automaton","floor":33,"turns":6}],"seed_played":"-3418796604594865793","potions_obtained":[{"floor":5.0,"key":"Fruit Juice"},{"floor":7.0,"key":"AttackPotion"},{"floor":12.0,"key":"Fire Potion"},{"floor":18.0,"key":"Fire Potion"},{"floor":20.0,"key":"GamblersBrew"},{"floor":31,"key":"Dexterity Potion"}],"is_trial":false,"path_per_floor":["M","M","$","?","M","R","M","R","T","R","$","M","E","$","R","B",null,"M","$","M","?","?","R","?","E","T","M","M","M","M","M","R","B"],"character_chosen":"IRONCLAD","items_purchased":["Clothesline","Rampage"],"campfire_rested":1,"item_purchase_floors":[3,14],"current_hp_per_floor":[80,80,80,80,85,85,85,85,85,85,85,85,79,79,79,59,85,85,85,73,73,73,73,73,38,38,38,33,39,48,35,60,0,0],"gold":210,"neow_bonus":"THREE_ENEMY_KILL","is_daily":false,"chose_seed":false,"campfire_upgraded":5,"win_rate":0.0,"timestamp":1612219728,"path_taken":["M","M","$","?","M","R","?","R","T","R","$","M","E","?","R","BOSS","M","$","M","?","?","R","?","E","T","M","M","?","M","M","R","BOSS"],"items_purchased_type":["Card","Card"],"build_version":"2020-12-22","purchased_purges":2,"victory":false,"max_hp_per_floor":[80,80,80,80,85,85,85,85,85,85,85,85,85,85,85,85,85,85,85,85,85,85,85,85,85,85,85,85,85,85,85,85,85,85],"relic_stats":{"counters":[16,66],"Self Forming Clay":[87],"Ornamental Fan":[48],"Blue Candle":[0],"Bag of Preparation":[24],"obtain_stats":[{"NeowsBlessing":0,"Self Forming Clay":13,"Ornamental Fan":25,"Blue Candle":24,"Bag of Preparation":9,"Burning Blood":0,"Runic Pyramid":17,"Meat on the Bone":26},{"NeowsBlessing":0,"Self Forming Clay":6,"Ornamental Fan":10,"Blue Candle":9,"Bag of Preparation":4,"Burning Blood":0,"Runic Pyramid":7,"Meat on the Bone":10},{"NeowsBlessing":0,"Self Forming Clay":17,"Ornamental Fan":39,"Blue Candle":34,"Bag of Preparation":7,"Burning Blood":0,"Runic Pyramid":27,"Meat on the Bone":39}],"Burning Blood":70,"Meat on the Bone":60},"card_choices":[{"not_picked":["Clash","Sentinel"],"picked":"Headbutt","floor":1.0},{"not_picked":["Thunderclap","Body Slam","Shockwave"],"picked":"SKIP","floor":2.0},{"not_picked":["Dropkick","Rupture"],"picked":"Rage","floor":5.0},{"not_picked":["Body Slam","Armaments"],"picked":"Infernal Blade","floor":7.0},{"not_picked":["Pummel","Warcry"],"picked":"Carnage","floor":12.0},{"not_picked":["Anger","Flame Barrier"],"picked":"Offering","floor":13.0},{"not_picked":["Offering","Corruption"],"picked":"Exhume","floor":16.0},{"not_picked":["Hemokinesis","Twin Strike+1"],"picked":"Whirlwind","floor":18.0},{"not_picked":["Armaments","Body Slam"],"picked":"Flex+1","floor":20.0},{"not_picked":["Metallicize+1","Perfected Strike+1"],"picked":"Exhume","floor":25.0},{"not_picked":["Shrug It Off","Sever Soul"],"picked":"Metallicize","floor":27.0},{"not_picked":["Spot Weakness","Shrug It Off","Hemokinesis"],"picked":"SKIP","floor":28.0},{"not_picked":["Ghostly Armor","Pommel Strike"],"picked":"Flex","floor":29},{"not_picked":["Armaments","Metallicize+1"],"picked":"Headbutt","floor":30},{"not_picked":["Armaments","Headbutt","Metallicize"],"picked":"SKIP","floor":31}],"player_experience":217292,"relics_obtained":[{"floor":9.0,"key":"Bag of Preparation"},{"floor":13.0,"key":"Self Forming Clay"},{"floor":25.0,"key":"Ornamental Fan"},{"floor":26.0,"key":"Meat on the Bone"}],"event_choices":[{"damage_healed":0.0,"max_hp_gain":0.0,"max_hp_loss":0.0,"gold_gain":0.0,"event_name":"Wheel of Change","player_choice":"Cursed","floor":4.0,"gold_loss":0.0,"damage_taken":0.0,"cards_obtained":["Decay"]},{"damage_healed":0.0,"max_hp_gain":0.0,"max_hp_loss":0.0,"gold_gain":0.0,"event_name":"The Library","player_choice":"Read","floor":22.0,"gold_loss":0.0,"damage_taken":0.0,"cards_obtained":["Intimidate"]},{"damage_healed":0.0,"max_hp_gain":0.0,"max_hp_loss":0.0,"gold_gain":0.0,"event_name":"WeMeetAgain","player_choice":"Gave Potion","floor":24.0,"gold_loss":0.0,"damage_taken":0.0,"relics_obtained":["Blue Candle"]}],"is_beta":false,"boss_relics":[{"not_picked":["Ectoplasm","Philosopher\u0027s Stone"],"picked":"Runic Pyramid"}],"items_purged_floors":[11,19],"is_endless":false,"potions_floor_spawned":[5,7,12,18,20,31],"killed_by":"Automaton","ascension_level":3}}