{"host":"klrvvo16pazy794l","time":1612201248,"event":{"mods":["BaseMod","Minty Spire (QoL Compilation)"],"gold_per_floor":[111,5,5,5,23,23,58,58,58,58,58,70,105,54,54,153,153,171,171,185,185,110,110,123,123,146,160,160,16,29,56,56,153,153,172,172,188,38,54,88,100,111,134,134,59,59,59,5,5,5,5],"floor_reached":50,"language":"ENG","playtime":1571,"items_purged":["Clash"],"score":571,"play_id":"c70c81a2-ebbc-481e-b1fb-a3a2526902d6","local_time":"20210201114048","is_ascension_mode":true,"campfire_choices":[{"data":"Flex","floor":6,"key":"SMITH"},{"data":"Cleave","floor":8,"key":"SMITH"},{"data":"Shrug It Off","floor":11,"key":"SMITH"},{"data":"Seeing Red","floor":15,"key":"SMITH"},{"data":"Armaments","floor":23,"key":"SMITH"},{"data":"Immolate","floor":25,"key":"SMITH"},{"data":"Bludgeon","floor":32,"key":"SMITH"},{"floor":44,"key":"REST"},{"floor":46,"key":"RECALL"},{"data":"True Grit","floor":49,"key":"SMITH"}],"circlet_count":0,"master_deck":["Strike_R","Strike_R","Defend_R","Defend_R+1","Defend_R","Defend_R","Bash","Headbutt","Flex+1","Shrug It Off+1","Cleave+1","Seeing Red+1","Immolate+1","Bludgeon+1","Armaments+1","Reaper","Evolve+1","True Grit+1"],"relics":["Burning Blood","Vajra","Toy Ornithopter","Strawberry","Dead Branch","Busted Crown","MutagenicStrength","MealTicket","Omamori","Mummified Hand","Mark of Pain","Red Skull","PreservedInsect","Art of War"],"acts_visited":["Exordium","TheCity","TheBeyond"],"potions_floor_usage":[7,16,16,33,33,33,33,33,40,50],"damage_taken":[{"damage":4,"enemies":"Small Slimes","floor":1,"turns":4},{"damage":0,"enemies":"2 Louse","floor":5,"turns":2},{"damage":16,"enemies":"Gremlin Nob","floor":7,"turns":3},{"damage":0,"enemies":"Cultist","floor":12,"turns":3},{"damage":28,"enemies":"Lagavulin","floor":13,"turns":4},{"damage":44,"enemies":"Hexaghost","floor":16,"turns":10},{"damage":12,"enemies":"2 Thieves","floor":18,"turns":3},{"damage":0,"enemies":"Spheric Guardian","floor":20,"turns":2},{"damage":12,"enemies":"Cultist and Chosen","floor":24,"turns":3},{"damage":12,"enemies":"Chosen and Byrds","floor":27,"turns":3},{"damage":19,"enemies":"Snake Plant","floor":30,"turns":2},{"damage":16,"enemies":"Gremlin Leader","floor":31,"turns":3},{"damage":56,"enemies":"Collector","floor":33,"turns":9},{"damage":12,"enemies":"3 Darklings","floor":35,"turns":4},{"damage":11,"enemies":"Orb Walker","floor":37,"turns":2},{"damage":62,"enemies":"Spire Growth","floor":39,"turns":5},{"damage":36,"enemies":"Nemesis","floor":40,"turns":7},{"damage":25,"enemies":"Sphere and 2 Shapes","floor":41,"turns":2},{"damage":40,"enemies":"4 Shapes","floor":42,"turns":2},{"damage":98,"enemies":"Time Eater","floor":50,"turns":8}],"seed_played":"-9018132796517502523","potions_obtained":[{"floor":7,"key":"Dexterity Potion"},{"floor":13,"key":"SpeedPotion"},{"floor":16,"key":"ColorlessPotion"},{"floor":18,"key":"EssenceOfSteel"},{"floor":20,"key":"EntropicBrew"},{"floor":33,"key":"SkillPotion"},{"floor":35,"key":"Energy Potion"},{"floor":41,"key":"Fire Potion"}],"is_trial":false,"path_per_floor":["M","$","?","?","M","R","E","R","T","?","R","M","E","$","R","B",null,"M","?","M","?","?","R","M","R","T","M","?","$","M","E","R","B",null,"M","?","M","$","M","E","M","M","T","R","$","R","?","$","R","B"],"character_chosen":"IRONCLAD","items_purchased":["Flex","Fire Potion","Energy Potion","Omamori","PreservedInsect","True Grit"],"campfire_rested":1,"item_purchase_floors":[2,2,14,29,38,48],"current_hp_per_floor":[74,74,55,52,58,58,48,48,55,55,55,61,39,39,39,11,103,97,76,82,82,82,82,76,76,76,70,70,85,72,62,62,37,108,102,102,97,108,61,48,29,19,19,51,66,66,66,81,81,0,0],"gold":5,"neow_bonus":"TWENTY_PERCENT_HP_BONUS","is_daily":false,"chose_seed":false,"campfire_upgraded":8,"win_rate":0.0,"timestamp":1612201248,"path_taken":["M","$","?","?","M","R","E","R","T","?","R","?","E","?","R","BOSS","M","?","M","?","?","R","M","R","T","M","?","$","M","E","R","BOSS","M","?","M","$","?","E","M","M","T","R","$","R","?","$","R","BOSS"],"items_purchased_type":["Card","Potion","Potion","Relic","Relic","Card"],"build_version":"2020-12-22","purchased_purges":1,"victory":false,"max_hp_per_floor":[96,96,96,96,96,96,96,96,103,103,103,103,103,103,103,103,103,103,108,108,108,108,108,108,108,108,108,108,108,108,108,108,108,108,108,108,108,108,108,108,108,108,108,108,108,108,108,108,108,108,108],"card_choices":[{"not_picked":["Flame Barrier","Iron Wave"],"picked":"Headbutt","floor":1},{"not_picked":["Entrench","Carnage"],"picked":"Shrug It Off","floor":5},{"not_picked":["Burning Pact","Flex"],"picked":"Cleave","floor":7},{"not_picked":["Flex","Wild Strike"],"picked":"Seeing Red","floor":12},{"not_picked":["Flex","Whirlwind"],"picked":"Immolate","floor":13},{"not_picked":["Limit Break","Immolate"],"picked":"Bludgeon","floor":16},{"not_picked":["Twin Strike"],"picked":"SKIP","floor":18},{"not_picked":[],"picked":"Armaments","floor":20},{"not_picked":["Sentinel"],"picked":"SKIP","floor":24},{"not_picked":[],"picked":"Clash","floor":27},{"not_picked":["Body Slam+1"],"picked":"SKIP","floor":30},{"not_picked":["Power Through"],"picked":"SKIP","floor":31},{"not_picked":[],"picked":"Reaper","floor":33},{"not_picked":["Wild Strike+1"],"picked":"SKIP","floor":35},{"not_picked":["Wild Strike+1"],"picked":"SKIP","floor":37},{"not_picked":["Shrug It Off+1"],"picked":"SKIP","floor":39},{"not_picked":[],"picked":"Evolve+1","floor":40},{"not_picked":["Clash+1"],"picked":"SKIP","floor":41},{"not_picked":["Wild Strike+1"],"picked":"SKIP","floor":42}],"player_experience":491128,"relics_obtained":[{"floor":7,"key":"Toy Ornithopter"},{"floor":9,"key":"Strawberry"},{"floor":13,"key":"Dead Branch"},{"floor":26,"key":"MealTicket"},{"floor":31,"key":"Mummified Hand"},{"floor":40,"key":"Art of War"}],"event_choices":[{"damage_healed":0,"gold_gain":0,"player_choice":"Entered Light","damage_taken":19,"max_hp_gain":0,"max_hp_loss":0,"event_name":"Shining Light","floor":3,"gold_loss":0,"cards_upgraded":["Strike_R","Defend_R"]},{"damage_healed":0,"gold_gain":0,"player_choice":"Success","damage_taken":3,"relics_obtained":["Vajra"],"max_hp_gain":0,"max_hp_loss":0,"event_name":"Scrap Ooze","floor":4,"gold_loss":0},{"cards_removed":["Strike_R"],"damage_healed":0,"gold_gain":0,"player_choice":"Offered Basic","damage_taken":0,"max_hp_gain":0,"max_hp_loss":0,"event_name":"Bonfire Elementals","floor":10,"gold_loss":0},{"damage_healed":0,"gold_gain":0,"player_choice":"Shed Blood","damage_taken":26,"max_hp_gain":5,"max_hp_loss":0,"event_name":"Forgotten Altar","floor":19,"gold_loss":0},{"damage_healed":0,"gold_gain":0,"player_choice":"Inject Mutagens","damage_taken":0,"relics_obtained":["MutagenicStrength"],"max_hp_gain":0,"max_hp_loss":0,"event_name":"Drug Dealer","floor":21,"gold_loss":0},{"cards_removed":["Strike_R"],"damage_healed":0,"gold_gain":0,"player_choice":"Gave Gold","damage_taken":0,"max_hp_gain":0,"max_hp_loss":0,"event_name":"Beggar","floor":22,"gold_loss":75},{"damage_healed":0,"gold_gain":0,"player_choice":"Ignored","damage_taken":0,"max_hp_gain":0,"max_hp_loss":0,"event_name":"Ghosts","floor":28,"gold_loss":0},{"damage_healed":0,"gold_gain":0,"player_choice":"Gave Potion","damage_taken":0,"relics_obtained":["Red Skull"],"max_hp_gain":0,"max_hp_loss":0,"event_name":"WeMeetAgain","floor":36,"gold_loss":0},{"cards_removed":["Strike_R"],"damage_healed":0,"gold_gain":0,"player_choice":"Purged","damage_taken":0,"max_hp_gain":0,"max_hp_loss":0,"event_name":"Purifier","floor":47,"gold_loss":0}],"is_beta":false,"boss_relics":[{"not_picked":["Astrolabe","Cursed Key"],"picked":"Busted Crown"},{"not_picked":["Sozu","Coffee Dripper"],"picked":"Mark of Pain"}],"items_purged_floors":[45],"is_endless":false,"potions_floor_spawned":[7,13,16,18,20,33,35,41],"killed_by":"Time Eater","ascension_level":2}}