{"host":"i9wanet4r0ff4t9y","time":1612187152,"event":{"mods":["2.2 Compatiblity","Act Like it!","BaseMod","Bestiary","Better Altar","Better Match","Better Note","Better Sensory Stone","Better Skull","Better Third Choice","Better Vampires","BetterRewards","CapriCore","Colored Map","Curses Come First","Downfall","Minty Spire (QoL Compilation)","Quick Restart","READ ME - Guardian Mod","READ ME - Snecko Mod","Relic Stats","Reliquary","Say the Spire","Spicy Shops","StSLib","The Disciple","The Gatherer","Waifu the Spire"],"gold_per_floor":[117,117,140,163,31,67,91,91,91,155,155,176,220,42,51,137,137,159,159,185,194,81,109,109,147,147,9,50,71,71,87,96,180,180,205,221,246,246,264,303,323,366,427,427,427,427,449,40,49,49],"floor_reached":51,"language":"POL","playtime":1392,"items_purged":["Pain"],"score":1581,"play_id":"3b38dc54-f907-4cca-a673-03f0b2370e40","local_time":"20210201144552","is_ascension_mode":true,"campfire_choices":[{"data":"1","floor":8,"key":"LIFT"},{"floor":11,"key":"REST"},{"floor":15,"key":"REST"},{"data":"Apotheosis","floor":30,"key":"SMITH"},{"floor":32,"key":"REST"},{"data":"2","floor":44,"key":"LIFT"},{"floor":49,"key":"REST"}],"circlet_count":0,"master_deck":["AscendersBane","Strike_R","Strike_R","Strike_R","Strike_R","Strike_R","Defend_R","Defend_R","Defend_R","Bash","Apotheosis+1","Rupture","Dropkick","Cleave","Flash of Steel","Thunderclap","Fire Breathing","Inflame","Combust","Corruption","Uppercut","Pummel","Flame Barrier","Second Wind","Rupture","Offering","Barricade","Reaper","Inflame","Cleave","downfall:Bewildered","Limit Break","Spot Weakness","Shrug It Off","Feel No Pain","Clothesline+1","Reaper","Dropkick+1","Madness","Madness","Dropkick","Anger","Cleave+1","Regret","Entrench","Dropkick"],"relics":["Burning Blood","Membership Card","Matryoshka","Vajra","TungstenRod","Meat on the Bone","reliquary:WeakTea","CeramicFish","Regal Pillow","Girya","Bronze Scales","reliquary:SharkskinSheath","reliquary:ExpiredCoupon","reliquary:FerryPass","Dream Catcher","reliquary:TuningFork","Busted Crown","sneckomod:BabySnecko","PreservedInsect","Blood Vial","CultistMask","Magic Flower","Potion Belt","StrikeDummy","Ice Cream","Shuriken","reliquary:Firecrackers","Cursed Key","Champion Belt","White Beast Statue","Nunchaku","Omamori","Ginger","Incense Burner","MealTicket","HandDrill","Whetstone"],"acts_visited":["Exordium","TheCity","TheBeyond"],"potions_floor_usage":[13,23,29,29,50,50],"damage_taken":[{"damage":19,"enemies":"Small Slimes","floor":1,"turns":4},{"damage":0,"enemies":"Cultist","floor":3,"turns":2},{"damage":3,"enemies":"Jaw Worm","floor":4,"turns":2},{"damage":34,"enemies":"Gremlin Nob","floor":6,"turns":4},{"damage":5,"enemies":"2 Fungi Beasts","floor":7,"turns":4},{"damage":30,"enemies":"Gremlin Nob","floor":10,"turns":4},{"damage":11,"enemies":"Exordium Wildlife","floor":12,"turns":2},{"damage":13,"enemies":"3 Sentries","floor":13,"turns":4},{"damage":40,"enemies":"Hexaghost","floor":16,"turns":8},{"damage":0,"enemies":"Chosen","floor":18,"turns":3},{"damage":25,"enemies":"2 Thieves","floor":20,"turns":3},{"damage":31,"enemies":"Book of Stabbing","floor":23,"turns":3},{"damage":18,"enemies":"Slavers","floor":25,"turns":3},{"damage":14,"enemies":"Gremlin Leader","floor":28,"turns":4},{"damage":24,"enemies":"Centurion and Healer","floor":29,"turns":4},{"damage":27,"enemies":"Snake Plant","floor":31,"turns":2},{"damage":30,"enemies":"Champ","floor":33,"turns":7},{"damage":15,"enemies":"Orb Walker","floor":35,"turns":3},{"damage":11,"enemies":"3 Darklings","floor":36,"turns":3},{"damage":35,"enemies":"Mind Bloom Boss Battle","floor":37,"turns":5},{"damage":32,"enemies":"Reptomancer","floor":40,"turns":4},{"damage":40,"enemies":"Spire Growth","floor":41,"turns":3},{"damage":41,"enemies":"Giant Head","floor":42,"turns":6},{"damage":28,"enemies":"4 Shapes","floor":47,"turns":3},{"damage":83,"enemies":"Time Eater","floor":50,"turns":11}],"seed_played":"-6554996539636510137","potions_obtained":[{"floor":1,"key":"BlessingOfTheForge"},{"floor":16,"key":"ColorlessPotion"},{"floor":23,"key":"SpeedPotion"},{"floor":28,"key":"FearPotion"},{"floor":35,"key":"sneckomod:MuddlingPotion"},{"floor":37,"key":"EssenceOfSteel"},{"floor":41,"key":"PowerPotion"},{"floor":47,"key":"Regen Potion"}],"is_trial":false,"path_per_floor":["M","?","M","M","$","E","M","R","T","?","R","M","E","$","R","B",null,"M","?","M","?","$","E","?","E","T","$","E","M","R","M","R","B",null,"M","M","?","?","?","E","M","E","T","R","T","?","M","$","R","B",null],"character_chosen":"IRONCLAD","items_purchased":["Membership Card","Apotheosis","Matryoshka","Vajra","Rupture","Dropkick","Meat on the Bone","Cleave","reliquary:WeakTea","Regal Pillow","Girya","Combust","Rupture","Offering","reliquary:TuningFork","PreservedInsect","Limit Break","Ice Cream","Shuriken","Incense Burner","MealTicket","HandDrill","Whetstone"],"campfire_rested":4,"item_purchase_floors":[0,0,0,0,0,0,0,0,0,5,5,5,14,14,14,22,22,27,27,48,48,48,48],"current_hp_per_floor":[32,15,33,48,48,32,45,45,45,33,69,64,57,57,70,48,65,70,70,51,51,51,38,38,40,40,40,56,62,62,47,70,64,69,69,70,70,70,58,61,51,53,53,53,53,50,45,45,70,56],"gold":49,"neow_bonus":"","is_daily":false,"chose_seed":false,"campfire_upgraded":1,"win_rate":0.0,"timestamp":1612187152,"path_taken":["M","?","?","M","$","E","M","R","T","?","R","M","E","?","R","BOSS","M","?","M","?","$","E","?","E","T","$","E","M","R","?","R","BOSS","M","M","?","?","?","E","M","E","T","R","?","?","?","$","R","BOSS"],"items_purchased_type":["Relic","Card","Relic","Relic","Card","Card","Relic","Card","Relic","Relic","Relic","Card","Card","Card","Relic","Relic","Card","Relic","Relic","Relic","Relic","Relic","Relic"],"build_version":"2020-12-22","purchased_purges":1,"victory":true,"max_hp_per_floor":[70,70,70,70,70,70,70,70,70,70,70,70,70,70,70,70,70,70,70,70,70,70,70,70,70,70,70,70,70,70,70,70,70,70,70,70,70,70,70,70,70,70,70,70,70,70,70,70,70,70],"relic_stats":{"Regal Pillow":21,"counters":[127,564],"CeramicFish":270,"Magic Flower":[103],"PreservedInsect":321,"Ginger":[3],"Whetstone":["Clothesline","Dropkick"],"Cursed Key":2,"Burning Blood":777,"Blood Vial":25,"Dream Catcher":3,"Nunchaku":[2],"Busted Crown":34,"Shuriken":[13],"Bronze Scales":[241],"MealTicket":0,"HandDrill":[6],"Champion Belt":[8],"obtain_stats":[{"Whetstone":0,"Ginger":45,"reliquary:Tamtam":2,"Sling":0,"Boot":17,"Old Coin":23,"reliquary:FerryPass":10,"Blood Vial":38,"MealTicket":48,"HandDrill":0,"Pear":0,"Blue Candle":0,"reliquary:WeakTea":0,"reliquary:Bookmark":0,"Mark of Pain":17,"reliquary:SculptingSteel":26,"CultistMask":24,"StrikeDummy":26,"Unceasing Top":22,"Lantern":0,"Regal Pillow":3,"reliquary:SilkGlove":9,"Singing Bowl":43,"reliquary:Aerogel":25,"Magic Flower":0,"Bag of Preparation":7,"hubris:EmptyBottle":0,"Cursed Key":17,"Smiling Mask":9,"Burning Blood":0,"Shovel":7,"Matryoshka":0,"Toolbox":0,"reliquary:Buckler":0,"WingedGreaves":26,"downfall:ExtraCursedBell":7,"Potion Belt":26,"Lee\u0027s Waffle":11,"Golden Idol":2,"PreservedInsect":22,"Omamori":11,"hubris:Towel":47,"reliquary:RosewoodLute":0,"Frozen Egg 2":9,"sneckomod:BabySnecko":21,"Busted Crown":17,"Ornamental Fan":0,"betterThird:SlimedRelic":4,"Bloody Idol":24,"Orrery":0,"Champion Belt":0,"Toy Ornithopter":10,"Ice Cream":27,"Calipers":0,"reliquary:PartyBalloon":14,"CeramicFish":0,"Vajra":15,"Sozu":17,"Centennial Puzzle":24,"Lizard Tail":0,"HornCleat":13,"reliquary:SharkskinSheath":9,"Girya":5,"Oddly Smooth Stone":0,"Charon\u0027s Ashes":0,"Letter Opener":24,"War Paint":0,"WarpedTongs":30,"reliquary:JackalopeAntler":26,"Shuriken":9,"Bronze Scales":6,"Molten Egg 2":31,"reliquary:BallBearing":12,"Black Star":34,"reliquary:MedicineBall":0,"reliquary:Knoch":0,"Pocketwatch":27,"Meat on the Bone":0,"Darkstone Periapt":10,"reliquary:PrincelyHelmet":7,"reliquary:Firecrackers":31,"Enchiridion":25,"Mango":0,"Incense Burner":19,"Juzu Bracelet":0,"ClockworkSouvenir":0,"Dream Catcher":9,"Nunchaku":42,"hubris:Icosahedron":2,"Gambling Chip":17,"Tiny Chest":0,"hubris:IronBody":26,"Red Mask":39,"hexamod:CandleOfCauterizing":9,"Orichalcum":0,"Odd Mushroom":8,"White Beast Statue":17,"reliquary:IridiumChain":0,"Mercury Hourglass":32,"Calling Bell":17,"reliquary:ExpiredCoupon":0,"Anchor":9,"reliquary:Stiletto":11,"reliquary:TuningFork":0,"Membership Card":0,"hubris:Potato":6,"TungstenRod":0},{"Whetstone":0,"Ginger":125,"reliquary:Tamtam":99,"Sling":3,"Boot":46,"Old Coin":38,"reliquary:FerryPass":108,"Blood Vial":21,"MealTicket":126,"HandDrill":39,"Pear":26,"Blue Candle":59,"reliquary:WeakTea":102,"reliquary:Bookmark":26,"Mark of Pain":65,"reliquary:SculptingSteel":69,"CultistMask":114,"StrikeDummy":115,"Unceasing Top":68,"Lantern":0,"Regal Pillow":1,"reliquary:SilkGlove":42,"Singing Bowl":23,"reliquary:Aerogel":97,"Magic Flower":3,"Bag of Preparation":61,"hubris:EmptyBottle":0,"Cursed Key":13,"Smiling Mask":30,"Burning Blood":0,"Shovel":61,"Matryoshka":102,"Toolbox":80,"reliquary:Buckler":59,"WingedGreaves":49,"downfall:ExtraCursedBell":61,"Potion Belt":115,"Lee\u0027s Waffle":61,"Golden Idol":27,"PreservedInsect":113,"Omamori":11,"hubris:Towel":24,"reliquary:RosewoodLute":39,"Frozen Egg 2":90,"sneckomod:BabySnecko":113,"Busted Crown":111,"Ornamental Fan":80,"betterThird:SlimedRelic":28,"Bloody Idol":49,"Orrery":0,"Champion Belt":53,"Toy Ornithopter":11,"Ice Cream":115,"Calipers":98,"reliquary:PartyBalloon":45,"CeramicFish":98,"Vajra":64,"Sozu":35,"Centennial Puzzle":69,"Lizard Tail":85,"HornCleat":91,"reliquary:SharkskinSheath":107,"Girya":105,"Oddly Smooth Stone":39,"Charon\u0027s Ashes":26,"Letter Opener":17,"War Paint":0,"WarpedTongs":18,"reliquary:JackalopeAntler":97,"Shuriken":57,"Bronze Scales":106,"Molten Egg 2":19,"reliquary:BallBearing":62,"Black Star":20,"reliquary:MedicineBall":39,"reliquary:Knoch":80,"Pocketwatch":69,"Meat on the Bone":102,"Darkstone Periapt":31,"reliquary:PrincelyHelmet":61,"reliquary:Firecrackers":72,"Enchiridion":49,"Mango":85,"Incense Burner":14,"Juzu Bracelet":98,"ClockworkSouvenir":3,"Dream Catcher":61,"Nunchaku":125,"hubris:Icosahedron":1,"Gambling Chip":46,"Tiny Chest":50,"hubris:IronBody":17,"Red Mask":21,"hexamod:CandleOfCauterizing":10,"Orichalcum":85,"Odd Mushroom":90,"White Beast Statue":46,"reliquary:IridiumChain":85,"Mercury Hourglass":72,"Calling Bell":46,"reliquary:ExpiredCoupon":53,"Anchor":101,"reliquary:Stiletto":43,"reliquary:TuningFork":53,"Membership Card":98,"hubris:Potato":9,"TungstenRod":102},{"Whetstone":0,"Ginger":550,"reliquary:Tamtam":452,"Sling":10,"Boot":217,"Old Coin":178,"reliquary:FerryPass":483,"Blood Vial":105,"MealTicket":553,"HandDrill":184,"Pear":133,"Blue Candle":267,"reliquary:WeakTea":463,"reliquary:Bookmark":133,"Mark of Pain":295,"reliquary:SculptingSteel":310,"CultistMask":506,"StrikeDummy":509,"Unceasing Top":307,"Lantern":0,"Regal Pillow":4,"reliquary:SilkGlove":192,"Singing Bowl":113,"reliquary:Aerogel":444,"Magic Flower":10,"Bag of Preparation":273,"hubris:EmptyBottle":0,"Cursed Key":60,"Smiling Mask":144,"Burning Blood":0,"Shovel":273,"Matryoshka":463,"Toolbox":354,"reliquary:Buckler":267,"WingedGreaves":231,"downfall:ExtraCursedBell":273,"Potion Belt":509,"Lee\u0027s Waffle":273,"Golden Idol":135,"PreservedInsect":503,"Omamori":47,"hubris:Towel":117,"reliquary:RosewoodLute":184,"Frozen Egg 2":390,"sneckomod:BabySnecko":503,"Busted Crown":497,"Ornamental Fan":354,"betterThird:SlimedRelic":138,"Bloody Idol":231,"Orrery":0,"Champion Belt":243,"Toy Ornithopter":47,"Ice Cream":509,"Calipers":449,"reliquary:PartyBalloon":207,"CeramicFish":449,"Vajra":288,"Sozu":166,"Centennial Puzzle":310,"Lizard Tail":370,"HornCleat":396,"reliquary:SharkskinSheath":479,"Girya":471,"Oddly Smooth Stone":184,"Charon\u0027s Ashes":133,"Letter Opener":82,"War Paint":0,"WarpedTongs":88,"reliquary:JackalopeAntler":444,"Shuriken":258,"Bronze Scales":475,"Molten Egg 2":92,"reliquary:BallBearing":278,"Black Star":100,"reliquary:MedicineBall":184,"reliquary:Knoch":354,"Pocketwatch":310,"Meat on the Bone":463,"Darkstone Periapt":146,"reliquary:PrincelyHelmet":273,"reliquary:Firecrackers":319,"Enchiridion":231,"Mango":370,"Incense Burner":66,"Juzu Bracelet":449,"ClockworkSouvenir":10,"Dream Catcher":273,"Nunchaku":550,"hubris:Icosahedron":4,"Gambling Chip":217,"Tiny Chest":235,"hubris:IronBody":82,"Red Mask":105,"hexamod:CandleOfCauterizing":42,"Orichalcum":370,"Odd Mushroom":390,"White Beast Statue":217,"reliquary:IridiumChain":370,"Mercury Hourglass":319,"Calling Bell":217,"reliquary:ExpiredCoupon":243,"Anchor":458,"reliquary:Stiletto":196,"reliquary:TuningFork":243,"Membership Card":449,"hubris:Potato":36,"TungstenRod":463}],"TungstenRod":171,"Meat on the Bone":198},"card_choices":[{"not_picked":["Armaments","Infernal Blade"],"picked":"Thunderclap","floor":1},{"not_picked":["Dual Wield","Flex"],"picked":"Fire Breathing","floor":3},{"not_picked":["Thunderclap","Body Slam"],"picked":"Inflame","floor":4},{"not_picked":["Disarm","Perfected Strike"],"picked":"Corruption","floor":6},{"not_picked":["Iron Wave","Thunderclap"],"picked":"Uppercut","floor":7},{"not_picked":["True Grit","Havoc"],"picked":"Pummel","floor":10},{"not_picked":["Havoc","Seeing Red"],"picked":"Flame Barrier","floor":12},{"not_picked":["Intimidate","Warcry"],"picked":"Second Wind","floor":13},{"not_picked":["Inflame","Evolve"],"picked":"Barricade","floor":15},{"not_picked":["Feed","Barricade"],"picked":"Reaper","floor":16},{"not_picked":[],"picked":"Inflame","floor":18},{"not_picked":[],"picked":"Cleave","floor":20},{"not_picked":["Perfected Strike"],"picked":"SKIP","floor":23},{"not_picked":[],"picked":"Spot Weakness","floor":25},{"not_picked":[],"picked":"Shrug It Off","floor":28},{"not_picked":[],"picked":"Feel No Pain","floor":29},{"not_picked":["Battle Trance"],"picked":"SKIP","floor":31},{"not_picked":[],"picked":"Clothesline","floor":32},{"not_picked":[],"picked":"Reaper","floor":33},{"not_picked":[],"picked":"Dropkick","floor":35},{"not_picked":["Pommel Strike"],"picked":"SKIP","floor":36},{"not_picked":[],"picked":"Dropkick","floor":40},{"not_picked":[],"picked":"Anger","floor":41},{"not_picked":[],"picked":"Cleave+1","floor":42},{"not_picked":[],"picked":"Entrench","floor":47},{"not_picked":[],"picked":"Dropkick","floor":49}],"player_experience":465374,"relics_obtained":[{"floor":6,"key":"Bronze Scales"},{"floor":9,"key":"reliquary:SharkskinSheath"},{"floor":9,"key":"reliquary:ExpiredCoupon"},{"floor":10,"key":"reliquary:FerryPass"},{"floor":13,"key":"Dream Catcher"},{"floor":23,"key":"Blood Vial"},{"floor":25,"key":"Magic Flower"},{"floor":26,"key":"Potion Belt"},{"floor":26,"key":"StrikeDummy"},{"floor":28,"key":"reliquary:Firecrackers"},{"floor":37,"key":"Champion Belt"},{"floor":40,"key":"White Beast Statue"},{"floor":42,"key":"Nunchaku"},{"floor":43,"key":"Omamori"},{"floor":45,"key":"Ginger"}],"event_choices":[{"damage_healed":0,"gold_gain":0,"player_choice":"RE ","damage_taken":21,"relics_obtained":["CeramicFish"],"max_hp_gain":0,"max_hp_loss":0,"event_name":"betterSkull:BetterSkull","floor":2,"gold_loss":0,"cards_upgraded":[]},{"damage_healed":0,"gold_gain":0,"player_choice":"Searched \u00271\u0027 times","damage_taken":0,"max_hp_gain":0,"max_hp_loss":0,"event_name":"Dead Adventurer","floor":10,"gold_loss":0},{"damage_healed":0,"gold_gain":0,"player_choice":"Ignored","damage_taken":0,"max_hp_gain":0,"max_hp_loss":0,"event_name":"Beggar","floor":19,"gold_loss":0},{"damage_healed":0,"gold_gain":0,"player_choice":"Trade","damage_taken":0,"relics_obtained":["CultistMask"],"max_hp_gain":0,"max_hp_loss":0,"event_name":"FaceTrader","floor":24,"gold_loss":0},{"damage_healed":0,"gold_gain":0,"player_choice":"Fight","damage_taken":0,"max_hp_gain":0,"max_hp_loss":0,"event_name":"MindBloom","floor":37,"gold_loss":0},{"cards_removed":["Defend_R"],"damage_healed":0,"gold_gain":0,"player_choice":"Removed Skill","damage_taken":0,"max_hp_gain":0,"max_hp_loss":0,"event_name":"Falling","floor":38,"gold_loss":0},{"damage_healed":0,"gold_gain":0,"player_choice":"Embrace Madness","damage_taken":13,"max_hp_gain":0,"max_hp_loss":0,"event_name":"Winding Halls","floor":39,"gold_loss":0,"cards_obtained":["Madness","Madness"]},{"damage_healed":0,"gold_gain":0,"player_choice":"Bought 0 Potions","damage_taken":0,"max_hp_gain":0,"max_hp_loss":0,"event_name":"The Woman in Blue","floor":46,"gold_loss":0}],"is_beta":false,"boss_relics":[{"not_picked":["bronze:MakeshiftBattery","Runic Dome"],"picked":"Busted Crown"},{"not_picked":["Fusion Hammer","Pandora\u0027s Box"],"picked":"Cursed Key"}],"items_purged_floors":[48],"is_endless":false,"potions_floor_spawned":[1,6,7,12,16,20,23,28,35,37,41,42,47],"ascension_level":19}}