{"host":"oigynbtg272c19pw","time":1612196396,"event":{"mods":["BaseMod","Colored Map","Minty Spire (QoL Compilation)","Relic Stats","Slay the Relics Exporter","StSLib"],"gold_per_floor":[13,13,88,88,101,101,120,153,201,201,201,242,242,265,265,265,265],"floor_reached":16,"playtime":592,"items_purged":[],"score":216,"play_id":"135bbcf5-1233-4b65-b986-07dc28875cc2","local_time":"20210201171956","is_ascension_mode":true,"campfire_choices":[{"data":"True Grit","floor":6.0,"key":"SMITH"},{"floor":10.0,"key":"REST"},{"data":"Perfected Strike","floor":13,"key":"SMITH"},{"data":"Armaments","floor":15,"key":"SMITH"}],"circlet_count":0,"master_deck":["AscendersBane","Strike_R","Strike_R","Strike_R","Strike_R","Defend_R","Defend_R","Defend_R","Defend_R","Bash","Secret Weapon","Spot Weakness","Armaments+1","True Grit+1","Headbutt","Perfected Strike+1","Twin Strike","Pommel Strike"],"relics":["Burning Blood","Golden Idol","Potion Belt","Art of War","Pantograph"],"acts_visited":["Exordium"],"potions_floor_usage":[12,12,16],"damage_taken":[{"damage":9.0,"enemies":"Jaw Worm","floor":1.0,"turns":5.0},{"damage":5.0,"enemies":"2 Louse","floor":5.0,"turns":4.0},{"damage":1.0,"enemies":"Small Slimes","floor":7.0,"turns":4.0},{"damage":50.0,"enemies":"3 Sentries","floor":8.0,"turns":14.0},{"damage":8,"enemies":"Gremlin Nob","floor":12,"turns":3},{"damage":8,"enemies":"Blue Slaver","floor":14,"turns":4},{"damage":62,"enemies":"Hexaghost","floor":16,"turns":10}],"seed_played":"6839821375078674581","potions_obtained":[{"floor":7.0,"key":"Swift Potion"},{"floor":8.0,"key":"Strength Potion"},{"floor":11.0,"key":"SmokeBomb"},{"floor":11.0,"key":"Strength Potion"},{"floor":12,"key":"SkillPotion"}],"is_trial":false,"path_per_floor":["M","?","?","?","M","R","M","E","T","R","?","E","R","M","R","B"],"character_chosen":"IRONCLAD","items_purchased":[],"campfire_rested":1,"item_purchase_floors":[],"current_hp_per_floor":[65,65,54,54,55,55,60,16,16,36,36,34,34,32,32,0,0],"gold":265,"neow_bonus":"RANDOM_COLORLESS_2","is_daily":false,"chose_seed":false,"campfire_upgraded":3,"win_rate":0.0,"timestamp":1612196396,"path_taken":["M","?","?","?","M","R","M","E","T","R","?","E","R","M","R","BOSS"],"items_purchased_type":[],"build_version":"2020-12-13","purchased_purges":0,"victory":false,"max_hp_per_floor":[75,75,75,68,68,68,68,68,68,68,68,68,68,68,68,68,68],"relic_stats":{"counters":[7,44],"Golden Idol":27,"Pantograph":25,"Art of War":[1],"obtain_stats":[{"Potion Belt":8,"Golden Idol":4,"Pantograph":12,"Art of War":9,"Burning Blood":0},{"Potion Belt":4,"Golden Idol":1,"Pantograph":5,"Art of War":4,"Burning Blood":0},{"Potion Belt":27,"Golden Idol":5,"Pantograph":30,"Art of War":27,"Burning Blood":0}],"Burning Blood":36},"card_choices":[{"not_picked":["Thinking Ahead","Secret Technique"],"picked":"Secret Weapon","floor":0.0},{"not_picked":["Dual Wield","Iron Wave"],"picked":"Spot Weakness","floor":1.0},{"not_picked":["Sword Boomerang","Blood for Blood"],"picked":"True Grit","floor":5.0},{"not_picked":["Body Slam","Dual Wield"],"picked":"Headbutt","floor":7.0},{"not_picked":["Armaments","True Grit"],"picked":"Perfected Strike","floor":8.0},{"not_picked":["Dropkick","Burning Pact"],"picked":"Twin Strike","floor":12},{"not_picked":["Hemokinesis","Thunderclap"],"picked":"Pommel Strike","floor":14}],"player_experience":1524841,"relics_obtained":[{"floor":8.0,"key":"Potion Belt"},{"floor":9.0,"key":"Art of War"},{"floor":12,"key":"Pantograph"}],"event_choices":[{"damage_healed":0.0,"max_hp_gain":0.0,"max_hp_loss":0.0,"gold_gain":0.0,"cards_transformed":["Strike_R"],"event_name":"Living Wall","player_choice":"Change","floor":2.0,"gold_loss":0.0,"damage_taken":0.0,"cards_obtained":["Armaments"]},{"damage_healed":0.0,"max_hp_gain":0.0,"max_hp_loss":0.0,"gold_gain":75.0,"event_name":"World of Goop","player_choice":"Gather Gold","floor":3.0,"gold_loss":0.0,"damage_taken":11.0},{"damage_healed":0.0,"max_hp_gain":0.0,"max_hp_loss":7.0,"gold_gain":0.0,"event_name":"Golden Idol","player_choice":"Lose Max HP","floor":4.0,"gold_loss":0.0,"damage_taken":0.0,"relics_obtained":["Golden Idol"]},{"damage_healed":0.0,"max_hp_gain":0.0,"max_hp_loss":0.0,"gold_gain":0.0,"event_name":"Lab","player_choice":"Got Potions","floor":11.0,"gold_loss":0.0,"damage_taken":0.0}],"is_beta":false,"boss_relics":[],"items_purged_floors":[],"is_endless":false,"potions_floor_spawned":[7,8,12],"killed_by":"Hexaghost","ascension_level":20}}