{"host":"qcf259yvvmr1jh6w","time":1612201469,"event":{"mods":["Act Like it!","Aspiration","BaseMod","Beaked The Cultist","Better Third Choice","BetterRewards","Colored Map","Conspire","Custom Start","Downfall","Energized Spire","Hubris","Infinite Spire","Mimic Mod","Minty Spire (QoL Compilation)","Relic Sorter","Replay The Spire","Reworked Bosses","StSLib","The Construct","The Jungle"],"gold_per_floor":[99,118,128,138,0,16,43,43,63,63,63,73,73,73,90,194,194,194,194,294,364,364,364,392,62,91,101,101,151,170,170,170,170],"floor_reached":33,"language":"ENG","playtime":2516,"items_purged":[],"score":275,"play_id":"7edbd651-f73a-4633-b275-5a7bb1ff574a","local_time":"20210201184429","is_ascension_mode":false,"campfire_choices":[{"data":"Guardian:TwinSlam","floor":1.0,"key":"SMITH"},{"floor":10.0,"key":"REST"},{"floor":13,"key":"REST"},{"data":"Guardian:ArmoredProtocol","floor":18,"key":"SMITH"},{"data":"Guardian:RevengeProtocol","floor":23,"key":"SMITH"},{"floor":30,"key":"REST"}],"circlet_count":0,"master_deck":["Guardian:Strike_Guardian","Guardian:Strike_Guardian","Guardian:Strike_Guardian","Guardian:Strike_Guardian","Guardian:Defend_Guardian","Guardian:Defend_Guardian","Guardian:Defend_Guardian","Guardian:Defend_Guardian","Guardian:CurlUp","Guardian:TwinSlam+1","Guardian:BodySlam","Guardian:SpikerProtocol","Guardian:PrismaticBeam+1","Guardian:SentryBeam","Guardian:ArmoredProtocol+1","Guardian:Recover","Evaluate","Guardian:WalkerClaw+1","Guardian:RevengeProtocol+1","Guardian:Gem_Green","Guardian:TimeSifter","Guardian:CrystalBeam","Guardian:BodySlam+1","Guardian:ChargeCore","Guardian:StasisStrike"],"relics":["Guardian:ModeShifter","Lantern","Pen Nib","Replay:Mystery Machine","hubris:Teleporter","hubris:Towel","conspire:RoyalGoblet","downfall:CloakOfManyFaces","CultistMask","FaceOfCleric","NlothsMask","GremlinMask","Garlic","hubris:TinFlute","construct:FoamFinger","PreservedInsect","Nloth\u0027s Gift"],"acts_visited":["Exordium","TheCity"],"potions_floor_usage":[21,32,33,33,33],"damage_taken":[{"damage":4.0,"enemies":"Cultist","floor":2.0,"turns":4.0},{"damage":0.0,"enemies":"2 Louse","floor":3.0,"turns":3.0},{"damage":5.0,"enemies":"Small Slimes","floor":4.0,"turns":4.0},{"damage":0.0,"enemies":"downfall:FleeingMerchant","floor":5.0,"turns":4.0},{"damage":7.0,"enemies":"Blue Slaver","floor":6.0,"turns":3.0},{"damage":12.0,"enemies":"2 Fungi Beasts","floor":9.0,"turns":4.0},{"damage":0,"enemies":"Exordium Thugs","floor":12,"turns":3},{"damage":0,"enemies":"Blue Slaver","floor":15,"turns":1},{"damage":23,"enemies":"WA_ARCHETYPE_RETAIN","floor":16,"turns":8},{"damage":0,"enemies":"downfall:FaceTrader","floor":21,"turns":8},{"damage":10,"enemies":"Shell Parasite","floor":22,"turns":4},{"damage":20,"enemies":"Book of Stabbing","floor":25,"turns":4},{"damage":0,"enemies":"downfall:FleeingMerchant","floor":26,"turns":4},{"damage":15,"enemies":"Nightmare","floor":27,"turns":9},{"damage":0,"enemies":"Chosen","floor":29,"turns":4},{"damage":19,"enemies":"conspire:HollyBat","floor":32,"turns":8},{"damage":52,"enemies":"IC_MUSHROOM_ARCHETYPE","floor":33,"turns":7}],"seed_played":"276342457419409602","potions_obtained":[{"floor":6.0,"key":"sneckomod:MuddlingPotion"},{"floor":9.0,"key":"Explosive Potion"},{"floor":16,"key":"AttackPotion"},{"floor":27,"key":"AttackPotion"},{"floor":32,"key":"champ:CounterPotion"}],"is_trial":false,"path_per_floor":["R","M","M","M","$","M","T","?","M","R","?","M","R","?","M","B",null,"R","?","?","M","R","T","E","$","NM","M","R","?","M","B"],"character_chosen":"GUARDIAN","items_purchased":["Guardian:PrismaticBeam+1","Guardian:SentryBeam","construct:FoamFinger","Guardian:CrystalBeam","BlessingOfTheForge"],"campfire_rested":3,"item_purchase_floors":[5,5,26,26,26],"current_hp_per_floor":[80,76,76,71,71,64,64,53,41,65,65,65,80,80,80,57,80,80,80,80,71,71,71,52,53,39,40,65,65,47,0,0,0],"gold":170,"neow_bonus":"RANDOM_COMMON_RELIC","is_daily":false,"chose_seed":false,"campfire_upgraded":3,"win_rate":0.0,"timestamp":1612201469,"path_taken":["R","M","M","M","$","M","T","?","M","R","?","?","R","?","M","BOSS","R","?","?","?","R","T","E","$","NM","M","R","?","M","BOSS"],"items_purchased_type":["Card","Card","Relic","Card","Potion"],"build_version":"2020-12-22","purchased_purges":0,"victory":false,"max_hp_per_floor":[80,80,80,80,80,80,80,80,80,80,80,80,80,80,80,80,80,80,80,80,81,81,81,82,83,84,85,85,85,86,86,86,86],"card_choices":[{"not_picked":["Guardian:Clone","Guardian:Gem_Yellow"],"picked":"Guardian:BodySlam","floor":2.0},{"not_picked":["Guardian:Gem_Green","Guardian:Preprogram"],"picked":"Guardian:Gem_Red","floor":3.0},{"not_picked":["Guardian:Recover","Guardian:Gem_Synthetic"],"picked":"Guardian:SpikerProtocol","floor":4.0},{"not_picked":["Guardian:ChargeCore","Guardian:DonusPower"],"picked":"Guardian:Gem_Fragmented","floor":5.0},{"not_picked":["Guardian:TimeCapacitor","Guardian:TemporalStrike"],"picked":"Guardian:Gem_Red","floor":6.0},{"not_picked":["Guardian:Reroute","Guardian:MultiBeam","Guardian:FloatingOrbs"],"picked":"SKIP","floor":9.0},{"not_picked":["Guardian:PrismaticBarrier","Guardian:WalkerClaw"],"picked":"Guardian:ArmoredProtocol","floor":12},{"not_picked":["Guardian:Reroute","Guardian:MultiBeam"],"picked":"Guardian:Recover","floor":15},{"not_picked":["Guardian:StasisStrike","Guardian:ExploitGems"],"picked":"Guardian:Gem_Orange","floor":16},{"not_picked":["Guardian:BronzeArmor","Guardian:Gem_Red"],"picked":"Guardian:WalkerClaw+1","floor":21},{"not_picked":["Guardian:Recover","Guardian:Gem_White"],"picked":"Guardian:RevengeProtocol","floor":22},{"not_picked":["Guardian:BodySlam","Guardian:DonusPower+1"],"picked":"Guardian:Gem_Green","floor":25},{"not_picked":["Guardian:Reroute+1","Guardian:Preprogram"],"picked":"Guardian:TimeSifter","floor":26},{"not_picked":["Guardian:Repulse+1","Guardian:TimeBomb+1"],"picked":"Guardian:BodySlam+1","floor":27},{"not_picked":["Guardian:WalkerClaw","Guardian:TemporalStrike"],"picked":"Guardian:ChargeCore","floor":29},{"not_picked":["Guardian:MultiBeam+1","Guardian:PrimingBeam+1"],"picked":"Guardian:StasisStrike","floor":32}],"player_experience":141759,"relics_obtained":[{"floor":7.0,"key":"Pen Nib"},{"floor":21,"key":"downfall:CloakOfManyFaces"},{"floor":24,"key":"Garlic"},{"floor":25,"key":"hubris:TinFlute"},{"floor":27,"key":"PreservedInsect"}],"event_choices":[{"damage_healed":0.0,"max_hp_gain":0.0,"max_hp_loss":0.0,"gold_gain":1.0,"event_name":"betterThird:BetterScrap","player_choice":"Relic Relic ","floor":8.0,"gold_loss":0.0,"damage_taken":11.0,"cards_obtained":["Calculated Gamble"]},{"damage_healed":0,"gold_gain":0,"player_choice":"Read","damage_taken":0,"max_hp_gain":0,"max_hp_loss":0,"event_name":"The Library","floor":20,"gold_loss":0,"cards_obtained":["Evaluate"]}],"is_beta":false,"boss_relics":[{"not_picked":["conspire:RunicOctahedron","energizedSpire:NeverEndingSparkler"],"picked":"conspire:RoyalGoblet"}],"items_purged_floors":[],"is_endless":true,"potions_floor_spawned":[6,9,16,27,29,32],"killed_by":"IC_MUSHROOM_ARCHETYPE","ascension_level":0}}