{"host":"fuszjwm6fqgjjp4d","time":1612140615,"event":{"mods":["BaseMod","Bestiary","Colored Map","DeckTracker","Minty Spire (QoL Compilation)","Permanent Neow","Relic Sorter","Relic Stats","StSLib"],"gold_per_floor":[111,111,126,126,144,173,173,15,38,38,48,61,61,61,61,154,154,170,170,191,191,191],"floor_reached":21,"language":"ENG","playtime":554,"items_purged":["Strike_B"],"score":358,"play_id":"70381c41-1c33-4a9a-a693-ec35d9a69cea","local_time":"20210131185015","is_ascension_mode":true,"campfire_choices":[{"data":"Creative AI","floor":7,"key":"SMITH"},{"data":"Fission","floor":10,"key":"SMITH"},{"data":"Zap","floor":15,"key":"SMITH"}],"circlet_count":0,"master_deck":["AscendersBane","Defend_B+1","Defend_B","Zap+1","Dualcast+1","Creative AI+1","Coolheaded","Defragment","Fission+1","Loop","Barrage","Amplify","Coolheaded+1","Blizzard+1","Cold Snap+1","Conserve Battery","Amplify","Turbo"],"relics":["Cracked Core","Happy Flower","War Paint","Bottled Lightning","Golden Idol","Astrolabe"],"acts_visited":["Exordium","TheCity"],"potions_floor_usage":[3,12,18],"damage_taken":[{"damage":0.0,"enemies":"Small Slimes","floor":1.0,"turns":2.0},{"damage":3,"enemies":"Jaw Worm","floor":3,"turns":6},{"damage":4,"enemies":"Cultist","floor":5,"turns":4},{"damage":23,"enemies":"Lagavulin","floor":6,"turns":9},{"damage":4,"enemies":"Exordium Thugs","floor":11,"turns":5},{"damage":9,"enemies":"Looter","floor":12,"turns":4},{"damage":38,"enemies":"Slime Boss","floor":16,"turns":10},{"damage":9,"enemies":"Chosen","floor":18,"turns":7},{"damage":9,"enemies":"2 Thieves","floor":20,"turns":4},{"damage":41,"enemies":"Shelled Parasite and Fungi","floor":21,"turns":3}],"seed_played":"-8691350278861754805","potions_obtained":[{"floor":1.0,"key":"Dexterity Potion"},{"floor":5,"key":"FairyPotion"},{"floor":11,"key":"Regen Potion"},{"floor":12,"key":"BlessingOfTheForge"},{"floor":20,"key":"PotionOfCapacity"}],"is_trial":false,"path_per_floor":["M","?","M","?","M","E","R","$","T","R","M","M","T","?","R","B",null,"M","?","M","M"],"character_chosen":"DEFECT","items_purchased":["Loop"],"campfire_rested":0,"item_purchase_floors":[8],"current_hp_per_floor":[64,57,54,54,50,27,27,27,27,27,23,26,26,26,26,19,53,44,44,35,0,0],"gold":191,"neow_bonus":"ONE_RANDOM_RARE_CARD","is_daily":false,"chose_seed":false,"campfire_upgraded":3,"win_rate":0.0,"timestamp":1612140615,"path_taken":["M","?","M","?","?","E","R","$","T","R","M","M","?","?","R","BOSS","M","?","M","?"],"items_purchased_type":["Card"],"build_version":"2020-12-22","purchased_purges":1,"victory":false,"max_hp_per_floor":[71,71,71,71,71,71,71,71,71,71,71,71,71,64,64,64,64,64,64,64,64,64],"relic_stats":{"Happy Flower":[11],"counters":[10,53],"Golden Idol":26,"Astrolabe":["Coolheaded","Blizzard","Cold Snap"],"War Paint":["Dualcast","Defend_B"],"obtain_stats":[{"Happy Flower":6,"Golden Idol":14,"Astrolabe":17,"Bottled Lightning":13,"War Paint":9,"Cracked Core":0},{"Happy Flower":4,"Golden Idol":6,"Astrolabe":7,"Bottled Lightning":6,"War Paint":4,"Cracked Core":0},{"Happy Flower":21,"Golden Idol":30,"Astrolabe":39,"Bottled Lightning":30,"War Paint":21,"Cracked Core":0}]},"card_choices":[{"not_picked":["Hologram","Steam"],"picked":"Coolheaded","floor":1.0},{"not_picked":["Go for the Eyes","Recycle","Stack"],"picked":"SKIP","floor":3},{"not_picked":["Static Discharge","Sweeping Beam"],"picked":"Defragment","floor":5},{"not_picked":["Aggregate","Streamline"],"picked":"Fission","floor":6},{"not_picked":["Compile Driver","Go for the Eyes"],"picked":"Barrage","floor":11},{"not_picked":["Stack","Steam Power","Rip and Tear"],"picked":"SKIP","floor":12},{"not_picked":["Echo Form","Buffer"],"picked":"Amplify","floor":16},{"not_picked":["Redo","Rip and Tear","Tempest"],"picked":"SKIP","floor":18},{"not_picked":["Cold Snap","Hologram"],"picked":"Turbo","floor":20}],"player_experience":1408985,"relics_obtained":[{"floor":6,"key":"Happy Flower"},{"floor":9,"key":"War Paint"},{"floor":13,"key":"Bottled Lightning"}],"event_choices":[{"cards_removed":["Strike_B"],"damage_healed":0.0,"max_hp_gain":0.0,"max_hp_loss":0.0,"gold_gain":0.0,"event_name":"Golden Wing","player_choice":"Card Removal","floor":2.0,"gold_loss":0.0,"damage_taken":7.0},{"cards_removed":["Strike_B"],"damage_healed":0,"gold_gain":0,"player_choice":"Offered Basic","damage_taken":0,"max_hp_gain":0,"max_hp_loss":0,"event_name":"Bonfire Elementals","floor":4,"gold_loss":0},{"damage_healed":0,"gold_gain":0,"player_choice":"Lose Max HP","damage_taken":0,"relics_obtained":["Golden Idol"],"max_hp_gain":0,"max_hp_loss":7,"event_name":"Golden Idol","floor":14,"gold_loss":0},{"damage_healed":0,"gold_gain":0,"player_choice":"2 cards matched","damage_taken":0,"max_hp_gain":0,"max_hp_loss":0,"event_name":"Match and Keep!","floor":19,"gold_loss":0,"cards_obtained":["Conserve Battery","Amplify"]}],"is_beta":false,"boss_relics":[{"not_picked":["Black Star","Cursed Key"],"picked":"Astrolabe"}],"items_purged_floors":[8],"is_endless":false,"potions_floor_spawned":[1,5,11,12,20],"killed_by":"Shelled Parasite and Fungi","ascension_level":20}}