{"host":"61y0z9o9vf3ujftj","time":1612165965,"event":{"mods":["BaseMod","Colored Map","Colored Powertips","GifTheSpireLib","HexUI Lib","Highlight Path","Minty Spire (QoL Compilation)","Relic Stats","StSLib","ojb\u0027s Info Mod"],"gold_per_floor":[115,134,152,164,174,206,206,237,263,283,54,89,89,109,109,213,213,201,201,213,20,20,38,71,71,71,71,71],"floor_reached":27,"language":"ENG","playtime":2591,"items_purged":["Strike_B"],"score":470,"play_id":"0b297141-7322-4c7a-847b-620e31e2e545","local_time":"20210201015245","is_ascension_mode":true,"campfire_choices":[{"data":"Reboot","floor":7.0,"key":"SMITH"},{"data":"Coolheaded","floor":13.0,"key":"SMITH"},{"data":"Reinforced Body","floor":15.0,"key":"SMITH"},{"floor":25.0,"key":"REST"}],"circlet_count":0,"master_deck":["AscendersBane","Strike_B","Defend_B","Defend_B","Defend_B","Defend_B","Zap","Dualcast","Compile Driver","Rebound","Reboot+1","Conserve Battery","Reinforced Body+1","Cold Snap","Go for the Eyes","Coolheaded+1","Skim","Multi-Cast","Fission","Double Energy","Blizzard+1","Coolheaded","Echo Form"],"relics":["SlaversCollar","MealTicket","Pen Nib","Juzu Bracelet","Bronze Scales","Boot","Odd Mushroom","Black Star","Anchor","Centennial Puzzle","Bag of Preparation","Cables"],"acts_visited":["Exordium","TheCity"],"potions_floor_usage":[],"damage_taken":[{"damage":0.0,"enemies":"2 Louse","floor":1.0,"turns":3.0},{"damage":11.0,"enemies":"Jaw Worm","floor":2.0,"turns":4.0},{"damage":7.0,"enemies":"Small Slimes","floor":3.0,"turns":4.0},{"damage":7.0,"enemies":"Looter","floor":4.0,"turns":4.0},{"damage":5.0,"enemies":"2 Fungi Beasts","floor":5.0,"turns":3.0},{"damage":13.0,"enemies":"Lagavulin","floor":6.0,"turns":9.0},{"damage":6.0,"enemies":"3 Sentries","floor":8.0,"turns":7.0},{"damage":1.0,"enemies":"Blue Slaver","floor":10.0,"turns":4.0},{"damage":14.0,"enemies":"Gremlin Nob","floor":12.0,"turns":4.0},{"damage":7.0,"enemies":"The Mushroom Lair","floor":14.0,"turns":5.0},{"damage":0.0,"enemies":"The Guardian","floor":16.0,"turns":12.0},{"damage":7.0,"enemies":"2 Thieves","floor":18.0,"turns":4.0},{"damage":18.0,"enemies":"Shell Parasite","floor":20.0,"turns":11.0},{"damage":2.0,"enemies":"Cultist and Chosen","floor":23.0,"turns":10.0},{"damage":38.0,"enemies":"Gremlin Leader","floor":24.0,"turns":9.0},{"damage":25,"enemies":"Slavers","floor":27,"turns":3}],"seed_played":"-5370926789881430505","potions_obtained":[{"floor":2.0,"key":"EssenceOfSteel"},{"floor":3.0,"key":"SkillPotion"},{"floor":4.0,"key":"Explosive Potion"},{"floor":6.0,"key":"Regen Potion"},{"floor":10.0,"key":"ColorlessPotion"},{"floor":18.0,"key":"DuplicationPotion"}],"is_trial":false,"path_per_floor":["M","M","M","M","M","E","R","E","T","M","$","E","R","?","R","B",null,"M","?","M","$","?","M","E","R","T","E"],"character_chosen":"DEFECT","items_purchased":["Bronze Scales","Anchor","Coolheaded"],"campfire_rested":1,"item_purchase_floors":[11,21,21],"current_hp_per_floor":[68,57,50,43,38,25,25,34,34,33,48,34,34,27,27,27,63,56,56,38,53,53,51,13,35,35,10,10],"gold":71,"neow_bonus":"BOSS_RELIC","is_daily":false,"chose_seed":false,"campfire_upgraded":3,"win_rate":0.0,"timestamp":1612165965,"path_taken":["M","M","M","M","M","E","R","E","T","M","$","E","R","?","R","BOSS","M","?","M","$","?","M","E","R","T","E"],"items_purchased_type":["Relic","Relic","Card"],"build_version":"2020-12-22","purchased_purges":1,"victory":false,"max_hp_per_floor":[75,75,75,75,75,75,75,75,75,75,75,75,75,75,75,75,75,75,75,75,75,75,75,75,75,75,75,75],"relic_stats":{"Centennial Puzzle":[3],"counters":[16,96],"Bronze Scales":[196],"MealTicket":30,"Pen Nib":[10],"Juzu Bracelet":0,"Black Star":1,"Bag of Preparation":[2],"Boot":[48],"obtain_stats":[{"Pen Nib":8,"Juzu Bracelet":9,"Bag of Preparation":24,"Odd Mushroom":14,"Boot":12,"Cables":26,"SlaversCollar":0,"Anchor":21,"Centennial Puzzle":24,"Bronze Scales":11,"MealTicket":6,"Black Star":17,"Cracked Core":0},{"Pen Nib":7,"Juzu Bracelet":7,"Bag of Preparation":15,"Odd Mushroom":10,"Boot":9,"Cables":15,"SlaversCollar":0,"Anchor":13,"Centennial Puzzle":15,"Bronze Scales":8,"MealTicket":6,"Black Star":11,"Cracked Core":0},{"Pen Nib":34,"Juzu Bracelet":34,"Bag of Preparation":93,"Odd Mushroom":47,"Boot":42,"Cables":93,"SlaversCollar":0,"Anchor":74,"Centennial Puzzle":93,"Bronze Scales":38,"MealTicket":27,"Black Star":59,"Cracked Core":0}],"Cables":[0,0,0,0,0]},"card_choices":[{"not_picked":["Sweeping Beam","Gash"],"picked":"Compile Driver","floor":1.0},{"not_picked":["Recycle","Ball Lightning"],"picked":"Rebound","floor":2.0},{"not_picked":["Go for the Eyes","Conserve Battery"],"picked":"Reboot","floor":3.0},{"not_picked":["Force Field","Aggregate"],"picked":"Conserve Battery","floor":4.0},{"not_picked":["Conserve Battery","Hologram"],"picked":"Reinforced Body","floor":5.0},{"not_picked":["Amplify","Hello World"],"picked":"Cold Snap","floor":6.0},{"not_picked":["Streamline","Darkness"],"picked":"Go for the Eyes","floor":8.0},{"not_picked":["Leap","Storm"],"picked":"Coolheaded","floor":10.0},{"not_picked":["Rebound","Reinforced Body","Compile Driver"],"picked":"SKIP","floor":12.0},{"not_picked":["Loop","Static Discharge"],"picked":"Skim","floor":14.0},{"not_picked":["Amplify","Meteor Strike"],"picked":"Multi-Cast","floor":16.0},{"not_picked":["Rebound","Sweeping Beam","Beam Cell"],"picked":"SKIP","floor":18.0},{"not_picked":["Double Energy+1","Steam"],"picked":"Blizzard+1","floor":20.0},{"not_picked":["Turbo","Genetic Algorithm+1","Sweeping Beam+1"],"picked":"SKIP","floor":23.0},{"not_picked":["Compile Driver+1","Gash+1"],"picked":"Echo Form","floor":24.0}],"player_experience":466337,"relics_obtained":[{"floor":6.0,"key":"MealTicket"},{"floor":8.0,"key":"Pen Nib"},{"floor":9.0,"key":"Juzu Bracelet"},{"floor":12.0,"key":"Boot"},{"floor":14.0,"key":"Odd Mushroom"},{"floor":24.0,"key":"Centennial Puzzle"},{"floor":24.0,"key":"Bag of Preparation"},{"floor":26.0,"key":"Cables"}],"event_choices":[{"damage_healed":0.0,"max_hp_gain":0.0,"max_hp_loss":0.0,"gold_gain":0.0,"event_name":"Mushrooms","player_choice":"Fought Mushrooms","floor":14.0,"gold_loss":0.0,"damage_taken":0.0},{"damage_healed":0.0,"max_hp_gain":0.0,"max_hp_loss":0.0,"gold_gain":0.0,"cards_transformed":["Strike_B","Strike_B"],"event_name":"Drug Dealer","player_choice":"Became Test Subject","floor":19.0,"gold_loss":0.0,"damage_taken":0.0,"cards_obtained":["Fission","Double Energy"]}],"is_beta":false,"boss_relics":[{"not_picked":["Inserter","Velvet Choker"],"picked":"Black Star"}],"items_purged_floors":[11],"is_endless":false,"potions_floor_spawned":[2,3,4,6,10,18],"killed_by":"Slavers","ascension_level":11}}