{"host":"28bpuzdckreop5i0","time":1612191485,"event":{"mods":["BaseMod","Challenge The Spire","Defuse TimeMaze Blight","Downfall","Energized Spire","Googly Eyes","Minty Spire (QoL Compilation)","Relic Stats","Shop Mod","Spicy Shops","StSLib","The Awakened One except there are too many feathers","The IronCluck","Transform Curses","slay the spire mod where everything is the same but ironclad has a cowboy hat"],"gold_per_floor":[199,210,385,385,144,144,144,204,233,233,73,88,106,117,134,134,134,134],"floor_reached":16,"language":"ENG","playtime":758,"items_purged":["downfall:Malfunctioning"],"score":105,"play_id":"e1f025de-bb24-41d1-ba7f-eac4b7a1a8a8","local_time":"20210201085805","is_ascension_mode":true,"campfire_choices":[{"data":"hexamod:Float","floor":1,"key":"SMITH"},{"floor":10,"key":"REST"}],"circlet_count":0,"master_deck":["hexamod:Strike","hexamod:Strike","hexamod:Strike","hexamod:Strike","hexamod:Defend","hexamod:Defend","hexamod:Defend+1","hexamod:Defend","hexamod:Sear+1","hexamod:Float+1","hexamod:BurningTouch+1","Doubt","hexamod:BurningTouch","hexamod:BurningTouch","hexamod:Hexaguard"],"relics":["hexamod:SpiritBrand","hexamod:RecyclingMachine","Ornamental Fan","Blood Vial","Guardian:PocketSentry","hexamod:MatchstickCase"],"acts_visited":["Exordium"],"potions_floor_usage":[16,16,16],"damage_taken":[{"damage":1,"enemies":"Jaw Worm","floor":2,"turns":3},{"damage":0,"enemies":"downfall:FleeingMerchant","floor":5,"turns":4},{"damage":22,"enemies":"Lagavulin Event","floor":8,"turns":4},{"damage":26,"enemies":"Lagavulin","floor":9,"turns":6},{"damage":0,"enemies":"downfall:FleeingMerchant","floor":11,"turns":4},{"damage":0,"enemies":"Small Slimes","floor":12,"turns":3},{"damage":0,"enemies":"2 Louse","floor":13,"turns":4},{"damage":2,"enemies":"Large Slime","floor":14,"turns":3},{"damage":3,"enemies":"3 Louse","floor":15,"turns":4},{"damage":52,"enemies":"WA_ARCHETYPE_RETAIN","floor":16,"turns":7}],"seed_played":"-5250580416890211400","potions_obtained":[{"floor":9,"key":"Explosive Potion"},{"floor":14,"key":"ColorlessPotion"},{"floor":15,"key":"hexamod:SoulburnPotion"}],"is_trial":false,"path_per_floor":["R","M","?","?","$","?","T","?","E","R","$","M","M","M","M","B"],"character_chosen":"THE_SPIRIT","items_purchased":["hexamod:RecyclingMachine","hexamod:MatchstickCase"],"campfire_rested":1,"item_purchase_floors":[5,11],"current_hp_per_floor":[70,69,69,69,69,70,70,48,24,45,47,49,51,51,50,0,0,0],"gold":134,"neow_bonus":"HUNDRED_GOLD","is_daily":false,"chose_seed":false,"campfire_upgraded":1,"win_rate":0.0,"timestamp":1612191485,"path_taken":["R","M","?","?","$","?","T","?","E","R","$","M","M","M","M","BOSS"],"items_purchased_type":["Relic","Relic"],"build_version":"2020-12-22","purchased_purges":1,"victory":false,"max_hp_per_floor":[70,70,70,70,70,70,70,70,70,70,70,70,70,70,70,70,70,70],"relic_stats":{"Blood Vial":14,"counters":[10,41],"Ornamental Fan":[4],"obtain_stats":[{"Blood Vial":8,"Ornamental Fan":7,"Guardian:PocketSentry":9,"hexamod:RecyclingMachine":5,"hexamod:SpiritBrand":0,"hexamod:MatchstickCase":11},{"Blood Vial":3,"Ornamental Fan":2,"Guardian:PocketSentry":4,"hexamod:RecyclingMachine":2,"hexamod:SpiritBrand":0,"hexamod:MatchstickCase":5},{"Blood Vial":11,"Ornamental Fan":7,"Guardian:PocketSentry":17,"hexamod:RecyclingMachine":7,"hexamod:SpiritBrand":0,"hexamod:MatchstickCase":21}]},"card_choices":[{"not_picked":["hexamod:NightmareGuise","hexamod:ChargedBarrage"],"picked":"hexamod:BurningTouch","floor":2},{"not_picked":["hexamod:Hexaguard","hexamod:NightmareGuise"],"picked":"hexamod:BurningTouch","floor":5},{"not_picked":["hexamod:PhantomCloak","hexamod:SkipABeat","hexamod:FastForward"],"picked":"SKIP","floor":9},{"not_picked":["hexamod:ShieldOfDarkness","hexamod:NightmareStrike","hexamod:Again"],"picked":"SKIP","floor":11},{"not_picked":["hexamod:TimeWarp","hexamod:Rewind"],"picked":"hexamod:BurningTouch","floor":12},{"not_picked":["hexamod:InspiringFlames","hexamod:RetreatToShadows","hexamod:GhostLash"],"picked":"SKIP","floor":13},{"not_picked":["hexamod:CatchUp","hexamod:ThermalTransfer","hexamod:DynamicBlow"],"picked":"SKIP","floor":14},{"not_picked":["hexamod:DynamicBlow","hexamod:SpectralSpark"],"picked":"hexamod:Hexaguard","floor":15}],"player_experience":935556,"relics_obtained":[{"floor":7,"key":"Ornamental Fan"},{"floor":8,"key":"Blood Vial"},{"floor":9,"key":"Guardian:PocketSentry"}],"event_choices":[{"damage_healed":23,"gold_gain":0,"player_choice":"Banana","damage_taken":0,"max_hp_gain":0,"max_hp_loss":0,"event_name":"Big Fish","floor":6,"gold_loss":0}],"is_beta":false,"boss_relics":[],"items_purged_floors":[5],"is_endless":false,"potions_floor_spawned":[9,14,15],"killed_by":"WA_ARCHETYPE_RETAIN","ascension_level":1}}