{"host":"0uumfqrc8aynrssa","time":1612211069,"event":{"mods":["AchievementEnabler","Act Like it!","Aspiration","Astrologer","BaseMod","Better Altar","Better Match","Better Note","Better Sensory Stone","Better Skull","Better Third Choice","Better Vampires","CapriCore","Colored Map","Colored Powertips","Conspire","Downfall","Energized Spire","Friendly Minions","Gensokyo","GifTheSpireLib","Hallownest","Hermit","Highlight Path","Hubris","Infinite Spire","Koishi","Marisa????????","Marked Mod","Minty Spire (QoL Compilation)","Pale of the Ancients","Permanent Neow","Potionbrewer","Random Character Button","Rare Cards Sparkle","Reimu??????","Relic Sorter","Reliquary","Remilia??????","Robot Space Explorer","Shop Mod","Somnambulant","Spicy Shops","Spikes Relics","Spire Arcade","StSLib","Stuff the Spire","The Animator","The Awakened One except there are too many feathers","The Bug Knight","The Cursed","The Hierophant","The Immortal","The Marked","The Problem Sleuth","The Runesmith","The Servant 0.9.4","TheBandit","TheFirefly","Trackpad","Wandering Minibosses","everything is the same but u backflip on backflip","slay the spire mod where everything is the same but ironclad has a cowboy hat"],"gold_per_floor":[110,10,10,26,26,55,55,53,53,162,162,172,172,166,166,238,288,278,275,1,0,0],"floor_reached":21,"language":"ENG","playtime":2067,"items_purged":["Strike_B","Poor:ReiMu"],"score":286,"play_id":"876692ec-afad-4945-982c-6498aa197685","local_time":"20210201152429","is_ascension_mode":true,"campfire_choices":[{"data":"StuffTheSpire:Synthwave","floor":7,"key":"SMITH"},{"floor":13,"key":"REST"},{"data":"Loop","floor":15,"key":"SMITH"}],"circlet_count":0,"master_deck":["Strike_B","Strike_B","Strike_B","Defend_B","Defend_B","Defend_B+1","Defend_B","Zap","Dualcast+1","StuffTheSpire:Synthwave+1","Redo+1","hubris:Ukulele","Loop+1","Capacitor","Ball Lightning","Machine Learning","Reinforced Body","hubris:NaturalOne","StuffTheSpire:Synthwave","Self Repair","Impatience"],"relics":["Cracked Core","NeowsBlessing","hubris:Icosahedron","YidongShenshe:ReiMu","Nunchaku","reliquary:LoveEmittingDiode","War Paint","FaceOfCleric","Unceasing Top","Tiny House"],"acts_visited":["Exordium","TheCity"],"potions_floor_usage":[16,16,16,21],"damage_taken":[{"damage":0,"enemies":"Small Slimes","floor":1,"turns":1},{"damage":0,"enemies":"2 Louse","floor":4,"turns":1},{"damage":10,"enemies":"Gremlin Nob","floor":6,"turns":1},{"damage":0,"enemies":"Cultist","floor":8,"turns":3},{"damage":29,"enemies":"3 Sentries","floor":10,"turns":8},{"damage":21,"enemies":"Lagavulin","floor":12,"turns":5},{"damage":3,"enemies":"Red Slaver","floor":14,"turns":4},{"damage":0,"enemies":"Slime Boss","floor":16,"turns":5},{"damage":38,"enemies":"2 Thieves","floor":18,"turns":4},{"damage":15,"enemies":"3 Byrds","floor":19,"turns":4},{"damage":38,"enemies":"Snake Plant","floor":21,"turns":4}],"seed_played":"-8770853995289487850","potions_obtained":[{"floor":6,"key":"SpeedPotion"},{"floor":8,"key":"potionbrewer:BoundlessPotion"},{"floor":10,"key":"Block Potion"},{"floor":12,"key":"Weak Potion"},{"floor":14,"key":"Fire Potion"},{"floor":17,"key":"potionbrewer:DiscountPotion"}],"is_trial":false,"path_per_floor":["M","$","?","M","?","E","R","M","T","E","?","E","R","M","R","B",null,"M","M","$","M"],"character_chosen":"DEFECT","items_purchased":["Redo","Self Repair","Impatience"],"campfire_rested":1,"item_purchase_floors":[2,20,20],"current_hp_per_floor":[75,75,75,75,75,65,65,65,65,36,36,16,38,36,36,37,83,46,32,32,0,0],"gold":0,"neow_bonus":"THREE_ENEMY_KILL","is_daily":false,"chose_seed":false,"campfire_upgraded":2,"win_rate":0.0,"timestamp":1612211069,"path_taken":["M","$","?","M","?","E","R","M","T","E","?","E","R","M","R","BOSS","M","M","$","M"],"items_purchased_type":["Card","Card","Card"],"build_version":"2020-12-22","purchased_purges":2,"victory":false,"max_hp_per_floor":[75,75,75,75,75,75,75,75,75,75,75,76,76,77,77,78,83,84,85,85,85,85],"card_choices":[{"not_picked":["Sweeping Beam","Consume"],"picked":"StuffTheSpire:Synthwave","floor":1},{"not_picked":["Turbo","Doom and Gloom"],"picked":"hubris:Ukulele","floor":4},{"not_picked":["Steam Power","Compile Driver","Turbo"],"picked":"SKIP","floor":6},{"not_picked":["Stack","Compile Driver","DiskWipe"],"picked":"SKIP","floor":8},{"not_picked":["Cold Snap","Amplify"],"picked":"Loop","floor":10},{"not_picked":["Rip and Tear","Coolheaded"],"picked":"Capacitor","floor":12},{"not_picked":["Gash","StuffTheSpire:LoadUp"],"picked":"Ball Lightning","floor":14},{"not_picked":["Buffer","Fission"],"picked":"Machine Learning","floor":16},{"not_picked":["Double Energy","Conserve Battery"],"picked":"Reinforced Body","floor":18},{"not_picked":["Cold Snap+1","Leap"],"picked":"StuffTheSpire:Synthwave","floor":19}],"player_experience":971398,"relics_obtained":[{"floor":6,"key":"Nunchaku"},{"floor":9,"key":"reliquary:LoveEmittingDiode"},{"floor":10,"key":"War Paint"},{"floor":12,"key":"Unceasing Top"}],"event_choices":[{"damage_healed":0,"gold_gain":0,"player_choice":"Take Tiny Shrine away","damage_taken":0,"relics_obtained":["YidongShenshe:ReiMu"],"max_hp_gain":0,"max_hp_loss":0,"event_name":"yidonshenshe","floor":5,"gold_loss":0,"cards_obtained":["Poor:ReiMu"]},{"damage_healed":0,"gold_gain":0,"player_choice":"Trade","damage_taken":0,"relics_obtained":["FaceOfCleric"],"max_hp_gain":0,"max_hp_loss":0,"event_name":"FaceTrader","floor":11,"gold_loss":0}],"is_beta":false,"boss_relics":[{"not_picked":["Snecko Eye","Pandora\u0027s Box"],"picked":"Tiny House"}],"items_purged_floors":[2,20],"is_endless":false,"potions_floor_spawned":[6,8,10,12,14],"killed_by":"Snake Plant","ascension_level":1}}