{"host":"tzyzz5n7hg2ni9q2","time":1612199677,"event":{"mods":["BaseMod","Minty Spire (QoL Compilation)","Quick Restart"],"gold_per_floor":[113,78,91,91,91,124,142,142,142,161,180,146,146,173,173,274,574,593,593,611,102,120,120,150,250,297,297,308,321,354,56,56,152,152,165,165,9,0,18,45,45,70,70,70,86,112,127,77,77,77,77,77,27,53,53],"floor_reached":56,"language":"ENG","playtime":2950,"items_purged":["Strike_G","Strike_G","Strike_G","Strike_G"],"score":2000,"play_id":"f38ad652-c5be-4a70-8a9c-534972c8fcce","local_time":"20210201181437","is_ascension_mode":true,"campfire_choices":[{"floor":8.0,"key":"REST"},{"floor":13.0,"key":"REST"},{"data":"Footwork","floor":15.0,"key":"SMITH"},{"data":"Accuracy","floor":23.0,"key":"SMITH"},{"data":"Cloak And Dagger","floor":27.0,"key":"SMITH"},{"floor":32.0,"key":"RECALL"},{"data":"Burst","floor":41.0,"key":"SMITH"},{"data":"Cloak And Dagger","floor":44.0,"key":"SMITH"},{"data":"Leg Sweep","floor":49.0,"key":"SMITH"},{"data":"Neutralize","floor":52.0,"key":"SMITH"}],"circlet_count":0,"master_deck":["Strike_G","Defend_G","Defend_G","Defend_G","Defend_G","Defend_G","Survivor","Neutralize+1","Cloak And Dagger+1","After Image","Leg Sweep+1","Backstab+1","Blade Dance","Footwork+1","Cloak And Dagger+1","Die Die Die+1","CurseOfTheBell","Accuracy+1","Dodge and Roll","Burst+1","Escape Plan+1"],"relics":["Ring of the Snake","Oddly Smooth Stone","Question Card","Thread and Needle","Molten Egg 2","Bottled Tornado","Calling Bell","Bag of Preparation","Ninja Scroll","Old Coin","Meat on the Bone","ClockworkSouvenir","Calipers","Potion Belt","Smiling Mask","Kunai","Busted Crown","HandDrill","Red Mask","Ginger","Orichalcum","Anchor","White Beast Statue","Vajra"],"acts_visited":["Exordium","TheCity","TheBeyond","TheEnding"],"potions_floor_usage":[55,55,55,55],"damage_taken":[{"damage":4.0,"enemies":"Cultist","floor":1.0,"turns":3.0},{"damage":6.0,"enemies":"Jaw Worm","floor":3.0,"turns":6.0},{"damage":48.0,"enemies":"Gremlin Nob","floor":6.0,"turns":6.0},{"damage":0.0,"enemies":"2 Louse","floor":7.0,"turns":4.0},{"damage":9.0,"enemies":"Lots of Slimes","floor":10.0,"turns":7.0},{"damage":5.0,"enemies":"Exordium Thugs","floor":11.0,"turns":8.0},{"damage":0.0,"enemies":"3 Sentries","floor":14.0,"turns":9.0},{"damage":0.0,"enemies":"The Guardian","floor":16.0,"turns":25.0},{"damage":0.0,"enemies":"3 Byrds","floor":18.0,"turns":5.0},{"damage":0.0,"enemies":"Shell Parasite","floor":20.0,"turns":8.0},{"damage":0.0,"enemies":"Snecko","floor":22.0,"turns":6.0},{"damage":0.0,"enemies":"Gremlin Leader","floor":24.0,"turns":6.0},{"damage":0.0,"enemies":"Chosen and Byrds","floor":28.0,"turns":5.0},{"damage":6.0,"enemies":"Snake Plant","floor":29.0,"turns":8.0},{"damage":6.0,"enemies":"Slavers","floor":30.0,"turns":5.0},{"damage":0.0,"enemies":"Collector","floor":33.0,"turns":19.0},{"damage":0.0,"enemies":"3 Shapes","floor":35.0,"turns":5.0},{"damage":0.0,"enemies":"Orb Walker","floor":39.0,"turns":3.0},{"damage":0.0,"enemies":"Giant Head","floor":40.0,"turns":14.0},{"damage":0.0,"enemies":"Nemesis","floor":42.0,"turns":13.0},{"damage":0.0,"enemies":"Spire Growth","floor":45.0,"turns":4.0},{"damage":0.0,"enemies":"Reptomancer","floor":46.0,"turns":21.0},{"damage":0.0,"enemies":"Jaw Worm Horde","floor":47.0,"turns":3.0},{"damage":0.0,"enemies":"Donu and Deca","floor":50.0,"turns":20.0},{"damage":0.0,"enemies":"Shield and Spear","floor":54.0,"turns":8.0},{"damage":1,"enemies":"The Heart","floor":55,"turns":11}],"seed_played":"-147854694646214109","potions_obtained":[{"floor":6.0,"key":"Regen Potion"},{"floor":7.0,"key":"SmokeBomb"},{"floor":11.0,"key":"FairyPotion"},{"floor":18.0,"key":"CunningPotion"},{"floor":19.0,"key":"Fruit Juice"},{"floor":19.0,"key":"CultistPotion"},{"floor":22.0,"key":"EssenceOfSteel"},{"floor":29.0,"key":"BlessingOfTheForge"},{"floor":33.0,"key":"DuplicationPotion"},{"floor":40.0,"key":"Strength Potion"},{"floor":42.0,"key":"PowerPotion"},{"floor":47.0,"key":"Strength Potion"},{"floor":54.0,"key":"Regen Potion"}],"is_trial":false,"path_per_floor":["M","?","M","T","T","E","M","R","T","M","M","$","R","E","R","B",null,"M","?","M","$","M","R","E","?","T","R","M","M","E","$","R","B",null,"M","?","$","?","M","E","R","E","T","R","M","E","M","$","R","B",null,"R","$","E","B",null],"character_chosen":"THE_SILENT","items_purchased":["Footwork","Meat on the Bone","ClockworkSouvenir","Accuracy","Kunai","HandDrill"],"campfire_rested":2,"item_purchase_floors":[12,21,21,21,31,37],"current_hp_per_floor":[59,70,64,64,64,16,16,37,37,43,38,38,59,59,59,59,67,67,72,72,72,72,72,72,72,72,72,72,66,60,60,60,60,71,71,71,71,71,71,71,71,71,71,71,71,71,71,71,71,71,74,74,74,74,73],"gold":53,"neow_bonus":"RANDOM_COMMON_RELIC","is_daily":false,"chose_seed":false,"campfire_upgraded":7,"win_rate":0.0,"timestamp":1612199677,"path_taken":["M","?","M","?","?","E","M","R","T","M","M","$","R","E","R","BOSS","M","?","M","$","?","R","E","?","T","R","M","?","E","$","R","BOSS","M","?","$","?","M","E","R","E","T","R","M","E","M","$","R","BOSS","R","$","E","BOSS"],"items_purchased_type":["Card","Relic","Relic","Card","Relic","Relic"],"build_version":"2020-12-22","purchased_purges":4,"victory":true,"max_hp_per_floor":[70,70,70,70,70,70,70,70,70,70,70,70,70,70,70,70,70,70,75,75,75,75,75,75,75,75,75,75,75,75,75,75,75,75,75,75,75,75,75,75,75,75,75,75,75,75,75,75,75,75,75,75,75,75,75],"card_choices":[{"not_picked":["Slice","Choke","Acrobatics"],"picked":"SKIP","floor":1.0},{"not_picked":["Deflect","Dagger Throw"],"picked":"Cloak And Dagger","floor":3.0},{"not_picked":["Dagger Spray","Finisher","Prepared"],"picked":"After Image","floor":6.0},{"not_picked":["Backflip","Reflex","Dodge and Roll"],"picked":"Leg Sweep","floor":7.0},{"not_picked":["All Out Attack+1","Dagger Spray+1","Dodge and Roll"],"picked":"Backstab+1","floor":10.0},{"not_picked":["Sucker Punch+1","Noxious Fumes","Skewer+1"],"picked":"Blade Dance","floor":11.0},{"not_picked":["Concentrate","Deadly Poison","Reflex"],"picked":"Cloak And Dagger","floor":14.0},{"not_picked":["After Image","Doppelganger","Corpse Explosion"],"picked":"Die Die Die+1","floor":16.0},{"not_picked":["Flying Knee+1","Sucker Punch+1","Tactician","Noxious Fumes"],"picked":"SKIP","floor":18.0},{"not_picked":["Dagger Spray+1","Quick Slash+1","Setup"],"picked":"Heel Hook+1","floor":20.0},{"not_picked":["Outmaneuver","Choke+1","Quick Slash+1","Caltrops+1"],"picked":"SKIP","floor":22.0},{"not_picked":["Choke+1","Doppelganger","Storm of Steel"],"picked":"Dodge and Roll","floor":24.0},{"not_picked":["Dodge and Roll","Blade Dance","Underhanded Strike+1","Catalyst+1"],"picked":"SKIP","floor":28.0},{"not_picked":["Prepared","Deflect+1","Quick Slash+1","Bane+1"],"picked":"SKIP","floor":29.0},{"not_picked":["Wraith Form v2","Bouncing Flask","Caltrops","Eviscerate+1"],"picked":"SKIP","floor":30.0},{"not_picked":["Night Terror","Tools of the Trade","A Thousand Cuts"],"picked":"Burst","floor":33.0},{"not_picked":["Poisoned Stab+1","Choke+1"],"picked":"SKIP","floor":35.0},{"not_picked":["Flying Knee+1","Prepared"],"picked":"SKIP","floor":39.0},{"not_picked":["Choke+1","Calculated Gamble"],"picked":"SKIP","floor":40.0},{"not_picked":["Setup+1","Noxious Fumes+1"],"picked":"SKIP","floor":42.0},{"not_picked":["Backflip+1"],"picked":"Escape Plan+1","floor":45.0},{"not_picked":["Flying Knee+1","Dagger Spray+1"],"picked":"SKIP","floor":46.0},{"not_picked":["Blade Dance+1","Terror"],"picked":"SKIP","floor":47.0},{"not_picked":["Crippling Poison","Dash+1"],"picked":"SKIP","floor":54.0}],"player_experience":296824,"relics_obtained":[{"floor":4.0,"key":"Question Card"},{"floor":6.0,"key":"Thread and Needle"},{"floor":9.0,"key":"Molten Egg 2"},{"floor":14.0,"key":"Bottled Tornado"},{"floor":17.0,"key":"Bag of Preparation"},{"floor":17.0,"key":"Ninja Scroll"},{"floor":17.0,"key":"Old Coin"},{"floor":24.0,"key":"Calipers"},{"floor":26.0,"key":"Potion Belt"},{"floor":30.0,"key":"Smiling Mask"},{"floor":40.0,"key":"Ginger"},{"floor":42.0,"key":"Orichalcum"},{"floor":43.0,"key":"Anchor"},{"floor":46.0,"key":"White Beast Statue"},{"floor":54.0,"key":"Vajra"}],"event_choices":[{"damage_healed":17.0,"max_hp_gain":0.0,"max_hp_loss":0.0,"gold_gain":0.0,"event_name":"The Cleric","player_choice":"Healed","floor":2.0,"gold_loss":35.0,"damage_taken":0.0},{"damage_healed":0.0,"max_hp_gain":0.0,"max_hp_loss":0.0,"gold_gain":0.0,"event_name":"Lab","player_choice":"Got Potions","floor":19.0,"gold_loss":0.0,"damage_taken":0.0},{"damage_healed":0.0,"max_hp_gain":0.0,"max_hp_loss":0.0,"gold_gain":100.0,"event_name":"Golden Shrine","player_choice":"Pray","floor":25.0,"gold_loss":0.0,"damage_taken":0.0},{"cards_removed":["Heel Hook"],"damage_healed":0.0,"max_hp_gain":0.0,"max_hp_loss":0.0,"gold_gain":0.0,"event_name":"Falling","player_choice":"Removed Attack","floor":36.0,"gold_loss":0.0,"damage_taken":0.0},{"damage_healed":0.0,"max_hp_gain":0.0,"max_hp_loss":0.0,"gold_gain":0.0,"event_name":"Tomb of Lord Red Mask","player_choice":"Paid","floor":38.0,"gold_loss":9.0,"damage_taken":0.0,"relics_obtained":["Red Mask"]}],"is_beta":false,"boss_relics":[{"not_picked":["Coffee Dripper","Runic Dome"],"picked":"Calling Bell"},{"not_picked":["Velvet Choker","Fusion Hammer"],"picked":"Busted Crown"}],"items_purged_floors":[21,31,48,53],"is_endless":false,"potions_floor_spawned":[6,7,11,18,22,29,33,40,42,47,54],"ascension_level":6}}