{"host":"c3lc60y5x60jlt1y","time":1612171428,"event":{"mods":["AchievementEnabler","BaseMod","Bestiary","Colored Map","Minty Spire (QoL Compilation)","Quick Restart","StSLib","ojb\u0027s Info Mod"],"gold_per_floor":[17,17,36,36,56,56,156,171,171,194,210,210,210,54,54,54,54],"floor_reached":16,"language":"ENG","playtime":295,"items_purged":["Strike_R"],"score":92,"play_id":"b4a81f5a-05ce-4be2-acdb-d16f241ed549","local_time":"20210201112348","is_ascension_mode":false,"campfire_choices":[{"data":"Heavy Blade","floor":6.0,"key":"SMITH"},{"data":"Flex","floor":13.0,"key":"SMITH"},{"floor":15.0,"key":"REST"}],"circlet_count":0,"master_deck":["Strike_R","Strike_R","Defend_R","Defend_R","Defend_R","Bash","Twin Strike","Rupture","Heavy Blade+1","Reckless Charge","Evolve","Whirlwind+1","Spot Weakness","Flex+1","Flex","Bloodletting"],"relics":["Burning Blood","Golden Idol","The Courier"],"acts_visited":["Exordium"],"potions_floor_usage":[16,16],"damage_taken":[{"damage":13.0,"enemies":"Jaw Worm","floor":1.0,"turns":3.0},{"damage":1.0,"enemies":"2 Louse","floor":3.0,"turns":2.0},{"damage":0.0,"enemies":"Cultist","floor":5.0,"turns":2.0},{"damage":31.0,"enemies":"Exordium Wildlife","floor":8.0,"turns":4.0},{"damage":0.0,"enemies":"Gremlin Gang","floor":10.0,"turns":1.0},{"damage":24.0,"enemies":"Exordium Thugs","floor":11.0,"turns":5.0},{"damage":56,"enemies":"The Guardian","floor":16,"turns":8}],"seed_played":"633924615491337869","potions_obtained":[{"floor":5.0,"key":"Strength Potion"},{"floor":8.0,"key":"DistilledChaos"},{"floor":11.0,"key":"DuplicationPotion"}],"is_trial":false,"path_per_floor":["M","?","M","?","M","R","?","M","T","M","M","?","R","$","R","B"],"character_chosen":"IRONCLAD","items_purchased":["Flex","Bloodletting"],"campfire_rested":1,"item_purchase_floors":[14,14],"current_hp_per_floor":[73,73,78,58,64,64,64,39,39,45,27,27,27,27,51,0,0],"gold":54,"neow_bonus":"TRANSFORM_TWO_CARDS","is_daily":false,"chose_seed":false,"campfire_upgraded":2,"win_rate":0.0,"timestamp":1612171428,"path_taken":["M","?","M","?","M","R","?","?","T","M","M","?","R","$","R","BOSS"],"items_purchased_type":["Card","Card"],"build_version":"2020-12-22","purchased_purges":1,"victory":false,"max_hp_per_floor":[80,80,80,80,80,80,80,80,80,80,80,80,80,80,80,80,80],"card_choices":[{"not_picked":["Rage","Sword Boomerang"],"picked":"Heavy Blade","floor":1.0},{"not_picked":["Cleave","Iron Wave","True Grit"],"picked":"SKIP","floor":3.0},{"not_picked":["Cleave","Thunderclap"],"picked":"Evolve","floor":5.0},{"not_picked":["Shrug It Off","Armaments"],"picked":"Whirlwind","floor":8.0},{"not_picked":["Body Slam","Rupture"],"picked":"Spot Weakness","floor":10.0},{"not_picked":["Warcry","Feel No Pain"],"picked":"Flex","floor":11.0}],"player_experience":8884888,"relics_obtained":[{"floor":9.0,"key":"The Courier"}],"event_choices":[{"damage_healed":0.0,"max_hp_gain":0.0,"max_hp_loss":0.0,"gold_gain":0.0,"cards_transformed":["Strike_R"],"event_name":"Living Wall","player_choice":"Change","floor":2.0,"gold_loss":0.0,"damage_taken":0.0,"cards_obtained":["Reckless Charge"]},{"damage_healed":0.0,"max_hp_gain":0.0,"max_hp_loss":0.0,"gold_gain":0.0,"event_name":"Golden Idol","player_choice":"Take Damage","floor":4.0,"gold_loss":0.0,"damage_taken":20.0,"relics_obtained":["Golden Idol"]},{"damage_healed":0.0,"max_hp_gain":0.0,"max_hp_loss":0.0,"gold_gain":100.0,"event_name":"Golden Shrine","player_choice":"Pray","floor":7.0,"gold_loss":0.0,"damage_taken":0.0},{"damage_healed":0.0,"max_hp_gain":0.0,"max_hp_loss":0.0,"gold_gain":0.0,"event_name":"Upgrade Shrine","player_choice":"Upgraded","floor":12.0,"gold_loss":0.0,"damage_taken":0.0,"cards_upgraded":["Whirlwind"]}],"is_beta":false,"boss_relics":[],"items_purged_floors":[14],"is_endless":false,"potions_floor_spawned":[5,8,11],"killed_by":"The Guardian","ascension_level":0}}