{"host":"flhjnb5sqrent16x","time":1612217504,"event":{"mods":["BaseMod","Downfall","Hermit","Marisa????????","Minty Spire (QoL Compilation)","StSLib","The Animator","The Cursed","The Hierophant","The Servant 0.9.4"],"gold_per_floor":[110,110,185,212,212,14,14,14,14],"floor_reached":8,"language":"ENG","playtime":758,"items_purged":[],"score":44,"play_id":"3fc38eba-13b8-4d13-9cad-efe763540085","local_time":"20210201161144","is_ascension_mode":false,"campfire_choices":[{"floor":7,"key":"RECALL"}],"circlet_count":0,"master_deck":["animator:Strike_Konosuba","animator:Defend_Konosuba","animator:Strike","animator:Strike","animator:Strike","animator:Defend","animator:Defend","animator:Defend","animator:Kazuma","animator:Aqua","animator:FielNirvalen+1","animator:GuildGirl","animator:GuildGirl","animator:IchigoKurosaki","animator:Verdia"],"relics":["animator:LivingPicture","animator:TheMissingPiece","animator:WornHelmet"],"acts_visited":["Exordium"],"potions_floor_usage":[],"damage_taken":[{"damage":1,"enemies":"Small Slimes","floor":1,"turns":5},{"damage":10,"enemies":"Jaw Worm","floor":4,"turns":7},{"damage":67,"enemies":"Gremlin Nob","floor":8,"turns":5}],"seed_played":"-4954352831480888181","potions_obtained":[{"floor":1,"key":"animator:FalseLifePotion"}],"is_trial":false,"path_per_floor":["M","?","T","M","?","$","R","E"],"character_chosen":"THE_ANIMATOR","items_purchased":["animator:GuildGirl","animator:IchigoKurosaki","animator:Verdia"],"campfire_rested":0,"item_purchase_floors":[6,6,6],"current_hp_per_floor":[72,72,72,63,60,60,60,0,0],"gold":14,"neow_bonus":"TEN_PERCENT_HP_BONUS","is_daily":false,"chose_seed":false,"campfire_upgraded":0,"win_rate":0.0,"timestamp":1612217504,"path_taken":["M","?","?","M","?","?","R","E"],"items_purchased_type":["Card","Card","Card"],"build_version":"2020-12-22","purchased_purges":0,"victory":false,"max_hp_per_floor":[72,72,72,72,72,72,72,72,72],"card_choices":[{"not_picked":["animator:RinTohsaka","animator:DolaSchwi"],"picked":"animator:FielNirvalen","floor":1},{"not_picked":["animator:EmiyaShirou","animator:DolaCouronne"],"picked":"animator:GuildGirl","floor":4}],"player_experience":177235,"relics_obtained":[],"event_choices":[{"damage_healed":0,"gold_gain":0,"player_choice":"Grow","damage_taken":0,"max_hp_gain":0,"max_hp_loss":0,"event_name":"Living Wall","floor":2,"gold_loss":0,"cards_upgraded":["animator:FielNirvalen"]},{"damage_healed":0,"gold_gain":0,"player_choice":"Success","damage_taken":3,"relics_obtained":["animator:WornHelmet"],"max_hp_gain":0,"max_hp_loss":0,"event_name":"Scrap Ooze","floor":5,"gold_loss":0}],"is_beta":false,"boss_relics":[],"items_purged_floors":[],"is_endless":false,"potions_floor_spawned":[1],"killed_by":"Gremlin Nob","ascension_level":0}}