{"host":"3498uni0c31c9bdm","time":1612197354,"event":{"mods":["BaseMod","Better Third Choice","Minty Spire (QoL Compilation)","Replay The Spire","StSLib"],"gold_per_floor":[118,133,150,164,164,164,197,197,197,232,232,232,252,265,265,369,369,382,657,642,660,679,679,589,605,605,605,617,617,617],"floor_reached":29,"language":"ENG","playtime":1200,"items_purged":[],"score":382,"play_id":"7f5a2b04-750b-41c4-a5bc-736f73544f15","local_time":"20210202033554","is_ascension_mode":true,"campfire_choices":[{"data":"Wallop","floor":6,"key":"SMITH"},{"floor":8,"key":"RECALL"},{"floor":11,"key":"REST"},{"data":"MentalFortress","floor":15,"key":"SMITH"},{"floor":23,"key":"REST"},{"floor":27,"key":"REST"}],"circlet_count":0,"master_deck":["AscendersBane","Strike_P","Strike_P","Strike_P","Strike_P","Defend_P","Defend_P","Defend_P+1","Defend_P","Eruption","Vigilance","DeceiveReality","ReachHeaven","SashWhip+1","Wallop+1","Prostrate","MasterReality","MentalFortress+1","EmptyFist","DevaForm","FollowUp","CutThroughFate","EmptyMind","WheelKick","CarveReality","BowlingBash"],"relics":["HolyWater","NeowsBlessing","ReplayTheSpireMod:Shallot","Bottled Flame","Blue Candle","Snack Pack"],"acts_visited":["Exordium","TheCity"],"potions_floor_usage":[7,18,22,25],"damage_taken":[{"damage":0,"enemies":"Cultist","floor":1,"turns":1},{"damage":0,"enemies":"Small Slimes","floor":2,"turns":1},{"damage":0,"enemies":"Jaw Worm","floor":3,"turns":1},{"damage":15,"enemies":"Gremlin Gang","floor":4,"turns":5},{"damage":7,"enemies":"Gremlin Nob","floor":7,"turns":6},{"damage":6,"enemies":"3 Sentries","floor":10,"turns":8},{"damage":0,"enemies":"Blue Slaver","floor":13,"turns":4},{"damage":0,"enemies":"2 Fungi Beasts","floor":14,"turns":4},{"damage":5,"enemies":"The Guardian","floor":16,"turns":12},{"damage":3,"enemies":"Spheric Guardian","floor":18,"turns":3},{"damage":8,"enemies":"2 Thieves","floor":20,"turns":4},{"damage":16,"enemies":"Snecko","floor":21,"turns":6},{"damage":11,"enemies":"3 Cultists","floor":22,"turns":6},{"damage":46,"enemies":"Chosen and Byrds","floor":25,"turns":9},{"damage":23,"enemies":"Shelled Parasite and Fungi","floor":28,"turns":10},{"damage":17,"enemies":"Slavers","floor":29,"turns":3}],"seed_played":"8755692475014081986","potions_obtained":[{"floor":1,"key":"EssenceOfSteel"},{"floor":10,"key":"Weak Potion"},{"floor":14,"key":"DistilledChaos"},{"floor":20,"key":"Reflective Coating"},{"floor":22,"key":"Elixir"}],"is_trial":false,"path_per_floor":["M","M","M","M","T","R","E","R","T","E","R","?","M","M","R","B",null,"M","?","M","M","M","R","?","M","T","R","M","E"],"character_chosen":"WATCHER","items_purchased":[],"campfire_rested":3,"item_purchase_floors":[],"current_hp_per_floor":[65,65,65,50,50,50,43,43,43,37,58,58,58,58,58,53,67,64,64,56,40,29,50,50,4,4,25,10,0,0],"gold":617,"neow_bonus":"THREE_ENEMY_KILL","is_daily":false,"chose_seed":false,"campfire_upgraded":2,"win_rate":0.0,"timestamp":1612197354,"path_taken":["M","M","M","M","?","R","E","R","T","E","R","?","M","M","R","BOSS","M","?","?","M","?","R","?","?","T","R","M","E"],"items_purchased_type":[],"build_version":"2020-12-22","purchased_purges":0,"victory":false,"max_hp_per_floor":[72,72,72,72,72,72,72,72,72,72,72,72,72,72,72,72,72,72,72,72,72,72,72,72,72,72,72,72,72,72],"card_choices":[{"not_picked":["ClearTheMind","Replay:BluntJabs"],"picked":"DeceiveReality","floor":1},{"not_picked":["Meditate","Replay:ManipulateFuture"],"picked":"ReachHeaven","floor":2},{"not_picked":["Halt","WaveOfTheHand"],"picked":"SashWhip","floor":3},{"not_picked":["Weave","DeceiveReality"],"picked":"Wallop","floor":4},{"not_picked":["SandsOfTime","ClearTheMind"],"picked":"Prostrate","floor":7},{"not_picked":["FlyingSleeves","Meditate"],"picked":"MasterReality","floor":10},{"not_picked":["Weave","FlyingSleeves"],"picked":"MentalFortress","floor":13},{"not_picked":["Halt","JustLucky"],"picked":"EmptyFist","floor":14},{"not_picked":["Wish","Replay:AllIn"],"picked":"DevaForm","floor":16},{"not_picked":["Adaptation","SashWhip"],"picked":"FollowUp","floor":18},{"not_picked":["Replay:AtTheReady","Replay:ManipulateFuture"],"picked":"CutThroughFate","floor":20},{"not_picked":["EmptyFist","Sanctity"],"picked":"EmptyMind","floor":21},{"not_picked":["DeceiveReality","ReachHeaven"],"picked":"WheelKick","floor":22},{"not_picked":["Blasphemy","Replay:AtTheReady"],"picked":"CarveReality","floor":25},{"not_picked":["WreathOfFlame","FearNoEvil"],"picked":"BowlingBash","floor":28}],"player_experience":794662,"relics_obtained":[{"floor":7,"key":"ReplayTheSpireMod:Shallot"},{"floor":9,"key":"Bottled Flame"},{"floor":10,"key":"Blue Candle"},{"floor":26,"key":"Snack Pack"}],"event_choices":[{"damage_healed":0,"gold_gain":0,"player_choice":"Grow","damage_taken":0,"max_hp_gain":0,"max_hp_loss":0,"event_name":"Living Wall","floor":12,"gold_loss":0,"cards_upgraded":["SashWhip"]},{"damage_healed":0,"gold_gain":275,"player_choice":"Desecrate","damage_taken":0,"max_hp_gain":0,"max_hp_loss":0,"event_name":"Golden Shrine","floor":19,"gold_loss":0,"cards_obtained":["Regret"]},{"cards_removed":["Regret"],"damage_healed":0,"gold_gain":0,"player_choice":"Upgrade and Remove","damage_taken":0,"max_hp_gain":0,"max_hp_loss":0,"event_name":"Designer","floor":24,"gold_loss":90,"cards_upgraded":["Defend_P"]}],"is_beta":false,"boss_relics":[{"not_picked":["Honey Jar","Ectoplasm"],"picked":"HolyWater"}],"items_purged_floors":[],"is_endless":false,"potions_floor_spawned":[1,10,14,16,20,21,22],"killed_by":"Slavers","ascension_level":12}}