{"host":"2x189hkb4impm2gi","time":1612209734,"event":{"mods":["BaseMod","Colored Map","Colored Powertips","Minty Spire (QoL Compilation)"],"gold_per_floor":[109,109,34,109,284,284,314,314,341,375,394,425,445,457,457,562,562,562,562,562,562,562,562,562,562,562,236,236,15,15,15,15,15,15,15,15,15,15,15,15,15,15,15,15,15,15,15,15,15,15],"floor_reached":51,"language":"ENG","playtime":2938,"items_purged":["Strike_B","Strike_B"],"score":855,"play_id":"d64d224e-82bf-4f59-a50f-9fde543e78b8","local_time":"20210201150214","is_ascension_mode":false,"campfire_choices":[{"data":"Zap","floor":6,"key":"SMITH"},{"data":"Dualcast","floor":8,"key":"SMITH"},{"data":"Echo Form","floor":15,"key":"SMITH"},{"data":"Storm","floor":25,"key":"SMITH"},{"data":"Genetic Algorithm","floor":30,"key":"SMITH"},{"data":"Defragment","floor":32,"key":"SMITH"},{"data":"Static Discharge","floor":41,"key":"SMITH"},{"data":"Thunder Strike","floor":45,"key":"SMITH"},{"data":"Madness","floor":49,"key":"SMITH"}],"circlet_count":0,"master_deck":["Strike_B+1","Defend_B+1","Defend_B+1","Defend_B","Defend_B+1","Zap+1","Dualcast+1","Sweeping Beam","Doubt","Melter","Static Discharge+1","Cold Snap","Echo Form+1","Ball Lightning","Doom and Gloom","Thunder Strike+1","BootSequence+1","Darkness","Defragment+1","Stack","Compile Driver+1","Storm+1","Genetic Algorithm+1","Seek","Capacitor+1","Electrodynamics+1","Cold Snap","Ball Lightning+1","Reinforced Body+1","Force Field","Madness","Madness+1","All For One"],"relics":["Cracked Core","NeowsBlessing","HornCleat","Pen Nib","War Paint","Blood Vial","Ectoplasm","Sundial","Pantograph","Red Mask","Eternal Feather","ClockworkSouvenir","Omamori","Ice Cream","Inserter","Potion Belt","Bronze Scales","Vajra","CaptainsWheel"],"acts_visited":["Exordium","TheCity","TheBeyond"],"potions_floor_usage":[12,12,16,23,24,33,40,40,46,46,46,48,50,50,50],"damage_taken":[{"damage":0,"enemies":"Jaw Worm","floor":1,"turns":1},{"damage":0,"enemies":"Gremlin Nob","floor":7,"turns":1},{"damage":0,"enemies":"Lagavulin","floor":10,"turns":1},{"damage":0,"enemies":"2 Louse","floor":11,"turns":2},{"damage":0,"enemies":"3 Sentries","floor":12,"turns":4},{"damage":0,"enemies":"Small Slimes","floor":13,"turns":2},{"damage":10,"enemies":"3 Louse","floor":14,"turns":2},{"damage":12,"enemies":"The Guardian","floor":16,"turns":7},{"damage":0,"enemies":"Spheric Guardian","floor":18,"turns":1},{"damage":3,"enemies":"3 Byrds","floor":21,"turns":5},{"damage":9,"enemies":"Centurion and Healer","floor":22,"turns":6},{"damage":11,"enemies":"Slavers","floor":23,"turns":4},{"damage":1,"enemies":"Masked Bandits","floor":24,"turns":4},{"damage":17,"enemies":"Book of Stabbing","floor":31,"turns":4},{"damage":42,"enemies":"Collector","floor":33,"turns":6},{"damage":0,"enemies":"Orb Walker","floor":35,"turns":3},{"damage":34,"enemies":"Giant Head","floor":40,"turns":7},{"damage":1,"enemies":"3 Shapes","floor":42,"turns":4},{"damage":2,"enemies":"Nemesis","floor":46,"turns":3},{"damage":0,"enemies":"Transient","floor":48,"turns":5},{"damage":0,"enemies":"Donu and Deca","floor":50,"turns":5}],"seed_played":"-5476043210150259779","potions_obtained":[{"floor":1,"key":"Explosive Potion"},{"floor":7,"key":"EntropicBrew"},{"floor":10,"key":"SkillPotion"},{"floor":13,"key":"Fire Potion"},{"floor":16,"key":"Energy Potion"},{"floor":21,"key":"Ancient Potion"},{"floor":22,"key":"LiquidMemories"},{"floor":24,"key":"PotionOfCapacity"},{"floor":31,"key":"PotionOfCapacity"},{"floor":33,"key":"Block Potion"},{"floor":46,"key":"Fire Potion"}],"is_trial":false,"path_per_floor":["M","?","$","?","?","R","E","R","T","E","M","E","M","M","R","B",null,"M","?","?","M","M","E","?","R","T","$","?","$","R","E","R","B",null,"M","?","$","?","$","E","R","M","T","T","R","E","?","M","R","B",null],"character_chosen":"DEFECT","items_purchased":["Genetic Algorithm","ClockworkSouvenir","Omamori","Seek"],"campfire_rested":0,"item_purchase_floors":[27,27,29,29],"current_hp_per_floor":[75,60,60,49,49,49,49,49,49,49,49,49,51,43,43,33,75,75,75,75,72,65,56,57,57,57,57,57,57,72,57,72,33,75,75,75,75,75,75,41,56,57,57,57,72,72,63,65,75,75],"gold":15,"neow_bonus":"THREE_ENEMY_KILL","is_daily":false,"chose_seed":false,"campfire_upgraded":9,"win_rate":0.0,"timestamp":1612209734,"path_taken":["M","?","$","?","?","R","E","R","T","E","M","E","M","M","R","BOSS","M","?","?","M","M","E","?","R","T","$","?","$","R","E","R","BOSS","M","?","$","?","?","E","R","M","T","?","R","E","?","M","R","BOSS"],"items_purchased_type":["Card","Relic","Relic","Card"],"build_version":"2020-12-22","purchased_purges":2,"victory":true,"max_hp_per_floor":[75,75,75,75,75,75,75,75,75,75,75,75,75,75,75,75,75,75,75,75,75,75,75,75,75,75,75,75,75,75,75,75,75,75,75,75,75,75,75,75,75,75,75,75,75,75,75,75,75,75],"card_choices":[{"not_picked":["Steam Power","Fusion"],"picked":"Sweeping Beam","floor":1},{"not_picked":["Hologram","Reprogram"],"picked":"Melter","floor":7},{"not_picked":["Redo","Glacier"],"picked":"Static Discharge","floor":10},{"not_picked":["Melter","Amplify"],"picked":"Cold Snap","floor":11},{"not_picked":["Buffer","Barrage"],"picked":"Echo Form","floor":12},{"not_picked":["Coolheaded","Compile Driver"],"picked":"Ball Lightning","floor":13},{"not_picked":["Chill","Stack"],"picked":"Doom and Gloom","floor":14},{"not_picked":["Fission","Buffer"],"picked":"Thunder Strike","floor":16},{"not_picked":["Chaos","Steam"],"picked":"BootSequence+1","floor":18},{"not_picked":["Redo","Hologram+1"],"picked":"Defragment","floor":21},{"not_picked":["Skim","Rebound"],"picked":"Stack","floor":22},{"not_picked":["Reboot","BootSequence"],"picked":"Compile Driver+1","floor":23},{"not_picked":["Self Repair+1","Sweeping Beam"],"picked":"Storm","floor":24},{"not_picked":["Barrage","Ball Lightning+1"],"picked":"Capacitor+1","floor":31},{"not_picked":["Echo Form","Biased Cognition"],"picked":"Electrodynamics","floor":33},{"not_picked":["Steam","Conserve Battery"],"picked":"Cold Snap","floor":35},{"not_picked":["Steam Power+1","Self Repair+1"],"picked":"Ball Lightning+1","floor":40},{"not_picked":["Streamline+1","Compile Driver"],"picked":"Reinforced Body+1","floor":42},{"not_picked":["Melter+1","Gash"],"picked":"Force Field","floor":46},{"not_picked":["Compile Driver+1","Sweeping Beam"],"picked":"All For One","floor":48}],"player_experience":33300,"relics_obtained":[{"floor":7,"key":"HornCleat"},{"floor":9,"key":"Pen Nib"},{"floor":10,"key":"War Paint"},{"floor":12,"key":"Blood Vial"},{"floor":23,"key":"Pantograph"},{"floor":24,"key":"Red Mask"},{"floor":26,"key":"Eternal Feather"},{"floor":31,"key":"Ice Cream"},{"floor":40,"key":"Potion Belt"},{"floor":43,"key":"Bronze Scales"},{"floor":44,"key":"Vajra"},{"floor":46,"key":"CaptainsWheel"}],"event_choices":[{"damage_healed":0,"gold_gain":0,"player_choice":"Entered Light","damage_taken":15,"max_hp_gain":0,"max_hp_loss":0,"event_name":"Shining Light","floor":2,"gold_loss":0,"cards_upgraded":["Defend_B","Strike_B"]},{"damage_healed":0,"gold_gain":75,"player_choice":"Gather Gold","damage_taken":11,"max_hp_gain":0,"max_hp_loss":0,"event_name":"World of Goop","floor":4,"gold_loss":0},{"damage_healed":0,"gold_gain":175,"player_choice":"AGREE","damage_taken":0,"max_hp_gain":0,"max_hp_loss":0,"event_name":"Liars Game","floor":5,"gold_loss":0,"cards_obtained":["Doubt"]},{"damage_healed":0,"gold_gain":0,"player_choice":"Read","damage_taken":0,"max_hp_gain":0,"max_hp_loss":0,"event_name":"The Library","floor":19,"gold_loss":0,"cards_obtained":["Darkness"]},{"damage_healed":0,"gold_gain":0,"player_choice":"Opened","damage_taken":0,"relics_obtained":["Sundial"],"max_hp_gain":0,"max_hp_loss":0,"event_name":"The Mausoleum","floor":20,"gold_loss":0},{"damage_healed":0,"gold_gain":0,"player_choice":"Fought Bandits","damage_taken":0,"max_hp_gain":0,"max_hp_loss":0,"event_name":"Masked Bandits","floor":24,"gold_loss":0},{"damage_healed":0,"gold_gain":0,"player_choice":"Ignored","damage_taken":0,"max_hp_gain":0,"max_hp_loss":0,"event_name":"NoteForYourself","floor":28,"gold_loss":0},{"damage_healed":0,"gold_gain":0,"player_choice":"Upgraded","damage_taken":0,"max_hp_gain":0,"max_hp_loss":0,"event_name":"Upgrade Shrine","floor":36,"gold_loss":0,"cards_upgraded":["Electrodynamics"]},{"cards_removed":["Strike_B"],"damage_healed":0,"gold_gain":0,"player_choice":"Removed Attack","damage_taken":0,"max_hp_gain":0,"max_hp_loss":0,"event_name":"Falling","floor":38,"gold_loss":0},{"damage_healed":0,"gold_gain":0,"player_choice":"Embrace Madness","damage_taken":9,"max_hp_gain":0,"max_hp_loss":0,"event_name":"Winding Halls","floor":47,"gold_loss":0,"cards_obtained":["Madness","Madness"]}],"is_beta":false,"boss_relics":[{"not_picked":["Snecko Eye","Philosopher\u0027s Stone"],"picked":"Ectoplasm"},{"not_picked":["Calling Bell","Cursed Key"],"picked":"Inserter"}],"items_purged_floors":[3,27],"is_endless":false,"potions_floor_spawned":[1,7,10,13,16,21,22,24,31,33,46],"ascension_level":0}}