{"host":"ha6p5pdchuduffeg","time":1612174073,"event":{"mods":["Act Like it!","BaseMod","Downfall","Gensokyo","KinomotoSakuraMod(ƒæ÷Æ±æ”£)","Koishi","Marisa£®ÏF”Í°°ƒß¿Ì…≥£©","Minty Spire (QoL Compilation)","Reimu£®≤©¿ˆ¡È√Œ£©","Remilia£®¿Ÿ√◊¿Ú—«£©","Replay The Spire","Spicy Shops","StSLib","The Administrix","The Hierophant","The Senshi","The Servant 0.9.4","Waifu the Spire","Youmu£®ªÍ∆«—˝√Œ£©"],"gold_per_floor":[118,118,293,309,337,337,337],"floor_reached":6,"language":"ZHS","playtime":343,"items_purged":[],"score":36,"play_id":"50358d0a-5609-4b47-929d-9bbd229767cb","local_time":"20210201180753","is_ascension_mode":false,"campfire_choices":[],"circlet_count":0,"master_deck":["hierophant:Strike_Hierophant","hierophant:Strike_Hierophant","hierophant:Strike_Hierophant","hierophant:Strike_Hierophant","hierophant:Punish","hierophant:Defend_Hierophant","hierophant:Defend_Hierophant","hierophant:Defend_Hierophant","hierophant:Defend_Hierophant","hierophant:ChurchCoffers","hierophant:Shelter","Injury","Doubt","hierophant:OrnateBuckler","hierophant:FieryStrike"],"relics":["hierophant:PropheticMaskRelic","Golden Idol"],"acts_visited":["Exordium"],"potions_floor_usage":[],"damage_taken":[{"damage":0,"enemies":"Small Slimes","floor":1,"turns":3},{"damage":1,"enemies":"2 Louse","floor":4,"turns":3},{"damage":5,"enemies":"Jaw Worm","floor":5,"turns":7},{"damage":49,"enemies":"Gremlin Nob","floor":6,"turns":6}],"seed_played":"-2359416920431265202","potions_obtained":[{"floor":4,"key":"SteroidPotion"}],"is_trial":false,"path_per_floor":["M","?","?","M","M","E"],"character_chosen":"HIEROPHANT","items_purchased":[],"campfire_rested":0,"item_purchase_floors":[],"current_hp_per_floor":[82,82,82,81,76,27,27],"gold":337,"neow_bonus":"TEN_PERCENT_HP_BONUS","is_daily":false,"chose_seed":false,"campfire_upgraded":0,"win_rate":0.0,"timestamp":1612174073,"path_taken":["M","?","?","M","M","E"],"items_purchased_type":[],"build_version":"2020-12-22","purchased_purges":0,"victory":false,"max_hp_per_floor":[82,82,82,82,82,82,82],"card_choices":[{"not_picked":["hierophant:RepressedViolence","hierophant:Racketeering"],"picked":"hierophant:Shelter","floor":1},{"not_picked":["hierophant:Doubloon","hierophant:Dazzle"],"picked":"hierophant:OrnateBuckler","floor":4},{"not_picked":["hierophant:Chorus","hierophant:ConvertCurrency"],"picked":"hierophant:FieryStrike","floor":5}],"player_experience":107023,"relics_obtained":[],"event_choices":[{"damage_healed":0,"gold_gain":0,"player_choice":"Take Wound","damage_taken":0,"relics_obtained":["Golden Idol"],"max_hp_gain":0,"max_hp_loss":0,"event_name":"Golden Idol","floor":2,"gold_loss":0,"cards_obtained":["Injury"]},{"damage_healed":0,"gold_gain":175,"player_choice":"AGREE","damage_taken":0,"max_hp_gain":0,"max_hp_loss":0,"event_name":"Liars Game","floor":3,"gold_loss":0,"cards_obtained":["Doubt"]}],"is_beta":false,"boss_relics":[],"items_purged_floors":[],"is_endless":false,"potions_floor_spawned":[4],"killed_by":"Gremlin Nob","ascension_level":0}}