{"host":"cf2ctvg4l7smc7k1","time":1612197023,"event":{"mods":["AchievementEnabler","Aspiration","BaseMod","BetterRewards","Challenge The Spire","Chen","Colored Map","Conspire","Downfall","Duelist Mod","Hubris","Ironclad Rager","Magitek Elite","Marisa????????","Minty Spire (QoL Compilation)","Replay The Spire","StSLib","The Bladedancer","The Bug Knight","The Cursed","The Jungle","The Poker Player","The Vixen","Wandering Minibosses","[IsaacMod]????"],"gold_per_floor":[99,110,185,198,298,298,348,366,379,390,419,433,433,445,461,559,559,559,571,582,582,582],"floor_reached":21,"language":"DEU","playtime":1724,"items_purged":[],"score":185,"play_id":"c8285998-2f92-4d4c-9d07-f6579f00d5b4","local_time":"20210201173023","is_ascension_mode":false,"campfire_choices":[{"floor":1,"key":"RECALL"},{"floor":13,"key":"REST"}],"circlet_count":0,"master_deck":["Slimebound:Strike_Slimebound","Slimebound:Strike_Slimebound","Slimebound:Tackle","Slimebound:Defend_Slimebound","Slimebound:Defend_Slimebound","Slimebound:Defend_Slimebound","Slimebound:Defend_Slimebound","Slimebound:Split","Slimebound:CorrosiveSpit","EpicFetus","Slimebound:RollThrough","Slimebound:MegaLick","Slimebound:BestDefense","Slimebound:RejuvenatingLick","Slimebound:MegaLick","Slimebound:Prepare","Slimebound:SlimeSpikes","Slimebound:PrepareCrush","Slimebound:Schlurp","Slimebound:OozeBath","Slimebound:DisruptingSlam","Slimebound:ItLooksTasty","Slimebound:FormOfPuddle"],"relics":["Slimebound:AbsorbEndCombat","HushsDoor","BelialBook","conspire:GlowingRock","Potion Belt","Velvet Choker"],"acts_visited":["Exordium","TheCity"],"potions_floor_usage":[11,14,16],"damage_taken":[{"damage":7,"enemies":"Jaw Worm","floor":2,"turns":5},{"damage":4,"enemies":"2 Louse","floor":4,"turns":3},{"damage":0,"enemies":"Cultist","floor":8,"turns":3},{"damage":14,"enemies":"Blue Slaver","floor":9,"turns":4},{"damage":14,"enemies":"Large Slime","floor":10,"turns":5},{"damage":19,"enemies":"HollowMod:MossKnight","floor":11,"turns":6},{"damage":11,"enemies":"2 Fungi Beasts","floor":12,"turns":4},{"damage":0,"enemies":"Lots of Slimes","floor":14,"turns":4},{"damage":14,"enemies":"3 Louse","floor":15,"turns":2},{"damage":23,"enemies":"WA_ARCHETYPE_RETAIN","floor":16,"turns":5},{"damage":23,"enemies":"conspire:FuzzyDice","floor":19,"turns":6},{"damage":51,"enemies":"Snecko","floor":20,"turns":8},{"damage":21,"enemies":"3 Cultists","floor":21,"turns":4}],"seed_played":"4012390398099587930","potions_obtained":[{"floor":2,"key":"champ:CounterPotion"},{"floor":8,"key":"Regen Potion"},{"floor":11,"key":"SneckoOil"},{"floor":12,"key":"Guardian:BlockOnCardUsePotion"},{"floor":16,"key":"sneckomod:MuddlingPotion"},{"floor":19,"key":"Regen Potion"},{"floor":20,"key":"Milkshake"}],"is_trial":false,"path_per_floor":["R_BF","M","?","M","?","?","T","M","M","M","E","M","R","M","M","B",null,"R_BF","M","M","M"],"character_chosen":"SLIMEBOUND","items_purchased":[],"campfire_rested":1,"item_purchase_floors":[],"current_hp_per_floor":[59,56,56,56,56,61,61,64,52,44,48,45,64,64,50,35,64,64,49,6,0,0],"gold":582,"neow_bonus":"ONE_RARE_RELIC","is_daily":false,"chose_seed":false,"campfire_upgraded":0,"win_rate":0.0,"timestamp":1612197023,"path_taken":["R_BF","M","?","M","?","?","T","M","M","M","E","M","R","?","M","BOSS","R_BF","M","M","M"],"items_purchased_type":[],"build_version":"2020-12-22","purchased_purges":0,"victory":false,"max_hp_per_floor":[59,59,59,59,59,64,64,64,64,64,64,64,64,64,64,64,64,64,64,64,64,64],"card_choices":[{"not_picked":[],"picked":"EpicFetus","floor":0},{"not_picked":["Slimebound:RainOfGoop","Slimebound:GoopSpray"],"picked":"Slimebound:RollThrough","floor":2},{"not_picked":["Slimebound:DivideAndConquer","Slimebound:ItLooksTasty"],"picked":"Slimebound:MegaLick","floor":4},{"not_picked":["Slimebound:FinishingTackle","Slimebound:SlimeBarrage"],"picked":"Slimebound:BestDefense","floor":5},{"not_picked":["Slimebound:FinishingTackle","Slimebound:Dissolve"],"picked":"Slimebound:RejuvenatingLick","floor":8},{"not_picked":["Slimebound:RollThrough","Slimebound:SamplingLick"],"picked":"Slimebound:MegaLick","floor":9},{"not_picked":["Slimebound:FormOfPuddle","Slimebound:SplitAcid"],"picked":"Slimebound:Prepare","floor":10},{"not_picked":["Slimebound:SplitAcid","Slimebound:FinishingTackle"],"picked":"Bomb","floor":11},{"not_picked":["Slimebound:LevelUp","Slimebound:SplitLeeching"],"picked":"Slimebound:SlimeSpikes","floor":12},{"not_picked":["Slimebound:RollThrough","Slimebound:Repurpose"],"picked":"Slimebound:PrepareCrush","floor":14},{"not_picked":["Slimebound:RollThrough","Slimebound:DisruptingSlam"],"picked":"Slimebound:Schlurp","floor":15},{"not_picked":["Slimebound:WasteNot","Slimebound:TagTeam"],"picked":"Slimebound:OozeBath","floor":16},{"not_picked":["Slimebound:Dissolve","Slimebound:ProtectTheBoss"],"picked":"Slimebound:ItLooksTasty","floor":19},{"not_picked":["Slimebound:Dissolve+1","Slimebound:AcidTongue"],"picked":"Slimebound:FormOfPuddle","floor":20}],"player_experience":557925,"relics_obtained":[{"floor":11,"key":"Potion Belt"}],"event_choices":[{"damage_healed":0,"gold_gain":0,"player_choice":"Donut","damage_taken":0,"max_hp_gain":5,"max_hp_loss":0,"event_name":"Big Fish","floor":6,"gold_loss":0}],"is_beta":false,"boss_relics":[{"not_picked":["hubris:TerracottaHorce","Slimebound:TarBlob"],"picked":"Velvet Choker"},{"not_picked":[]}],"items_purged_floors":[],"is_endless":false,"potions_floor_spawned":[2,8,11,12,16,19,20],"killed_by":"3 Cultists","ascension_level":0}}