{"host":"aaqofma31c3gm2hj","time":1612177365,"event":{"mods":["BaseMod","GungeonMod","Minty Spire (QoL Compilation)","Replay The Spire","Spicy Shops","StSLib"],"gold_per_floor":[114,114,114,127,127,160,173,173,197,209,209,226,239,266,266,266,364,364,380,391,220,240,155,188,188,215,215,515,280,280,280,205,205,205,205,205,305,305,318,338,338,338,122,122,140,140,173,200,238,238,278,278,115,131,131,131],"floor_reached":57,"language":"ZHS","playtime":2849,"items_purged":["Normality","DemoMod:Defend_Huntress","DemoMod:Defend_Huntress","DemoMod:Defend_Huntress","DemoMod:RustySidearm"],"score":1162,"play_id":"59ce7e2d-ee69-4a86-a6dc-aa4c6488329a","local_time":"20210201190245","is_ascension_mode":true,"campfire_choices":[{"data":"DemoMod:HungryBullets","floor":8.0,"key":"SMITH"},{"data":"DemoMod:Desperate","floor":15.0,"key":"SMITH"},{"data":"DemoMod:HungryBullets","floor":25.0,"key":"SMITH"},{"data":"DemoMod:TableSutra","floor":31.0,"key":"SMITH"},{"data":"DemoMod:Unity","floor":33.0,"key":"SMITH"},{"floor":35.0,"key":"REST"},{"data":"DemoMod:ManualReload","floor":36.0,"key":"SMITH"},{"data":"DemoMod:HungryBullets","floor":44.0,"key":"SMITH"},{"data":"DemoMod:Desperate","floor":46.0,"key":"SMITH"},{"data":"DemoMod:ZorGun","floor":50.0,"key":"SMITH"},{"data":"DemoMod:BSG","floor":55,"key":"SMITH"}],"circlet_count":0,"master_deck":["DemoMod:Roll+1","DemoMod:ManualReload+1","DemoMod:CrossBow","DemoMod:BSG+1","DemoMod:Unity+1","DemoMod:HungryBullets+1","DemoMod:Desperate+1","DemoMod:TableSutra+1","DemoMod:BSG+1","DemoMod:HungryBullets+1","DemoMod:BalloonGun","DemoMod:ZorGun+1","DemoMod:FullFirepower","DemoMod:Desperate+1","DemoMod:HungryBullets+1","DemoMod:ZorGun+1"],"relics":["DemoMod:Dog","NeowsBlessing","Centennial Puzzle","DemoMod:RedGuonStone","Gremlin Food","Runic Dome","Membership Card","ClockworkSouvenir","Replay:Mystery Machine","DemoMod:GlassGuonStoneRelic","Replay:Kaleidoscope","Mummified Hand","Old Coin","DemoMod:BlueGuonStone","DemoMod:SilverBullets","Coffee Dripper","Counterbalance","DemoMod:PinkGuonStone","Juzu Bracelet","Boot","DemoMod:PoisonVial","Replay:Baseball","Replay:Bottled Eggs","Happy Flower"],"acts_visited":["Exordium","TheCity","TheBeyond"],"potions_floor_usage":[56],"damage_taken":[{"damage":0.0,"enemies":"2 Louse","floor":1.0,"turns":2.0},{"damage":0.0,"enemies":"Small Slimes","floor":4.0,"turns":2.0},{"damage":0.0,"enemies":"Replay:BlueRogue","floor":6.0,"turns":1.0},{"damage":0.0,"enemies":"Jaw Worm","floor":7.0,"turns":2.0},{"damage":0.0,"enemies":"3 Louse","floor":10.0,"turns":1.0},{"damage":0.0,"enemies":"2 Fungi Beasts","floor":12.0,"turns":2.0},{"damage":0.0,"enemies":"Blue Slaver","floor":13.0,"turns":4.0},{"damage":0.0,"enemies":"Gremlin Nob","floor":14.0,"turns":3.0},{"damage":46.0,"enemies":"Slime Boss","floor":17.0,"turns":7.0},{"damage":4.0,"enemies":"2 Thieves","floor":19.0,"turns":2.0},{"damage":0.0,"enemies":"Shell Parasite","floor":20.0,"turns":2.0},{"damage":2.0,"enemies":"Cultist and Chosen","floor":22.0,"turns":4.0},{"damage":0.0,"enemies":"Book of Stabbing","floor":24.0,"turns":4.0},{"damage":0.0,"enemies":"Replay:Snechameleon","floor":26.0,"turns":5.0},{"damage":0.0,"enemies":"Pondfish","floor":37.0,"turns":5.0},{"damage":0.0,"enemies":"3 Darklings","floor":39.0,"turns":2.0},{"damage":15.0,"enemies":"3 Shapes","floor":45.0,"turns":1.0},{"damage":0.0,"enemies":"R_Hoarder","floor":47.0,"turns":5.0},{"damage":0.0,"enemies":"Giant Head","floor":49.0,"turns":5.0},{"damage":0.0,"enemies":"R_Hoarder","floor":51.0,"turns":7.0},{"damage":0,"enemies":"Jaw Worm Horde","floor":54,"turns":1},{"damage":0,"enemies":"Awakened One","floor":56,"turns":6}],"seed_played":"-18664837352050684","potions_obtained":[{"floor":1.0,"key":"Swift Potion"},{"floor":6.0,"key":"Elixir"},{"floor":12.0,"key":"Explosive Potion"},{"floor":14.0,"key":"Strength Potion"},{"floor":19.0,"key":"Adrenaline Potion"},{"floor":39.0,"key":"Adrenaline Potion"},{"floor":45.0,"key":"GamblersBrew"}],"is_trial":false,"path_per_floor":["M","?","?","M","?","E","M","R","T","M","?","M","M","E","R","R","B",null,"M","M","$","M","?","E","R","E","T","T","$","?","R","?","R","?","R","R","B",null,"M","?","?","?","$","R","M","R","E","T","E","R","E","T","$","M","R","B",null],"character_chosen":"HUNTRESS","items_purchased":["Membership Card","ClockworkSouvenir","DemoMod:BlueGuonStone","DemoMod:PinkGuonStone","DemoMod:HungryBullets","Happy Flower"],"campfire_rested":1,"item_purchase_floors":[21,21,29,43,43,53],"current_hp_per_floor":[70,70,70,70,70,70,70,70,70,70,70,70,70,70,70,70,24,70,66,66,66,64,64,64,64,64,64,64,64,64,64,64,64,64,70,70,70,70,70,70,70,70,77,77,62,62,62,62,62,62,62,62,62,62,62,62],"gold":131,"neow_bonus":"THREE_ENEMY_KILL","is_daily":false,"chose_seed":false,"campfire_upgraded":10,"win_rate":0.0,"timestamp":1612177365,"path_taken":["M","?","?","M","?","E","M","R","T","M","?","M","M","E","R","R","BOSS","M","M","$","M","?","E","R","E","T","T","$","?","R","?","R","?","R","R","BOSS","M","?","?","?","$","R","?","R","E","T","E","R","E","?","?","M","R","BOSS"],"items_purchased_type":["Relic","Relic","Relic","Relic","Card","Relic"],"build_version":"2020-12-22","purchased_purges":5,"victory":true,"max_hp_per_floor":[70,70,70,70,70,70,70,70,70,70,70,70,70,70,70,70,70,70,70,70,70,70,70,70,70,70,70,70,70,70,70,70,70,70,70,70,70,70,70,70,70,70,77,77,77,77,77,77,77,77,77,77,77,77,77,77],"card_choices":[{"not_picked":["DemoMod:TeaPot","DemoMod:HuntsMan","DemoMod:EasyReloadBullets"],"picked":"SKIP","floor":1.0},{"not_picked":["DemoMod:DoubleSwitch","DemoMod:FastSwitch","DemoMod:AbyssalTentacle"],"picked":"SKIP","floor":4.0},{"not_picked":["DemoMod:MachoBrace","DemoMod:TeaPot","DemoMod:HuntsMan"],"picked":"SKIP","floor":6.0},{"not_picked":["DemoMod:PracticeMakesPerfect","DemoMod:FastSwitch"],"picked":"DemoMod:HungryBullets","floor":7.0},{"not_picked":["DemoMod:SpreadAmmo","DemoMod:AC15","DemoMod:EasyReloadBullets"],"picked":"SKIP","floor":10.0},{"not_picked":["DemoMod:Ejector","DemoMod:BattleInHaste","DemoMod:HighKaliber"],"picked":"SKIP","floor":12.0},{"not_picked":["DemoMod:CursedBullets","DemoMod:StickyCrossBow","DemoMod:HardPowerCard"],"picked":"SKIP","floor":13.0},{"not_picked":["DemoMod:HungryBullets","DemoMod:PotionOfGunFriendShip"],"picked":"DemoMod:Desperate","floor":14.0},{"not_picked":["DemoMod:DarkMarker","DemoMod:ThirdPartyController"],"picked":"DemoMod:BSG","floor":17.0},{"not_picked":["DemoMod:Rummage","DemoMod:DoubleSwitch+1"],"picked":"DemoMod:HungryBullets","floor":19.0},{"not_picked":["DemoMod:Purify","DemoMod:Ejector+1"],"picked":"DemoMod:BalloonGun","floor":20.0},{"not_picked":["DemoMod:HuntsMan+1","DemoMod:TeaPot"],"picked":"DemoMod:ZorGun","floor":22.0},{"not_picked":["DemoMod:Unmoved","DemoMod:GunstockTap"],"picked":"DemoMod:FullFirepower","floor":24.0},{"not_picked":["DemoMod:Unmoved","DemoMod:FastSwitch","DemoMod:EasyReloadBullets+1"],"picked":"SKIP","floor":26.0},{"not_picked":["DemoMod:Elimentaler","DemoMod:BSG"],"picked":"DemoMod:Desperate","floor":37.0},{"not_picked":["DemoMod:Ejector+1","DemoMod:FastSwitch+1","DemoMod:Evolver"],"picked":"SKIP","floor":39.0},{"not_picked":["DemoMod:LifeOrb+1","DemoMod:MachoBrace","DemoMod:TeaPot+1"],"picked":"SKIP","floor":45.0},{"not_picked":["DemoMod:ProbeStrike","DemoMod:SAA"],"picked":"DemoMod:ZorGun","floor":47.0},{"not_picked":["DemoMod:ProbeStrike","DemoMod:BoxingGlove","DemoMod:Unity"],"picked":"SKIP","floor":49.0},{"not_picked":["DemoMod:DirectionalPad","DemoMod:Unity","DemoMod:SAA"],"picked":"SKIP","floor":51.0},{"not_picked":["DemoMod:CursedBullets+1","DemoMod:DirectionalPad","DemoMod:MachoBrace+1"],"picked":"SKIP","floor":54},{"not_picked":["DemoMod:RadGun+1","DemoMod:SpreadAmmo+1","DemoMod:SAA+1"],"picked":"SKIP","floor":54}],"player_experience":627696,"relics_obtained":[{"floor":6.0,"key":"Centennial Puzzle"},{"floor":9.0,"key":"DemoMod:RedGuonStone"},{"floor":14.0,"key":"Gremlin Food"},{"floor":24.0,"key":"Replay:Kaleidoscope"},{"floor":26.0,"key":"Mummified Hand"},{"floor":28.0,"key":"Old Coin"},{"floor":40.0,"key":"Counterbalance"},{"floor":47.0,"key":"Juzu Bracelet"},{"floor":48.0,"key":"Boot"},{"floor":49.0,"key":"DemoMod:PoisonVial"},{"floor":51.0,"key":"Replay:Baseball"},{"floor":52.0,"key":"Replay:Bottled Eggs"}],"event_choices":[{"damage_healed":0.0,"max_hp_gain":0.0,"max_hp_loss":0.0,"gold_gain":0.0,"cards_transformed":["DemoMod:Strike_Huntress"],"event_name":"Living Wall","player_choice":"Change","floor":3.0,"gold_loss":0.0,"damage_taken":0.0,"cards_obtained":["DemoMod:Unity"]},{"damage_healed":0.0,"max_hp_gain":0.0,"max_hp_loss":0.0,"gold_gain":0.0,"event_name":"Liars Game","player_choice":"Ignored","floor":5.0,"gold_loss":0.0,"damage_taken":0.0},{"damage_healed":0.0,"max_hp_gain":0.0,"max_hp_loss":0.0,"gold_gain":0.0,"event_name":"Shining Light","player_choice":"Ignored","floor":11.0,"gold_loss":0.0,"damage_taken":0.0},{"damage_healed":0.0,"max_hp_gain":0.0,"max_hp_loss":0.0,"gold_gain":0.0,"event_name":"Addict","player_choice":"Obtained Relic","floor":23.0,"gold_loss":85.0,"damage_taken":0.0,"relics_obtained":["Replay:Mystery Machine"]},{"damage_healed":0.0,"max_hp_gain":0.0,"max_hp_loss":0.0,"gold_gain":0.0,"event_name":"The Mausoleum","player_choice":"Opened","floor":30.0,"gold_loss":0.0,"damage_taken":0.0,"relics_obtained":["DemoMod:SilverBullets"]},{"cards_removed":["DemoMod:Defend_Huntress"],"damage_healed":0.0,"max_hp_gain":0.0,"max_hp_loss":0.0,"gold_gain":0.0,"event_name":"Beggar","player_choice":"Gave Gold","floor":32.0,"gold_loss":75.0,"damage_taken":0.0},{"damage_healed":0.0,"max_hp_gain":0.0,"max_hp_loss":0.0,"gold_gain":0.0,"event_name":"Vampires","player_choice":"Ignored","floor":34.0,"gold_loss":0.0,"damage_taken":0.0}],"is_beta":false,"boss_relics":[{"not_picked":["Fusion Hammer","Abe\u0027s Treasure"],"picked":"Runic Dome"},{"not_picked":["Sozu","SacredBark"],"picked":"Coffee Dripper"}],"items_purged_floors":[21,29,29,43,53],"is_endless":false,"potions_floor_spawned":[1,6,12,14,19,39,45],"ascension_level":1}}