{"host":"3twtdwjpiqhvvn5s","time":1612179661,"event":{"mods":["AchievementEnabler","Act Like it!","Aspiration","BaseMod","BetterRewards","Colored Map","Colored Powertips","Downfall","Duelist Mod","Friendly Minions","GifTheSpireLib","Hallownest","Hermit","Hubris","Infinite Spire","Jorbs\u0027s Wanderer Trilogy","Koishi","KomeijiMod","Marisa????????","Minty Spire (QoL Compilation)","Quick Restart","Rare Cards Sparkle","Replay The Spire","Shop Mod","StSLib","Td1madao Mod","The Administrix","The Animator","The Bug Knight","The Caster","The Cursed","The Disciple","The Hierophant","The Necromancer","The Poker Player","The Runesmith","The Servant 0.9.4"],"gold_per_floor":[112,132,147,11,29,29,63,76,151,164,178,192,205,227,227,227,227],"floor_reached":16,"language":"ENG","playtime":36169,"items_purged":[],"score":110,"play_id":"2893a6ef-2c8a-4467-9e33-78e91fe998a1","local_time":"20210201054100","daily_mods":["Cursed Run"],"is_ascension_mode":false,"campfire_choices":[{"data":"HollowMod:HuntersJournal","floor":6,"key":"SMITH"},{"data":"FormalWear","floor":15,"key":"SMITH"}],"circlet_count":0,"master_deck":["Strike_Br","Strike_Br","Strike_Br","Strike_Br","Defend_Br","Defend_Br","Defend_Br","Defend_Br","SecondHand","PatternShift","HollowMod:HuntersJournal+1","Accruing","Keepsakes","HollowMod:SlysStrikes","TiringSlam","ReapSow","EscortCommand","Accelerando","HollowMod:DashSlash","downfall:Bewildered","WindUp","ReapSow","FormalWear+1","LockedMawBank","FormalWear"],"relics":["Cursed Key","Darkstone Periapt","Du-Vu Doll","BlueBox","Eternal Feather"],"acts_visited":["Exordium"],"potions_floor_usage":[3,7,11,16,16],"damage_taken":[{"damage":0,"enemies":"Cultist","floor":1,"turns":5},{"damage":0,"enemies":"Small Slimes","floor":2,"turns":6},{"damage":2,"enemies":"Jaw Worm","floor":3,"turns":4},{"damage":3,"enemies":"2 Fungi Beasts","floor":5,"turns":4},{"damage":13,"enemies":"3 Sentries","floor":7,"turns":6},{"damage":1,"enemies":"3 Louse","floor":8,"turns":3},{"damage":0,"enemies":"Looter","floor":10,"turns":2},{"damage":15,"enemies":"Exordium Thugs","floor":11,"turns":4},{"damage":0,"enemies":"3 Louse","floor":12,"turns":3},{"damage":0,"enemies":"Looter","floor":13,"turns":2},{"damage":0,"enemies":"Large Slime","floor":14,"turns":5},{"damage":62,"enemies":"Fading Forest","floor":16,"turns":5}],"seed_played":"-8993483022988376541","potions_obtained":[{"floor":2,"key":"LiquidBronze"},{"floor":3,"key":"SneckoOil"},{"floor":8,"key":"Dexterity Potion"},{"floor":12,"key":"SkillPotion"},{"floor":13,"key":"sneckomod:MuddlingPotion"},{"floor":14,"key":"SteroidPotion"}],"is_trial":true,"path_per_floor":["M","M","M","$","M","R","E","M","T","M","M","M","M","M","R","B"],"character_chosen":"CHRONO_CLASS","items_purchased":["HollowMod:SlysStrikes"],"campfire_rested":0,"item_purchase_floors":[4],"current_hp_per_floor":[65,65,63,63,60,60,47,46,52,52,37,37,37,37,52,0,0],"gold":227,"neow_bonus":"","is_daily":false,"chose_seed":false,"campfire_upgraded":2,"win_rate":0.0,"timestamp":1612179660,"path_taken":["M","M","M","$","M","R","E","M","T","M","M","?","M","M","R","BOSS"],"items_purchased_type":["Card"],"build_version":"2020-12-22","purchased_purges":0,"victory":false,"max_hp_per_floor":[65,65,65,65,65,65,65,65,71,71,71,71,71,71,71,71,71],"card_choices":[{"not_picked":["LockedUrn","LockedAnchor"],"picked":"HollowMod:HuntersJournal","floor":1},{"not_picked":["HollowMod:VengefulVoid","HollowMod:MothsMistake"],"picked":"Accruing","floor":2},{"not_picked":["Tempo","ReapSow"],"picked":"Keepsakes","floor":3},{"not_picked":["HollowMod:LifebloodCocoon","LockedTurtyl"],"picked":"TiringSlam","floor":5},{"not_picked":["CrunchTime","HollowMod:InfectedCysts"],"picked":"EscortCommand","floor":7},{"not_picked":["HollowMod:LordofShades","HollowMod:SoulSplash"],"picked":"HollowMod:DashSlash","floor":8},{"not_picked":["HollowMod:DoubleDash","Stagnate"],"picked":"WindUp","floor":10},{"not_picked":["Keepsakes","HollowMod:FallenFury"],"picked":"ReapSow","floor":11},{"not_picked":["HollowMod:MawleksShell","HollowMod:SoulStrike"],"picked":"FormalWear","floor":12},{"not_picked":["HollowMod:SharpenedNail","HollowMod:SoulStrike"],"picked":"LockedMawBank","floor":13},{"not_picked":["HollowMod:CloakDash","HollowMod:LuriensSpire"],"picked":"FormalWear","floor":14}],"player_experience":2382917,"relics_obtained":[{"floor":7,"key":"BlueBox"},{"floor":9,"key":"Eternal Feather"}],"event_choices":[],"is_beta":false,"boss_relics":[],"items_purged_floors":[],"is_endless":false,"potions_floor_spawned":[2,3,8,12,13,14],"killed_by":"Fading Forest","ascension_level":0}}