{"host":"rolltorest","time":1612169948,"event":{"mods":["BaseMod","Minty Spire (QoL Compilation)","Relic Stats","Slay the Relics Exporter","StSLib"],"gold_per_floor":[112,37,37,55,55,55,55,80,150,165,176,201,215,235,235,310,310,322,322,322,54,72,103,116,116,116],"floor_reached":25,"language":"ENG","playtime":648,"items_purged":["Decay"],"score":516,"play_id":"8f31ee56-7437-490a-ba49-162c34b9fcd3","local_time":"20210201005908","is_ascension_mode":true,"campfire_choices":[{"data":"Defragment","floor":6,"key":"SMITH"},{"data":"Creative AI","floor":15,"key":"SMITH"}],"circlet_count":0,"master_deck":["AscendersBane","Strike_B","Strike_B","Strike_B","Defend_B","Defend_B","Defend_B","Defend_B","Zap","Dualcast","Defragment+1","Cold Snap","Auto Shields","Ball Lightning","Creative AI+1","Reinforced Body","Ball Lightning","Cold Snap","Biased Cognition","Defragment+1","Glacier","Recycle","Loop","Sweeping Beam"],"relics":["Cracked Core","NeowsBlessing","Lantern","Letter Opener","Anchor","Cursed Key","Question Card"],"acts_visited":["Exordium","TheCity"],"potions_floor_usage":[16,23,23,25],"damage_taken":[{"damage":0,"enemies":"Small Slimes","floor":1,"turns":1},{"damage":0,"enemies":"Cultist","floor":4,"turns":1},{"damage":0,"enemies":"Gremlin Nob","floor":8,"turns":1},{"damage":2,"enemies":"Jaw Worm","floor":10,"turns":3},{"damage":0,"enemies":"Looter","floor":11,"turns":2},{"damage":3,"enemies":"Lagavulin","floor":12,"turns":7},{"damage":0,"enemies":"Red Slaver","floor":13,"turns":3},{"damage":9,"enemies":"Exordium Wildlife","floor":14,"turns":3},{"damage":3,"enemies":"Slime Boss","floor":16,"turns":10},{"damage":8,"enemies":"Shell Parasite","floor":18,"turns":6},{"damage":7,"enemies":"Chosen","floor":22,"turns":5},{"damage":30,"enemies":"Gremlin Leader","floor":23,"turns":9},{"damage":0,"enemies":"Snecko","floor":24,"turns":7},{"damage":26,"enemies":"Book of Stabbing","floor":25,"turns":4}],"seed_played":"5726609092652381255","potions_obtained":[{"floor":1,"key":"FearPotion"},{"floor":4,"key":"SkillPotion"},{"floor":16,"key":"Swift Potion"},{"floor":24,"key":"SkillPotion"}],"is_trial":false,"path_per_floor":["M","?","?","M","$","R","$","E","T","M","M","E","M","M","R","B",null,"M","?","?","$","M","E","M","E"],"character_chosen":"DEFECT","items_purchased":["Glacier","Recycle","Loop"],"campfire_rested":0,"item_purchase_floors":[21,21,21],"current_hp_per_floor":[64,64,64,64,64,64,64,64,64,62,62,59,59,50,50,47,65,57,57,57,57,50,20,20,0,0],"gold":116,"neow_bonus":"THREE_ENEMY_KILL","is_daily":false,"chose_seed":false,"campfire_upgraded":2,"win_rate":0.0,"timestamp":1612169948,"path_taken":["M","?","?","?","$","R","$","E","T","M","M","E","M","M","R","BOSS","M","?","?","$","?","E","M","E"],"items_purchased_type":["Card","Card","Card"],"build_version":"2020-12-18","purchased_purges":1,"victory":false,"max_hp_per_floor":[71,71,71,71,71,71,71,71,71,71,71,71,71,71,71,71,71,71,71,71,71,71,71,71,71,71],"relic_stats":{"counters":[14,62],"Letter Opener":[30],"Cursed Key":0,"Question Card":1,"obtain_stats":[{"Lantern":8,"Anchor":12,"NeowsBlessing":0,"Letter Opener":9,"Cracked Core":0,"Cursed Key":17,"Question Card":23},{"Lantern":3,"Anchor":6,"NeowsBlessing":0,"Letter Opener":3,"Cracked Core":0,"Cursed Key":9,"Question Card":12},{"Lantern":3,"Anchor":15,"NeowsBlessing":0,"Letter Opener":3,"Cracked Core":0,"Cursed Key":31,"Question Card":51}]},"card_choices":[{"not_picked":["Static Discharge","Self Repair"],"picked":"Defragment","floor":1},{"not_picked":["Conserve Battery","Streamline"],"picked":"Cold Snap","floor":4},{"not_picked":["Beam Cell","Steam"],"picked":"Auto Shields","floor":8},{"not_picked":["Recycle","Hello World"],"picked":"Ball Lightning","floor":10},{"not_picked":["Force Field","Hologram"],"picked":"Creative AI","floor":11},{"not_picked":["Beam Cell","Reprogram"],"picked":"Reinforced Body","floor":12},{"not_picked":["Stack","Auto Shields"],"picked":"Ball Lightning","floor":13},{"not_picked":["White Noise","Barrage"],"picked":"Cold Snap","floor":14},{"not_picked":["Meteor Strike","Thunder Strike"],"picked":"Biased Cognition","floor":16},{"not_picked":["Rebound","Leap+1","Stack"],"picked":"SKIP","floor":18},{"not_picked":["Gash","Stack"],"picked":"Sweeping Beam","floor":22},{"not_picked":["Hyperbeam","Rebound","Gash"],"picked":"SKIP","floor":23},{"not_picked":["Gash","Tempest","Turbo","Ball Lightning"],"picked":"SKIP","floor":24}],"player_experience":1794667,"relics_obtained":[{"floor":8,"key":"Lantern"},{"floor":9,"key":"Letter Opener"},{"floor":12,"key":"Anchor"},{"floor":23,"key":"Question Card"}],"event_choices":[{"cards_removed":["Strike_B"],"damage_healed":0,"gold_gain":0,"player_choice":"Card Removal","damage_taken":0,"max_hp_gain":0,"max_hp_loss":0,"event_name":"The Cleric","floor":2,"gold_loss":75},{"damage_healed":0,"gold_gain":0,"player_choice":"Cursed","damage_taken":0,"max_hp_gain":0,"max_hp_loss":0,"event_name":"Wheel of Change","floor":3,"gold_loss":0,"cards_obtained":["Decay"]},{"damage_healed":0,"gold_gain":0,"player_choice":"Ignored","damage_taken":0,"max_hp_gain":0,"max_hp_loss":0,"event_name":"The Mausoleum","floor":19,"gold_loss":0},{"damage_healed":0,"gold_gain":0,"player_choice":"Copied","damage_taken":0,"max_hp_gain":0,"max_hp_loss":0,"event_name":"Duplicator","floor":20,"gold_loss":0,"cards_obtained":["Defragment"]}],"is_beta":true,"boss_relics":[{"not_picked":["Calling Bell","Philosopher\u0027s Stone"],"picked":"Cursed Key"}],"items_purged_floors":[21],"is_endless":false,"potions_floor_spawned":[1,4,12,16,22,24],"killed_by":"Book of Stabbing","ascension_level":20}}