{"host":"hxex1q8lhnh7wpd4","time":1612186881,"event":{"mods":["100% Spire Juice","BaseMod","CapriCore","Hermit","Koishi","Lobotomy","Minty Spire (QoL Compilation)","Replay The Spire","StSLib","The Bug Knight","The Cursed","The Dragon Tamer","The Gatherer","The Hierophant","The Immortal","The Poker Player","The Runesmith"],"gold_per_floor":[110,110,35,49,49,49,75,91,91,122,122,151,165,193,193,298,298,315,315,240,274,274,274],"floor_reached":22,"language":"KOR","playtime":907,"items_purged":["Strike_R"],"score":221,"play_id":"3050bdd4-a17e-4299-b10a-556911cc00d3","local_time":"20210201224121","is_ascension_mode":true,"campfire_choices":[{"data":"1","floor":6,"key":"LIFT"},{"data":"2","floor":15,"key":"LIFT"}],"circlet_count":0,"master_deck":["Strike_R","Strike_R","Strike_R","Strike_R","Defend_R","Defend_R","Defend_R","Defend_R","Bash","Berserk","Armaments","Cleave","Clash","Flex","Pommel Strike","Berserk","Barricade","Iron Wave+1","Burning Pact"],"relics":["Burning Blood","Girya","Snack Pack","Replay:Bottled Flurry","PreservedInsect","Pet Ghost","Lizard Tail","Philosopher\u0027s Stone","Pocketwatch","Red Mask"],"acts_visited":["Exordium","TheCity"],"potions_floor_usage":[7,7,16,16,21],"damage_taken":[{"damage":5,"enemies":"2 Louse","floor":1,"turns":3},{"damage":6,"enemies":"Cultist","floor":4,"turns":3},{"damage":18,"enemies":"Gremlin Nob","floor":7,"turns":4},{"damage":1,"enemies":"Jaw Worm","floor":8,"turns":4},{"damage":50,"enemies":"Lagavulin","floor":10,"turns":6},{"damage":14,"enemies":"Gremlin Nob","floor":12,"turns":3},{"damage":0,"enemies":"Large Slime","floor":13,"turns":4},{"damage":9,"enemies":"HollowMod:MossKnight","floor":14,"turns":3},{"damage":21,"enemies":"The Guardian","floor":16,"turns":7},{"damage":16,"enemies":"Spheric Guardian","floor":18,"turns":3},{"damage":19,"enemies":"Masked Bandits","floor":21,"turns":3}],"seed_played":"-3604163332180659631","potions_obtained":[{"floor":1,"key":"Energy Potion"},{"floor":2,"key":"Swift Potion"},{"floor":2,"key":"Block Potion"},{"floor":7,"key":"Toxic Potion"},{"floor":12,"key":"BlessingOfTheForge"},{"floor":16,"key":"Explosive Potion"}],"is_trial":false,"path_per_floor":["M","?","$","M","?","R","E","M","T","E","?","E","M","E","R","B",null,"M","?","?","?","$"],"character_chosen":"IRONCLAD","items_purchased":[],"campfire_rested":0,"item_purchase_floors":[],"current_hp_per_floor":[80,80,80,80,68,68,56,61,61,21,47,41,51,48,48,39,80,70,70,70,61,61,61],"gold":274,"neow_bonus":"ONE_RANDOM_RARE_CARD","is_daily":false,"chose_seed":false,"campfire_upgraded":0,"win_rate":0.0,"timestamp":1612186881,"path_taken":["M","?","$","?","?","R","E","M","T","E","?","E","M","E","R","BOSS","M","?","?","?","$"],"items_purchased_type":[],"build_version":"2020-12-22","purchased_purges":1,"victory":false,"max_hp_per_floor":[80,80,80,80,80,80,80,80,80,80,80,80,80,80,80,80,80,80,80,80,80,80,80],"card_choices":[{"not_picked":["ReplayTheSpireMod:LeadingStrike","Second Wind","ReplayTheSpireMod:Limb From Limb"],"picked":"SKIP","floor":1},{"not_picked":["Sword Boomerang","Warcry"],"picked":"Armaments","floor":4},{"not_picked":["Body Slam","Eclipse"],"picked":"Cleave","floor":7},{"not_picked":["Sword Boomerang","Feel No Pain","ReplayTheSpireMod:Strike From Hell"],"picked":"SKIP","floor":8},{"not_picked":["Armaments","Reckless Charge"],"picked":"Clash","floor":10},{"not_picked":["Body Slam","ReplayTheSpireMod:Limb From Limb"],"picked":"Flex","floor":12},{"not_picked":["Life Link","Iron Wave"],"picked":"Pommel Strike","floor":13},{"not_picked":["Shrug It Off","Clothesline"],"picked":"Berserk","floor":14},{"not_picked":["Impervious","Corruption"],"picked":"Barricade","floor":16},{"not_picked":["Sword Boomerang","Wild Strike+1"],"picked":"Iron Wave+1","floor":18},{"not_picked":["Perfected Strike","ReplayTheSpireMod:Corrosion Curse"],"picked":"Burning Pact","floor":21}],"player_experience":199359,"relics_obtained":[{"floor":7,"key":"Snack Pack"},{"floor":9,"key":"Replay:Bottled Flurry"},{"floor":10,"key":"PreservedInsect"},{"floor":12,"key":"Pet Ghost"},{"floor":14,"key":"Lizard Tail"},{"floor":21,"key":"Red Mask"}],"event_choices":[{"damage_healed":0,"gold_gain":0,"player_choice":"Got Potions","damage_taken":0,"max_hp_gain":0,"max_hp_loss":0,"event_name":"Lab","floor":2,"gold_loss":0},{"damage_healed":0,"gold_gain":0,"player_choice":"Success","damage_taken":12,"relics_obtained":["Girya"],"max_hp_gain":0,"max_hp_loss":0,"event_name":"Scrap Ooze","floor":5,"gold_loss":0},{"damage_healed":26,"gold_gain":0,"player_choice":"Banana","damage_taken":0,"max_hp_gain":0,"max_hp_loss":0,"event_name":"Big Fish","floor":11,"gold_loss":0},{"cards_removed":["Shame"],"damage_healed":0,"gold_gain":0,"player_choice":"Gave Gold","damage_taken":0,"max_hp_gain":0,"max_hp_loss":0,"event_name":"Beggar","floor":20,"gold_loss":75},{"damage_healed":0,"gold_gain":0,"player_choice":"Fought Bandits","damage_taken":0,"max_hp_gain":0,"max_hp_loss":0,"event_name":"Masked Bandits","floor":21,"gold_loss":0}],"is_beta":false,"boss_relics":[{"not_picked":["Ooze Armor","Sozu"],"picked":"Philosopher\u0027s Stone"}],"items_purged_floors":[3],"is_endless":false,"potions_floor_spawned":[1,7,12,16],"ascension_level":1}}