{"host":"vqgrg90fv56geajp","time":1612182567,"event":{"mods":["BaseMod","Colored Map","Colored Powertips","Minty Spire (QoL Compilation)","Quick Restart","Rare Cards Sparkle","Relic Stats"],"gold_per_floor":[112,123,198,218,54,84,84,84,107,107,107,107],"floor_reached":11,"language":"ENG","playtime":696,"items_purged":[],"score":142,"play_id":"22ee77d2-63ac-4948-b5d7-b17de97e7a57","local_time":"20210201142927","is_ascension_mode":true,"campfire_choices":[{"floor":8,"key":"REST"},{"floor":10,"key":"REST"}],"circlet_count":0,"master_deck":["AscendersBane","Strike_G","Strike_G","Strike_G","Strike_G","Defend_G","Defend_G","Defend_G","Defend_G","Defend_G","Survivor","Neutralize","Choke","Backstab","PiercingWail","Storm of Steel","Terror"],"relics":["Ring of the Snake","WingedGreaves","Lantern","Nunchaku"],"acts_visited":["Exordium"],"potions_floor_usage":[6,11],"damage_taken":[{"damage":1,"enemies":"2 Louse","floor":1,"turns":3},{"damage":1,"enemies":"Small Slimes","floor":2,"turns":5},{"damage":4,"enemies":"Jaw Worm","floor":4,"turns":2},{"damage":35,"enemies":"3 Sentries","floor":6,"turns":14},{"damage":45,"enemies":"Lagavulin","floor":11,"turns":8}],"seed_played":"-6546206811760734248","potions_obtained":[{"floor":4,"key":"EssenceOfSteel"},{"floor":6,"key":"AttackPotion"}],"is_trial":false,"path_per_floor":["M","M","?","M","$","E","?","R","T","R","E"],"character_chosen":"THE_SILENT","items_purchased":["Storm of Steel"],"campfire_rested":2,"item_purchase_floors":[5],"current_hp_per_floor":[58,57,46,42,42,7,7,25,25,43,0,0],"gold":107,"neow_bonus":"ONE_RARE_RELIC","is_daily":false,"chose_seed":false,"campfire_upgraded":0,"win_rate":0.0,"timestamp":1612182567,"path_taken":["M","M","?","M","$","E","?","R","T","R","E"],"items_purchased_type":["Card"],"build_version":"2020-12-22","purchased_purges":0,"victory":false,"max_hp_per_floor":[60,60,60,60,60,60,60,60,60,60,60,60],"relic_stats":{"Nunchaku":[1],"counters":[5,32],"obtain_stats":[{"Lantern":6,"Nunchaku":9,"WingedGreaves":0,"Ring of the Snake":0},{"Lantern":4,"Nunchaku":4,"WingedGreaves":0,"Ring of the Snake":0},{"Lantern":24,"Nunchaku":24,"WingedGreaves":0,"Ring of the Snake":0}],"Ring of the Snake":[10]},"card_choices":[{"not_picked":["Slice","Prepared"],"picked":"Choke","floor":1},{"not_picked":["Flying Knee","Dagger Throw"],"picked":"Backstab","floor":2},{"not_picked":["Phantasmal Killer","Flying Knee"],"picked":"PiercingWail","floor":4},{"not_picked":["Outmaneuver","Quick Slash","Acrobatics"],"picked":"SKIP","floor":6}],"player_experience":2529916,"relics_obtained":[{"floor":6,"key":"Lantern"},{"floor":9,"key":"Nunchaku"}],"event_choices":[{"damage_healed":0,"gold_gain":75,"player_choice":"Gather Gold","damage_taken":11,"max_hp_gain":0,"max_hp_loss":0,"event_name":"World of Goop","floor":3,"gold_loss":0},{"damage_healed":0,"gold_gain":0,"cards_transformed":["Strike_G"],"player_choice":"Change","damage_taken":0,"max_hp_gain":0,"max_hp_loss":0,"event_name":"Living Wall","floor":7,"gold_loss":0,"cards_obtained":["Terror"]}],"is_beta":false,"boss_relics":[],"items_purged_floors":[],"is_endless":false,"potions_floor_spawned":[4,6],"killed_by":"Lagavulin","ascension_level":20}}