{"host":"soyfmymeou4emntr","time":1612151992,"event":{"mods":["BaseMod","BetterRewards","Minty Spire (QoL Compilation)","Relic Sorter","Relic Stats","StSLib"],"gold_per_floor":[118,130,148,73,84,113,113,113,113],"floor_reached":8,"language":"ENG","playtime":401,"items_purged":[],"score":116,"play_id":"e216c7ea-54a9-47ae-ae77-5c5170b66426","local_time":"20210131205952","is_ascension_mode":true,"campfire_choices":[],"circlet_count":0,"master_deck":["AscendersBane","Strike_B","Strike_B","Defend_B","Defend_B","Defend_B","Defend_B","Zap","Dualcast","Ball Lightning","Sweeping Beam","Rainbow","Darkness","Reinforced Body"],"relics":["Sozu","Matryoshka"],"acts_visited":["Exordium"],"potions_floor_usage":[],"damage_taken":[{"damage":7.0,"enemies":"Small Slimes","floor":1.0,"turns":3.0},{"damage":4.0,"enemies":"2 Louse","floor":2.0,"turns":2.0},{"damage":1.0,"enemies":"Cultist","floor":3.0,"turns":4.0},{"damage":0.0,"enemies":"2 Fungi Beasts","floor":5.0,"turns":3.0},{"damage":15.0,"enemies":"Lagavulin","floor":6.0,"turns":5.0},{"damage":38,"enemies":"Gremlin Nob","floor":8,"turns":3}],"seed_played":"5521161826724502475","potions_obtained":[],"is_trial":false,"path_per_floor":["M","M","M","?","M","E","?","E"],"character_chosen":"DEFECT","items_purchased":[],"campfire_rested":0,"item_purchase_floors":[],"current_hp_per_floor":[57,53,52,52,52,37,37,0,0],"gold":113,"neow_bonus":"BOSS_RELIC","is_daily":false,"chose_seed":false,"campfire_upgraded":0,"win_rate":0.0,"timestamp":1612151992,"path_taken":["M","M","M","?","M","E","?","E"],"items_purchased_type":[],"build_version":"2020-12-22","purchased_purges":0,"victory":false,"max_hp_per_floor":[71,71,71,71,71,71,71,71,71],"relic_stats":{"Sozu":1,"counters":[6,20],"obtain_stats":[{"Sozu":0,"Matryoshka":6,"Cracked Core":0},{"Sozu":0,"Matryoshka":5,"Cracked Core":0},{"Sozu":0,"Matryoshka":17,"Cracked Core":0}]},"card_choices":[{"not_picked":["Redo","Glacier"],"picked":"Ball Lightning","floor":1.0},{"not_picked":["Conserve Battery","Beam Cell"],"picked":"Sweeping Beam","floor":2.0},{"not_picked":["Streamline","Go for the Eyes"],"picked":"Rainbow","floor":3.0},{"not_picked":["Gash","Hologram"],"picked":"Darkness","floor":5.0},{"not_picked":["Aggregate","Turbo"],"picked":"Reinforced Body","floor":6.0}],"player_experience":2963944,"relics_obtained":[{"floor":6.0,"key":"Matryoshka"}],"event_choices":[{"cards_removed":["Strike_B"],"damage_healed":0.0,"max_hp_gain":0.0,"max_hp_loss":0.0,"gold_gain":0.0,"event_name":"The Cleric","player_choice":"Card Removal","floor":4.0,"gold_loss":75.0,"damage_taken":0.0},{"cards_removed":["Strike_B"],"damage_healed":0.0,"max_hp_gain":0.0,"max_hp_loss":0.0,"gold_gain":0.0,"event_name":"Purifier","player_choice":"Purged","floor":7.0,"gold_loss":0.0,"damage_taken":0.0}],"is_beta":false,"boss_relics":[],"items_purged_floors":[],"is_endless":false,"potions_floor_spawned":[5],"killed_by":"Gremlin Nob","ascension_level":20}}