{"host":"dscols65uipasqd2","time":1612148178,"event":{"mods":["2.2 Compatiblity","AchievementEnabler","Aspiration","BaseMod","Colored Powertips","Downfall","Energized Spire","GifTheSpireLib","Hermit","Hubris","Infinite Spire","JesterMod","Jorbs\u0027s Wanderer Trilogy","Magitek Elite","Marisa????????","Minty Spire (QoL Compilation)","Rare Cards Sparkle","Replay The Spire","StSLib","Stuff the Spire","The Cursed","The Disciple","The Hierophant","The Judge","The Jungle","TheFirefly"],"gold_per_floor":[99,99,99,99,99,140,193,212,242,242,273,286,286,301,320,417,417,417,428,428,428,2,2,52,63,48,82,98,114,125,144,160,263,263,163,183,199,199,199,218,218,233,133,143,143,154,171,197,97,97,97,124,22,22,22,22],"floor_reached":57,"language":"ENG","playtime":4201,"items_purged":["StuffTheSpire:CuriosityCurse"],"score":1236,"play_id":"21742cab-259d-4332-9da5-a7b3e817afea","local_time":"20210131215618","is_ascension_mode":true,"campfire_choices":[{"floor":1,"key":"DIG"},{"floor":10,"key":"REST"},{"floor":13,"key":"REST"},{"floor":18,"key":"DIG"},{"floor":35,"key":"RECALL"},{"floor":43,"key":"REST"},{"floor":49,"key":"REST"},{"floor":54,"key":"REST"}],"circlet_count":0,"master_deck":["bronze:Strike","bronze:Strike","bronze:Strike","bronze:Defend","bronze:Defend","bronze:Defend","bronze:Replicate","bronze:Goto","bronze:Branch","bronze:BugBarrage","bronze:DelayedSlice","bronze:Fortify","bronze:Iterate","bronze:Overheat","bronze:Shield","bronze:WildBeam","bronze:Boost","bronze:Branch","bronze:HardenedForm","bronze:Invalidate","bronze:Branch+1","ReplayTheSpireMod:Brewmster","bronze:FollowUp","bronze:Allocate","bronze:Fortify+1","bronze:Constructor","bronze:Shell","bronze:Separator","bronze:GetLatest","bronze:Backtrace","bronze:BurnOut","bronze:DarkDash+1","bronze:BronzeArmor+1","bronze:BitShift+1","bronze:Separator+1","bronze:BugBarrage+1","bronze:Constructor+1","bronze:InfiniteBeams+1","infinitespire:TheBestDefense","ReplayTheSpireMod:Black Plague","bronze:NullPointer","bronze:Iterate","bronze:Constructor+1","bronze:ForceShield","bronze:FineTuning","bronze:Deprecate+1","bronze:Separator+1","bronze:WildBeam+1","bronze:Turbo"],"relics":["bronze:BronzeCore","downfall:HeartsMalice","Incense Burner","Replay:Accelerometer","infinitespire:Satchel","infinitespire:Beetle Shell","hubris:DeckOfHolding","Golden_Hairpin","Calipers","Darkstone Periapt","Genji_Glove","downfall:KnowingSkull","HornCleat","energizedSpire:SpiderWeb","downfall:HeartBlessingBlue","Orrery","Honey Jar","StuffTheSpire:CocoNut","downfall:HeartBlessingRed","Bag of Marbles","downfall:HeartBlessingGreen","infinitespire:BottledMercury"],"acts_visited":["Exordium","TheCity","TheBeyond","TheEnding"],"potions_floor_usage":[9,9,9,11,16,16,26,26,28,28,33,33,33,37,37,37,40,40,46,47,47,48,48,48,48,48,50,50,52,55,55,55,56,56,56,56,56],"damage_taken":[{"damage":0,"enemies":"Jaw Worm","floor":2,"turns":1},{"damage":0,"enemies":"Cultist","floor":4,"turns":1},{"damage":0,"enemies":"Small Slimes","floor":5,"turns":1},{"damage":18,"enemies":"3 Louse","floor":8,"turns":2},{"damage":4,"enemies":"3 Sentries","floor":9,"turns":6},{"damage":30,"enemies":"Lagavulin","floor":11,"turns":6},{"damage":8,"enemies":"Red Slaver","floor":12,"turns":3},{"damage":4,"enemies":"Large Slime","floor":14,"turns":5},{"damage":4,"enemies":"Exordium Thugs","floor":15,"turns":5},{"damage":40,"enemies":"WA_ARCHETYPE_RETAIN","floor":16,"turns":8},{"damage":13,"enemies":"3 Byrds","floor":19,"turns":5},{"damage":0,"enemies":"downfall:FleeingMerchant","floor":22,"turns":4},{"damage":1,"enemies":"Spheric Guardian","floor":25,"turns":2},{"damage":1,"enemies":"downfall:FleeingMerchant","floor":26,"turns":4},{"damage":5,"enemies":"Book of Stabbing","floor":27,"turns":5},{"damage":5,"enemies":"Centurion and Healer","floor":28,"turns":4},{"damage":1,"enemies":"Snecko","floor":29,"turns":3},{"damage":4,"enemies":"Snake Plant","floor":30,"turns":3},{"damage":15,"enemies":"Shelled Parasite and Fungi","floor":31,"turns":4},{"damage":1,"enemies":"Cultist and Chosen","floor":32,"turns":5},{"damage":21,"enemies":"IC_MUSHROOM_ARCHETYPE","floor":33,"turns":9},{"damage":41,"enemies":"3 Shapes","floor":36,"turns":4},{"damage":12,"enemies":"Orb Walker","floor":37,"turns":3},{"damage":17,"enemies":"4 Shapes","floor":40,"turns":4},{"damage":23,"enemies":"Jaw Worm Horde","floor":42,"turns":4},{"damage":2,"enemies":"Sphere and 2 Shapes","floor":44,"turns":4},{"damage":12,"enemies":"4 Shapes","floor":46,"turns":3},{"damage":2,"enemies":"3 Darklings","floor":47,"turns":4},{"damage":12,"enemies":"Nemesis","floor":48,"turns":5},{"damage":3,"enemies":"DF_ARCHETYPE_ORBS","floor":50,"turns":6},{"damage":60,"enemies":"downfall:CharBossMerchant","floor":52,"turns":7},{"damage":4,"enemies":"downfall:NeowBoss","floor":55,"turns":12},{"damage":2,"enemies":"downfall:NeowBossFinal","floor":56,"turns":7}],"seed_played":"769533958381967260","potions_obtained":[{"floor":6,"key":"Energy Potion"},{"floor":8,"key":"EntropicBrew"},{"floor":9,"key":"Languid Potion"},{"floor":12,"key":"Elixir"},{"floor":27,"key":"Fruit Juice"},{"floor":29,"key":"FearPotion"},{"floor":40,"key":"Strength Potion"},{"floor":42,"key":"Languid Potion"},{"floor":46,"key":"Fire Potion"},{"floor":47,"key":"DistilledChaos"}],"is_trial":false,"path_per_floor":["R","M","?","M","M","?","T","M","E","R","E","M","R","M","M","B",null,"R","M","?","?","$","?","T","M","$","E","M","M","M","M","M","B",null,"R","M","M","AVR","?","M","T","M","R","M","?","M","M","E","R","B",null,"E","$","R","B","B",null],"character_chosen":"THE_AUTOMATON","items_purchased":["ReplayTheSpireMod:Brewmster","Genji_Glove","DistilledChaos","SkillPotion","bronze:Turbo"],"campfire_rested":5,"item_purchase_floors":[22,22,22,53,53],"current_hp_per_floor":[70,70,70,70,70,70,70,52,48,69,39,31,52,48,44,4,70,70,57,57,63,63,56,56,55,54,49,49,48,44,29,28,7,81,91,50,38,38,38,21,28,5,34,32,32,20,18,6,35,32,98,38,38,67,63,61],"gold":22,"neow_bonus":"THREE_ENEMY_KILL","is_daily":false,"chose_seed":false,"campfire_upgraded":0,"win_rate":0.0,"timestamp":1612148178,"path_taken":["R","M","?","?","M","?","T","M","E","R","E","M","R","M","M","BOSS","R","M","?","?","$","?","T","?","$","E","M","M","M","M","M","BOSS","R","M","M","AVR","?","M","T","M","R","M","?","?","?","E","R","BOSS","E","$","R","BOSS","BOSS"],"items_purchased_type":["Card","Relic","Potion","Potion","Card"],"build_version":"2020-12-22","purchased_purges":1,"victory":true,"max_hp_per_floor":[70,70,70,70,70,70,70,70,70,70,70,70,70,70,70,70,70,70,70,70,76,76,76,76,76,76,76,81,81,81,81,81,81,81,91,91,91,91,91,91,98,98,98,98,98,98,98,98,98,98,98,98,98,98,98,98],"card_choices":[{"not_picked":["bronze:Iterate","bronze:Flail","bronze:OilSpill"],"picked":"SKIP","floor":2},{"not_picked":["bronze:CutThrough","bronze:Turbo"],"picked":"bronze:BugBarrage","floor":4},{"not_picked":["bronze:Invalidate","bronze:WhirlingStrike"],"picked":"bronze:DelayedSlice","floor":5},{"not_picked":["bronze:Deprecate","bronze:DelayedGuard"],"picked":"bronze:Fortify","floor":6},{"not_picked":["bronze:FineTuning","bronze:BitShift"],"picked":"bronze:Iterate","floor":8},{"not_picked":["bronze:Terminator","bronze:Overload"],"picked":"bronze:Overheat","floor":9},{"not_picked":["bronze:HyperBeam","bronze:Terminator"],"picked":"bronze:Shield","floor":11},{"not_picked":["bronze:BugBarrage","bronze:Shield"],"picked":"bronze:WildBeam","floor":12},{"not_picked":["bronze:OilSpill","bronze:Shield"],"picked":"bronze:Boost","floor":14},{"not_picked":["bronze:ClassDefault","bronze:WhirlingStrike"],"picked":"bronze:Branch","floor":15},{"not_picked":["bronze:AlphaBuild","bronze:HyperBeam"],"picked":"bronze:HardenedForm","floor":16},{"not_picked":["bronze:BitShift","bronze:Repulsor"],"picked":"bronze:Invalidate","floor":19},{"not_picked":["bronze:FollowUp","bronze:Turbo"],"picked":"bronze:Branch+1","floor":22},{"not_picked":["bronze:Deprecate","bronze:ThunderWave"],"picked":"bronze:FollowUp","floor":25},{"not_picked":["bronze:ThunderWave","bronze:DelayedGuard+1"],"picked":"bronze:Allocate","floor":26},{"not_picked":["bronze:ForceShield","bronze:ItsAFeature"],"picked":"bronze:Fortify+1","floor":27},{"not_picked":["bronze:Iterate","bronze:DelayedGuard"],"picked":"bronze:Constructor","floor":28},{"not_picked":["bronze:DarkDash","bronze:BronzeOrb"],"picked":"bronze:Shell","floor":29},{"not_picked":["bronze:Invalidate","bronze:BugBarrage+1"],"picked":"bronze:Separator","floor":30},{"not_picked":["bronze:Turbo","bronze:OilSpill"],"picked":"bronze:GetLatest","floor":31},{"not_picked":["bronze:Format","bronze:MaxOutput"],"picked":"bronze:Backtrace","floor":32},{"not_picked":["bronze:HyperBeam","bronze:Format"],"picked":"bronze:BurnOut","floor":33},{"not_picked":["bronze:Shield+1","bronze:WhirlingStrike"],"picked":"bronze:DarkDash+1","floor":36},{"not_picked":["bronze:Separator+1","bronze:Overheat+1"],"picked":"bronze:BronzeArmor+1","floor":37},{"not_picked":["bronze:WildBeam+1","bronze:Turbo"],"picked":"bronze:BitShift+1","floor":38},{"not_picked":["bronze:CloningBeam+1","bronze:Overheat"],"picked":"bronze:Separator+1","floor":38},{"not_picked":["bronze:OilSpill","bronze:CutThrough"],"picked":"bronze:BugBarrage+1","floor":38},{"not_picked":["bronze:Branch+1","bronze:FindAndReplace"],"picked":"bronze:Constructor+1","floor":38},{"not_picked":["bronze:BugBarrage+1","bronze:Refactor+1"],"picked":"bronze:InfiniteBeams+1","floor":38},{"not_picked":["bronze:Separator","bronze:WhirlingStrike","bronze:ForLoop"],"picked":"bronze:NullPointer","floor":40},{"not_picked":["bronze:BitShift","bronze:MaxOutput","bronze:Allocate"],"picked":"bronze:Iterate","floor":42},{"not_picked":["bronze:DigitalCarnage","bronze:CutThrough","bronze:Separator+1"],"picked":"bronze:Constructor+1","floor":44},{"not_picked":["bronze:DelayedGuard","bronze:BuggyMess","bronze:BitShift+1"],"picked":"bronze:FineTuning","floor":46},{"not_picked":["bronze:BugBarrage","bronze:Assembly","bronze:Iterate"],"picked":"bronze:Deprecate+1","floor":47},{"not_picked":["bronze:FollowUp","bronze:Return","bronze:GetLatest"],"picked":"bronze:Separator+1","floor":48},{"not_picked":["bronze:ClassDefault","bronze:InfiniteBeams+1","bronze:BitShift"],"picked":"bronze:WildBeam+1","floor":52}],"player_experience":524408,"relics_obtained":[{"floor":1,"key":"Incense Burner"},{"floor":6,"key":"Replay:Accelerometer"},{"floor":7,"key":"infinitespire:Satchel"},{"floor":9,"key":"infinitespire:Beetle Shell"},{"floor":11,"key":"hubris:DeckOfHolding"},{"floor":18,"key":"Calipers"},{"floor":27,"key":"HornCleat"},{"floor":41,"key":"StuffTheSpire:CocoNut"},{"floor":48,"key":"Bag of Marbles"},{"floor":52,"key":"infinitespire:BottledMercury"}],"event_choices":[{"damage_healed":0,"gold_gain":0,"player_choice":"Ignored","damage_taken":0,"max_hp_gain":0,"max_hp_loss":0,"event_name":"Mysterious Sphere","floor":39,"gold_loss":0}],"is_beta":false,"boss_relics":[{"not_picked":["energizedSpire:OgreHead","SacredBark"],"picked":"Golden_Hairpin"},{"not_picked":["StuffTheSpire:RunicConfusion","energizedSpire:HugeHouse"],"picked":"energizedSpire:SpiderWeb"}],"items_purged_floors":[38],"is_endless":false,"potions_floor_spawned":[8,9,12,27,29,33,40,42,46,47],"ascension_level":1}}