{"host":"xltl1aroowo69o4n","time":1612157771,"event":{"mods":["BaseMod","Colored Map","Colored Powertips","Minty Spire (QoL Compilation)","StSLib"],"gold_per_floor":[111,111,71,91,110,145,145,177,177,42,55,71,87,107,107,207,207,221,241,255,269,269,269,281,313,340,340,340,355,369,386,386,386,386],"floor_reached":33,"language":"ENG","playtime":1436,"items_purged":[],"score":265,"play_id":"69ac0aeb-641d-4704-ba62-61de3496c35a","local_time":"20210201003611","is_ascension_mode":false,"campfire_choices":[{"floor":7,"key":"REST"},{"floor":15,"key":"REST"},{"floor":23,"key":"REST"},{"floor":28,"key":"REST"},{"floor":32,"key":"REST"}],"circlet_count":0,"master_deck":["Strike_B","Strike_B","Strike_B","Defend_B","Defend_B","Defend_B","Defend_B","Zap","Dualcast","Coolheaded","Go for the Eyes","Beam Cell","Doom and Gloom","Genetic Algorithm","Loop","Go for the Eyes","Cold Snap","Darkness","Ball Lightning","Coolheaded","Steam","Multi-Cast","Defragment","Ball Lightning","Conserve Battery","Amplify","Loop+1","Leap","Undo","Sweeping Beam+1","Undo+1"],"relics":["Cracked Core","NeowsBlessing","Oddly Smooth Stone","Calipers","Meat on the Bone","SacredBark","Red Mask","MealTicket"],"acts_visited":["Exordium","TheCity"],"potions_floor_usage":[6,11,12,16,25,25,25,25,25,29,31],"damage_taken":[{"damage":0,"enemies":"Jaw Worm","floor":1,"turns":1},{"damage":0,"enemies":"Small Slimes","floor":4,"turns":1},{"damage":0,"enemies":"Cultist","floor":5,"turns":1},{"damage":21,"enemies":"3 Sentries","floor":6,"turns":8},{"damage":24,"enemies":"Gremlin Nob","floor":8,"turns":4},{"damage":15,"enemies":"Gremlin Gang","floor":11,"turns":2},{"damage":26,"enemies":"Lots of Slimes","floor":12,"turns":3},{"damage":4,"enemies":"Looter","floor":13,"turns":2},{"damage":11,"enemies":"3 Louse","floor":14,"turns":3},{"damage":41,"enemies":"Slime Boss","floor":16,"turns":7},{"damage":0,"enemies":"Chosen","floor":18,"turns":6},{"damage":20,"enemies":"2 Thieves","floor":19,"turns":4},{"damage":5,"enemies":"Snake Plant","floor":20,"turns":4},{"damage":28,"enemies":"Shelled Parasite and Fungi","floor":21,"turns":10},{"damage":13,"enemies":"Cultist and Chosen","floor":24,"turns":6},{"damage":29,"enemies":"Masked Bandits","floor":25,"turns":6},{"damage":30,"enemies":"3 Cultists","floor":29,"turns":5},{"damage":16,"enemies":"Snake Plant","floor":30,"turns":9},{"damage":12,"enemies":"Cultist and Chosen","floor":31,"turns":4},{"damage":75,"enemies":"Collector","floor":33,"turns":6}],"seed_played":"9079489622028351251","potions_obtained":[{"floor":3,"key":"LiquidBronze"},{"floor":3,"key":"Swift Potion"},{"floor":3,"key":"EntropicBrew"},{"floor":8,"key":"LiquidBronze"},{"floor":11,"key":"SkillPotion"},{"floor":13,"key":"Strength Potion"},{"floor":18,"key":"SpeedPotion"},{"floor":30,"key":"Strength Potion"}],"is_trial":false,"path_per_floor":["M","?","?","M","M","E","R","E","T","$","M","M","M","M","R","B",null,"M","M","M","M","?","R","M","?","T","?","R","M","M","M","R","B"],"character_chosen":"DEFECT","items_purchased":["Loop","Go for the Eyes","Cold Snap"],"campfire_rested":5,"item_purchase_floors":[10,10,10],"current_hp_per_floor":[75,68,68,68,68,47,69,45,45,45,42,28,36,37,59,30,75,75,55,50,34,20,44,43,26,26,26,50,32,28,28,52,0,0],"gold":386,"neow_bonus":"THREE_ENEMY_KILL","is_daily":false,"chose_seed":false,"campfire_upgraded":0,"win_rate":0.0,"timestamp":1612157771,"path_taken":["M","?","?","M","?","E","R","E","T","$","M","?","M","M","R","BOSS","M","M","M","?","?","R","M","?","T","?","R","M","M","M","R","BOSS"],"items_purchased_type":["Card","Card","Card"],"build_version":"2020-12-13","purchased_purges":0,"victory":false,"max_hp_per_floor":[75,75,75,75,75,75,75,75,75,75,75,75,75,75,75,75,75,75,75,75,75,80,80,80,80,80,80,80,80,80,80,80,80,80],"card_choices":[{"not_picked":["Heatsinks","Skim"],"picked":"Coolheaded","floor":1},{"not_picked":["Redo","Turbo"],"picked":"Go for the Eyes","floor":4},{"not_picked":["White Noise","Reinforced Body"],"picked":"Beam Cell","floor":5},{"not_picked":["Sweeping Beam","Glacier"],"picked":"Doom and Gloom","floor":6},{"not_picked":["Reboot","Cold Snap"],"picked":"Genetic Algorithm","floor":8},{"not_picked":["Rebound","Cold Snap"],"picked":"Darkness","floor":11},{"not_picked":["Compile Driver","Stack"],"picked":"Ball Lightning","floor":12},{"not_picked":["Darkness","Redo"],"picked":"Coolheaded","floor":13},{"not_picked":["Turbo","Seek"],"picked":"Steam","floor":14},{"not_picked":["Fission","Meteor Strike"],"picked":"Multi-Cast","floor":16},{"not_picked":["Steam Power","Reinforced Body"],"picked":"Defragment","floor":18},{"not_picked":["Beam Cell","Redo"],"picked":"Ball Lightning","floor":19},{"not_picked":["Redo","Barrage+1"],"picked":"Conserve Battery","floor":20},{"not_picked":["Gash","Compile Driver"],"picked":"Amplify","floor":21},{"not_picked":["Defragment+1","Skim"],"picked":"Loop+1","floor":24},{"not_picked":["Coolheaded","Compile Driver"],"picked":"Leap","floor":25},{"not_picked":["Steam Power","Hologram"],"picked":"Undo","floor":29},{"not_picked":["Rebound","Streamline"],"picked":"Sweeping Beam+1","floor":30},{"not_picked":["Steam","Barrage+1"],"picked":"Undo+1","floor":31}],"player_experience":60791,"relics_obtained":[{"floor":6,"key":"Oddly Smooth Stone"},{"floor":8,"key":"Calipers"},{"floor":9,"key":"Meat on the Bone"},{"floor":25,"key":"Red Mask"},{"floor":26,"key":"MealTicket"}],"event_choices":[{"cards_removed":["Strike_B"],"damage_healed":0,"gold_gain":0,"player_choice":"Card Removal","damage_taken":7,"max_hp_gain":0,"max_hp_loss":0,"event_name":"Golden Wing","floor":2,"gold_loss":0},{"damage_healed":0,"gold_gain":0,"player_choice":"Bought 3 Potions","damage_taken":0,"max_hp_gain":0,"max_hp_loss":0,"event_name":"The Woman in Blue","floor":3,"gold_loss":0},{"damage_healed":0,"gold_gain":0,"player_choice":"Shed Blood","damage_taken":19,"max_hp_gain":5,"max_hp_loss":0,"event_name":"Forgotten Altar","floor":22,"gold_loss":0},{"damage_healed":0,"gold_gain":0,"player_choice":"Fought Bandits","damage_taken":0,"max_hp_gain":0,"max_hp_loss":0,"event_name":"Masked Bandits","floor":25,"gold_loss":0},{"damage_healed":0,"gold_gain":0,"player_choice":"Ignored","damage_taken":0,"max_hp_gain":0,"max_hp_loss":0,"event_name":"Ghosts","floor":27,"gold_loss":0}],"is_beta":false,"boss_relics":[{"not_picked":["Philosopher\u0027s Stone","Sozu"],"picked":"SacredBark"}],"items_purged_floors":[],"is_endless":false,"potions_floor_spawned":[4,8,11,13,18,19,24,30],"killed_by":"Collector","ascension_level":0}}