{"host":"8pvw2tcf9wctlvur","time":1612140811,"event":{"mods":["BaseMod","Better Third Choice","Colored Powertips","Minty Spire (QoL Compilation)","Rare Cards Sparkle","Relic Stats","StSLib","SuperFastMode"],"gold_per_floor":[110,125,200,200,200,232,232,53,53,67,80,4,20,34,34,137,137,154,171,171,471,487,487,505,539,539,225,240,260,260,35,35,133,133,153,153,153,108,127,127,140,140,140,140,154,49,49,49,49,49,49],"floor_reached":50,"language":"ENG","playtime":2097,"items_purged":[],"score":542,"play_id":"ee474206-e421-4365-8882-dc9dfdb1b9fd","local_time":"20210131175331","is_ascension_mode":false,"campfire_choices":[{"data":"Judgement","floor":15,"key":"SMITH"},{"floor":23,"key":"REST"},{"floor":30,"key":"REST"},{"floor":32,"key":"REST"},{"floor":42,"key":"REST"},{"floor":44,"key":"REST"},{"floor":47,"key":"REST"},{"floor":49,"key":"DIG"}],"circlet_count":0,"master_deck":["Strike_P+1","Strike_P+1","Strike_P+1","Defend_P+1","Defend_P+1","Defend_P+1","Defend_P+1","Eruption+1","Vigilance+1","Conclude+1","Consecrate+1","Tantrum+1","Consecrate+1","CarveReality+1","Judgement+1","Swivel+1","LikeWater+1","FlurryOfBlows+1","Perseverance+1","DevaForm+1","WheelKick+1","FlurryOfBlows+1","Halt+1","Wallop+1","Evaluate+1","BattleHymn+1","SandsOfTime+1","ThirdEye+1","Prostrate+1","FollowUp+1","Indignation+1","Omniscience+1","CurseOfTheBell","InnerPeace+1","ClearTheMind+1","Perseverance+1","EmptyFist+1","SandsOfTime+1","Meditate+1","Protect+1"],"relics":["PureWater","NeowsBlessing","Tiny Chest","Boot","Oddly Smooth Stone","Lantern","Black Star","Old Coin","Shuriken","White Beast Statue","Letter Opener","Happy Flower","HandDrill","Calling Bell","PreservedInsect","Ornamental Fan","Shovel","Bag of Marbles","Blood Vial","Mark of the Bloom","Nunchaku"],"acts_visited":["Exordium","TheCity","TheBeyond"],"potions_floor_usage":[16,16,18,25,29,33,39,40,40,45],"damage_taken":[{"damage":0,"enemies":"Small Slimes","floor":1,"turns":1},{"damage":0,"enemies":"Jaw Worm","floor":2,"turns":1},{"damage":0,"enemies":"Lagavulin","floor":6,"turns":1},{"damage":0,"enemies":"2 Louse","floor":10,"turns":2},{"damage":0,"enemies":"Blue Slaver","floor":11,"turns":1},{"damage":1,"enemies":"Looter","floor":13,"turns":2},{"damage":1,"enemies":"Exordium Wildlife","floor":14,"turns":2},{"damage":42,"enemies":"The Guardian","floor":16,"turns":8},{"damage":10,"enemies":"Chosen","floor":18,"turns":6},{"damage":0,"enemies":"Spheric Guardian","floor":19,"turns":2},{"damage":19,"enemies":"Snake Plant","floor":22,"turns":6},{"damage":20,"enemies":"Shelled Parasite and Fungi","floor":24,"turns":5},{"damage":28,"enemies":"Book of Stabbing","floor":25,"turns":4},{"damage":36,"enemies":"Centurion and Healer","floor":28,"turns":6},{"damage":2,"enemies":"Snake Plant","floor":29,"turns":3},{"damage":53,"enemies":"Automaton","floor":33,"turns":5},{"damage":15,"enemies":"3 Darklings","floor":35,"turns":5},{"damage":15,"enemies":"3 Shapes","floor":39,"turns":2},{"damage":8,"enemies":"Nemesis","floor":40,"turns":5},{"damage":31,"enemies":"Sphere and 2 Shapes","floor":41,"turns":5},{"damage":9,"enemies":"4 Shapes","floor":45,"turns":2},{"damage":65,"enemies":"Donu and Deca","floor":50,"turns":5}],"seed_played":"7429684751535908138","potions_obtained":[{"floor":1,"key":"EssenceOfSteel"},{"floor":13,"key":"ColorlessPotion"},{"floor":16,"key":"Weak Potion"},{"floor":19,"key":"FairyPotion"},{"floor":22,"key":"SteroidPotion"},{"floor":25,"key":"FairyPotion"},{"floor":28,"key":"StancePotion"},{"floor":29,"key":"Energy Potion"},{"floor":33,"key":"AttackPotion"},{"floor":35,"key":"Dexterity Potion"},{"floor":39,"key":"SmokeBomb"},{"floor":41,"key":"SteroidPotion"},{"floor":45,"key":"BottledMiracle"}],"is_trial":false,"path_per_floor":["M","M","?","?","T","E","?","$","T","M","M","$","M","M","R","B",null,"M","M","?","T","M","R","M","E","T","$","M","M","R","$","R","B",null,"M","?","T","$","M","E","M","R","T","R","M","$","R","?","R","B"],"character_chosen":"WATCHER","items_purchased":["CarveReality","Oddly Smooth Stone","LikeWater","Happy Flower","BattleHymn","SandsOfTime","ThirdEye","Indignation","HandDrill","ClearTheMind","Meditate","Protect"],"campfire_rested":6,"item_purchase_floors":[8,8,12,27,27,27,27,31,31,38,46,46],"current_hp_per_floor":[72,72,61,61,61,61,61,61,61,61,61,61,60,59,59,17,72,62,62,62,62,43,64,44,16,16,16,3,1,22,22,43,21,72,57,57,57,57,42,34,3,24,24,45,38,38,59,59,59,0,0],"gold":49,"neow_bonus":"THREE_ENEMY_KILL","is_daily":false,"chose_seed":false,"campfire_upgraded":1,"win_rate":0.0,"timestamp":1612140811,"path_taken":["M","M","?","?","?","E","?","?","T","M","M","$","M","M","R","BOSS","M","M","?","?","M","R","M","E","T","$","?","M","R","?","R","BOSS","M","?","?","$","?","E","M","R","T","R","M","$","R","?","R","BOSS"],"items_purchased_type":["Card","Relic","Card","Relic","Card","Card","Card","Card","Relic","Card","Card","Card"],"build_version":"2020-12-22","purchased_purges":0,"victory":false,"max_hp_per_floor":[72,72,72,72,72,72,72,72,72,72,72,72,72,72,72,72,72,72,72,72,72,72,72,72,72,72,72,72,72,72,72,72,72,72,72,72,72,72,72,72,72,72,72,72,72,72,72,72,72,72,72],"relic_stats":{"Mark of the Bloom":2,"Happy Flower":[12],"counters":[22,79],"PreservedInsect":47,"Letter Opener":[90],"Boot":[86],"Blood Vial":2,"Nunchaku":[1],"Shovel":1,"Shuriken":[19],"Ornamental Fan":[40],"Tiny Chest":2,"Black Star":2,"HandDrill":[16],"obtain_stats":[{"Lantern":9,"Mark of the Bloom":48,"NeowsBlessing":0,"Happy Flower":27,"Oddly Smooth Stone":8,"PreservedInsect":34,"Letter Opener":26,"Boot":6,"White Beast Statue":25,"Old Coin":21,"Calling Bell":34,"Blood Vial":43,"Nunchaku":49,"Shovel":34,"Shuriken":25,"Ornamental Fan":34,"Tiny Chest":5,"Black Star":17,"HandDrill":31,"Bag of Marbles":37,"PureWater":0},{"Lantern":3,"Mark of the Bloom":21,"NeowsBlessing":0,"Happy Flower":13,"Oddly Smooth Stone":3,"PreservedInsect":16,"Letter Opener":13,"Boot":3,"White Beast Statue":13,"Old Coin":10,"Calling Bell":16,"Blood Vial":20,"Nunchaku":21,"Shovel":16,"Shuriken":13,"Ornamental Fan":16,"Tiny Chest":2,"Black Star":8,"HandDrill":15,"Bag of Marbles":17,"PureWater":0},{"Lantern":3,"Mark of the Bloom":74,"NeowsBlessing":0,"Happy Flower":41,"Oddly Smooth Stone":3,"PreservedInsect":55,"Letter Opener":41,"Boot":3,"White Beast Statue":41,"Old Coin":26,"Calling Bell":55,"Blood Vial":72,"Nunchaku":74,"Shovel":55,"Shuriken":41,"Ornamental Fan":55,"Tiny Chest":2,"Black Star":18,"HandDrill":50,"Bag of Marbles":60,"PureWater":0}]},"card_choices":[{"not_picked":["EmptyMind","Wallop"],"picked":"Conclude","floor":1},{"not_picked":["Evaluate","SashWhip"],"picked":"Consecrate","floor":2},{"not_picked":["Evaluate","PathToVictory"],"picked":"Tantrum","floor":6},{"not_picked":["FlurryOfBlows","ThirdEye"],"picked":"Judgement","floor":10},{"not_picked":["Protect","BowlingBash"],"picked":"Swivel","floor":11},{"not_picked":["Consecrate","CarveReality"],"picked":"FlurryOfBlows","floor":13},{"not_picked":["Swivel","LikeWater"],"picked":"Perseverance","floor":14},{"not_picked":["Judgement","Blasphemy"],"picked":"DevaForm","floor":16},{"not_picked":["Nirvana","Conclude"],"picked":"WheelKick+1","floor":18},{"not_picked":["FlyingSleeves+1","BowlingBash"],"picked":"FlurryOfBlows+1","floor":19},{"not_picked":["ThirdEye","Prostrate"],"picked":"Halt","floor":22},{"not_picked":["WheelKick","Protect"],"picked":"Wallop","floor":24},{"not_picked":["Halt","Conclude"],"picked":"Evaluate","floor":25},{"not_picked":["PathToVictory","Establishment"],"picked":"Prostrate+1","floor":28},{"not_picked":["PathToVictory","CrushJoints+1"],"picked":"FollowUp","floor":29},{"not_picked":["Blasphemy","DevaForm"],"picked":"Omniscience","floor":33},{"not_picked":["Protect+1","FearNoEvil+1"],"picked":"InnerPeace+1","floor":35},{"not_picked":["CutThroughFate","CarveReality"],"picked":"Perseverance","floor":39},{"not_picked":["ClearTheMind","Consecrate+1"],"picked":"EmptyFist+1","floor":41},{"not_picked":["EmptyFist","FearNoEvil+1"],"picked":"SandsOfTime+1","floor":45}],"player_experience":257726,"relics_obtained":[{"floor":5,"key":"Tiny Chest"},{"floor":6,"key":"Boot"},{"floor":9,"key":"Lantern"},{"floor":21,"key":"Old Coin"},{"floor":25,"key":"Shuriken"},{"floor":25,"key":"White Beast Statue"},{"floor":26,"key":"Letter Opener"},{"floor":34,"key":"PreservedInsect"},{"floor":34,"key":"Ornamental Fan"},{"floor":34,"key":"Shovel"},{"floor":37,"key":"Bag of Marbles"},{"floor":43,"key":"Blood Vial"},{"floor":49,"key":"Nunchaku"}],"event_choices":[{"damage_healed":0,"gold_gain":75,"player_choice":"Gold","damage_taken":11,"max_hp_gain":0,"max_hp_loss":0,"event_name":"betterThird:BetterGoop","floor":3,"gold_loss":0},{"damage_healed":0,"gold_gain":0,"player_choice":"Leave","damage_taken":0,"max_hp_gain":0,"max_hp_loss":0,"event_name":"The Cleric","floor":4,"gold_loss":0},{"damage_healed":0,"gold_gain":0,"cards_transformed":["Strike_P"],"player_choice":"Change","damage_taken":0,"max_hp_gain":0,"max_hp_loss":0,"event_name":"Living Wall","floor":7,"gold_loss":0,"cards_obtained":["Consecrate"]},{"damage_healed":0,"gold_gain":0,"player_choice":"Simplicity","damage_taken":0,"max_hp_gain":0,"max_hp_loss":7,"event_name":"betterThird:BetterWriting","floor":20,"gold_loss":0},{"damage_healed":0,"gold_gain":0,"player_choice":"Ignored","damage_taken":0,"max_hp_gain":0,"max_hp_loss":0,"event_name":"Tomb of Lord Red Mask","floor":36,"gold_loss":0},{"damage_healed":0,"gold_gain":0,"player_choice":"Upgrade","damage_taken":0,"relics_obtained":["Mark of the Bloom"],"max_hp_gain":0,"max_hp_loss":0,"event_name":"MindBloom","floor":48,"gold_loss":0,"cards_upgraded":["Eruption","Vigilance","Conclude","Consecrate","Tantrum","Consecrate","CarveReality","Swivel","LikeWater","FlurryOfBlows","Perseverance","DevaForm","Halt","Wallop","Evaluate","BattleHymn","SandsOfTime","ThirdEye","FollowUp","Indignation","Omniscience","ClearTheMind","Perseverance","Meditate","Protect"]}],"is_beta":false,"boss_relics":[{"not_picked":["SlaversCollar","Cursed Key"],"picked":"Black Star"},{"not_picked":["Coffee Dripper","HolyWater"],"picked":"Calling Bell"}],"items_purged_floors":[],"is_endless":false,"potions_floor_spawned":[1,13,16,19,22,25,28,29,33,35,39,40,41,45],"killed_by":"Donu and Deca","ascension_level":0}}