{"host":"miejrq8yypas90n2","time":1612175890,"event":{"mods":["100% Spire Juice","Act Like it!","BaseMod","Colored Powertips","Gensokyo","Marisa£®ÏF”Í°°ƒß¿Ì…≥£©","Minty Spire (QoL Compilation)","Reimu£®≤©¿ˆ¡È√Œ£©","StSLib"],"gold_per_floor":[109,109,109,109,109,109,5,5,5,28,52,52,52,93,114,127,127,127,127],"floor_reached":18,"language":"ZHS","playtime":431,"items_purged":[],"score":130,"play_id":"397efa31-f515-42fb-968e-3e7c7de24c94","local_time":"20210201183810","is_ascension_mode":true,"campfire_choices":[{"data":"Moonworks:Ambush","floor":6,"key":"SMITH"},{"data":"Moonworks:ImOnFire","floor":8,"key":"SMITH"},{"floor":12,"key":"REST"},{"floor":17,"key":"REST"}],"circlet_count":0,"master_deck":["Moonworks:Strike","Moonworks:Strike","Moonworks:Strike","Moonworks:Strike","Moonworks:Defend","Moonworks:Defend","Moonworks:Defend","Moonworks:Defend","Moonworks:Ambush+1","Moonworks:LongDistanceShot","Moonworks:ImOnFire+1","Moonworks:EvilSpyWorkPreparation","Moonworks:Heat300Percent","Moonworks:SealedMemories"],"relics":["Moonworks:Homemark","Black Star","Golden Idol","Regal Pillow","Dream Catcher","Pen Nib","Boot","Molten Egg 2","Toy Ornithopter"],"acts_visited":["Exordium"],"potions_floor_usage":[16],"damage_taken":[{"damage":7,"enemies":"Jaw Worm","floor":1,"turns":3},{"damage":0,"enemies":"2 Louse","floor":7,"turns":2},{"damage":34,"enemies":"3 Sentries","floor":14,"turns":9},{"damage":6,"enemies":"Small Slimes","floor":15,"turns":2},{"damage":10,"enemies":"Gremlin Gang","floor":16,"turns":3},{"damage":28,"enemies":"Hexaghost","floor":18,"turns":9}],"seed_played":"-3701997396684437545","potions_obtained":[{"floor":7,"key":"LiquidBronze"},{"floor":15,"key":"Explosive Potion"}],"is_trial":false,"path_per_floor":["M","?","$","?","$","R","M","R","?","T","T","R","$","E","M","M","R","B"],"character_chosen":"THE_STARBREAKER","items_purchased":[],"campfire_rested":2,"item_purchase_floors":[],"current_hp_per_floor":[53,38,38,20,20,20,20,20,20,20,20,53,53,19,13,8,41,13,13],"gold":127,"neow_bonus":"BOSS_RELIC","is_daily":false,"chose_seed":false,"campfire_upgraded":2,"win_rate":0.0,"timestamp":1612175890,"path_taken":["M","?","$","?","?","R","M","R","?","T","T","R","$","E","M","M","R","BOSS"],"items_purchased_type":[],"build_version":"2020-12-22","purchased_purges":0,"victory":false,"max_hp_per_floor":[60,60,60,60,60,60,60,60,60,60,60,60,60,60,60,60,60,60,60],"card_choices":[{"not_picked":["Moonworks:Assault","Moonworks:RagingMadness","Moonworks:BindingChains"],"picked":"SKIP","floor":1},{"not_picked":["Moonworks:DeployBits","Moonworks:DevilHand"],"picked":"Moonworks:ImOnFire","floor":7},{"not_picked":["Moonworks:CloudOfSeagulls","Moonworks:ImOnFire"],"picked":"Moonworks:EvilSpyWorkPreparation","floor":12},{"not_picked":["Moonworks:Assault+1","Moonworks:ScrambledEve","Moonworks:DeployBits"],"picked":"SKIP","floor":14},{"not_picked":["Moonworks:CloudOfSeagulls+1","Moonworks:LulusLuckyEgg","Moonworks:EvilSpyWorkPreparation"],"picked":"SKIP","floor":15},{"not_picked":["Moonworks:EvilSpyWorkPreparation","Moonworks:DeployBits"],"picked":"Moonworks:Heat300Percent","floor":16},{"not_picked":["Moonworks:WindyEnchantment","Moonworks:ExtendedPhotonRifle+1"],"picked":"Moonworks:SealedMemories","floor":17}],"player_experience":332732,"relics_obtained":[{"floor":9,"key":"Dream Catcher"},{"floor":10,"key":"Pen Nib"},{"floor":11,"key":"Boot"},{"floor":14,"key":"Molten Egg 2"},{"floor":14,"key":"Toy Ornithopter"}],"event_choices":[{"damage_healed":0,"gold_gain":0,"player_choice":"Take Damage","damage_taken":15,"relics_obtained":["Golden Idol"],"max_hp_gain":0,"max_hp_loss":0,"event_name":"Golden Idol","floor":2,"gold_loss":0},{"damage_healed":0,"gold_gain":0,"player_choice":"Success","damage_taken":18,"relics_obtained":["Regal Pillow"],"max_hp_gain":0,"max_hp_loss":0,"event_name":"Scrap Ooze","floor":4,"gold_loss":0},{"damage_healed":0,"gold_gain":0,"player_choice":"Relic","damage_taken":0,"max_hp_gain":0,"max_hp_loss":0,"event_name":"Wheel of Change","floor":9,"gold_loss":0}],"is_beta":false,"boss_relics":[],"items_purged_floors":[],"is_endless":false,"potions_floor_spawned":[7,15],"killed_by":"Hexaghost","ascension_level":4}}