{"host":"qcf259yvvmr1jh6w","time":1612204448,"event":{"mods":["Act Like it!","Aspiration","BaseMod","Beaked The Cultist","Better Third Choice","BetterRewards","Colored Map","Conspire","Custom Start","Downfall","Energized Spire","Hubris","Infinite Spire","Mimic Mod","Minty Spire (QoL Compilation)","Relic Sorter","Replay The Spire","Reworked Bosses","StSLib","The Construct","The Jungle"],"gold_per_floor":[99,114,125,138,157,157,157,157,157,192,192,210,224,241,251,251,251,251],"floor_reached":16,"language":"ENG","playtime":883,"items_purged":[],"score":106,"play_id":"22da2350-5ac5-44d3-ab20-01ba4fcc617e","local_time":"20210201193408","is_ascension_mode":false,"campfire_choices":[{"data":"champ:ShieldWall","floor":11,"key":"SMITH"}],"circlet_count":0,"master_deck":["champ:Strike","champ:Strike","champ:Strike","champ:Strike","champ:Defend","champ:Defend","champ:Defend","champ:Execute","champ:Taunt","champ:VampiricStrike","champ:FlashCut","champ:Haymaker","champ:ShieldWall+1","champ:BringItOn","champ:Circumvent","champ:Backstep","champ:SetATrap","hubris:NaturalOne","champ:TornadoPunch","champ:DefensiveShout"],"relics":["champ:ChampionCrown","hubris:Icosahedron","Unceasing Top","aspiration:TomeofQuesting"],"acts_visited":["Exordium"],"potions_floor_usage":[14,15,16],"damage_taken":[{"damage":1,"enemies":"Cultist","floor":2,"turns":4},{"damage":2,"enemies":"Jaw Worm","floor":3,"turns":3},{"damage":0,"enemies":"2 Louse","floor":4,"turns":2},{"damage":7,"enemies":"Red Slaver","floor":5,"turns":3},{"damage":17,"enemies":"Lagavulin","floor":10,"turns":6},{"damage":11,"enemies":"2 Fungi Beasts","floor":12,"turns":4},{"damage":3,"enemies":"Exordium Wildlife","floor":13,"turns":4},{"damage":13,"enemies":"Large Slime","floor":14,"turns":7},{"damage":20,"enemies":"Exordium Thugs","floor":15,"turns":4},{"damage":29,"enemies":"SI_SHIV_ARCHETYPE","floor":16,"turns":7}],"seed_played":"-6687033448197733472","potions_obtained":[{"floor":4,"key":"GamblersBrew"},{"floor":10,"key":"ColorlessPotion"},{"floor":12,"key":"Elixir"},{"floor":14,"key":"SkillPotion"},{"floor":15,"key":"AttackPotion"}],"is_trial":false,"path_per_floor":["R_BF","M","M","M","M","?","T","?","?","E","R","M","M","M","M","B"],"character_chosen":"THE_CHAMP","items_purchased":[],"campfire_rested":0,"item_purchase_floors":[],"current_hp_per_floor":[99,98,96,96,89,89,89,89,89,72,72,61,58,45,25,0,0,0],"gold":251,"neow_bonus":"TEN_PERCENT_HP_BONUS","is_daily":false,"chose_seed":false,"campfire_upgraded":1,"win_rate":0.0,"timestamp":1612204448,"path_taken":["R_BF","M","M","M","M","?","T","?","?","E","R","M","M","M","M","BOSS"],"items_purchased_type":[],"build_version":"2020-12-22","purchased_purges":0,"victory":false,"max_hp_per_floor":[99,99,99,99,99,99,99,99,99,99,99,99,99,99,99,99,99,99],"card_choices":[{"not_picked":["champ:Haymaker","champ:Backstep"],"picked":"champ:FlashCut","floor":2},{"not_picked":["champ:RecklessLeap","champ:Backstep"],"picked":"champ:Haymaker","floor":3},{"not_picked":["champ:PreciseThrust","champ:DancingMaster"],"picked":"champ:ShieldWall","floor":4},{"not_picked":["champ:PerfectedStrike","champ:FocusedDefense"],"picked":"champ:BringItOn","floor":5},{"not_picked":["champ:PerfectedStrike","champ:BladeFlurry"],"picked":"champ:Circumvent","floor":10},{"not_picked":["champ:Shatter","champ:RecklessLeap"],"picked":"champ:Backstep","floor":12},{"not_picked":["champ:BerserkersShout","champ:Backstep"],"picked":"champ:SetATrap","floor":13},{"not_picked":["champ:PreciseThrust","champ:FanOfKnives"],"picked":"champ:TornadoPunch","floor":14},{"not_picked":["champ:HeartStrike","champ:HeavySlash"],"picked":"champ:DefensiveShout","floor":15}],"player_experience":146253,"relics_obtained":[{"floor":7,"key":"Unceasing Top"},{"floor":10,"key":"aspiration:TomeofQuesting"}],"event_choices":[{"damage_healed":0,"gold_gain":0,"player_choice":"Leave","damage_taken":0,"max_hp_gain":0,"max_hp_loss":0,"event_name":"conspire:Investor","floor":6,"gold_loss":0},{"damage_healed":0,"gold_gain":0,"player_choice":"Leave","damage_taken":0,"max_hp_gain":0,"max_hp_loss":0,"event_name":"FaceTrader","floor":9,"gold_loss":0}],"is_beta":false,"boss_relics":[],"items_purged_floors":[],"is_endless":false,"potions_floor_spawned":[4,10,12,14,15],"killed_by":"SI_SHIV_ARCHETYPE","ascension_level":0}}