{"host":"928gv66myv2vlnsd","time":1612137830,"event":{"mods":["BaseMod","Highlight Path","Minty Spire (QoL Compilation)","StSLib"],"gold_per_floor":[218,218,231,231,249,249,267,300,300,315,47,78,78,90,90,90,90],"floor_reached":16,"language":"ENG","playtime":651,"items_purged":[],"score":218,"play_id":"09cd5016-d78c-4462-8315-1e0f732194e1","local_time":"20210131190350","is_ascension_mode":true,"campfire_choices":[{"data":"Noxious Fumes","floor":6,"key":"SMITH"},{"floor":13,"key":"REST"},{"data":"Noxious Fumes","floor":15,"key":"SMITH"}],"circlet_count":0,"master_deck":["AscendersBane","Strike_G","Strike_G","Strike_G","Strike_G","Strike_G","Defend_G","Defend_G","Defend_G","Defend_G","Defend_G","Survivor","Neutralize","Dagger Spray","Noxious Fumes+1","Noxious Fumes+1","Deadly Poison","Backflip","Reflex","Backflip"],"relics":["Ring of the Snake","Torii","Mercury Hourglass","Blue Candle","Pantograph","Tough Bandages"],"acts_visited":["Exordium"],"potions_floor_usage":[12,12,16],"damage_taken":[{"damage":2,"enemies":"Cultist","floor":1,"turns":5},{"damage":0,"enemies":"Small Slimes","floor":3,"turns":3},{"damage":1,"enemies":"2 Louse","floor":5,"turns":4},{"damage":0,"enemies":"Red Slaver","floor":7,"turns":5},{"damage":23,"enemies":"3 Sentries","floor":8,"turns":8},{"damage":8,"enemies":"Blue Slaver","floor":10,"turns":4},{"damage":8,"enemies":"Gremlin Nob","floor":12,"turns":3},{"damage":7,"enemies":"Exordium Wildlife","floor":14,"turns":4},{"damage":49,"enemies":"Slime Boss","floor":16,"turns":7}],"seed_played":"7703988224780666459","potions_obtained":[{"floor":7,"key":"Strength Potion"},{"floor":10,"key":"CunningPotion"},{"floor":12,"key":"Strength Potion"}],"is_trial":false,"path_per_floor":["M","T","M","?","M","R","M","E","T","M","$","E","R","M","R","B"],"character_chosen":"THE_SILENT","items_purchased":["Pantograph"],"campfire_rested":1,"item_purchase_floors":[11],"current_hp_per_floor":[57,57,57,48,47,47,47,24,24,16,16,8,27,20,20,0,0],"gold":90,"neow_bonus":"HUNDRED_GOLD","is_daily":false,"chose_seed":false,"campfire_upgraded":2,"win_rate":0.0,"timestamp":1612137830,"path_taken":["M","?","M","?","?","R","?","E","T","M","$","E","R","M","R","BOSS"],"items_purchased_type":["Relic"],"build_version":"2020-12-22","purchased_purges":0,"victory":false,"max_hp_per_floor":[66,66,66,66,66,66,66,66,66,66,66,66,66,66,66,66,66],"card_choices":[{"not_picked":["Poisoned Stab","Infinite Blades"],"picked":"Dagger Spray","floor":1},{"not_picked":["Flying Knee","Sucker Punch","Acrobatics"],"picked":"SKIP","floor":3},{"not_picked":["Underhanded Strike","Poisoned Stab"],"picked":"Noxious Fumes","floor":5},{"not_picked":["Acrobatics","Underhanded Strike"],"picked":"Noxious Fumes","floor":7},{"not_picked":["Die Die Die","Bane"],"picked":"Deadly Poison","floor":8},{"not_picked":["Expertise","Underhanded Strike"],"picked":"Backflip","floor":10},{"not_picked":["Skewer","Expertise"],"picked":"Reflex","floor":12},{"not_picked":["Blade Dance","Deflect"],"picked":"Backflip","floor":14}],"player_experience":1419122,"relics_obtained":[{"floor":2,"key":"Torii"},{"floor":8,"key":"Mercury Hourglass"},{"floor":9,"key":"Blue Candle"},{"floor":12,"key":"Tough Bandages"}],"event_choices":[{"damage_healed":0,"gold_gain":0,"player_choice":"Damaged","damage_taken":9,"max_hp_gain":0,"max_hp_loss":0,"event_name":"Wheel of Change","floor":4,"gold_loss":0}],"is_beta":false,"boss_relics":[],"items_purged_floors":[],"is_endless":false,"potions_floor_spawned":[7,10,12],"killed_by":"Slime Boss","ascension_level":19}}