{"host":"oehe2dxjvdgux73m","time":1612203330,"event":{"mods":["AchievementEnabler","BaseMod","Colored Map","Colored Powertips","DeckTracker","Keyboard Shortcuts","Minty Spire (QoL Compilation)","Permanent Neow","Quick Restart","StSLib","SuperFastMode"],"gold_per_floor":[369,384,403,553,97,97,127,146,192,147,147,47,57,73,73,73,73],"floor_reached":16,"language":"KOR","playtime":395,"items_purged":["Doubt","Strike_G"],"score":203,"play_id":"6227ad9c-c3e6-4010-9d98-8d245a8e5ddf","local_time":"20210202031530","is_ascension_mode":true,"campfire_choices":[{"data":"Cloak And Dagger","floor":6.0,"key":"SMITH"},{"floor":15,"key":"REST"}],"circlet_count":0,"master_deck":["AscendersBane","Strike_G","Strike_G","Strike_G","Strike_G","Defend_G","Defend_G","Defend_G","Defend_G","Defend_G","Survivor","Neutralize","Poisoned Stab","Cloak And Dagger+1","Well Laid Plans","Grand Finale","PiercingWail","Dagger Throw","Dagger Spray"],"relics":["Ring of the Snake","ClockworkSouvenir","Sundial","Pen Nib","Spirit Poop"],"acts_visited":["Exordium"],"potions_floor_usage":[14],"damage_taken":[{"damage":1.0,"enemies":"Small Slimes","floor":1.0,"turns":5.0},{"damage":3.0,"enemies":"2 Louse","floor":2.0,"turns":3.0},{"damage":5.0,"enemies":"Cultist","floor":3.0,"turns":4.0},{"damage":20.0,"enemies":"Lagavulin","floor":7.0,"turns":7.0},{"damage":14,"enemies":"Exordium Thugs","floor":8,"turns":6},{"damage":2,"enemies":"2 Fungi Beasts","floor":13,"turns":4},{"damage":0,"enemies":"Gremlin Gang","floor":14,"turns":1},{"damage":36,"enemies":"The Guardian","floor":16,"turns":7}],"seed_played":"-289192904995289500","potions_obtained":[{"floor":2.0,"key":"Swift Potion"},{"floor":3.0,"key":"CultistPotion"},{"floor":13,"key":"AttackPotion"}],"is_trial":false,"path_per_floor":["M","M","M","?","$","R","E","M","T","?","?","$","M","M","R","B"],"character_chosen":"THE_SILENT","items_purchased":["Well Laid Plans","Grand Finale","ClockworkSouvenir"],"campfire_rested":1,"item_purchase_floors":[5,5,5],"current_hp_per_floor":[58,55,50,50,50,50,30,16,16,16,16,16,14,14,33,0,0],"gold":73,"neow_bonus":"TWO_FIFTY_GOLD","is_daily":false,"chose_seed":false,"campfire_upgraded":1,"win_rate":0.0,"timestamp":1612203330,"path_taken":["M","M","M","?","$","R","E","M","T","?","?","$","M","?","R","BOSS"],"items_purchased_type":["Card","Card","Relic"],"build_version":"2020-12-22","purchased_purges":2,"victory":false,"max_hp_per_floor":[66,66,66,66,66,66,66,66,66,66,66,66,66,66,66,66,66],"card_choices":[{"not_picked":["Reflex","Bane"],"picked":"Poisoned Stab","floor":1.0},{"not_picked":["Flying Knee","Prepared"],"picked":"Cloak And Dagger","floor":2.0},{"not_picked":["Caltrops","All Out Attack","Deflect"],"picked":"SKIP","floor":3.0},{"not_picked":["Accuracy","Deadly Poison"],"picked":"PiercingWail","floor":7.0},{"not_picked":["Distraction","Prepared"],"picked":"Dagger Throw","floor":8},{"not_picked":["Riddle With Holes","Concentrate"],"picked":"Dagger Spray","floor":13},{"not_picked":["Blade Dance","Sucker Punch","Deadly Poison"],"picked":"SKIP","floor":14}],"player_experience":343605,"relics_obtained":[{"floor":7.0,"key":"Sundial"},{"floor":9,"key":"Pen Nib"}],"event_choices":[{"damage_healed":0.0,"max_hp_gain":0.0,"max_hp_loss":0.0,"gold_gain":150.0,"event_name":"Liars Game","player_choice":"AGREE","floor":4.0,"gold_loss":0.0,"damage_taken":0.0,"cards_obtained":["Doubt"]},{"damage_healed":0,"gold_gain":0,"player_choice":"Left Gold","damage_taken":0,"max_hp_gain":0,"max_hp_loss":0,"event_name":"World of Goop","floor":10,"gold_loss":45},{"cards_removed":["Shame"],"damage_healed":0,"gold_gain":0,"player_choice":"Offered Curse","damage_taken":0,"relics_obtained":["Spirit Poop"],"max_hp_gain":0,"max_hp_loss":0,"event_name":"Bonfire Elementals","floor":11,"gold_loss":0}],"is_beta":false,"boss_relics":[],"items_purged_floors":[5,12],"is_endless":false,"potions_floor_spawned":[2,3,13],"killed_by":"The Guardian","ascension_level":20}}