{"host":"ki5kvxn974a96omm","time":1612215791,"event":{"mods":["BaseMod","Colored Map","Colored Powertips","Downfall","Highlight Path","Minty Spire (QoL Compilation)","Relic Sorter","Relic Stats","StSLib"],"gold_per_floor":[99,119,136,149,9,42,65,65,75,75,75,86,115,0,19,114,114,14,30,48,48,48,48,48,65,65,65,80,80,91,126,139,240,240,140,125,139,153,153,172,199,216,248,248,262,162,35,55,66,66,66,93,56,56,56,56,56,56],"floor_reached":56,"language":"ENG","playtime":6128,"items_purged":["Guardian:Strike_Guardian","downfall:Malfunctioning"],"score":838,"play_id":"0b8c425a-bf28-45c4-bfa7-4ed5563db25f","local_time":"20210201164311","is_ascension_mode":false,"campfire_choices":[{"floor":1,"key":"RECALL"},{"data":"Guardian:WalkerClaw","floor":10,"key":"SMITH"},{"data":"Guardian:Orbwalk","floor":18,"key":"SMITH"},{"data":"Guardian:ShieldSpikes","floor":29,"key":"SMITH"},{"data":"Guardian:TimeCapacitor","floor":35,"key":"SMITH"},{"data":"Guardian:ChargeUp","floor":46,"key":"SMITH"},{"floor":54,"key":"REST"}],"circlet_count":0,"master_deck":["Guardian:Defend_Guardian+1","Guardian:CurlUp+1","Guardian:TwinSlam+1","Guardian:WalkerClaw+1","Guardian:ShieldSpikes+1","Guardian:Suspension+1","Guardian:Planning","Guardian:ArmoredProtocol","Guardian:Orbwalk+1","Guardian:ChargeCore","Guardian:TimeCapacitor+1","Guardian:VentSteam","Guardian:Reroute","Guardian:Suspension+1","Guardian:ChargeUp+1","Guardian:MultiBeam+1","Flash of Steel","Guardian:ExploitGems","Guardian:Repulse","Guardian:Incinerate","Guardian:Recover"],"relics":["Guardian:ModeShifter","Guardian:PickAxe","Guardian:PocketSentry","Omamori","Busted Crown","downfall:HeartBlessingRed","Guardian:StasisCodex","Gambling Chip","Empty Cage","downfall:HeartBlessingGreen","Strawberry","downfall:TeleportStone","downfall:HeartBlessingBlue","InkBottle","Guardian:BottledStasis","PreservedInsect"],"acts_visited":["Exordium","TheCity","TheBeyond","TheEnding"],"potions_floor_usage":[6,13,16,31,42,50,55,56],"damage_taken":[{"damage":0,"enemies":"2 Louse","floor":2,"turns":2},{"damage":0,"enemies":"Small Slimes","floor":3,"turns":2},{"damage":10,"enemies":"Cultist","floor":4,"turns":4},{"damage":0,"enemies":"downfall:FleeingMerchant","floor":5,"turns":4},{"damage":27,"enemies":"Lagavulin","floor":6,"turns":14},{"damage":0,"enemies":"3 Louse","floor":9,"turns":3},{"damage":7,"enemies":"Blue Slaver","floor":12,"turns":3},{"damage":5,"enemies":"3 Sentries","floor":13,"turns":6},{"damage":0,"enemies":"downfall:FleeingMerchant","floor":14,"turns":4},{"damage":0,"enemies":"Gremlin Gang","floor":15,"turns":4},{"damage":8,"enemies":"SI_SHIV_ARCHETYPE","floor":16,"turns":6},{"damage":0,"enemies":"3 Byrds","floor":19,"turns":4},{"damage":2,"enemies":"Sentry and Sphere","floor":20,"turns":5},{"damage":0,"enemies":"Centurion and Healer","floor":25,"turns":4},{"damage":12,"enemies":"Shelled Parasite and Fungi","floor":28,"turns":3},{"damage":1,"enemies":"Snecko","floor":30,"turns":4},{"damage":3,"enemies":"Slavers","floor":31,"turns":5},{"damage":0,"enemies":"3 Cultists","floor":32,"turns":3},{"damage":0,"enemies":"WA_ARCHETYPE_CALM","floor":33,"turns":7},{"damage":0,"enemies":"downfall:FleeingMerchant","floor":36,"turns":4},{"damage":8,"enemies":"3 Darklings","floor":37,"turns":3},{"damage":0,"enemies":"3 Shapes","floor":38,"turns":4},{"damage":0,"enemies":"Spire Growth","floor":40,"turns":4},{"damage":5,"enemies":"3 Darklings","floor":42,"turns":3},{"damage":0,"enemies":"Giant Head","floor":43,"turns":5},{"damage":1,"enemies":"4 Shapes","floor":45,"turns":5},{"damage":0,"enemies":"downfall:FleeingMerchant","floor":47,"turns":1},{"damage":6,"enemies":"Maw","floor":48,"turns":5},{"damage":12,"enemies":"Jaw Worm Horde","floor":49,"turns":3},{"damage":13,"enemies":"IC_BLOCK_ARCHETYPE","floor":50,"turns":6},{"damage":29,"enemies":"downfall:CharBossMerchant","floor":52,"turns":7},{"damage":16,"enemies":"downfall:NeowBoss","floor":55,"turns":7},{"damage":86,"enemies":"downfall:NeowBossFinal","floor":56,"turns":8}],"seed_played":"9110102229157229507","potions_obtained":[{"floor":3,"key":"Weak Potion"},{"floor":4,"key":"BlessingOfTheForge"},{"floor":6,"key":"LiquidBronze"},{"floor":12,"key":"Energy Potion"},{"floor":13,"key":"Guardian:AcceleratePotion"},{"floor":19,"key":"Energy Potion"},{"floor":31,"key":"Guardian:AcceleratePotion"},{"floor":37,"key":"Strength Potion"},{"floor":38,"key":"Swift Potion"},{"floor":45,"key":"FearPotion"},{"floor":49,"key":"LiquidMemories"}],"is_trial":false,"path_per_floor":["R","M","M","M","$","E","T","?","M","R","?","M","E","$","M","B",null,"R","M","M","?","?","R","T","M","?","?","M","R","M","E","M","B",null,"R","$","M","M","?","M","T","M","E","?","M","R","$","M","M","B",null,"E","$","R","B","B"],"character_chosen":"GUARDIAN","items_purchased":["Guardian:Gem_Red","InkBottle","Guardian:Repulse","Guardian:BottledStasis","Guardian:Gem_Blue"],"campfire_rested":1,"item_purchase_floors":[5,47,47,47,53],"current_hp_per_floor":[80,80,80,70,70,43,43,43,43,43,43,36,31,31,31,23,80,80,80,78,78,78,78,78,78,63,55,43,43,42,39,39,39,85,85,85,77,77,77,77,77,72,79,79,78,88,88,82,70,57,102,73,73,102,86,0,0,0],"gold":56,"neow_bonus":"UPGRADE_CARD","is_daily":false,"chose_seed":false,"campfire_upgraded":5,"win_rate":0.0,"timestamp":1612215791,"path_taken":["R","M","M","M","$","E","T","?","M","R","?","M","E","$","M","BOSS","R","M","M","?","?","R","T","M","?","?","?","R","M","E","M","BOSS","R","$","?","?","?","?","T","M","E","?","M","R","$","?","M","BOSS","E","$","R","BOSS","BOSS"],"items_purchased_type":["Card","Relic","Card","Relic","Card"],"build_version":"2020-12-22","purchased_purges":2,"victory":false,"max_hp_per_floor":[80,80,80,80,80,80,80,80,80,80,80,80,80,80,80,80,80,80,80,80,80,80,80,80,80,85,85,85,85,85,85,85,85,85,85,85,85,85,85,85,85,85,92,92,92,102,102,102,102,102,102,102,102,102,102,102,102,102],"relic_stats":{"Busted Crown":38,"counters":[33,149],"Gambling Chip":[25],"PreservedInsect":0,"obtain_stats":[{"Guardian:BottledStasis":47,"downfall:HeartBlessingRed":18,"Guardian:ModeShifter":0,"Guardian:StasisCodex":24,"downfall:HeartBlessingGreen":35,"downfall:TeleportStone":44,"PreservedInsect":52,"Guardian:PocketSentry":7,"Omamori":13,"Empty Cage":34,"Guardian:PickAxe":6,"Busted Crown":17,"downfall:HeartBlessingBlue":46,"Gambling Chip":31,"Strawberry":43,"InkBottle":47},{"Guardian:BottledStasis":27,"downfall:HeartBlessingRed":11,"Guardian:ModeShifter":0,"Guardian:StasisCodex":13,"downfall:HeartBlessingGreen":19,"downfall:TeleportStone":25,"PreservedInsect":31,"Guardian:PocketSentry":5,"Omamori":8,"Empty Cage":19,"Guardian:PickAxe":5,"Busted Crown":11,"downfall:HeartBlessingBlue":26,"Gambling Chip":17,"Strawberry":25,"InkBottle":27},{"Guardian:BottledStasis":113,"downfall:HeartBlessingRed":51,"Guardian:ModeShifter":0,"Guardian:StasisCodex":59,"downfall:HeartBlessingGreen":84,"downfall:TeleportStone":107,"PreservedInsect":134,"Guardian:PocketSentry":26,"Omamori":37,"Empty Cage":84,"Guardian:PickAxe":26,"Busted Crown":51,"downfall:HeartBlessingBlue":112,"Gambling Chip":75,"Strawberry":107,"InkBottle":113}],"InkBottle":[31]},"card_choices":[{"not_picked":["Guardian:RollAttack","Guardian:ShieldSpikes"],"picked":"Guardian:WalkerClaw","floor":2},{"not_picked":["Guardian:RollAttack","Guardian:Gem_Green","Guardian:TemporalStrike"],"picked":"SKIP","floor":3},{"not_picked":["Guardian:Gem_Cyan","Guardian:ShieldCharger"],"picked":"Guardian:ShieldSpikes","floor":4},{"not_picked":["Guardian:SphericShield","Guardian:Incinerate"],"picked":"Guardian:Suspension","floor":5},{"not_picked":["Guardian:PiercingHide","Guardian:RollAttack"],"picked":"Guardian:Gem_Synthetic","floor":6},{"not_picked":["Guardian:RollAttack","Guardian:GuardianWhirl"],"picked":"Guardian:Planning","floor":9},{"not_picked":["Guardian:Incinerate","Guardian:TemporalStrike"],"picked":"Guardian:Orbwalk","floor":12},{"not_picked":["Guardian:TemporalStrike","Guardian:Planning"],"picked":"Guardian:ChargeCore","floor":13},{"not_picked":["Guardian:ArmoredProtocol","Guardian:CrystalBeam","Guardian:TemporalShield"],"picked":"SKIP","floor":14},{"not_picked":["Guardian:PrismaticBeam","Guardian:CrystalBeam"],"picked":"Guardian:TimeCapacitor","floor":15},{"not_picked":["Guardian:AncientConstruct","Guardian:CompilePackage"],"picked":"Guardian:Gem_Orange","floor":16},{"not_picked":[],"picked":"Guardian:VentSteam","floor":19},{"not_picked":[],"picked":"Guardian:Reroute","floor":20},{"not_picked":[],"picked":"Guardian:Suspension+1","floor":25},{"not_picked":[],"picked":"Guardian:ChargeUp","floor":28},{"not_picked":["Guardian:TemporalShield"],"picked":"SKIP","floor":30},{"not_picked":[],"picked":"Guardian:MultiBeam+1","floor":31},{"not_picked":["Guardian:Suspension"],"picked":"SKIP","floor":32},{"not_picked":["Guardian:VentSteam+1"],"picked":"SKIP","floor":36},{"not_picked":["Guardian:Reroute+1"],"picked":"SKIP","floor":37},{"not_picked":[],"picked":"Guardian:Gem_Red","floor":38},{"not_picked":[],"picked":"Guardian:Gem_Red","floor":40},{"not_picked":[],"picked":"Guardian:Gem_Cyan","floor":42},{"not_picked":[],"picked":"Guardian:ExploitGems","floor":43},{"not_picked":["Guardian:PrimingBeam"],"picked":"SKIP","floor":45},{"not_picked":["Guardian:TemporalStrike"],"picked":"SKIP","floor":47},{"not_picked":[],"picked":"Guardian:Incinerate","floor":48},{"not_picked":[],"picked":"Guardian:Recover","floor":49},{"not_picked":[],"picked":"Guardian:Gem_Lightblue","floor":52}],"player_experience":1930314,"relics_obtained":[{"floor":6,"key":"Guardian:PickAxe"},{"floor":7,"key":"Guardian:PocketSentry"},{"floor":13,"key":"Omamori"},{"floor":24,"key":"Guardian:StasisCodex"},{"floor":31,"key":"Gambling Chip"},{"floor":43,"key":"Strawberry"},{"floor":52,"key":"PreservedInsect"}],"event_choices":[{"damage_healed":0,"gold_gain":0,"player_choice":"Read","damage_taken":0,"max_hp_gain":0,"max_hp_loss":0,"event_name":"The Library","floor":21,"gold_loss":0,"cards_obtained":["Guardian:Gem_Fragmented"]},{"cards_removed":["Guardian:Defend_Guardian"],"damage_healed":0,"gold_gain":0,"player_choice":"Took Card","damage_taken":0,"max_hp_gain":0,"max_hp_loss":0,"event_name":"NoteForYourself","floor":39,"gold_loss":0,"cards_obtained":["Flash of Steel"]}],"is_beta":false,"boss_relics":[{"not_picked":["Snecko Eye","Runic Pyramid"],"picked":"Busted Crown"},{"not_picked":["SlaversCollar","Black Star"],"picked":"Empty Cage"}],"items_purged_floors":[5,14],"is_endless":false,"potions_floor_spawned":[3,4,6,12,13,19,31,33,37,38,45,48,49],"killed_by":"downfall:NeowBossFinal","ascension_level":0}}