{"host":"m4qpn8a4h7jhbw2f","time":1612223036,"event":{"mods":["BaseMod","Colored Map","Colored Powertips","Highlight Path","Minty Spire (QoL Compilation)","Rare Cards Sparkle","Relic Stats"],"gold_per_floor":[115,132,132,144,144,144,124,149,149,173,28,42,42,42,42,163,163,181,131,149,49,67,67,80,100,100,100,115,136,136,136],"floor_reached":30,"language":"ENG","playtime":1330,"items_purged":["Strike_R","Strike_R"],"score":260,"play_id":"ea9a6f4c-8d83-4187-88a4-803fda22c604","local_time":"20210201184356","is_ascension_mode":true,"campfire_choices":[{"data":"Immolate","floor":6,"key":"SMITH"},{"data":"True Grit","floor":13,"key":"SMITH"},{"data":"Spot Weakness","floor":15,"key":"SMITH"},{"floor":23,"key":"REST"},{"floor":27,"key":"REST"}],"circlet_count":0,"master_deck":["Strike_R","Defend_R","Defend_R","Defend_R","Defend_R","Bash","Immolate+1","Thunderclap","Sentinel","Shrug It Off","True Grit+1","Spot Weakness+1","Evolve","Flex","Double Tap","Rampage","Power Through+1","Fire Breathing"],"relics":["Burning Blood","Sundial","Golden Idol","Bottled Flame","Empty Cage","InkBottle"],"acts_visited":["Exordium","TheCity"],"potions_floor_usage":[16,18,24,25,29],"damage_taken":[{"damage":1,"enemies":"Cultist","floor":1,"turns":3},{"damage":7,"enemies":"Jaw Worm","floor":2,"turns":2},{"damage":0,"enemies":"Small Slimes","floor":4,"turns":2},{"damage":0,"enemies":"Gremlin Gang","floor":8,"turns":1},{"damage":6,"enemies":"Red Slaver","floor":10,"turns":4},{"damage":0,"enemies":"Lots of Slimes","floor":12,"turns":1},{"damage":40,"enemies":"Hexaghost","floor":16,"turns":8},{"damage":36,"enemies":"Spheric Guardian","floor":18,"turns":6},{"damage":12,"enemies":"Chosen","floor":20,"turns":3},{"damage":25,"enemies":"Shelled Parasite and Fungi","floor":22,"turns":4},{"damage":21,"enemies":"Cultist and Chosen","floor":24,"turns":6},{"damage":12,"enemies":"Snake Plant","floor":25,"turns":6},{"damage":46,"enemies":"Centurion and Healer","floor":28,"turns":7},{"damage":0,"enemies":"Snecko","floor":29,"turns":5}],"seed_played":"-2066786960531544354","potions_obtained":[{"floor":2,"key":"ElixirPotion"},{"floor":8,"key":"ColorlessPotion"},{"floor":16,"key":"Dexterity Potion"},{"floor":22,"key":"SkillPotion"},{"floor":24,"key":"GamblersBrew"},{"floor":28,"key":"PowerPotion"},{"floor":29,"key":"BlessingOfTheForge"}],"is_trial":false,"path_per_floor":["M","M","?","M","?","R","?","M","T","M","$","M","R","$","R","B",null,"M","?","M","$","M","R","M","M","T","R","M","M","?"],"character_chosen":"IRONCLAD","items_purchased":["Evolve"],"campfire_rested":2,"item_purchase_floors":[11],"current_hp_per_floor":[61,60,57,63,43,43,43,49,49,49,49,55,55,55,55,21,80,50,50,44,44,25,49,34,28,28,52,12,18,2,2],"gold":136,"neow_bonus":"THREE_RARE_CARDS","is_daily":false,"chose_seed":false,"campfire_upgraded":3,"win_rate":0.0,"timestamp":1612223036,"path_taken":["M","M","?","M","?","R","?","M","T","?","$","M","R","$","R","BOSS","M","?","M","$","M","R","M","M","T","R","M","?","?"],"items_purchased_type":["Card"],"build_version":"2020-12-22","purchased_purges":2,"victory":false,"max_hp_per_floor":[80,80,80,80,80,80,80,80,80,80,80,80,80,80,80,80,80,80,80,80,80,80,80,80,80,80,80,80,80,80,80],"relic_stats":{"counters":[14,58],"Sundial":[8],"Golden Idol":63,"obtain_stats":[{"Bottled Flame":9,"Sundial":3,"Golden Idol":5,"Empty Cage":17,"Burning Blood":0,"InkBottle":26},{"Bottled Flame":4,"Sundial":2,"Golden Idol":3,"Empty Cage":7,"Burning Blood":0,"InkBottle":12},{"Bottled Flame":8,"Sundial":5,"Golden Idol":7,"Empty Cage":21,"Burning Blood":0,"InkBottle":46}],"Burning Blood":84,"InkBottle":[3]},"card_choices":[{"not_picked":["Demon Form","Barricade"],"picked":"Immolate","floor":0},{"not_picked":["Perfected Strike","Sword Boomerang"],"picked":"Thunderclap","floor":1},{"not_picked":["Havoc","Heavy Blade"],"picked":"Sentinel","floor":2},{"not_picked":["Power Through","Body Slam"],"picked":"Shrug It Off","floor":4},{"not_picked":["Combust","Cleave"],"picked":"True Grit","floor":8},{"not_picked":["Sword Boomerang","Clash"],"picked":"Spot Weakness","floor":10},{"not_picked":["Infernal Blade","Twin Strike"],"picked":"Flex","floor":12},{"not_picked":["Offering","Corruption"],"picked":"Double Tap","floor":16},{"not_picked":["Thunderclap","Body Slam"],"picked":"Rampage","floor":18},{"not_picked":["Intimidate","Uppercut","Armaments"],"picked":"SKIP","floor":20},{"not_picked":["Iron Wave","Perfected Strike"],"picked":"Power Through+1","floor":22},{"not_picked":["True Grit","Flex","Heavy Blade"],"picked":"SKIP","floor":24},{"not_picked":["Shrug It Off","Seeing Red"],"picked":"Fire Breathing","floor":25},{"not_picked":["Second Wind+1","Sword Boomerang","Disarm"],"picked":"SKIP","floor":28},{"not_picked":["Pommel Strike","Berserk","Pummel"],"picked":"SKIP","floor":29}],"player_experience":222075,"relics_obtained":[{"floor":9,"key":"Bottled Flame"},{"floor":26,"key":"InkBottle"}],"event_choices":[{"damage_healed":0,"gold_gain":0,"player_choice":"Success","damage_taken":3,"relics_obtained":["Sundial"],"max_hp_gain":0,"max_hp_loss":0,"event_name":"Scrap Ooze","floor":3,"gold_loss":0},{"damage_healed":0,"gold_gain":0,"player_choice":"Take Damage","damage_taken":20,"relics_obtained":["Golden Idol"],"max_hp_gain":0,"max_hp_loss":0,"event_name":"Golden Idol","floor":5,"gold_loss":0},{"damage_healed":0,"gold_gain":0,"player_choice":"Bought 1 Potion","damage_taken":0,"max_hp_gain":0,"max_hp_loss":0,"event_name":"The Woman in Blue","floor":7,"gold_loss":0},{"damage_healed":0,"gold_gain":0,"player_choice":"Bet on Murderer","damage_taken":0,"max_hp_gain":0,"max_hp_loss":0,"event_name":"The Joust","floor":19,"gold_loss":50},{"damage_healed":0,"gold_gain":0,"player_choice":"Obtained Book","damage_taken":16,"max_hp_gain":0,"max_hp_loss":0,"event_name":"Cursed Tome","floor":30,"gold_loss":0}],"is_beta":false,"boss_relics":[{"not_picked":["Astrolabe","Cursed Key"],"picked":"Empty Cage"}],"items_purged_floors":[11,21],"is_endless":false,"potions_floor_spawned":[2,8,16,22,24,28,29],"ascension_level":3}}