{"host":"r0e4s450fexxrjel","time":1612203397,"event":{"mods":["A Penny For Your Troubles","AchievementEnabler","Act Like it!","AlwaysNeverKeys","Aspiration","BaseMod","Better Third Choice","CatGirl Mod","ChefMod","Clawfect","Colored Map","Conspire","Dota2Spire","Downfall","Energized Spire","Friendly Minions","GifTheSpireLib","Gold Saver","Hubris","Infinite Spire","Minty Spire (QoL Compilation)","Pale of the Ancients","RRrroohrrRGHHhhh!!","Reliquary","Replay The Spire","Shop Mod","StSLib","The Druid","TheSurvivalist","Weighted Paths"],"gold_per_floor":[117,132,132,145,156,174,208,218,218,254,269,269,269,269,269,375,375,405,429,429,440,440,440,461,484,484,484,496,524,297,316,316,420,420,430,447,198,0,0,0],"floor_reached":39,"language":"DEU","playtime":2816,"items_purged":["Defend_B","conspire:SharedLibrary","Force Field"],"score":490,"play_id":"02a453e2-fc93-4c3d-bf06-90476e2c9d68","local_time":"20210201191637","is_ascension_mode":false,"campfire_choices":[{"floor":12,"key":"REST"},{"floor":15,"key":"REST"},{"floor":23,"key":"REST"},{"floor":27,"key":"REST"},{"data":"Clawfect:ClawSnap","floor":32,"key":"SMITH"}],"circlet_count":0,"master_deck":["Gash","Gash","Gash","Gash","Defend_B","Defend_B","Defend_B","Defend_B","Clawfect:ClawSnap+1","Clawfect:ClawSnap+1"],"relics":["reliquary:Dhvaja","hubris:TerracottaHorce","survmod:GoodBoy","m_HexaRing","m_BronzeBlood","infinitespire:Blanks Blanky","m_SlimeRing","Replay:Wax Seal","WingedGreaves","StoneCalendar","paleoftheancients:SoulOfTheDefect","aspiration:ArtOfWarUpgrade","infinitespire:Lychee Nut","infinitespire:Chaos","Red Mask"],"acts_visited":["Exordium","TheCity","TheBeyond"],"potions_floor_usage":[7,7,10,25,25,33,36,36],"damage_taken":[{"damage":0,"enemies":"conspire:RoseBush","floor":1,"turns":2},{"damage":0,"enemies":"2 Louse","floor":2,"turns":2},{"damage":0,"enemies":"Small Slimes","floor":4,"turns":2},{"damage":10,"enemies":"Red Slaver","floor":5,"turns":5},{"damage":0,"enemies":"Looter","floor":6,"turns":4},{"damage":8,"enemies":"Replay:BlueRogue","floor":7,"turns":6},{"damage":17,"enemies":"3 Louse","floor":8,"turns":5},{"damage":17,"enemies":"3 Sentries","floor":10,"turns":6},{"damage":0,"enemies":"conspire:2 RoseBushes","floor":11,"turns":6},{"damage":20,"enemies":"The Guardian","floor":16,"turns":8},{"damage":34,"enemies":"conspire:FuzzyDice","floor":18,"turns":7},{"damage":0,"enemies":"Spheric Guardian","floor":21,"turns":3},{"damage":8,"enemies":"Snake Plant","floor":24,"turns":4},{"damage":17,"enemies":"Centurion and Healer","floor":25,"turns":4},{"damage":0,"enemies":"Cultist and Chosen","floor":28,"turns":4},{"damage":11,"enemies":"Nightmare","floor":29,"turns":7},{"damage":9,"enemies":"conspire:HollyBat","floor":31,"turns":5},{"damage":0,"enemies":"conspire:MysteriousRune","floor":33,"turns":4},{"damage":0,"enemies":"3 Darklings","floor":35,"turns":4},{"damage":24,"enemies":"Orb Walker","floor":36,"turns":5},{"damage":0,"enemies":"4 Shapes","floor":39,"turns":2}],"seed_played":"674990867906988685","potions_obtained":[{"floor":1,"key":"PotionOfCapacity"},{"floor":2,"key":"Energy Potion"},{"floor":4,"key":"Elixir"},{"floor":7,"key":"BlessingOfTheForge"},{"floor":16,"key":"Milkshake"},{"floor":24,"key":"Energy Potion"},{"floor":29,"key":"Elixir"},{"floor":31,"key":"AttackPotion"},{"floor":33,"key":"Regen Potion"},{"floor":35,"key":"BlessingOfTheForge"}],"is_trial":false,"path_per_floor":["M","M","?","M","M","M","E","M","T","E","M","R","?","?","R","B",null,"M","T","AVR","M","?","R","M","M","T","R","M","NM","$","M","R","B",null,"M","M","$","?","M"],"character_chosen":"DEFECT","items_purchased":["rorgmod:Ceramic Fish","infinitespire:Chaos"],"campfire_rested":4,"item_purchase_floors":[30,37],"current_hp_per_floor":[75,75,75,75,65,65,57,40,40,23,23,45,45,45,67,47,75,41,41,41,41,41,63,55,38,38,60,60,49,49,40,40,40,75,75,59,56,56,56,56],"gold":0,"neow_bonus":"THREE_ENEMY_KILL","is_daily":false,"chose_seed":false,"campfire_upgraded":1,"win_rate":0.0,"timestamp":1612203397,"path_taken":["M","M","?","M","M","M","E","M","T","E","M","R","?","?","R","BOSS","M","?","AVR","M","?","R","M","M","T","R","M","NM","$","M","R","BOSS","M","M","$","?","M"],"items_purchased_type":["Relic","Relic"],"build_version":"2020-12-22","purchased_purges":3,"victory":false,"max_hp_per_floor":[75,75,75,75,75,75,75,75,75,75,75,75,75,75,75,75,75,75,75,75,75,75,75,75,75,75,75,75,75,75,75,75,75,75,75,75,56,56,56,56],"card_choices":[{"not_picked":["FIFO Queue","rorgmod:Fragmentation","Clawfect:ClawLightning"],"picked":"SKIP","floor":1},{"not_picked":["Clawfect:ClawingBeam","Clawfect:ClawpileDriver"],"picked":"Clawfect:ClawSnap","floor":2},{"not_picked":["Clawfect:Clawter","ReplayTheSpireMod:Calculation Training","rorgmod:Fragmentation"],"picked":"SKIP","floor":4},{"not_picked":["Clawfect:ScrapingClaw","Clawfect:ClawAndGloom","rorgmod:Leap"],"picked":"SKIP","floor":5},{"not_picked":["conspire:Rain","rorgmod:SQL Injection","Rebound"],"picked":"SKIP","floor":6},{"not_picked":["Clawfect:Clawter","ReplayRNGCard","Reinforced Body"],"picked":"SKIP","floor":7},{"not_picked":["rorgmod:Leap","Consume","rorgmod:Refrigerate"],"picked":"SKIP","floor":8},{"not_picked":["hubris:SpecializedCircuitry","Darkness","ReplaySolidLightProjector"],"picked":"SKIP","floor":10},{"not_picked":["Force Field","rorgmod:Steady Aim","Reinforced Body"],"picked":"SKIP","floor":11},{"not_picked":["Clawfect:ScrapingClaw","ReplayTheSpireMod:GoodbyeWorld"],"picked":"Clawfect:ClawSnap+1","floor":18},{"not_picked":["rorgmod:Leap","Heatsinks+1","rorgmod:Fragmentation"],"picked":"SKIP","floor":21},{"not_picked":["Clawfect:Clawter","Amplify","Clawfect:ClawForTheEyes+1"],"picked":"SKIP","floor":24},{"not_picked":["rorgmod:SQL Injection+1","Redo","Consume"],"picked":"SKIP","floor":25},{"not_picked":["Clawfect:Clawline","BasicCrystalCard","Multi-Cast"],"picked":"SKIP","floor":28},{"not_picked":["rorgmod:Critical Section","Clawfect:ClawCell","aspiration:Polymerization"],"picked":"SKIP","floor":29},{"not_picked":["ReplayTheSpireMod:Dual Polarity","BasicCrystalCard","Double Energy"],"picked":"SKIP","floor":31},{"not_picked":["rorgmod:Leap+1","Redo+1"],"picked":"Force Field","floor":35},{"not_picked":["Reinforced Body","Self Repair+1","Hello World"],"picked":"SKIP","floor":36}],"player_experience":76260,"relics_obtained":[{"floor":7,"key":"hubris:Potato"},{"floor":9,"key":"infinitespire:Midas Blood"},{"floor":10,"key":"hubris:MobiusCoin"},{"floor":19,"key":"hubris:ToyBattleship"},{"floor":26,"key":"reliquary:TridentHead"},{"floor":29,"key":"reliquary:Conveyor"}],"event_choices":[{"damage_healed":0,"gold_gain":0,"cards_transformed":["Clawfect:Clawline"],"player_choice":"Transformed","damage_taken":0,"max_hp_gain":0,"max_hp_loss":0,"event_name":"Transmorgrifier","floor":14,"gold_loss":0,"cards_obtained":["conspire:SharedLibrary"]},{"damage_healed":0,"gold_gain":0,"player_choice":"Paid","damage_taken":0,"relics_obtained":["Red Mask"],"max_hp_gain":0,"max_hp_loss":0,"event_name":"Tomb of Lord Red Mask","floor":38,"gold_loss":198}],"is_beta":false,"boss_relics":[{"not_picked":["hubris:Stopwatch","Velvet Choker"],"picked":"Inserter"},{"not_picked":["hubris:GrandSneckoEye","aspiration:SecretTechniqueScroll"],"picked":"hubris:HollowSoul"}],"items_purged_floors":[20,30,37],"is_endless":false,"potions_floor_spawned":[1,2,4,7,16,24,29,31,33,35],"killed_by":"4 Shapes","ascension_level":0}}