{"host":"nnxvcju6x1qybncj","time":1612192204,"event":{"mods":["BaseMod","Block Reminder","Curses Come First","Custom Start","Dark Map","Displayed Cursed Tome","Downfall","Evolution","Jorbs\u0027s Wanderer Trilogy","Minty Spire (QoL Compilation)","Quick Restart","Relic Stats","StSLib"],"gold_per_floor":[113,38,52,1,13,13,43,43,67,67,67,132,132,147,147,147,147],"floor_reached":16,"language":"ENG","playtime":439,"items_purged":[],"score":170,"play_id":"9e4f7bde-c727-4d23-bd31-87cd29822959","local_time":"20210201161004","is_ascension_mode":true,"campfire_choices":[{"data":"Well Laid Plans","floor":6,"key":"SMITH"},{"data":"Strike_G","floor":8,"key":"PURGE"},{"data":"Defend_G","floor":10,"key":"PURGE"},{"data":"Dagger Spray","floor":13,"key":"SMITH"},{"data":"Footwork","floor":15,"key":"SMITH"}],"circlet_count":0,"master_deck":["AscendersBane","Strike_G","Strike_G","Strike_G","Strike_G","Defend_G","Defend_G","Defend_G","Defend_G","Survivor","Neutralize","Dash","Well Laid Plans+1","Dagger Spray+1","Backstab","Deflect","Footwork+1","Blade Dance"],"relics":["Ring of the Snake","EVO:Axolotl","NeowsBlessing","Happy Flower","Peace Pipe","Snake Skull","SsserpentHead"],"acts_visited":["Exordium"],"potions_floor_usage":[7,12,16],"damage_taken":[{"damage":0,"enemies":"Cultist","floor":1,"turns":1},{"damage":0,"enemies":"Jaw Worm","floor":3,"turns":1},{"damage":0,"enemies":"2 Louse","floor":5,"turns":1},{"damage":25,"enemies":"Gremlin Nob","floor":7,"turns":5},{"damage":6,"enemies":"Large Slime","floor":12,"turns":8},{"damage":5,"enemies":"Blue Slaver","floor":14,"turns":4},{"damage":23,"enemies":"Slime Boss","floor":16,"turns":7}],"seed_played":"-7643136048596198767","potions_obtained":[{"floor":3,"key":"DuplicationPotion"},{"floor":7,"key":"EssenceOfSteel"},{"floor":12,"key":"SneckoOil"}],"is_trial":false,"path_per_floor":["M","$","M","?","M","R","E","R","T","R","?","M","R","M","R","B"],"character_chosen":"THE_SILENT","items_purchased":["Well Laid Plans"],"campfire_rested":0,"item_purchase_floors":[2],"current_hp_per_floor":[59,59,59,59,59,59,34,34,34,34,34,28,28,23,23,0,0],"gold":147,"neow_bonus":"THREE_ENEMY_KILL","is_daily":false,"chose_seed":false,"campfire_upgraded":3,"win_rate":0.0,"timestamp":1612192204,"path_taken":["M","$","M","?","?","R","E","R","T","R","?","?","R","M","R","BOSS"],"items_purchased_type":["Card"],"build_version":"2020-12-22","purchased_purges":0,"victory":false,"max_hp_per_floor":[66,66,66,66,66,66,66,66,66,66,66,66,66,66,66,66,66],"relic_stats":{"Peace Pipe":3,"SsserpentHead":50,"Happy Flower":[8],"counters":[7,27],"Snake Skull":[0],"obtain_stats":[{"Peace Pipe":7,"SsserpentHead":11,"NeowsBlessing":0,"Happy Flower":4,"Snake Skull":9,"EVO:Axolotl":0,"Ring of the Snake":0},{"Peace Pipe":4,"SsserpentHead":4,"NeowsBlessing":0,"Happy Flower":2,"Snake Skull":4,"EVO:Axolotl":0,"Ring of the Snake":0},{"Peace Pipe":8,"SsserpentHead":8,"NeowsBlessing":0,"Happy Flower":2,"Snake Skull":8,"EVO:Axolotl":0,"Ring of the Snake":0}],"Ring of the Snake":[14]},"card_choices":[{"not_picked":["Flying Knee","Dagger Throw"],"picked":"Dash","floor":1},{"not_picked":["Outmaneuver","Poisoned Stab"],"picked":"Dagger Spray","floor":3},{"not_picked":["Dagger Spray","Masterful Stab"],"picked":"Backstab","floor":5},{"not_picked":["Doppelganger","Catalyst"],"picked":"Deflect","floor":7},{"not_picked":["Slice","Outmaneuver"],"picked":"Footwork","floor":12},{"not_picked":["Catalyst","Cloak And Dagger"],"picked":"Blade Dance","floor":14}],"player_experience":713985,"relics_obtained":[{"floor":7,"key":"Peace Pipe"},{"floor":9,"key":"Snake Skull"}],"event_choices":[{"damage_healed":0,"gold_gain":0,"player_choice":"Paid Gold","damage_taken":0,"relics_obtained":["Happy Flower"],"max_hp_gain":0,"max_hp_loss":0,"event_name":"WeMeetAgain","floor":4,"gold_loss":51},{"damage_healed":0,"gold_gain":0,"player_choice":"Trade","damage_taken":0,"relics_obtained":["SsserpentHead"],"max_hp_gain":0,"max_hp_loss":0,"event_name":"FaceTrader","floor":11,"gold_loss":0}],"is_beta":false,"boss_relics":[],"items_purged_floors":[],"is_endless":false,"potions_floor_spawned":[3,7,12],"killed_by":"Slime Boss","ascension_level":14}}