{"host":"f0gpob8hq9vgebej","time":1612199423,"event":{"mods":["AchievementEnabler","BaseMod","Minty Spire (QoL Compilation)","Quick Restart","SuperFastMode"],"gold_per_floor":[112,112,112,62,73,108,108,142,142,142,155,173,191,217,217,296,296,307,108,33,53,53,53,67,97,97,113,124,124,138,7,7,84,84,94,94,94,118,18,37,54,54,106,106,106,143,162,191,191,191,191],"floor_reached":50,"language":"KOR","playtime":1267,"items_purged":["Strike_B","Defend_B"],"score":1076,"play_id":"5be05a9e-dbaa-42e1-9bb4-b962b40f6fbc","local_time":"20210202021023","is_ascension_mode":true,"campfire_choices":[{"data":"Defragment","floor":7.0,"key":"SMITH"},{"data":"Zap","floor":10.0,"key":"SMITH"},{"data":"Defragment","floor":15.0,"key":"SMITH"},{"data":"Static Discharge","floor":23.0,"key":"SMITH"},{"floor":29.0,"key":"REST"},{"floor":32.0,"key":"REST"},{"data":"Storm","floor":42.0,"key":"SMITH"},{"data":"Thunder Strike","floor":44.0,"key":"SMITH"},{"floor":49.0,"key":"REST"}],"circlet_count":0,"master_deck":["AscendersBane","Defend_B","Zap+1","Dualcast","Conserve Battery","Barrage","Defragment+1","Skim","Chill","Defragment+1","Tempest","Reboot","Cold Snap","Static Discharge+1","White Noise","Chill+1","Turbo","Storm+1","Thunder Strike+1","Double Energy+1","Finesse","Ball Lightning+1","Barrage"],"relics":["Cracked Core","NeowsBlessing","Singing Bowl","Bottled Flame","Bag of Marbles","PreservedInsect","StrikeDummy","Inserter","Pear","Tiny Chest","Empty Cage","Anchor","CeramicFish","Bottled Tornado"],"acts_visited":["Exordium","TheCity","TheBeyond"],"potions_floor_usage":[50,50],"damage_taken":[{"damage":0.0,"enemies":"Jaw Worm","floor":1.0,"turns":1.0},{"damage":0.0,"enemies":"2 Louse","floor":5.0,"turns":1.0},{"damage":0.0,"enemies":"3 Sentries","floor":6.0,"turns":1.0},{"damage":19.0,"enemies":"Gremlin Nob","floor":8.0,"turns":4.0},{"damage":5.0,"enemies":"Small Slimes","floor":11.0,"turns":4.0},{"damage":10.0,"enemies":"2 Fungi Beasts","floor":12.0,"turns":3.0},{"damage":4.0,"enemies":"Looter","floor":13.0,"turns":2.0},{"damage":0.0,"enemies":"3 Sentries","floor":14.0,"turns":8.0},{"damage":0.0,"enemies":"Slime Boss","floor":16.0,"turns":9.0},{"damage":27.0,"enemies":"Shell Parasite","floor":18.0,"turns":6.0},{"damage":13.0,"enemies":"2 Thieves","floor":21.0,"turns":5.0},{"damage":6.0,"enemies":"Centurion and Healer","floor":24.0,"turns":5.0},{"damage":16.0,"enemies":"Gremlin Leader","floor":25.0,"turns":5.0},{"damage":28.0,"enemies":"Sentry and Sphere","floor":27.0,"turns":4.0},{"damage":6.0,"enemies":"Chosen and Byrds","floor":28.0,"turns":5.0},{"damage":15.0,"enemies":"Snake Plant","floor":30.0,"turns":3.0},{"damage":24.0,"enemies":"Automaton","floor":33.0,"turns":10.0},{"damage":33.0,"enemies":"3 Shapes","floor":35.0,"turns":4.0},{"damage":0.0,"enemies":"3 Darklings","floor":40.0,"turns":5.0},{"damage":8.0,"enemies":"Sphere and 2 Shapes","floor":41.0,"turns":4.0},{"damage":0.0,"enemies":"Giant Head","floor":46.0,"turns":5.0},{"damage":1.0,"enemies":"Spire Growth","floor":47.0,"turns":4.0},{"damage":18.0,"enemies":"Transient","floor":48.0,"turns":5.0},{"damage":57,"enemies":"Awakened One","floor":50,"turns":4}],"seed_played":"179484535825148090","potions_obtained":[{"floor":6.0,"key":"Block Potion"},{"floor":11.0,"key":"ColorlessPotion"},{"floor":13.0,"key":"SpeedPotion"},{"floor":18.0,"key":"SpeedPotion"},{"floor":27.0,"key":"AttackPotion"},{"floor":30.0,"key":"Block Potion"},{"floor":33.0,"key":"Block Potion"},{"floor":41.0,"key":"Block Potion"},{"floor":46.0,"key":"EssenceOfSteel"}],"is_trial":false,"path_per_floor":["M","?","?","?","M","E","R","E","T","R","M","M","M","E","R","B",null,"M","$","?","M","?","R","M","E","T","M","M","R","M","$","R","B",null,"M","?","?","T","$","M","M","R","T","R","?","E","M","M","R","B"],"character_chosen":"DEFECT","items_purchased":["Static Discharge","Energy Potion","Turbo","Storm"],"campfire_rested":3,"item_purchase_floors":[19,19,31,31],"current_hp_per_floor":[68,68,61,61,61,61,61,42,42,42,39,29,25,25,25,25,64,37,37,37,26,52,52,46,42,42,16,12,40,25,25,53,29,79,46,46,46,46,46,48,42,42,42,42,42,42,43,25,53,0,0],"gold":191,"neow_bonus":"THREE_ENEMY_KILL","is_daily":false,"chose_seed":false,"campfire_upgraded":6,"win_rate":0.0,"timestamp":1612199423,"path_taken":["M","?","?","?","?","E","R","E","T","R","M","M","M","E","R","BOSS","M","$","?","M","?","R","M","E","T","M","?","R","M","$","R","BOSS","M","?","?","?","$","M","M","R","T","R","?","E","?","?","R","BOSS"],"items_purchased_type":["Card","Potion","Card","Card"],"build_version":"2020-12-22","purchased_purges":2,"victory":false,"max_hp_per_floor":[75,75,75,75,75,75,75,75,75,75,77,77,77,77,77,77,77,77,77,77,79,79,79,79,91,91,93,95,95,95,95,95,95,95,95,95,90,90,90,92,94,94,94,94,94,94,96,96,96,96,96],"card_choices":[{"not_picked":["Gash","Cold Snap"],"picked":"Conserve Battery","floor":1.0},{"not_picked":["Conserve Battery","Steam"],"picked":"Barrage","floor":5.0},{"not_picked":["Leap","Hyperbeam"],"picked":"Defragment","floor":6.0},{"not_picked":["Melter","Hologram"],"picked":"Skim","floor":8.0},{"not_picked":["Chaos","Sweeping Beam","Compile Driver"],"picked":"Singing Bowl","floor":11.0},{"not_picked":["Melter","Scrape"],"picked":"Chill","floor":12.0},{"not_picked":["Stack","Compile Driver"],"picked":"Defragment","floor":13.0},{"not_picked":["Blizzard","Turbo"],"picked":"Tempest","floor":14.0},{"not_picked":["Rainbow","Meteor Strike"],"picked":"Reboot","floor":16.0},{"not_picked":["Darkness","Beam Cell"],"picked":"Cold Snap","floor":18.0},{"not_picked":["Fusion","Conserve Battery","Chaos"],"picked":"Singing Bowl","floor":21.0},{"not_picked":["Hello World+1","Gash"],"picked":"White Noise","floor":24.0},{"not_picked":["Doom and Gloom","Gash","Aggregate+1"],"picked":"Singing Bowl","floor":25.0},{"not_picked":["Aggregate","Chaos+1","Gash"],"picked":"Singing Bowl","floor":27.0},{"not_picked":["Darkness","Gash+1","Redo"],"picked":"Singing Bowl","floor":28.0},{"not_picked":["Leap","Rebound"],"picked":"Chill+1","floor":30.0},{"not_picked":["Machine Learning","All For One"],"picked":"Thunder Strike","floor":33.0},{"not_picked":["Heatsinks+1","Cold Snap"],"picked":"Double Energy+1","floor":35.0},{"not_picked":["Mind Blast","Mayhem"],"picked":"Finesse","floor":36.0},{"not_picked":["Compile Driver","Go for the Eyes","Tempest"],"picked":"Singing Bowl","floor":40.0},{"not_picked":["Leap","Aggregate+1","Redo"],"picked":"Singing Bowl","floor":41.0},{"not_picked":["Melter","Sunder+1"],"picked":"Ball Lightning+1","floor":46.0},{"not_picked":["Machine Learning","Reinforced Body","Sweeping Beam"],"picked":"Singing Bowl","floor":47.0},{"not_picked":["Steam","Beam Cell+1"],"picked":"Barrage","floor":48.0}],"player_experience":356247,"relics_obtained":[{"floor":6.0,"key":"Bottled Flame"},{"floor":8.0,"key":"Bag of Marbles"},{"floor":9.0,"key":"PreservedInsect"},{"floor":14.0,"key":"StrikeDummy"},{"floor":25.0,"key":"Pear"},{"floor":26.0,"key":"Tiny Chest"},{"floor":38.0,"key":"Anchor"},{"floor":43.0,"key":"CeramicFish"},{"floor":46.0,"key":"Bottled Tornado"}],"event_choices":[{"cards_removed":["Defend_B"],"damage_healed":0.0,"max_hp_gain":0.0,"max_hp_loss":0.0,"gold_gain":0.0,"event_name":"Living Wall","player_choice":"Forget","floor":2.0,"gold_loss":0.0,"damage_taken":0.0},{"damage_healed":0.0,"max_hp_gain":0.0,"max_hp_loss":0.0,"gold_gain":0.0,"event_name":"Scrap Ooze","player_choice":"Success","floor":3.0,"gold_loss":0.0,"damage_taken":7.0,"relics_obtained":["Singing Bowl"]},{"cards_removed":["Strike_B"],"damage_healed":0.0,"max_hp_gain":0.0,"max_hp_loss":0.0,"gold_gain":0.0,"event_name":"The Cleric","player_choice":"Card Removal","floor":4.0,"gold_loss":50.0,"damage_taken":0.0},{"cards_removed":["Strike_B"],"damage_healed":0.0,"max_hp_gain":0.0,"max_hp_loss":0.0,"gold_gain":0.0,"event_name":"Beggar","player_choice":"Gave Gold","floor":20.0,"gold_loss":75.0,"damage_taken":0.0},{"damage_healed":26.0,"max_hp_gain":0.0,"max_hp_loss":0.0,"gold_gain":0.0,"event_name":"The Library","player_choice":"Heal","floor":22.0,"gold_loss":0.0,"damage_taken":0.0},{"damage_healed":0.0,"max_hp_gain":0.0,"max_hp_loss":0.0,"gold_gain":0.0,"event_name":"SensoryStone","player_choice":"Memory 1","floor":36.0,"gold_loss":0.0,"damage_taken":0.0},{"damage_healed":0.0,"max_hp_gain":0.0,"max_hp_loss":5.0,"gold_gain":0.0,"event_name":"Winding Halls","player_choice":"Max HP","floor":37.0,"gold_loss":0.0,"damage_taken":0.0},{"damage_healed":0.0,"max_hp_gain":0.0,"max_hp_loss":0.0,"gold_gain":0.0,"event_name":"Mysterious Sphere","player_choice":"Ignored","floor":45.0,"gold_loss":0.0,"damage_taken":0.0}],"is_beta":false,"boss_relics":[{"not_picked":["Nuclear Battery","SlaversCollar"],"picked":"Inserter"},{"not_picked":["Runic Pyramid","Philosopher\u0027s Stone"],"picked":"Empty Cage"}],"items_purged_floors":[19,39],"is_endless":false,"potions_floor_spawned":[6,11,13,18,21,27,30,33,41,46,48],"killed_by":"Awakened One","ascension_level":13}}