{"host":"9b7hrp48q3pna783","time":1612166993,"event":{"mods":["BaseMod","Colored Map","Colored Powertips","Highlight Path","Minty Spire (QoL Compilation)","Relic Stats"],"gold_per_floor":[112,127,127,145,162,162,162,162],"floor_reached":7,"language":"ENG","playtime":743,"items_purged":[],"score":47,"play_id":"03debb47-b2f0-49ae-b8c2-e928a278be50","local_time":"20210201030953","is_ascension_mode":true,"campfire_choices":[{"data":"Leg Sweep","floor":6,"key":"SMITH"}],"circlet_count":0,"master_deck":["Strike_G","Strike_G","Strike_G","Strike_G","Strike_G","Defend_G","Defend_G","Defend_G","Defend_G","Defend_G","Survivor","Neutralize","Regret","Leg Sweep+1"],"relics":["Snecko Eye","Eternal Feather"],"acts_visited":["Exordium"],"potions_floor_usage":[],"damage_taken":[{"damage":2,"enemies":"Jaw Worm","floor":1,"turns":5},{"damage":1,"enemies":"Small Slimes","floor":2,"turns":6},{"damage":27,"enemies":"2 Louse","floor":4,"turns":6},{"damage":4,"enemies":"2 Fungi Beasts","floor":5,"turns":5},{"damage":37,"enemies":"Lagavulin","floor":7,"turns":16}],"seed_played":"5794449176194835714","potions_obtained":[{"floor":1,"key":"FairyPotion"},{"floor":2,"key":"FairyPotion"}],"is_trial":false,"path_per_floor":["M","M","?","M","M","R","E"],"character_chosen":"THE_SILENT","items_purchased":[],"campfire_rested":0,"item_purchase_floors":[],"current_hp_per_floor":[68,67,67,40,36,42,5,5],"gold":162,"neow_bonus":"BOSS_RELIC","is_daily":false,"chose_seed":false,"campfire_upgraded":1,"win_rate":0.0,"timestamp":1612166993,"path_taken":["M","M","?","M","M","R","E"],"items_purchased_type":[],"build_version":"2020-12-22","purchased_purges":0,"victory":false,"max_hp_per_floor":[70,70,70,70,70,70,70,70],"relic_stats":{"counters":[5,38],"Snecko Eye":[54,57,75,67],"Eternal Feather":6,"obtain_stats":[{"Snecko Eye":0,"Eternal Feather":3,"Ring of the Snake":0},{"Snecko Eye":0,"Eternal Feather":2,"Ring of the Snake":0},{"Snecko Eye":0,"Eternal Feather":11,"Ring of the Snake":0}]},"card_choices":[{"not_picked":["Deflect","Blur","Outmaneuver"],"picked":"SKIP","floor":1},{"not_picked":["Dodge and Roll","PiercingWail","Backflip"],"picked":"SKIP","floor":2},{"not_picked":["Acrobatics","Skewer"],"picked":"Leg Sweep","floor":4},{"not_picked":["Backstab","PiercingWail","Heel Hook"],"picked":"SKIP","floor":5}],"player_experience":127883,"relics_obtained":[],"event_choices":[{"damage_healed":0,"gold_gain":0,"player_choice":"Box","damage_taken":0,"relics_obtained":["Eternal Feather"],"max_hp_gain":0,"max_hp_loss":0,"event_name":"Big Fish","floor":3,"gold_loss":0,"cards_obtained":["Regret"]}],"is_beta":false,"boss_relics":[],"items_purged_floors":[],"is_endless":false,"potions_floor_spawned":[1,2],"killed_by":"Lagavulin","ascension_level":2}}