{"host":"75dm291x99j0clh1","time":1612203861,"event":{"mods":["100% Spire Juice","Arknights","BaseMod","Friendly Minions","Marisa£¨Ùöéë¡¡Øª×âÞÞ£©","Minty Spire (QoL Compilation)","StSLib"],"gold_per_floor":[117,128,140,140,156,156,172,52,52,52,78,78,78,89,89,89,89,105,65,83,93,108,108,118,118,143,143,0,0,13,13,13,13,13],"floor_reached":33,"language":"KOR","playtime":3186,"items_purged":[],"score":289,"play_id":"2fdf5283-bc4b-4cc7-a144-5035984d4efd","local_time":"20210202032421","is_ascension_mode":false,"campfire_choices":[{"data":"Moonworks:BackdoorTrade","floor":6,"key":"SMITH"},{"data":"Moonworks:SakisCookie","floor":10,"key":"SMITH"},{"floor":12,"key":"REST"},{"data":"Moonworks:EvilSpyWorkPreparation","floor":15,"key":"SMITH"},{"floor":23,"key":"REST"},{"floor":27,"key":"REST"},{"floor":29,"key":"REST"},{"data":"Moonworks:CompletionReward","floor":32,"key":"SMITH"}],"circlet_count":0,"master_deck":["Moonworks:Strike+1","Moonworks:Strike","Moonworks:Strike","Moonworks:Strike","Moonworks:Defend","Moonworks:Defend+1","Moonworks:Defend","Moonworks:Defend","Moonworks:Ambush","Moonworks:LongDistanceShot","Moonworks:BackdoorTrade+1","Moonworks:BigMagnum","Moonworks:Assault+1","Moonworks:EvilSpyWorkPreparation+1","Moonworks:SakisCookie+1","Moonworks:EvilSpyWorkPreparation+1","Moonworks:NicePresent+1","Moonworks:TacticalRetreat+1","Moonworks:Heat300Percent","Moonworks:CompletionReward+1","Moonworks:CookingTime+1"],"relics":["Moonworks:BrokenBomb","Moonworks:Homemark","Darkstone Periapt","Odd Mushroom","Centennial Puzzle"],"acts_visited":["Exordium","TheCity"],"potions_floor_usage":[5,20,33,33],"damage_taken":[{"damage":0,"enemies":"2 Louse","floor":1,"turns":3},{"damage":11,"enemies":"Jaw Worm","floor":2,"turns":3},{"damage":6,"enemies":"Small Slimes","floor":3,"turns":4},{"damage":0,"enemies":"3 Louse","floor":5,"turns":4},{"damage":0,"enemies":"2 Fungi Beasts","floor":7,"turns":4},{"damage":11,"enemies":"The Mushroom Lair","floor":11,"turns":3},{"damage":4,"enemies":"Looter","floor":14,"turns":3},{"damage":5,"enemies":"Slime Boss","floor":16,"turns":6},{"damage":4,"enemies":"3 Byrds","floor":18,"turns":4},{"damage":6,"enemies":"2 Thieves","floor":20,"turns":3},{"damage":18,"enemies":"Centurion and Healer","floor":21,"turns":4},{"damage":21,"enemies":"Cultist and Chosen","floor":22,"turns":8},{"damage":36,"enemies":"Snake Plant","floor":24,"turns":4},{"damage":5,"enemies":"Sentry and Sphere","floor":30,"turns":3},{"damage":67,"enemies":"Champ","floor":33,"turns":9}],"seed_played":"-2062995678964377645","potions_obtained":[{"floor":1,"key":"Explosive Potion"},{"floor":5,"key":"Fruit Juice"},{"floor":14,"key":"AttackPotion"},{"floor":18,"key":"SkillPotion"},{"floor":30,"key":"SkillPotion"}],"is_trial":false,"path_per_floor":["M","M","M","?","M","R","M","$","T","R","?","R","$","M","R","B",null,"M","?","M","M","M","R","M","?","T","R","?","R","M","?","R","B"],"character_chosen":"THE_STARBREAKER","items_purchased":[],"campfire_rested":4,"item_purchase_floors":[],"current_hp_per_floor":[66,55,49,36,41,41,41,41,41,41,33,54,54,53,53,51,71,67,67,61,46,28,49,16,16,16,37,37,58,56,56,56,0,0],"gold":13,"neow_bonus":"TEN_PERCENT_HP_BONUS","is_daily":false,"chose_seed":false,"campfire_upgraded":4,"win_rate":0.0,"timestamp":1612203861,"path_taken":["M","M","M","?","M","R","M","?","T","R","?","R","?","?","R","BOSS","M","?","M","M","?","R","M","?","T","R","?","R","M","?","R","BOSS"],"items_purchased_type":[],"build_version":"2020-12-22","purchased_purges":0,"victory":false,"max_hp_per_floor":[66,66,66,66,71,71,71,71,71,71,71,71,71,71,71,71,71,71,71,71,71,71,71,71,71,71,71,71,71,71,71,71,71,71],"card_choices":[{"not_picked":["Moonworks:UnpaidWork","Moonworks:DeployBits"],"picked":"Moonworks:BackdoorTrade","floor":1},{"not_picked":["Moonworks:DeployBits","Moonworks:ImOnFire"],"picked":"Moonworks:BigMagnum","floor":2},{"not_picked":["Moonworks:Accelerator","Moonworks:NicePresent"],"picked":"Moonworks:Assault","floor":3},{"not_picked":["Moonworks:MiracleRedBeanIceCream","Moonworks:EvilMastermind"],"picked":"Moonworks:EvilSpyWorkPreparation","floor":5},{"not_picked":["Moonworks:CloudOfSeagulls","Moonworks:Assault"],"picked":"Moonworks:SakisCookie","floor":7},{"not_picked":["Moonworks:Assault","Moonworks:BigMagnum"],"picked":"Moonworks:EvilSpyWorkPreparation","floor":14},{"not_picked":["Moonworks:Assault","Moonworks:ImOnFire","Moonworks:LulusLuckyEgg+1"],"picked":"SKIP","floor":18},{"not_picked":["Moonworks:ForcedRevival","Moonworks:LulusLuckyEgg"],"picked":"Moonworks:NicePresent+1","floor":20},{"not_picked":["Moonworks:Assault+1","Moonworks:CloudOfSeagulls"],"picked":"Moonworks:TacticalRetreat+1","floor":21},{"not_picked":["Moonworks:ImOnFire+1","Moonworks:IntelligenceOfficer+1"],"picked":"Moonworks:Heat300Percent","floor":22},{"not_picked":["Moonworks:TacticalRetreat","Moonworks:LulusLuckyEgg"],"picked":"Moonworks:CompletionReward","floor":24},{"not_picked":["Moonworks:ScrambledEve","Moonworks:LuckyCharm"],"picked":"Moonworks:CookingTime+1","floor":30}],"player_experience":581315,"relics_obtained":[{"floor":9,"key":"Darkstone Periapt"},{"floor":11,"key":"Odd Mushroom"},{"floor":26,"key":"Centennial Puzzle"}],"event_choices":[{"damage_healed":0,"gold_gain":0,"player_choice":"Entered Light","damage_taken":13,"max_hp_gain":0,"max_hp_loss":0,"event_name":"Shining Light","floor":4,"gold_loss":0,"cards_upgraded":["Moonworks:Defend","Moonworks:Strike"]},{"damage_healed":0,"gold_gain":0,"player_choice":"Fought Mushrooms","damage_taken":0,"max_hp_gain":0,"max_hp_loss":0,"event_name":"Mushrooms","floor":11,"gold_loss":0},{"damage_healed":0,"gold_gain":0,"player_choice":"Upgraded Two","damage_taken":0,"max_hp_gain":0,"max_hp_loss":0,"event_name":"Designer","floor":19,"gold_loss":40,"cards_upgraded":["Moonworks:EvilSpyWorkPreparation","Moonworks:Assault"]},{"damage_healed":0,"gold_gain":0,"player_choice":"Paid Fearfully","damage_taken":0,"max_hp_gain":0,"max_hp_loss":0,"event_name":"Masked Bandits","floor":28,"gold_loss":23},{"damage_healed":0,"gold_gain":0,"player_choice":"Ignored","damage_taken":0,"max_hp_gain":0,"max_hp_loss":0,"event_name":"Cursed Tome","floor":31,"gold_loss":0}],"is_beta":false,"boss_relics":[{"not_picked":["SacredBark","Snecko Eye","Pandora\u0027s Box"]}],"items_purged_floors":[],"is_endless":false,"potions_floor_spawned":[1,5,14,18,30],"killed_by":"Champ","ascension_level":0}}