{"host":"zp68vqn57s53e67f","time":1612147069,"event":{"mods":["Act Like it!","BaseMod","Downfall","Hallownest","Hermit","Minty Spire (QoL Compilation)","Replay The Spire","Shop Mod","StSLib","The Cursed","The Servant 0.9.4"],"gold_per_floor":[110,142,242,254,41,41,70,80,106,120,137,67,67,67,67,195,195,219,219,234,509,63,63,98,98,123,147,147,147],"floor_reached":28,"language":"ENG","playtime":2089,"items_purged":["Defend_R"],"score":261,"play_id":"714185b0-0e16-4d5a-b579-603f2df42033","local_time":"20210131183749","is_ascension_mode":false,"campfire_choices":[{"data":"Flex","floor":6.0,"key":"SMITH"},{"data":"Double Tap","floor":15,"key":"SMITH"},{"data":"Flex","floor":23,"key":"SMITH"},{"data":"Demon Form","floor":25,"key":"SMITH"}],"circlet_count":0,"master_deck":["Strike_R","Strike_R","Strike_R","Strike_R","Strike_R","Defend_R","Defend_R","Defend_R+1","Bash","Replay:Undeath\u0027s Touch","Flex+1","Flex+1","Double Tap+1","ReplayTheSpireMod:Muscle Training+1","Metallicize","Pommel Strike","Thunderclap","Uppercut","Injury","Feed","Seeing Red+1","Anger","Regret","Armaments+1","Replay:BasicMightCard","Demon Form+1","Headbutt"],"relics":["Burning Blood","NeowsBlessing","Toy Ornithopter","War Paint","Replay:Accelerometer","Golden Idol","Ooze Armor","FossilizedHelix","Replay:Mystery Machine","Blue Doll"],"acts_visited":["Exordium","TheCity"],"potions_floor_usage":[16,24,24],"damage_taken":[{"damage":0.0,"enemies":"2 Louse","floor":1.0,"turns":1.0},{"damage":0.0,"enemies":"Jaw Worm","floor":4.0,"turns":1.0},{"damage":0.0,"enemies":"Gremlin Nob","floor":7.0,"turns":1.0},{"damage":2.0,"enemies":"Cultist","floor":8.0,"turns":3.0},{"damage":19.0,"enemies":"Lots of Slimes","floor":10.0,"turns":4.0},{"damage":6.0,"enemies":"Looter","floor":11.0,"turns":3.0},{"damage":9,"enemies":"Fading Forest","floor":16,"turns":11},{"damage":12,"enemies":"Spheric Guardian","floor":18,"turns":3},{"damage":23,"enemies":"Shell Parasite","floor":20,"turns":5},{"damage":25,"enemies":"Gremlin Leader","floor":24,"turns":6},{"damage":6,"enemies":"Snake Plant","floor":27,"turns":4},{"damage":23,"enemies":"Cultist and Chosen","floor":28,"turns":6}],"seed_played":"-3683104284952357434","potions_obtained":[{"floor":1.0,"key":"champ:CounterPotion"},{"floor":2.0,"key":"Venom Potion"},{"floor":2.0,"key":"Adrenaline Potion"},{"floor":7.0,"key":"Swift Potion"}],"is_trial":false,"path_per_floor":["M","?","?","M","$","R","E","M","T","M","M","$","?","?","R","B",null,"M","$","M","?","$","R","E","R","T","M","M"],"character_chosen":"IRONCLAD","items_purchased":["Double Tap","Uppercut","Armaments+1","FossilizedHelix","Replay:BasicMightCard"],"campfire_rested":0,"item_purchase_floors":[5,12,22,22,22],"current_hp_per_floor":[80,60,60,66,66,66,72,76,76,63,63,63,51,51,51,77,80,74,74,57,57,57,57,48,48,48,48,25,25],"gold":147,"neow_bonus":"THREE_ENEMY_KILL","is_daily":false,"chose_seed":false,"campfire_upgraded":4,"win_rate":0.0,"timestamp":1612147069,"path_taken":["M","?","?","M","$","R","E","M","T","M","?","?","?","?","R","BOSS","M","$","M","?","$","R","E","R","T","?","M"],"items_purchased_type":["Card","Card","Card","Relic","Card"],"build_version":"2020-12-22","purchased_purges":1,"victory":false,"max_hp_per_floor":[80,80,80,80,80,80,80,80,80,80,80,80,80,80,80,80,80,80,80,80,80,80,80,80,80,80,80,80,80],"card_choices":[{"not_picked":["Hemokinesis","Evolve"],"picked":"Replay:Undeath\u0027s Touch","floor":1.0},{"not_picked":["Shrug It Off","Entrench"],"picked":"Flex","floor":2.0},{"not_picked":["Twin Strike","Ghostly Armor"],"picked":"Flex","floor":4.0},{"not_picked":["ReplayTheSpireMod:Strike From Hell","Replay:Undeath\u0027s Touch"],"picked":"ReplayTheSpireMod:Muscle Training","floor":7.0},{"not_picked":["Dark Embrace","True Grit"],"picked":"Metallicize","floor":8.0},{"not_picked":["Perfected Strike","Bloodletting"],"picked":"Pommel Strike","floor":10.0},{"not_picked":["Clash","Evolve"],"picked":"Thunderclap","floor":11.0},{"not_picked":["Corruption","Demonic Infusion"],"picked":"Feed","floor":16},{"not_picked":["ReplayReversal+1","Run Through+1"],"picked":"Seeing Red+1","floor":18},{"not_picked":["Shrug It Off","Reckless Charge"],"picked":"Anger","floor":20},{"not_picked":["Iron Wave","Warcry"],"picked":"Demon Form","floor":24},{"not_picked":["Anger","Sword Boomerang"],"picked":"Headbutt","floor":27}],"player_experience":136923,"relics_obtained":[{"floor":7.0,"key":"Toy Ornithopter"},{"floor":9.0,"key":"War Paint"},{"floor":24,"key":"Replay:Mystery Machine"},{"floor":26,"key":"Blue Doll"}],"event_choices":[{"damage_healed":0.0,"max_hp_gain":0.0,"max_hp_loss":0.0,"gold_gain":100.0,"event_name":"Golden Shrine","player_choice":"Pray","floor":3.0,"gold_loss":0.0,"damage_taken":0.0},{"damage_healed":0.0,"max_hp_gain":0.0,"max_hp_loss":0.0,"gold_gain":0.0,"event_name":"Scrap Ooze","player_choice":"Success","floor":13.0,"gold_loss":0.0,"damage_taken":12.0,"relics_obtained":["Replay:Accelerometer"]},{"damage_healed":0.0,"max_hp_gain":0.0,"max_hp_loss":0.0,"gold_gain":0.0,"event_name":"Golden Idol","player_choice":"Take Wound","floor":14.0,"gold_loss":0.0,"damage_taken":0.0,"relics_obtained":["Golden Idol"],"cards_obtained":["Injury"]},{"damage_healed":0,"gold_gain":275,"player_choice":"Desecrate","damage_taken":0,"max_hp_gain":0,"max_hp_loss":0,"event_name":"Golden Shrine","floor":21,"gold_loss":0,"cards_obtained":["Regret"]}],"is_beta":false,"boss_relics":[{"not_picked":["ReplayTheSpireMod:DimensionalGlitch","Kintsugi"],"picked":"Ooze Armor"}],"items_purged_floors":[5],"is_endless":false,"potions_floor_spawned":[1,7,8],"killed_by":"Cultist and Chosen","ascension_level":0}}