{"host":"mnpd8gh7cwxsn5kh","time":1612204690,"event":{"mods":["BaseMod","Bestiary","Block Reminder","Colored Map","Colored Powertips","Highlight Path","Minty Spire (QoL Compilation)","Relic Sorter","Relic Stats"],"gold_per_floor":[219,237,237,253,300,312,345,345,390,417,58,58,58,85,85,181,181,191,191,204,3,3,3,36,36,36,36,36,52,82,82,82,179,179,197,3,0,54,80,113,113,142,154,198,224,22,39,55,55,55],"floor_reached":51,"language":"ENG","playtime":5240,"items_purged":["Defend_G","Strike_G","Footwork"],"score":1062,"play_id":"c69cd88d-13fe-4124-8d9e-08894cb5d6c4","local_time":"20210201193810","is_ascension_mode":true,"campfire_choices":[{"floor":8,"key":"REST"},{"data":"Skewer","floor":12,"key":"SMITH"},{"data":"Neutralize","floor":15,"key":"SMITH"},{"data":"Tools of the Trade","floor":23,"key":"SMITH"},{"data":"Cloak And Dagger","floor":27,"key":"SMITH"},{"data":"Cloak And Dagger","floor":32,"key":"SMITH"},{"data":"Phantasmal Killer","floor":41,"key":"SMITH"},{"data":"Caltrops","floor":49,"key":"SMITH"}],"circlet_count":0,"master_deck":["Strike_G+1","Strike_G+1","Strike_G+1","Defend_G+1","Defend_G+1","Defend_G+1","Defend_G+1","Survivor","Neutralize+1","Skewer+1","Blur","Cloak And Dagger+1","Corpse Explosion","Poisoned Stab+1","Cloak And Dagger+1","Quick Slash","Master of Strategy","Tools of the Trade+1","Flying Knee+1","After Image+1","Underhanded Strike+1","PiercingWail","Well Laid Plans+1","PiercingWail","Endless Agony+1","Phantasmal Killer+1","Sucker Punch+1","Bandage Up","PiercingWail+1","Caltrops+1","Terror+1"],"relics":["Ring of the Snake","Potion Belt","Toy Ornithopter","Juzu Bracelet","Vajra","Membership Card","The Specimen","Busted Crown","Snake Skull","InkBottle","Pantograph","Eternal Feather","Whetstone","Coffee Dripper","TwistedFunnel","Red Mask","Pocketwatch","Strawberry","Bag of Marbles","MawBank","StrikeDummy","Akabeko","Frozen Eye","Bronze Scales"],"acts_visited":["Exordium","TheCity","TheBeyond"],"potions_floor_usage":[10,14,14,16,18,29,30,38,44,50,50,50,50],"damage_taken":[{"damage":2,"enemies":"Jaw Worm","floor":1,"turns":6},{"damage":0,"enemies":"Cultist","floor":2,"turns":4},{"damage":0,"enemies":"2 Louse","floor":4,"turns":2},{"damage":6,"enemies":"Red Slaver","floor":6,"turns":7},{"damage":26,"enemies":"Gremlin Nob","floor":7,"turns":6},{"damage":15,"enemies":"3 Sentries","floor":10,"turns":7},{"damage":6,"enemies":"Gremlin Nob","floor":14,"turns":4},{"damage":31,"enemies":"Hexaghost","floor":16,"turns":11},{"damage":13,"enemies":"2 Thieves","floor":18,"turns":3},{"damage":3,"enemies":"3 Byrds","floor":20,"turns":4},{"damage":2,"enemies":"Gremlin Leader","floor":24,"turns":6},{"damage":0,"enemies":"Centurion and Healer","floor":29,"turns":4},{"damage":0,"enemies":"Book of Stabbing","floor":30,"turns":5},{"damage":19,"enemies":"Collector","floor":33,"turns":8},{"damage":0,"enemies":"Orb Walker","floor":35,"turns":3},{"damage":10,"enemies":"2 Orb Walkers","floor":38,"turns":3},{"damage":0,"enemies":"Reptomancer","floor":40,"turns":4},{"damage":2,"enemies":"Giant Head","floor":42,"turns":7},{"damage":23,"enemies":"Nemesis","floor":44,"turns":7},{"damage":0,"enemies":"3 Darklings","floor":45,"turns":1},{"damage":0,"enemies":"Jaw Worm Horde","floor":47,"turns":3},{"damage":6,"enemies":"Maw","floor":48,"turns":6},{"damage":9,"enemies":"Awakened One","floor":50,"turns":8}],"seed_played":"4462310348493010638","potions_obtained":[{"floor":1,"key":"SpeedPotion"},{"floor":4,"key":"SkillPotion"},{"floor":10,"key":"SkillPotion"},{"floor":14,"key":"FearPotion"},{"floor":24,"key":"SkillPotion"},{"floor":33,"key":"CunningPotion"},{"floor":42,"key":"Strength Potion"},{"floor":44,"key":"Ancient Potion"},{"floor":47,"key":"Weak Potion"}],"is_trial":false,"path_per_floor":["M","M","?","M","T","M","E","R","T","E","$","R","?","E","R","B",null,"M","?","M","$","T","R","E","$","T","R","?","M","E","?","R","B",null,"M","$","?","?","T","E","R","E","T","E","M","$","M","M","R","B",null],"character_chosen":"THE_SILENT","items_purchased":["Membership Card","Cloak And Dagger","Quick Slash","Master of Strategy","Block Potion","SpeedPotion","PiercingWail","Snake Skull","DuplicationPotion","Fire Potion","TwistedFunnel","Footwork","DuplicationPotion","Bandage Up","Frozen Eye","Bronze Scales"],"campfire_rested":1,"item_purchase_floors":[11,11,11,11,11,11,21,21,21,21,36,36,36,36,46,46],"current_hp_per_floor":[61,61,54,54,54,48,22,43,43,33,33,33,33,37,37,11,55,47,47,44,44,44,44,42,42,42,54,54,59,64,64,70,51,65,65,65,65,64,71,75,77,77,77,59,63,63,67,65,77,68],"gold":55,"neow_bonus":"HUNDRED_GOLD","is_daily":false,"chose_seed":false,"campfire_upgraded":7,"win_rate":0.0,"timestamp":1612204690,"path_taken":["M","M","?","?","?","M","E","R","T","E","?","R","?","E","R","BOSS","M","?","M","$","?","R","E","?","T","R","?","M","E","?","R","BOSS","M","$","?","?","?","E","R","E","T","E","M","$","M","M","R","BOSS"],"items_purchased_type":["Relic","Card","Card","Card","Potion","Potion","Card","Relic","Potion","Potion","Relic","Card","Potion","Card","Relic","Relic"],"build_version":"2020-12-22","purchased_purges":3,"victory":true,"max_hp_per_floor":[70,70,70,70,70,70,70,70,70,70,70,70,70,70,70,70,70,70,70,70,70,70,70,70,70,70,70,70,70,70,70,70,70,70,70,70,70,70,77,77,77,77,77,77,77,77,77,77,77,77],"relic_stats":{"counters":[23,119],"Eternal Feather":32,"Snake Skull":[58],"Juzu Bracelet":2,"Whetstone":["Flying Knee","Poisoned Stab"],"MawBank":48,"Busted Crown":28,"Pantograph":0,"Bronze Scales":[54],"obtain_stats":[{"Potion Belt":5,"TwistedFunnel":36,"The Specimen":14,"Vajra":10,"Eternal Feather":26,"Snake Skull":21,"Juzu Bracelet":9,"Whetstone":30,"MawBank":42,"Akabeko":44,"Frozen Eye":46,"Busted Crown":17,"Pantograph":24,"Strawberry":39,"Bronze Scales":46,"Coffee Dripper":34,"Red Mask":37,"Bag of Marbles":40,"Membership Card":11,"StrikeDummy":43,"Toy Ornithopter":7,"InkBottle":22,"Ring of the Snake":0,"Pocketwatch":38},{"Potion Belt":3,"TwistedFunnel":15,"The Specimen":7,"Vajra":6,"Eternal Feather":11,"Snake Skull":10,"Juzu Bracelet":5,"Whetstone":13,"MawBank":18,"Akabeko":19,"Frozen Eye":20,"Busted Crown":8,"Pantograph":11,"Strawberry":16,"Bronze Scales":20,"Coffee Dripper":14,"Red Mask":15,"Bag of Marbles":17,"Membership Card":6,"StrikeDummy":18,"Toy Ornithopter":5,"InkBottle":10,"Ring of the Snake":0,"Pocketwatch":16},{"Potion Belt":12,"TwistedFunnel":80,"The Specimen":36,"Vajra":32,"Eternal Feather":60,"Snake Skull":54,"Juzu Bracelet":25,"Whetstone":69,"MawBank":94,"Akabeko":101,"Frozen Eye":102,"Busted Crown":47,"Pantograph":60,"Strawberry":83,"Bronze Scales":102,"Coffee Dripper":77,"Red Mask":80,"Bag of Marbles":87,"Membership Card":32,"StrikeDummy":94,"Toy Ornithopter":25,"InkBottle":54,"Ring of the Snake":0,"Pocketwatch":83}],"Toy Ornithopter":45,"InkBottle":[35],"Ring of the Snake":[47],"Pocketwatch":[9]},"card_choices":[{"not_picked":["Setup","Sucker Punch"],"picked":"Skewer","floor":1},{"not_picked":["Prepared","Quick Slash"],"picked":"Blur","floor":2},{"not_picked":["Deadly Poison","Prepared","Setup"],"picked":"SKIP","floor":4},{"not_picked":["Backflip","Flying Knee"],"picked":"Cloak And Dagger","floor":6},{"not_picked":["Outmaneuver","Catalyst"],"picked":"Corpse Explosion","floor":7},{"not_picked":["Deadly Poison","All Out Attack"],"picked":"Poisoned Stab","floor":10},{"not_picked":["Bane","Setup"],"picked":"Flying Knee","floor":14},{"not_picked":["Envenom","Corpse Explosion"],"picked":"After Image","floor":16},{"not_picked":["Outmaneuver"],"picked":"SKIP","floor":18},{"not_picked":[],"picked":"Underhanded Strike+1","floor":20},{"not_picked":[],"picked":"Well Laid Plans","floor":24},{"not_picked":[],"picked":"PiercingWail","floor":29},{"not_picked":[],"picked":"Endless Agony+1","floor":30},{"not_picked":[],"picked":"Phantasmal Killer","floor":33},{"not_picked":[],"picked":"Sucker Punch+1","floor":35},{"not_picked":["Unload"],"picked":"SKIP","floor":40},{"not_picked":[],"picked":"PiercingWail+1","floor":42},{"not_picked":[],"picked":"Caltrops","floor":44},{"not_picked":["Accuracy+1"],"picked":"SKIP","floor":45},{"not_picked":[],"picked":"Terror+1","floor":47},{"not_picked":["Setup"],"picked":"SKIP","floor":48}],"player_experience":245262,"relics_obtained":[{"floor":5,"key":"Potion Belt"},{"floor":7,"key":"Toy Ornithopter"},{"floor":9,"key":"Juzu Bracelet"},{"floor":10,"key":"Vajra"},{"floor":14,"key":"The Specimen"},{"floor":22,"key":"InkBottle"},{"floor":24,"key":"Pantograph"},{"floor":26,"key":"Eternal Feather"},{"floor":30,"key":"Whetstone"},{"floor":38,"key":"Pocketwatch"},{"floor":39,"key":"Strawberry"},{"floor":40,"key":"Bag of Marbles"},{"floor":42,"key":"MawBank"},{"floor":43,"key":"StrikeDummy"},{"floor":44,"key":"Akabeko"}],"event_choices":[{"damage_healed":0,"gold_gain":0,"player_choice":"Damaged","damage_taken":7,"max_hp_gain":0,"max_hp_loss":0,"event_name":"Wheel of Change","floor":3,"gold_loss":0},{"damage_healed":0,"gold_gain":0,"cards_transformed":["Strike_G"],"player_choice":"Transformed","damage_taken":0,"max_hp_gain":0,"max_hp_loss":0,"event_name":"Transmorgrifier","floor":13,"gold_loss":0,"cards_obtained":["Tools of the Trade"]},{"damage_healed":0,"gold_gain":0,"player_choice":"Forge","damage_taken":0,"max_hp_gain":0,"max_hp_loss":0,"event_name":"Accursed Blacksmith","floor":19,"gold_loss":0,"cards_upgraded":["After Image"]},{"damage_healed":0,"gold_gain":0,"player_choice":"Simplicity","damage_taken":0,"max_hp_gain":0,"max_hp_loss":0,"event_name":"Back to Basics","floor":28,"gold_loss":0,"cards_upgraded":["Strike_G","Strike_G","Strike_G","Defend_G","Defend_G","Defend_G","Defend_G"]},{"damage_healed":0,"gold_gain":0,"player_choice":"Upgraded","damage_taken":0,"max_hp_gain":0,"max_hp_loss":0,"event_name":"Upgrade Shrine","floor":31,"gold_loss":0,"cards_upgraded":["Well Laid Plans"]},{"damage_healed":0,"gold_gain":0,"player_choice":"Paid","damage_taken":0,"relics_obtained":["Red Mask"],"max_hp_gain":0,"max_hp_loss":0,"event_name":"Tomb of Lord Red Mask","floor":37,"gold_loss":3},{"damage_healed":0,"gold_gain":0,"player_choice":"Fight","damage_taken":0,"max_hp_gain":0,"max_hp_loss":0,"event_name":"Mysterious Sphere","floor":38,"gold_loss":0}],"is_beta":false,"boss_relics":[{"not_picked":["Snecko Eye","Runic Dome"],"picked":"Busted Crown"},{"not_picked":["Tiny House","Empty Cage"],"picked":"Coffee Dripper"}],"items_purged_floors":[11,21,46],"is_endless":false,"potions_floor_spawned":[1,4,10,14,24,33,42,44,47],"ascension_level":7}}