{"host":"u6v0z43xi4vbzvq3","time":1612180699,"event":{"mods":["BaseMod","Beaked The Cultist","Colored Map","Downfall","Duelist Mod","Googly Eyes","Highlight Path","Hubris","Infinite Spire","Minty Spire (QoL Compilation)","Replay The Spire","Shop Mod","StSLib","SuperFastMode"],"gold_per_floor":[118,218,235,249,269,295,72,135,135,162,162,162,162,180,180,301,301,319,383,383,383,408,408,428,428,428,428,448,469,469,502,502,502,502],"floor_reached":33,"language":"ENG","playtime":1170,"items_purged":[],"score":265,"play_id":"665f65de-a102-46d8-a604-f7d8d59de8f2","local_time":"20210201225819","is_ascension_mode":false,"campfire_choices":[{"floor":11,"key":"REST"},{"floor":15,"key":"REST"},{"floor":23,"key":"REST"},{"floor":27,"key":"REST"},{"floor":30,"key":"REST"},{"floor":32,"key":"REST"}],"circlet_count":0,"master_deck":["Strike_R","Strike_R","Strike_R","Strike_R","Strike_R","Defend_R","Defend_R","Defend_R","Defend_R","Bash","Intimidate","Spot Weakness","Cleave","Sword Boomerang","Inflame","Run Through","Sword Boomerang","ReplayTheSpireMod:Muscle Training","Juggernaut","Cleave+1","Armaments","True Grit+1","ReplayTheSpireMod:Strike From Hell","Heavy Blade+1","Armaments+1","Thunderclap","Metallicize"],"relics":["Burning Blood","NeowsBlessing","Red Skull","Blood Vial","Kunai","Smiling Mask","Replay:Wax Seal","Golden Idol","Runic Cube","infinitespire:BottledMercury","hubris:ToyBattleship","hubris:GlazedTorus","Juzu Bracelet","infinitespire:EmpoweringShard"],"acts_visited":["Exordium","TheCity"],"potions_floor_usage":[8,10,22,28,28],"damage_taken":[{"damage":0,"enemies":"2 Louse","floor":1,"turns":1},{"damage":0,"enemies":"Cultist","floor":3,"turns":1},{"damage":0,"enemies":"Jaw Worm","floor":4,"turns":1},{"damage":27,"enemies":"Gremlin Gang","floor":5,"turns":4},{"damage":23,"enemies":"Lagavulin Event","floor":8,"turns":5},{"damage":34,"enemies":"Gremlin Nob","floor":10,"turns":5},{"damage":0,"enemies":"Large Slime","floor":14,"turns":2},{"damage":45,"enemies":"The Guardian","floor":16,"turns":10},{"damage":26,"enemies":"Spheric Guardian","floor":18,"turns":4},{"damage":22,"enemies":"Shell Parasite","floor":22,"turns":5},{"damage":49,"enemies":"Snecko","floor":24,"turns":8},{"damage":5,"enemies":"Chosen and Byrds","floor":28,"turns":4},{"damage":34,"enemies":"Snake Plant","floor":29,"turns":4},{"damage":4,"enemies":"theDuelist:KaibaA2","floor":31,"turns":3},{"damage":82,"enemies":"Champ","floor":33,"turns":9}],"seed_played":"-4363015027275494136","potions_obtained":[{"floor":5,"key":"SpeedPotion"},{"floor":8,"key":"Reflective Coating"},{"floor":16,"key":"LiquidBronze"},{"floor":18,"key":"SpeedPotion"},{"floor":24,"key":"SteroidPotion"}],"is_trial":false,"path_per_floor":["M","?","M","M","M","T","$","?","T","E","R","$","?","M","R","B",null,"M","?","?","AVR","M","R","M","$","T","R","M","M","R","E","R_BF","B"],"character_chosen":"IRONCLAD","items_purchased":["Blood Vial","Inflame","hubris:GlazedTorus"],"campfire_rested":6,"item_purchase_floors":[7,7,25],"current_hp_per_floor":[80,80,80,80,59,59,59,44,44,18,42,42,42,50,74,37,80,60,60,60,60,46,70,29,10,10,34,37,11,35,39,63,0,0],"gold":502,"neow_bonus":"THREE_ENEMY_KILL","is_daily":false,"chose_seed":false,"campfire_upgraded":0,"win_rate":0.0,"timestamp":1612180699,"path_taken":["M","?","M","?","M","?","$","?","T","E","R","?","?","M","R","BOSS","M","?","?","AVR","?","R","M","?","T","R","M","M","R","E","R_BF","BOSS"],"items_purchased_type":["Relic","Card","Relic"],"build_version":"2020-12-22","purchased_purges":0,"victory":false,"max_hp_per_floor":[80,80,80,80,80,80,80,80,80,80,80,80,80,80,80,80,80,80,80,80,80,80,80,80,80,80,80,80,80,80,80,80,80,80],"card_choices":[{"not_picked":["ReplayTheSpireMod:Corrosion Curse","Uppercut"],"picked":"Intimidate","floor":1},{"not_picked":["Replay:Undeath\u0027s Touch","Searing Blow"],"picked":"Spot Weakness","floor":3},{"not_picked":["Intimidate","Iron Wave"],"picked":"Cleave","floor":4},{"not_picked":["Thunderclap","Twin Strike"],"picked":"Sword Boomerang","floor":5},{"not_picked":["Eclipse","Blood for Blood"],"picked":"Run Through","floor":8},{"not_picked":["Armaments","Hemokinesis"],"picked":"Sword Boomerang","floor":10},{"not_picked":["True Grit","Shrug It Off"],"picked":"ReplayTheSpireMod:Muscle Training","floor":14},{"not_picked":["Brutality","Replay:Many Hands"],"picked":"Juggernaut","floor":16},{"not_picked":["True Grit","Flex"],"picked":"Cleave+1","floor":18},{"not_picked":["Life Link","Body Slam"],"picked":"Armaments","floor":19},{"not_picked":["Headbutt","Juggernaut"],"picked":"True Grit+1","floor":19},{"not_picked":["Headbutt","Second Wind"],"picked":"ReplayTheSpireMod:Strike From Hell","floor":22},{"not_picked":["Cleave","Thunderclap"],"picked":"Heavy Blade+1","floor":24},{"not_picked":["Immolate","hubris:ReadiedAction"],"picked":"Armaments+1","floor":28},{"not_picked":["Dual Wield+1","True Grit+1"],"picked":"Thunderclap","floor":29},{"not_picked":["ReplayTheSpireMod:Strike From Hell","Pommel Strike+1"],"picked":"Metallicize","floor":31}],"player_experience":117239,"relics_obtained":[{"floor":6,"key":"Red Skull"},{"floor":9,"key":"Smiling Mask"},{"floor":10,"key":"Replay:Wax Seal"},{"floor":19,"key":"infinitespire:BottledMercury"},{"floor":26,"key":"Juzu Bracelet"},{"floor":31,"key":"infinitespire:EmpoweringShard"}],"event_choices":[{"damage_healed":0,"gold_gain":100,"player_choice":"Pray","damage_taken":0,"max_hp_gain":0,"max_hp_loss":0,"event_name":"Golden Shrine","floor":2,"gold_loss":0},{"damage_healed":0,"gold_gain":30,"player_choice":"Searched \u00273\u0027 times","damage_taken":0,"relics_obtained":["Kunai"],"max_hp_gain":0,"max_hp_loss":0,"event_name":"Dead Adventurer","floor":8,"gold_loss":0},{"damage_healed":0,"gold_gain":0,"player_choice":"Take Wound","damage_taken":0,"relics_obtained":["Golden Idol"],"max_hp_gain":0,"max_hp_loss":0,"event_name":"Golden Idol","floor":13,"gold_loss":0,"cards_obtained":["Injury"]},{"cards_removed":["Injury"],"damage_healed":0,"gold_gain":0,"player_choice":"Removed Curses","damage_taken":0,"max_hp_gain":0,"max_hp_loss":0,"event_name":"Fountain of Cleansing","floor":20,"gold_loss":0}],"is_beta":false,"boss_relics":[{"not_picked":["Runic Dome","hubris:RunicObelisk"],"picked":"Runic Cube"}],"items_purged_floors":[],"is_endless":false,"potions_floor_spawned":[5,8,16,18,24],"killed_by":"Champ","ascension_level":0}}