{"host":"owox7x4ngjt9htcc","time":1612165383,"event":{"mods":["BaseMod","Colored Map","DeckTracker","Keyboard Shortcuts","Minty Spire (QoL Compilation)","SuperFastMode"],"gold_per_floor":[114,114,45,45,45,75,75,105,180,210,210,240,255,54,54,154,154,169,21,61,76,91,91,91],"floor_reached":23,"language":"KOR","playtime":985,"items_purged":["Strike_R"],"score":217,"play_id":"858050f7-7106-4845-9665-35f3116094de","local_time":"20210201164303","daily_mods":["Allstar","Diverse","Elite Swarm"],"is_ascension_mode":false,"campfire_choices":[{"floor":7.0,"key":"REST"},{"floor":11.0,"key":"REST"},{"data":"Envenom","floor":15.0,"key":"SMITH"}],"circlet_count":0,"master_deck":["Strike_R","Strike_R","Strike_R","Strike_R","Defend_R","Defend_R","Defend_R","Defend_R","Bash","Discovery","Blind","Transmutation+1","Impatience","Panacea","Conserve Battery","Iron Wave+1","PiercingWail","Wish","Envenom+1","Storm of Steel","Burst+1","Accuracy","True Grit+1","Devotion","Outmaneuver+1","Footwork","Uppercut+1","Shrug It Off+1","Iron Wave"],"relics":["Burning Blood","Incense Burner","Self Forming Clay","Bronze Scales","Paper Frog","Blood Vial","Toxic Egg 2","TheAbacus","Mark of Pain"],"acts_visited":["Exordium","TheCity"],"potions_floor_usage":[],"damage_taken":[{"damage":0.0,"enemies":"Small Slimes","floor":1.0,"turns":3.0},{"damage":20.0,"enemies":"Lagavulin","floor":6.0,"turns":8.0},{"damage":7.0,"enemies":"3 Sentries","floor":8.0,"turns":13.0},{"damage":33.0,"enemies":"Gremlin Nob","floor":10.0,"turns":6.0},{"damage":6.0,"enemies":"Lagavulin","floor":12.0,"turns":9.0},{"damage":5.0,"enemies":"Jaw Worm","floor":13.0,"turns":5.0},{"damage":13.0,"enemies":"Slime Boss","floor":16.0,"turns":12.0},{"damage":4.0,"enemies":"2 Thieves","floor":18.0,"turns":3.0},{"damage":5.0,"enemies":"Shell Parasite","floor":20.0,"turns":8.0},{"damage":33.0,"enemies":"Shelled Parasite and Fungi","floor":21.0,"turns":4.0},{"damage":12.0,"enemies":"Snecko","floor":22.0,"turns":5.0},{"damage":0,"enemies":"Gremlin Leader","floor":23,"turns":1}],"seed_played":"7510361231737359051","potions_obtained":[{"floor":12.0,"key":"Ancient Potion"},{"floor":13.0,"key":"Weak Potion"},{"floor":18.0,"key":"FearPotion"},{"floor":22.0,"key":"Strength Potion"}],"is_trial":false,"path_per_floor":["M","?","$","?","?","E","R","E","T","E","R","E","M","$","R","B",null,"M","$","M","M","M","E"],"character_chosen":"IRONCLAD","items_purchased":["Iron Wave","PiercingWail","True Grit+1","TheAbacus","Footwork"],"campfire_rested":2,"item_purchase_floors":[3,3,14,14,19],"current_hp_per_floor":[80,62,62,46,46,32,56,55,55,28,52,54,57,57,57,52,80,80,80,80,53,49,51,51],"gold":91,"neow_bonus":"","is_daily":true,"chose_seed":false,"campfire_upgraded":1,"win_rate":0.0,"timestamp":1612165383,"path_taken":["M","?","$","?","?","E","R","E","T","E","R","E","M","$","R","BOSS","M","$","M","?","M","E"],"items_purchased_type":["Card","Card","Card","Relic","Card"],"build_version":"2020-12-22","purchased_purges":1,"victory":false,"max_hp_per_floor":[80,80,80,80,80,80,80,80,80,80,80,80,80,80,80,80,80,80,80,80,80,80,80,80],"card_choices":[{"not_picked":["Prostrate","Prepared"],"picked":"Conserve Battery","floor":1.0},{"not_picked":["Glass Knife","Fiend Fire"],"picked":"Envenom","floor":6.0},{"not_picked":["Grand Finale","Establishment","ConjureBlade"],"picked":"SKIP","floor":8.0},{"not_picked":["Limit Break","Reboot"],"picked":"Storm of Steel","floor":10.0},{"not_picked":["Bludgeon","Barricade"],"picked":"Burst+1","floor":12.0},{"not_picked":["Melter","Flying Knee"],"picked":"Accuracy","floor":13.0},{"not_picked":["Unload","DeusExMachina+1"],"picked":"Devotion","floor":16.0},{"not_picked":["BowlingBash","EmptyFist"],"picked":"Outmaneuver+1","floor":18.0},{"not_picked":["Cleave","SandsOfTime"],"picked":"Uppercut+1","floor":20.0},{"not_picked":["Backstab+1","Halt+1"],"picked":"Shrug It Off+1","floor":21.0},{"not_picked":["ForeignInfluence+1","Clash"],"picked":"Iron Wave","floor":22.0}],"player_experience":906211,"relics_obtained":[{"floor":6.0,"key":"Self Forming Clay"},{"floor":8.0,"key":"Bronze Scales"},{"floor":9.0,"key":"Paper Frog"},{"floor":10.0,"key":"Blood Vial"},{"floor":12.0,"key":"Toxic Egg 2"}],"event_choices":[{"damage_healed":0.0,"max_hp_gain":0.0,"max_hp_loss":0.0,"gold_gain":0.0,"event_name":"Scrap Ooze","player_choice":"Success","floor":2.0,"gold_loss":0.0,"damage_taken":18.0,"relics_obtained":["Incense Burner"]},{"damage_healed":0.0,"max_hp_gain":0.0,"max_hp_loss":0.0,"gold_gain":0.0,"event_name":"Shining Light","player_choice":"Entered Light","floor":4.0,"gold_loss":0.0,"damage_taken":16.0,"cards_upgraded":["Iron Wave","Transmutation"]},{"damage_healed":0.0,"max_hp_gain":0.0,"max_hp_loss":0.0,"gold_gain":0.0,"event_name":"Match and Keep!","player_choice":"1 cards matched","floor":5.0,"gold_loss":0.0,"damage_taken":0.0,"cards_obtained":["Wish"]}],"is_beta":false,"boss_relics":[{"not_picked":["SlaversCollar","Sozu"],"picked":"Mark of Pain"}],"items_purged_floors":[19],"is_endless":false,"potions_floor_spawned":[12,13,18,20,22],"killed_by":"Gremlin Leader","ascension_level":0}}