{"host":"8is2j71l4wmybkoi","time":1612169937,"event":{"mods":["AchievementEnabler","BaseMod","Colored Map","Minty Spire (QoL Compilation)","Rare Cards Sparkle","StSLib","SuperFastMode"],"gold_per_floor":[369,369,380,395,84,84,119,119,119,119,138,148,148,179,179,251,251,268,19,19,31,31,31,41,41,67,79,89,89,89,89,89],"floor_reached":31,"language":"KOR","playtime":1123,"items_purged":["Strike_G","Defend_G"],"score":429,"play_id":"8f7390e9-b4f9-4d84-9595-c159380f71ec","local_time":"20210201175857","is_ascension_mode":true,"campfire_choices":[{"data":"Dagger Spray","floor":6,"key":"SMITH"},{"data":"Masterful Stab","floor":8,"key":"SMITH"},{"floor":10,"key":"REST"},{"floor":15,"key":"REST"},{"floor":23,"key":"REST"}],"circlet_count":0,"master_deck":["AscendersBane","Defend_G","Defend_G","Survivor","Neutralize","Predator","Sucker Punch","Dagger Spray+1","Well Laid Plans","Masterful Stab+1","Meditate","FTL","Malaise","Body Slam","Core Surge","PiercingWail+1","Accuracy+1","Glass Knife+1","TalkToTheHand","True Grit+1","Limit Break"],"relics":["Ring of the Snake","PrismaticShard","StrikeDummy","Centennial Puzzle","Bag of Marbles","Astrolabe","Toolbox","The Courier","Smiling Mask"],"acts_visited":["Exordium","TheCity"],"potions_floor_usage":[7,7,16,24],"damage_taken":[{"damage":0,"enemies":"2 Louse","floor":1,"turns":4},{"damage":4,"enemies":"Jaw Worm","floor":3,"turns":3},{"damage":0,"enemies":"Cultist","floor":4,"turns":3},{"damage":20,"enemies":"Lagavulin","floor":7,"turns":5},{"damage":4,"enemies":"Blue Slaver","floor":11,"turns":3},{"damage":4,"enemies":"Red Slaver","floor":12,"turns":4},{"damage":11,"enemies":"Gremlin Nob","floor":14,"turns":3},{"damage":30,"enemies":"Slime Boss","floor":16,"turns":9},{"damage":18,"enemies":"Shell Parasite","floor":18,"turns":5},{"damage":19,"enemies":"2 Thieves","floor":21,"turns":4},{"damage":0,"enemies":"Cultist and Chosen","floor":24,"turns":4},{"damage":25,"enemies":"Snake Plant","floor":27,"turns":7},{"damage":0,"enemies":"Centurion and Healer","floor":28,"turns":6},{"damage":8,"enemies":"Chosen and Byrds","floor":31,"turns":1}],"seed_played":"-464449259510400143","potions_obtained":[{"floor":3,"key":"Poison Potion"},{"floor":14,"key":"GamblersBrew"},{"floor":16,"key":"SkillPotion"},{"floor":18,"key":"FearPotion"},{"floor":20,"key":"SmokeBomb"},{"floor":20,"key":"Explosive Potion"},{"floor":24,"key":"PowerPotion"},{"floor":27,"key":"SteroidPotion"}],"is_trial":false,"path_per_floor":["M","?","M","M","$","R","E","R","T","R","M","M","?","E","R","B",null,"M","$","?","M","?","R","M","?","T","M","M","?","?","M"],"character_chosen":"THE_SILENT","items_purchased":["PrismaticShard","Well Laid Plans","ColorlessPotion","Toolbox"],"campfire_rested":3,"item_purchase_floors":[5,5,5,19],"current_hp_per_floor":[44,37,33,33,33,33,13,13,13,32,28,24,24,13,32,2,50,32,32,32,13,13,32,32,32,32,7,7,7,7,0,0],"gold":89,"neow_bonus":"TWO_FIFTY_GOLD","is_daily":false,"chose_seed":false,"campfire_upgraded":2,"win_rate":0.0,"timestamp":1612169937,"path_taken":["M","?","M","M","$","R","E","R","T","R","M","M","?","E","R","BOSS","M","?","?","?","?","R","M","?","T","M","?","?","?","M"],"items_purchased_type":["Relic","Card","Potion","Relic"],"build_version":"2020-12-22","purchased_purges":2,"victory":false,"max_hp_per_floor":[66,66,66,66,66,66,66,66,66,66,66,66,66,66,66,66,66,66,66,66,66,66,66,66,66,66,66,66,66,66,66,66],"card_choices":[{"not_picked":["Sucker Punch","Crippling Poison"],"picked":"Predator","floor":1},{"not_picked":["Prepared","Choke"],"picked":"Sucker Punch","floor":3},{"not_picked":["Quick Slash","Underhanded Strike"],"picked":"Dagger Spray","floor":4},{"not_picked":["Barrage","Backflip"],"picked":"Masterful Stab","floor":7},{"not_picked":["Cleave","Ghostly Armor"],"picked":"Meditate","floor":11},{"not_picked":["Iron Wave","Ragnarok"],"picked":"FTL","floor":12},{"not_picked":["Cleave","Finesse"],"picked":"Body Slam","floor":14},{"not_picked":["Biased Cognition","Grand Finale"],"picked":"Core Surge","floor":16},{"not_picked":["Backstab","Barrage"],"picked":"TalkToTheHand","floor":18},{"not_picked":["Headbutt","Wild Strike+1"],"picked":"True Grit+1","floor":21},{"not_picked":["CutThroughFate","Skim","EmptyFist"],"picked":"SKIP","floor":24},{"not_picked":["Clash","SashWhip","Heavy Blade"],"picked":"SKIP","floor":27},{"not_picked":["Blade Dance","Clash"],"picked":"Limit Break","floor":28}],"player_experience":903986,"relics_obtained":[{"floor":7,"key":"StrikeDummy"},{"floor":9,"key":"Centennial Puzzle"},{"floor":14,"key":"Bag of Marbles"},{"floor":26,"key":"Smiling Mask"}],"event_choices":[{"cards_removed":["Strike_G"],"damage_healed":0,"gold_gain":0,"player_choice":"Card Removal","damage_taken":7,"max_hp_gain":0,"max_hp_loss":0,"event_name":"Golden Wing","floor":2,"gold_loss":0},{"damage_healed":0,"gold_gain":0,"cards_transformed":["Strike_G"],"player_choice":"Transformed","damage_taken":0,"max_hp_gain":0,"max_hp_loss":0,"event_name":"Transmorgrifier","floor":13,"gold_loss":0,"cards_obtained":["Malaise"]},{"damage_healed":0,"gold_gain":0,"player_choice":"Got Potions","damage_taken":0,"max_hp_gain":0,"max_hp_loss":0,"event_name":"Lab","floor":20,"gold_loss":0},{"damage_healed":0,"gold_gain":0,"player_choice":"Gave Potion","damage_taken":0,"relics_obtained":["The Courier"],"max_hp_gain":0,"max_hp_loss":0,"event_name":"WeMeetAgain","floor":25,"gold_loss":0},{"damage_healed":0,"gold_gain":0,"player_choice":"Ignored","damage_taken":0,"max_hp_gain":0,"max_hp_loss":0,"event_name":"The Mausoleum","floor":29,"gold_loss":0},{"cards_removed":["Defend_G"],"damage_healed":0,"gold_gain":0,"player_choice":"Elegance","damage_taken":0,"max_hp_gain":0,"max_hp_loss":0,"event_name":"Back to Basics","floor":30,"gold_loss":0}],"is_beta":false,"boss_relics":[{"not_picked":["SlaversCollar","Black Star"],"picked":"Astrolabe"}],"items_purged_floors":[5,19],"is_endless":false,"potions_floor_spawned":[3,14,16,18,24,27],"killed_by":"Chosen and Byrds","ascension_level":15}}