{"host":"rv8qrr1d2i1l2m12","time":1612222859,"event":{"mods":["BaseMod","Colored Map","Minty Spire (QoL Compilation)","StSLib"],"gold_per_floor":[112,122,122,133,147,182,182,182,182],"floor_reached":8,"language":"ENG","playtime":672,"items_purged":[],"score":90,"play_id":"036d4dc9-b55b-4c04-b122-e392007dedcc","local_time":"20210201184059","is_ascension_mode":true,"campfire_choices":[{"floor":7,"key":"REST"}],"circlet_count":0,"master_deck":["AscendersBane","Strike_G","Strike_G","Strike_G","Strike_G","Strike_G","Defend_G","Defend_G","Defend_G","Defend_G","Defend_G","Survivor","Neutralize+1","Crippling Poison","Backflip","Envenom","Tactician","Purity","Bouncing Flask","Poisoned Stab"],"relics":["Ring of the Snake","Pocketwatch"],"acts_visited":["Exordium"],"potions_floor_usage":[5,8],"damage_taken":[{"damage":1,"enemies":"Small Slimes","floor":1,"turns":4},{"damage":7,"enemies":"Cultist","floor":2,"turns":4},{"damage":3,"enemies":"2 Louse","floor":4,"turns":4},{"damage":15,"enemies":"Gremlin Gang","floor":5,"turns":4},{"damage":28,"enemies":"Lagavulin","floor":6,"turns":6},{"damage":32,"enemies":"3 Sentries","floor":8,"turns":8}],"seed_played":"1617521005908380034","potions_obtained":[{"floor":4,"key":"LiquidBronze"},{"floor":6,"key":"Block Potion"}],"is_trial":false,"path_per_floor":["M","M","?","M","M","E","R","E"],"character_chosen":"THE_SILENT","items_purchased":[],"campfire_rested":1,"item_purchase_floors":[],"current_hp_per_floor":[62,55,55,52,37,9,30,0,0],"gold":182,"neow_bonus":"UPGRADE_CARD","is_daily":false,"chose_seed":false,"campfire_upgraded":0,"win_rate":0.0,"timestamp":1612222859,"path_taken":["M","M","?","M","?","E","R","E"],"items_purchased_type":[],"build_version":"2020-12-22","purchased_purges":0,"victory":false,"max_hp_per_floor":[70,70,70,70,70,70,70,70,70],"card_choices":[{"not_picked":["Deflect","Underhanded Strike"],"picked":"Crippling Poison","floor":1},{"not_picked":["Blade Dance","Prepared"],"picked":"Backflip","floor":2},{"not_picked":["Terror","Quick Slash"],"picked":"Bouncing Flask","floor":4},{"not_picked":["Masterful Stab","PiercingWail","Deflect"],"picked":"SKIP","floor":5},{"not_picked":["Dagger Throw","Quick Slash"],"picked":"Poisoned Stab","floor":6}],"player_experience":581057,"relics_obtained":[{"floor":6,"key":"Pocketwatch"}],"event_choices":[{"damage_healed":0,"gold_gain":0,"player_choice":"3 cards matched","damage_taken":0,"max_hp_gain":0,"max_hp_loss":0,"event_name":"Match and Keep!","floor":3,"gold_loss":0,"cards_obtained":["Envenom","Tactician","Purity"]}],"is_beta":false,"boss_relics":[],"items_purged_floors":[],"is_endless":false,"potions_floor_spawned":[4,6],"killed_by":"3 Sentries","ascension_level":11}}