{"host":"d52brwsy6af8zvaq","time":1612140844,"event":{"mods":["AchievementEnabler","BaseMod","Bestiary","Highlight Path","Minty Spire (QoL Compilation)","Quick Restart","Relic Stats","ojb\u0027s Better Paths Mod"],"gold_per_floor":[365,380,380,187,187,213,213,32,32,32,43,62,73,120,120,120,120],"floor_reached":16,"language":"ENG","playtime":515,"items_purged":["Strike_G","Strike_G"],"score":220,"play_id":"51d1624a-3c93-4a74-a1ef-5dd48400eb5c","local_time":"20210131175404","is_ascension_mode":true,"campfire_choices":[{"floor":7.0,"key":"REST"},{"floor":10.0,"key":"REST"},{"floor":15,"key":"REST"}],"circlet_count":0,"master_deck":["AscendersBane","Strike_G","Strike_G","Strike_G","Defend_G","Defend_G","Defend_G","Defend_G","Defend_G","Survivor","Neutralize","Cloak And Dagger","Dash","Footwork","All Out Attack","Dash","Deadly Poison","Cloak And Dagger","Crippling Poison","Backflip","Wraith Form v2"],"relics":["Ring of the Snake","Bag of Marbles","PreservedInsect","White Beast Statue"],"acts_visited":["Exordium"],"potions_floor_usage":[13,13,14,14],"damage_taken":[{"damage":3.0,"enemies":"Cultist","floor":1.0,"turns":4.0},{"damage":12.0,"enemies":"2 Louse","floor":2.0,"turns":4.0},{"damage":43.0,"enemies":"Gremlin Nob","floor":6.0,"turns":6.0},{"damage":0,"enemies":"Jaw Worm","floor":11,"turns":4},{"damage":5,"enemies":"Blue Slaver","floor":12,"turns":4},{"damage":5,"enemies":"Exordium Thugs","floor":13,"turns":6},{"damage":17,"enemies":"Lagavulin","floor":14,"turns":9},{"damage":28,"enemies":"Slime Boss","floor":16,"turns":6}],"seed_played":"-5726329098885500741","potions_obtained":[{"floor":6.0,"key":"Energy Potion"},{"floor":11,"key":"EntropicBrew"},{"floor":14,"key":"Poison Potion"}],"is_trial":false,"path_per_floor":["M","M","?","$","?","E","R","$","T","R","M","M","M","E","R","B"],"character_chosen":"THE_SILENT","items_purchased":["Footwork","All Out Attack","Deadly Poison","Cloak And Dagger"],"campfire_rested":3,"item_purchase_floors":[4,4,8,8],"current_hp_per_floor":[56,44,44,44,44,1,19,19,19,37,37,32,27,10,28,0,0],"gold":120,"neow_bonus":"TWO_FIFTY_GOLD","is_daily":false,"chose_seed":false,"campfire_upgraded":0,"win_rate":0.0,"timestamp":1612140844,"path_taken":["M","M","?","$","?","E","R","$","T","R","M","M","M","E","R","BOSS"],"items_purchased_type":["Card","Card","Card","Card"],"build_version":"2020-12-22","purchased_purges":2,"victory":false,"max_hp_per_floor":[66,66,63,63,63,63,63,63,63,63,63,63,63,63,63,63,63],"relic_stats":{"counters":[8,43],"PreservedInsect":36,"obtain_stats":[{"PreservedInsect":9,"Bag of Marbles":6,"White Beast Statue":14,"Ring of the Snake":0},{"PreservedInsect":3,"Bag of Marbles":3,"White Beast Statue":7,"Ring of the Snake":0},{"PreservedInsect":14,"Bag of Marbles":14,"White Beast Statue":37,"Ring of the Snake":0}],"Ring of the Snake":[16]},"card_choices":[{"not_picked":["Flying Knee","Dodge and Roll"],"picked":"Cloak And Dagger","floor":1.0},{"not_picked":["Deflect","Flying Knee"],"picked":"Dash","floor":2.0},{"not_picked":["Tactician","Masterful Stab"],"picked":"Dash","floor":6.0},{"not_picked":["Riddle With Holes","Poisoned Stab","Setup"],"picked":"SKIP","floor":11},{"not_picked":["Deadly Poison","PiercingWail"],"picked":"Crippling Poison","floor":12},{"not_picked":["Eviscerate","Quick Slash"],"picked":"Backflip","floor":13},{"not_picked":["Underhanded Strike","Dodge and Roll"],"picked":"Wraith Form v2","floor":14}],"player_experience":2090261,"relics_obtained":[{"floor":6.0,"key":"Bag of Marbles"},{"floor":9.0,"key":"PreservedInsect"},{"floor":14,"key":"White Beast Statue"}],"event_choices":[{"cards_removed":["Parasite"],"damage_healed":0.0,"max_hp_gain":0.0,"max_hp_loss":0.0,"gold_gain":0.0,"event_name":"Living Wall","player_choice":"Forget","floor":3.0,"gold_loss":0.0,"damage_taken":0.0},{"damage_healed":0.0,"max_hp_gain":0.0,"max_hp_loss":0.0,"gold_gain":0.0,"event_name":"Shining Light","player_choice":"Ignored","floor":5.0,"gold_loss":0.0,"damage_taken":0.0}],"is_beta":false,"boss_relics":[],"items_purged_floors":[4,8],"is_endless":false,"potions_floor_spawned":[6,11,12,14],"killed_by":"Slime Boss","ascension_level":20}}