{"host":"arn2jcql7xd3a3xg","time":1612151091,"event":{"mods":["AchievementEnabler","AlwaysNeverKeys","BaseMod","Better Third Choice","Colored Map","Colored Powertips","Downfall","GifTheSpireLib","Highlight Path","Infinite Spire","Minty Spire (QoL Compilation)","Permanent Neow","Quick Restart","Rare Cards Sparkle","Replay The Spire","StSLib","SuperFastMode"],"gold_per_floor":[99,119,137,47,47,79,79,79,109,14,27,53,53,86,105,200,200,0,10,22,41,60,92,119,148,148,168,181,215,390,407,417,515,515,415,426,437,437,451,451,451,470,470,504,504,516,210,237,248,248,248,279,55,55,55,55],"floor_reached":57,"language":"ENG","playtime":5417,"items_purged":["Slimebound:Strike_Slimebound","Clumsy","Normality"],"score":1481,"play_id":"b32a0dae-7ee5-449c-8cd9-9e79cf53ff7a","local_time":"20210131194451","daily_mods":["Heirloom","ControlledChaos","Elite Swarm"],"is_ascension_mode":false,"campfire_choices":[{"data":"Slimebound:CorrosiveSpit","floor":1.0,"key":"SMITH"},{"data":"Slimebound:TagTeam","floor":8.0,"key":"SMITH"},{"floor":13.0,"key":"REST"},{"data":"Slimebound:Teamwork","floor":18.0,"key":"SMITH"},{"floor":26.0,"key":"REST"},{"data":"Slimebound:SelfFormingGoo","floor":35.0,"key":"SMITH"},{"data":"Slimebound:LeadByExample","floor":54,"key":"SMITH"}],"circlet_count":0,"master_deck":["Slimebound:Defend_Slimebound","Slimebound:Defend_Slimebound","Slimebound:Defend_Slimebound","Slimebound:Defend_Slimebound","Slimebound:Split","Slimebound:CorrosiveSpit+1","Slimebound:Prepare","Slimebound:WasteNot","Slimebound:TagTeam+1","Slimebound:FirmFortitude","Slimebound:ProtectTheBoss","Slimebound:SplitSpecialist","Slimebound:MinionMaster+1","Slimebound:Teamwork+1","Slimebound:SelfFormingGoo+1","Slimebound:Teamwork","Slimebound:LevelUp+1","ReplayTheSpireMod:Book of Names","ReplayTheSpireMod:Faulty Equipment","ReplayTheSpireMod:??????????????????????","Slimebound:Overexert","Slimebound:MinionMaster+1","Slimebound:LeadByExample+1"],"relics":["Slimebound:AbsorbEndCombatUpgraded","Frozen Eye","Replay:Towering Pillar of Hats","Guardian:GemstoneGun","Mummified Hand","Vajra","Lizard Tail","Gremlin Horn","downfall:HeartBlessingRed","downfall:HeartBlessingBlue","Replay:Bottled Eggs","ReplayTheSpireMod:TigerMarble","Bag of Preparation","FossilizedHelix","Slimebound:SelfDamagePreventRelic","Cursed Key","downfall:HeartBlessingGreen","Slimebound:PotencyRelic","Gremlin Food","Slimebound:StickyStick","Smiling Mask","Replay:Bottled Snecko","Akabeko","hexamod:BolsterEngine"],"acts_visited":["Exordium","TheCity","TheBeyond","TheEnding"],"potions_floor_usage":[50,50],"damage_taken":[{"damage":1.0,"enemies":"Cultist","floor":2.0,"turns":3.0},{"damage":1.0,"enemies":"Jaw Worm","floor":3.0,"turns":4.0},{"damage":23.0,"enemies":"downfall:FleeingMerchant","floor":4.0,"turns":4.0},{"damage":15.0,"enemies":"Gremlin Nob","floor":6.0,"turns":6.0},{"damage":7.0,"enemies":"3 Sentries","floor":9.0,"turns":5.0},{"damage":0.0,"enemies":"downfall:FleeingMerchant","floor":10.0,"turns":4.0},{"damage":0.0,"enemies":"Small Slimes","floor":11.0,"turns":2.0},{"damage":6.0,"enemies":"Gremlin Nob","floor":12.0,"turns":4.0},{"damage":0.0,"enemies":"3 Sentries","floor":14.0,"turns":6.0},{"damage":0.0,"enemies":"Exordium Thugs","floor":15.0,"turns":3.0},{"damage":6.0,"enemies":"DF_ARCHETYPE_STREAMLINE","floor":16.0,"turns":8.0},{"damage":0.0,"enemies":"3 Byrds","floor":19.0,"turns":2.0},{"damage":0.0,"enemies":"Chosen","floor":20.0,"turns":3.0},{"damage":0.0,"enemies":"Snake Plant","floor":21.0,"turns":3.0},{"damage":9.0,"enemies":"3 Cultists","floor":22.0,"turns":4.0},{"damage":3.0,"enemies":"Book of Stabbing","floor":23.0,"turns":4.0},{"damage":40.0,"enemies":"Slavers","floor":25.0,"turns":5.0},{"damage":0.0,"enemies":"Snecko","floor":27.0,"turns":4.0},{"damage":15.0,"enemies":"Sentry and Sphere","floor":28.0,"turns":5.0},{"damage":0.0,"enemies":"Book of Stabbing","floor":29.0,"turns":6.0},{"damage":0.0,"enemies":"downfall:FleeingMerchant","floor":30.0,"turns":4.0},{"damage":0.0,"enemies":"Centurion and Healer","floor":31.0,"turns":3.0},{"damage":0.0,"enemies":"Snake Plant","floor":32.0,"turns":2.0},{"damage":0.0,"enemies":"WA_ARCHETYPE_CALM","floor":33.0,"turns":7.0},{"damage":28.0,"enemies":"3 Darklings","floor":36.0,"turns":5.0},{"damage":0.0,"enemies":"Orb Walker","floor":37.0,"turns":2.0},{"damage":0.0,"enemies":"Orb Walker","floor":38.0,"turns":3.0},{"damage":4.0,"enemies":"Sphere and 2 Shapes","floor":39.0,"turns":5.0},{"damage":0.0,"enemies":"4 Shapes","floor":42.0,"turns":4.0},{"damage":10,"enemies":"Nemesis","floor":44,"turns":5},{"damage":7,"enemies":"Writhing Mass","floor":46,"turns":4},{"damage":99,"enemies":"Nightmare","floor":48,"turns":8},{"damage":0,"enemies":"Maw","floor":49,"turns":6},{"damage":0,"enemies":"IC_BLOCK_ARCHETYPE","floor":50,"turns":7},{"damage":0,"enemies":"downfall:CharBossMerchant","floor":52,"turns":6},{"damage":10,"enemies":"downfall:NeowBoss","floor":55,"turns":10},{"damage":9,"enemies":"downfall:NeowBossFinal","floor":56,"turns":9}],"seed_played":"589903514475075530","potions_obtained":[{"floor":9.0,"key":"Energy Potion"},{"floor":16.0,"key":"Adrenaline Potion"},{"floor":21.0,"key":"Doom Potion"},{"floor":25.0,"key":"Guardian:BlockOnCardUsePotion"},{"floor":48,"key":"Guardian:BlockOnCardUsePotion"},{"floor":52,"key":"BlessingOfTheForge"}],"is_trial":true,"path_per_floor":["R","M","M","$","?","E","T","R","E","$","M","E","R","E","M","B",null,"R","M","M","M","M","E","T","E","R","M","M","E","$","M","M","B",null,"R","M","M","?","M","AVR","T","M","?","E","T","M","$","NM","M","B",null,"E","$","R","B","B",null],"character_chosen":"SLIMEBOUND","items_purchased":["Slimebound:SplitSpecialist","Slimebound:SelfDamagePreventRelic","Replay:Bottled Snecko","Slimebound:LeadByExample","infinitespire:BlackPotion"],"campfire_rested":2,"item_purchase_floors":[10,30,47,53,53],"current_hp_per_floor":[65,64,65,57,57,48,48,48,41,49,51,45,64,65,65,61,65,75,75,75,75,66,72,72,35,57,68,71,75,75,75,75,75,75,75,59,62,65,68,68,68,71,71,75,75,71,71,19,31,46,75,75,75,75,74,69],"gold":55,"neow_bonus":"","is_daily":false,"chose_seed":false,"campfire_upgraded":5,"win_rate":0.0,"timestamp":1612151091,"path_taken":["R","M","M","$","?","E","T","R","E","$","M","E","R","E","M","BOSS","R","M","M","M","M","E","T","E","R","M","M","E","$","?","M","BOSS","R","M","M","?","?","AVR","T","M","?","E","?","M","$","NM","M","BOSS","E","$","R","BOSS","BOSS"],"items_purchased_type":["Card","Relic","Relic","Card","Potion"],"build_version":"2020-12-22","purchased_purges":3,"victory":true,"max_hp_per_floor":[65,65,65,65,65,65,65,65,65,65,65,65,65,65,65,65,65,75,75,75,75,75,75,75,75,75,75,75,75,75,75,75,75,75,75,75,75,75,75,75,75,75,75,75,75,75,75,75,75,75,75,75,75,75,75,75],"card_choices":[{"not_picked":["Slimebound:SplitMire","Slimebound:ItLooksTasty","Slimebound:GoopSpray"],"picked":"SKIP","floor":2.0},{"not_picked":["Slimebound:Replication","Slimebound:ComboTackle","Slimebound:ItLooksTasty"],"picked":"SKIP","floor":3.0},{"not_picked":["Slimebound:TongueLash","Slimebound:DivideAndConquer","Slimebound:DuplicatedForm"],"picked":"SKIP","floor":4.0},{"not_picked":["Slimebound:CheckThePlaybook","Slimebound:SlimeSlap"],"picked":"Slimebound:FirmFortitude","floor":6.0},{"not_picked":["Slimebound:RallyTheTroops","Slimebound:TagTeam","Slimebound:LeechLife"],"picked":"SKIP","floor":9.0},{"not_picked":["Slimebound:GoopSpray","Slimebound:LivingWall"],"picked":"Slimebound:ProtectTheBoss","floor":10.0},{"not_picked":["Slimebound:Equalize","Slimebound:GoopTackle","Slimebound:ComboTackle"],"picked":"SKIP","floor":11.0},{"not_picked":["Slimebound:Darklings","Slimebound:LeechLife","Slimebound:MassFeed"],"picked":"SKIP","floor":12.0},{"not_picked":["Slimebound:Recycling","Slimebound:TagTeam"],"picked":"Slimebound:MinionMaster","floor":14.0},{"not_picked":["Slimebound:SlimeBarrage","Slimebound:RainOfGoop","Slimebound:HauntingLick"],"picked":"SKIP","floor":15.0},{"not_picked":["Slimebound:SlimeSlap","Slimebound:Darklings"],"picked":"Slimebound:Teamwork","floor":16.0},{"not_picked":["Slimebound:Schlurp","Slimebound:SplitAcid","Slimebound:LivingWall"],"picked":"SKIP","floor":19.0},{"not_picked":["Slimebound:SplitLeeching","Slimebound:SamplingLick","Slimebound:SlimeSpikes"],"picked":"SKIP","floor":20.0},{"not_picked":["Slimebound:ItLooksTasty+1","Slimebound:ComboTackle"],"picked":"Slimebound:SelfFormingGoo","floor":21.0},{"not_picked":["Slimebound:Prepare+1","Slimebound:FinishingTackle","Slimebound:TongueLash"],"picked":"SKIP","floor":22.0},{"not_picked":["Slimebound:Overexert","Slimebound:FirmFortitude","Slimebound:MinionMaster"],"picked":"SKIP","floor":23.0},{"not_picked":["Slimebound:DuplicatedForm","Slimebound:CheckThePlaybook","Slimebound:PrepareCrush"],"picked":"SKIP","floor":25.0},{"not_picked":["Slimebound:ItLooksTasty","Slimebound:LeechEnergy","Slimebound:GoopTackle"],"picked":"SKIP","floor":27.0},{"not_picked":["Slimebound:HauntingLick","Slimebound:RainOfGoop+1","Slimebound:ForwardTackle+1"],"picked":"SKIP","floor":28.0},{"not_picked":["Slimebound:Overexert","Slimebound:CheckThePlaybook"],"picked":"Slimebound:Teamwork","floor":29.0},{"not_picked":["Slimebound:Schlurp","Slimebound:PressTheAttack","Slimebound:TongueLash"],"picked":"SKIP","floor":30.0},{"not_picked":["Slimebound:ServeAndProtect+1","Slimebound:SlimeSpikes+1","Slimebound:SpikyOuterGoop"],"picked":"SKIP","floor":31.0},{"not_picked":["Slimebound:GoopSpray+1","Slimebound:SlimeSpikes+1","Slimebound:PressTheAttack"],"picked":"SKIP","floor":32.0},{"not_picked":["Slimebound:GoopSpray+1","Slimebound:GoopTackle+1","Slimebound:SamplingLick+1"],"picked":"SKIP","floor":36.0},{"not_picked":["Slimebound:Dissolve","Slimebound:LeechEnergy+1","Slimebound:Repurpose"],"picked":"SKIP","floor":37.0},{"not_picked":["Slimebound:Equalize","Slimebound:RejuvenatingLick+1"],"picked":"Slimebound:LevelUp+1","floor":38.0},{"not_picked":["Slimebound:PressTheAttack+1","Slimebound:RollThrough","Slimebound:ServeAndProtect"],"picked":"SKIP","floor":39.0},{"not_picked":["Slimebound:ProtectTheBoss+1","Slimebound:RollThrough+1","Slimebound:PrepareCrush"],"picked":"SKIP","floor":42.0},{"not_picked":["Slimebound:Overexert","Slimebound:Darklings","Slimebound:PrepareCrush"],"picked":"SKIP","floor":44},{"not_picked":["Slimebound:ItLooksTasty+1","Slimebound:LivingWall","Slimebound:ServeAndProtect+1"],"picked":"SKIP","floor":46},{"not_picked":["infinitespire:NeuralNetwork","infinitespire:Fortify"],"picked":"ReplayTheSpireMod:??????????????????????","floor":48},{"not_picked":["Slimebound:LeechLife","Slimebound:OozeBath"],"picked":"Slimebound:Overexert","floor":48},{"not_picked":["Slimebound:ComboTackle+1","Slimebound:ViciousTackle","Slimebound:SplitLeeching+1"],"picked":"SKIP","floor":49},{"not_picked":["Slimebound:LeechLife","Slimebound:MassFeed"],"picked":"Slimebound:MinionMaster","floor":52}],"player_experience":63100,"relics_obtained":[{"floor":6.0,"key":"Guardian:GemstoneGun"},{"floor":7.0,"key":"Mummified Hand"},{"floor":9.0,"key":"Vajra"},{"floor":12.0,"key":"Lizard Tail"},{"floor":14.0,"key":"Gremlin Horn"},{"floor":23.0,"key":"Replay:Bottled Eggs"},{"floor":24.0,"key":"ReplayTheSpireMod:TigerMarble"},{"floor":25.0,"key":"Bag of Preparation"},{"floor":29.0,"key":"FossilizedHelix"},{"floor":41.0,"key":"Gremlin Food"},{"floor":44,"key":"Slimebound:StickyStick"},{"floor":45,"key":"Smiling Mask"},{"floor":48,"key":"Akabeko"},{"floor":52,"key":"hexamod:BolsterEngine"}],"event_choices":[],"is_beta":false,"boss_relics":[{"not_picked":["Replay:Drink Me","SacredBark"],"picked":"Slimebound:AbsorbEndCombatUpgraded"},{"not_picked":["Replay:Wanted Poster","Velvet Choker"],"picked":"Cursed Key"}],"items_purged_floors":[4,40,47],"is_endless":false,"potions_floor_spawned":[9,11,12,16,21,22,25,29,33,37,44,46,48,52],"ascension_level":0}}