{"host":"amvb77pwe2wp6zyc","time":1612184731,"event":{"mods":["2.2 Compatiblity","AchievementEnabler","AlwaysNeverKeys","BaseMod","BetterRewards","Downfall","Duelist Mod","GifTheSpireLib","Minty Spire (QoL Compilation)","Permanent Neow","Quick Restart","Relic Filter","Shop Mod","StSLib","SuperFastMode","Trackpad"],"gold_per_floor":[135,135,135,60,60,60,88,88,137,137,137,168,182,202,202,274,274,290,322,322,340,354,354,384,384,384,384,404,59,90,104,104,182,182,193,209,84,98,114,114,114,148,202,214,214,233,233,251,251,251,251,451,95,126,126,126],"floor_reached":55,"language":"DEU","playtime":2279,"items_purged":["theDuelist:NaturiaBeast","theDuelist:StormSparks","theDuelist:NaturiaCliff","theDuelist:CastleWalls"],"score":1593,"play_id":"db4a9203-bd0f-42c6-948e-d0992c8a41c5","local_time":"20210201140531","is_ascension_mode":true,"campfire_choices":[{"floor":6.0,"key":"REST"},{"floor":8.0,"key":"DIG"},{"floor":10.0,"key":"DIG"},{"floor":15.0,"key":"DIG"},{"data":"theDuelist:NaturiaTulip","floor":23.0,"key":"SMITH"},{"floor":25.0,"key":"DIG"},{"floor":27.0,"key":"DIG"},{"floor":32.0,"key":"DIG"},{"floor":40.0,"key":"DIG"},{"floor":45.0,"key":"DIG"},{"floor":47.0,"key":"DIG"},{"floor":49.0,"key":"DIG"},{"floor":52.0,"key":"DIG"}],"circlet_count":0,"master_deck":["AscendersBane","theDuelist:CastleWalls","theDuelist:CastleWalls","theDuelist:NaturiaRock+1","theDuelist:NaturiaTulip+1","theDuelist:NaturiaHorneedle+1","theDuelist:LonefireBlossom","theDuelist:LonefireBlossom","theDuelist:NaturiaMarron","theDuelist:LonefireBlossom","theDuelist:NaturiaHorneedle","theDuelist:NaturiaHorneedle","theDuelist:NaturiaPineapple","theDuelist:ConvulsionNature+1"],"relics":["theDuelist:MillenniumPuzzle","theDuelist:CardPoolRelic","theDuelist:CardPoolBasicRelic","theDuelist:BoosterPackPoolRelic","theDuelist:CardPoolAddRelic","theDuelist:CardPoolMinusRelic","theDuelist:CardPoolSaveRelic","theDuelist:CardPoolOptionsRelic","Shovel","Unceasing Top","Toy Ornithopter","trackpad:FieryHotPepper","Meat on the Bone","theDuelist:DuelistTeaSet","Sozu","Red Mask","theDuelist:SolderToken","Nunchaku","InkBottle","MerchantsRug","theDuelist:NaturiaRelic","theDuelist:MillenniumArmor","Pear","trackpad:Trackpad","theDuelist:ArmorPlateA","trackpad:SappingStone","trackpad:CultistFigurine","trackpad:RapidFire","theDuelist:MillenniumRing"],"acts_visited":["Exordium","TheCity","TheBeyond","TheEnding"],"potions_floor_usage":[55],"damage_taken":[{"damage":0.0,"enemies":"2 Louse","floor":1.0,"turns":4.0},{"damage":0.0,"enemies":"3 Sentries","floor":7.0,"turns":6.0},{"damage":13.0,"enemies":"Gremlin Nob","floor":12.0,"turns":5.0},{"damage":1.0,"enemies":"Small Slimes","floor":13.0,"turns":3.0},{"damage":0.0,"enemies":"Jaw Worm","floor":14.0,"turns":2.0},{"damage":16.0,"enemies":"Slime Boss","floor":16.0,"turns":8.0},{"damage":0.0,"enemies":"Chosen","floor":18.0,"turns":4.0},{"damage":0.0,"enemies":"Masked Bandits","floor":19.0,"turns":2.0},{"damage":0.0,"enemies":"Spheric Guardian","floor":21.0,"turns":3.0},{"damage":0.0,"enemies":"Cultist and Chosen","floor":22.0,"turns":3.0},{"damage":0.0,"enemies":"theDuelist:KaibaA2","floor":24.0,"turns":4.0},{"damage":6.0,"enemies":"3 Cultists","floor":28.0,"turns":3.0},{"damage":0.0,"enemies":"Book of Stabbing","floor":30.0,"turns":3.0},{"damage":0.0,"enemies":"Snake Plant","floor":31.0,"turns":2.0},{"damage":0.0,"enemies":"Automaton","floor":33.0,"turns":5.0},{"damage":0.0,"enemies":"Orb Walker","floor":35.0,"turns":2.0},{"damage":1.0,"enemies":"3 Shapes","floor":36.0,"turns":4.0},{"damage":0.0,"enemies":"3 Darklings","floor":38.0,"turns":3.0},{"damage":0.0,"enemies":"Sphere and 2 Shapes","floor":39.0,"turns":2.0},{"damage":0.0,"enemies":"Nemesis","floor":42.0,"turns":3.0},{"damage":0.0,"enemies":"Maw","floor":44.0,"turns":3.0},{"damage":0.0,"enemies":"Jaw Worm Horde","floor":46.0,"turns":2.0},{"damage":0.0,"enemies":"4 Shapes","floor":48.0,"turns":3.0},{"damage":0.0,"enemies":"Time Eater","floor":50.0,"turns":6.0},{"damage":0.0,"enemies":"Shield and Spear","floor":54.0,"turns":1.0},{"damage":91,"enemies":"The Heart","floor":55,"turns":6}],"seed_played":"3968049434090876625","potions_obtained":[{"floor":7.0,"key":"theDuelist:ReducerPotion"},{"floor":13.0,"key":"PowerPotion"}],"is_trial":false,"path_per_floor":["M","?","?","$","?","R","E","R","T","R","?","E","M","M","R","B",null,"M","?","?","M","M","R","E","R","T","R","M","$","E","M","R","B",null,"M","M","$","M","M","R","?","E","T","M","R","M","R","M","R","B",null,"R","$","E","B"],"character_chosen":"THE_DUELIST","items_purchased":["MerchantsRug","theDuelist:NaturiaRelic","theDuelist:NaturiaPineapple","theDuelist:MillenniumRing"],"campfire_rested":1,"item_purchase_floors":[29,29,53,53],"current_hp_per_floor":[72,47,47,47,47,71,71,71,71,71,55,42,41,41,41,37,69,69,69,69,69,69,69,69,69,69,69,63,63,63,63,73,73,86,86,85,85,85,85,85,85,85,85,85,85,85,85,85,85,85,89,89,89,89,0,0],"gold":126,"neow_bonus":"RANDOM_COMMON_RELIC","is_daily":false,"chose_seed":false,"campfire_upgraded":1,"win_rate":0.0,"timestamp":1612184731,"path_taken":["M","?","?","$","?","R","E","R","T","R","?","E","?","M","R","BOSS","M","?","?","M","M","R","E","R","T","R","M","$","E","M","R","BOSS","M","M","$","M","M","R","?","E","T","M","R","M","R","M","R","BOSS","R","$","E","BOSS"],"items_purchased_type":["Relic","Relic","Card","Relic"],"build_version":"2020-12-22","purchased_purges":4,"victory":false,"max_hp_per_floor":[80,80,80,80,80,80,80,80,80,80,80,80,80,80,80,80,80,80,80,80,80,80,80,80,80,80,80,80,80,80,80,90,90,90,90,90,90,90,90,90,90,90,90,90,90,90,90,90,90,90,90,90,90,90,90,90],"card_choices":[{"not_picked":["theDuelist:NaturiaParadizo","theDuelist:NaturiaCliff","theDuelist:NaturiaStagBeetle","theDuelist:MillenniumScorpion","theDuelist:NaturiaMosquito"],"picked":"SKIP","floor":1.0},{"not_picked":["theDuelist:NaturiaParadizo","theDuelist:Anteater","theDuelist:AcidTrapHole","theDuelist:Canyon"],"picked":"theDuelist:NaturiaHorneedle","floor":7.0},{"not_picked":["theDuelist:NaturiaDragonfly","theDuelist:NaturiaRagweed","theDuelist:NaturiaCliff","theDuelist:NaturiaRock","theDuelist:PotDuality"],"picked":"SKIP","floor":12.0},{"not_picked":["theDuelist:NaturiaEggplant","theDuelist:NaturiaMarron","theDuelist:NaturiaDragonfly","theDuelist:BottomlessTrapHole"],"picked":"theDuelist:LonefireBlossom","floor":13.0},{"not_picked":["theDuelist:NaturiaEggplant","theDuelist:NaturiaBambooShoot","theDuelist:DigitalBug","theDuelist:MillenniumScorpion"],"picked":"theDuelist:LonefireBlossom","floor":14.0},{"not_picked":["theDuelist:NaturiaHydrangea","theDuelist:NaturiaEggplant","theDuelist:NaturiaRagweed","theDuelist:Spore+1","theDuelist:NaturiaMosquito+1"],"picked":"SKIP","floor":18.0},{"not_picked":["theDuelist:DemiseLand","theDuelist:Wildfire","theDuelist:ExterioFang","theDuelist:MultiplicationOfAnts","theDuelist:ClosedForest"],"picked":"SKIP","floor":21.0},{"not_picked":["theDuelist:NaturiaLandoise","theDuelist:NaturiaStinkbug","theDuelist:NaturiaSpiderfang","theDuelist:AfterGenocide","theDuelist:NaturiaStagBeetle"],"picked":"SKIP","floor":22.0},{"not_picked":["theDuelist:NaturiaCliff","theDuelist:Spore+1","theDuelist:FossilDig","theDuelist:NaturiaStinkbug"],"picked":"theDuelist:NaturiaMarron","floor":24.0},{"not_picked":["theDuelist:NaturiaHydrangea","theDuelist:NaturiaTulip","theDuelist:FossilDig","theDuelist:NaturiaRosewhip"],"picked":"theDuelist:LonefireBlossom","floor":28.0},{"not_picked":["theDuelist:SurvivalInstinct","theDuelist:NaturalDisaster+1","theDuelist:LairWire","theDuelist:Wiretap","theDuelist:BottomlessTrapHole"],"picked":"SKIP","floor":30.0},{"not_picked":["theDuelist:NaturiaHydrangea","theDuelist:NaturiaEggplant+1","theDuelist:NaturiaRock","theDuelist:NaturiaMarron","theDuelist:NaturiaTulip+1"],"picked":"SKIP","floor":31.0},{"not_picked":["theDuelist:NaturiaForest","theDuelist:NaturiaVein","theDuelist:MultiplicationOfAnts","theDuelist:Wildfire"],"picked":"theDuelist:NaturiaHorneedle","floor":33.0},{"not_picked":["theDuelist:NaturiaDragonfly","theDuelist:NaturiaMarron","theDuelist:NaturiaCliff","theDuelist:SummoningSwarm","theDuelist:FossilDig"],"picked":"SKIP","floor":35.0},{"not_picked":["theDuelist:NaturiaExterio","theDuelist:NaturiaBrambi+1","theDuelist:NaturiaStinkbug+1","theDuelist:NaturiaLadybug+1","theDuelist:Anteater+1"],"picked":"SKIP","floor":36.0},{"not_picked":["theDuelist:NaturiaMarron+1"],"picked":"theDuelist:NaturiaHorneedle","floor":38.0},{"not_picked":["theDuelist:NaturiaEggplant+1","theDuelist:NaturiaMarron","theDuelist:NaturiaStinkbug","theDuelist:NaturiaDragonfly","theDuelist:FrozenRose"],"picked":"SKIP","floor":39.0},{"not_picked":["theDuelist:WildNatureRelease+1","theDuelist:VenomShot","theDuelist:BarkionBark","theDuelist:GracefulCharity+1","theDuelist:FossilExcavation"],"picked":"SKIP","floor":42.0},{"not_picked":["theDuelist:NaturiaEggplant+1","theDuelist:FossilDig","theDuelist:NaturiaCliff+1","theDuelist:NaturiaMarron","theDuelist:NaturalDisaster"],"picked":"SKIP","floor":44.0},{"not_picked":["theDuelist:AcidTrapHole","theDuelist:NaturiaExterio","theDuelist:VenomShot+1","theDuelist:BottomlessTrapHole","theDuelist:SeismicShockwave+1"],"picked":"SKIP","floor":46.0},{"not_picked":["theDuelist:NaturiaCliff","theDuelist:NaturiaSunflower","theDuelist:NaturiaRosewhip","theDuelist:FossilDig","theDuelist:Spore"],"picked":"SKIP","floor":48.0},{"not_picked":["theDuelist:NaturiaLeodrake+1","theDuelist:NaturalDisaster+1","theDuelist:LairWire+1","theDuelist:NaturiaForest+1"],"picked":"theDuelist:ConvulsionNature+1","floor":54.0}],"player_experience":395513,"relics_obtained":[{"floor":7.0,"key":"Toy Ornithopter"},{"floor":8.0,"key":"Empty Cage"},{"floor":9.0,"key":"trackpad:FieryHotPepper"},{"floor":10.0,"key":"Meat on the Bone"},{"floor":12.0,"key":"theDuelist:BlessingAnubis"},{"floor":15.0,"key":"theDuelist:DuelistTeaSet"},{"floor":19.0,"key":"Red Mask"},{"floor":24.0,"key":"theDuelist:ZoneToken"},{"floor":25.0,"key":"theDuelist:SolderToken"},{"floor":26.0,"key":"Nunchaku"},{"floor":27.0,"key":"InkBottle"},{"floor":30.0,"key":"theDuelist:MillenniumArmor"},{"floor":32.0,"key":"Pear"},{"floor":40.0,"key":"trackpad:GuardianSpirit"},{"floor":42.0,"key":"theDuelist:ArmorPlateA"},{"floor":43.0,"key":"trackpad:SappingStone"},{"floor":45.0,"key":"trackpad:CultistFigurine"},{"floor":49.0,"key":"trackpad:RapidFire"},{"floor":52.0,"key":"theDuelist:MillenniumCoin"}],"event_choices":[{"damage_healed":0.0,"max_hp_gain":0.0,"max_hp_loss":0.0,"gold_gain":0.0,"event_name":"Scrap Ooze","player_choice":"Success","floor":2.0,"gold_loss":0.0,"damage_taken":25.0,"relics_obtained":["Unceasing Top"]},{"damage_healed":0.0,"max_hp_gain":0.0,"max_hp_loss":0.0,"gold_gain":0.0,"event_name":"Battle City","player_choice":"Leave","duelist":true,"floor":3.0,"gold_loss":0.0,"damage_taken":0.0},{"damage_healed":0.0,"max_hp_gain":0.0,"max_hp_loss":0.0,"gold_gain":0.0,"event_name":"Millennium Items","player_choice":"Leave","duelist":true,"floor":5.0,"gold_loss":0.0,"damage_taken":0.0},{"damage_healed":0.0,"max_hp_gain":0.0,"max_hp_loss":0.0,"gold_gain":0.0,"event_name":"Shining Light","player_choice":"Entered Light","floor":11.0,"gold_loss":0.0,"damage_taken":16.0,"cards_upgraded":["theDuelist:NaturiaHorneedle","theDuelist:NaturiaRock"]},{"damage_healed":0.0,"max_hp_gain":0.0,"max_hp_loss":0.0,"gold_gain":0.0,"event_name":"Masked Bandits","player_choice":"Fought Bandits","floor":19.0,"gold_loss":0.0,"damage_taken":0.0},{"damage_healed":0.0,"max_hp_gain":0.0,"max_hp_loss":0.0,"gold_gain":0.0,"event_name":"Card Trader","player_choice":"Leave","duelist":true,"floor":20.0,"gold_loss":0.0,"damage_taken":0.0},{"damage_healed":0.0,"max_hp_gain":0.0,"max_hp_loss":0.0,"gold_gain":0.0,"event_name":"Aknamkanon\u0027s Tomb","player_choice":"Leave","duelist":true,"floor":41.0,"gold_loss":0.0,"damage_taken":0.0}],"is_beta":false,"boss_relics":[{"not_picked":["Philosopher\u0027s Stone","trackpad:Coffee"],"picked":"Sozu"},{"not_picked":["Astrolabe","Runic Pyramid"],"picked":"trackpad:Trackpad"}],"items_purged_floors":[4,29,37,53],"is_endless":false,"potions_floor_spawned":[7,13,18,22,24,30,33,38,39,42,48],"killed_by":"The Heart","ascension_level":13}}