{"host":"r5mr2vnv825vb4hc","time":1612170332,"event":{"mods":["Arknights","Astrologer","BaseMod","Best Route Mod","CapriCore","GungeonMod","Hermit","KOR Keyword Fix","Koishi","Lobotomy","Minty Spire (QoL Compilation)","Potion Indicator Mod","Prisma Mod","Quick Restart","Rare Cards Sparkle","Replay The Spire","StSLib","The Bug Knight","The Cursed","The Death Knight","The Dragon Tamer","The Gatherer","The Hierophant","The Immortal","The Jungle","The Poker Player","The Runesmith","Thrall Mod","WarShipGirlsR/??á´Ò³R mod"],"gold_per_floor":[109,109,79,90,108,135,135,151,151,151,167,167,187,187,187,291,291,309,224,240,240,240,240],"floor_reached":22,"language":"KOR","playtime":876,"items_purged":[],"score":186,"play_id":"03b972c7-2ad3-4c31-91c2-f27b266115e5","local_time":"20210201180532","is_ascension_mode":false,"campfire_choices":[{"floor":7,"key":"REST"},{"floor":15,"key":"REST"}],"circlet_count":0,"master_deck":["ats:Strike C","ats:Strike G","ats:Strike S","ats:Strike V","ats:Armor Crushing Shot+1","ats:Defend","ats:Defend","ats:Defend","ats:Defend","ats:Emotion Absorption","Finesse","ats:Sword Rain","ats:Blood Oath","ats:Cat Scratch","ats:Poison Spread","ats:Hammer On","ats:Rapid Magazine","ats:Roar Of Ursus+1","ats:Absolute Focus","ats:Powerful Strike+1"],"relics":["ats:Sanity","ats:Originium","Toy Ornithopter","Kunai","Replay:Bottled Snecko","GremlinMask","Ring of Chaos","Molten Egg 2"],"acts_visited":["Exordium","TheCity"],"potions_floor_usage":[6,16,22,22],"damage_taken":[{"damage":2,"enemies":"Cultist","floor":1,"turns":4},{"damage":0,"enemies":"2 Louse","floor":4,"turns":3},{"damage":0,"enemies":"Jaw Worm","floor":5,"turns":3},{"damage":29,"enemies":"Replay:BlueRogue","floor":6,"turns":5},{"damage":7,"enemies":"Red Slaver","floor":8,"turns":3},{"damage":9,"enemies":"Blue Slaver","floor":11,"turns":2},{"damage":19,"enemies":"Exordium Thugs","floor":13,"turns":4},{"damage":62,"enemies":"Hexaghost","floor":16,"turns":11},{"damage":52,"enemies":"Spheric Guardian","floor":18,"turns":8},{"damage":23,"enemies":"Chosen","floor":20,"turns":5},{"damage":22,"enemies":"Snake Plant","floor":22,"turns":4}],"seed_played":"-6859274926940548236","potions_obtained":[{"floor":4,"key":"LiquidBronze"},{"floor":13,"key":"Weak Potion"},{"floor":16,"key":"Languid Potion"},{"floor":20,"key":"Strength Potion"}],"is_trial":false,"path_per_floor":["M","?","?","M","M","E","R","M","T","T","M","?","M","?","R","B",null,"M","?","M","?","M"],"character_chosen":"DOCTOR_CLASS","items_purchased":[],"campfire_rested":2,"item_purchase_floors":[],"current_hp_per_floor":[70,70,70,70,72,49,70,65,65,65,59,59,46,46,67,16,72,26,26,6,6,0,0],"gold":240,"neow_bonus":"RANDOM_COLORLESS","is_daily":false,"chose_seed":false,"campfire_upgraded":0,"win_rate":0.0,"timestamp":1612170332,"path_taken":["M","?","?","?","M","E","R","M","T","?","M","?","?","?","R","BOSS","M","?","M","?","?"],"items_purchased_type":[],"build_version":"2020-12-22","purchased_purges":0,"victory":false,"max_hp_per_floor":[72,72,72,72,72,72,72,72,72,72,72,72,72,72,72,72,72,72,72,72,72,72,72],"card_choices":[{"not_picked":["Survey Options","Impatience"],"picked":"Finesse","floor":0},{"not_picked":["ats:Thorns","ats:Leaping Hammer"],"picked":"ats:Sword Rain","floor":1},{"not_picked":["ats:Revitalization","ats:Very Hot Blade"],"picked":"ats:Blood Oath","floor":4},{"not_picked":["ats:Directed Diagnosis","ats:Shadow Assault"],"picked":"ats:Cat Scratch","floor":5},{"not_picked":["ats:Disruption Kick","ats:Collapsing Strike"],"picked":"ats:Poison Spread","floor":6},{"not_picked":["ats:Encircling Forest","ats:Flame Of Heaven"],"picked":"ats:Hammer On","floor":8},{"not_picked":["ats:Leaping Hammer","ats:Hammer On"],"picked":"ats:Rapid Magazine","floor":11},{"not_picked":["ats:Steam Pump","ats:Leaping Hammer","ats:Curse Doll"],"picked":"SKIP","floor":13},{"not_picked":["ats:Shadow Assault","ats:Dogmatic Field"],"picked":"ats:Roar Of Ursus","floor":16},{"not_picked":["ats:Poison Spread","ats:Burning Ground"],"picked":"ats:Absolute Focus","floor":18},{"not_picked":["ats:Defend Order","ats:Absolute Focus"],"picked":"ats:Powerful Strike+1","floor":20}],"player_experience":36641,"relics_obtained":[{"floor":6,"key":"ats:Originium"},{"floor":6,"key":"Toy Ornithopter"},{"floor":9,"key":"Kunai"},{"floor":10,"key":"Replay:Bottled Snecko"}],"event_choices":[{"damage_healed":0,"gold_gain":0,"player_choice":"Ignored","damage_taken":0,"max_hp_gain":0,"max_hp_loss":0,"event_name":"Liars Game","floor":2,"gold_loss":0},{"damage_healed":0,"gold_gain":0,"player_choice":"Left Gold","damage_taken":0,"max_hp_gain":0,"max_hp_loss":0,"event_name":"World of Goop","floor":3,"gold_loss":30},{"damage_healed":0,"gold_gain":0,"player_choice":"Trade","damage_taken":0,"relics_obtained":["GremlinMask"],"max_hp_gain":0,"max_hp_loss":0,"event_name":"FaceTrader","floor":12,"gold_loss":0},{"damage_healed":0,"gold_gain":0,"player_choice":"Obtained Relic","damage_taken":0,"relics_obtained":["Molten Egg 2"],"max_hp_gain":0,"max_hp_loss":0,"event_name":"Addict","floor":19,"gold_loss":85},{"damage_healed":0,"gold_gain":0,"player_choice":"Upgraded","damage_taken":0,"max_hp_gain":0,"max_hp_loss":0,"event_name":"Upgrade Shrine","floor":21,"gold_loss":0,"cards_upgraded":["ats:Roar Of Ursus"]}],"is_beta":false,"boss_relics":[{"not_picked":["Runic Pyramid","Philosopher\u0027s Stone"],"picked":"Ring of Chaos"}],"items_purged_floors":[],"is_endless":false,"potions_floor_spawned":[4,13,16,20],"killed_by":"Snake Plant","ascension_level":0}}