{"host":"1m3dfme8k5w8sg4k","time":1612218118,"event":{"mods":["AchievementEnabler","BaseMod","Colored Map","Colored Powertips","Minty Spire (QoL Compilation)","Random Character Button","Random Character Mod","Relic Stats","StSLib","everything is the same but u backflip on backflip"],"gold_per_floor":[118,133,133,6,20,20,49,49,49,49,83,83,94,127,127,232,232,244,276,288,203,203,203,228,245,245,145,161,196,208,208,208,313,313,324,341,272,284,334,177,203,203,203,218,218,248,268,283,283,283,283,283,6,39,39],"floor_reached":56,"language":"ENG","playtime":3349,"items_purged":["Strike_G","Pain","Normality"],"score":1265,"play_id":"1211570a-fc30-4c21-ab54-8d72d6d4eabe","local_time":"20210201172158","is_ascension_mode":false,"campfire_choices":[{"data":"Dagger Spray","floor":6,"key":"SMITH"},{"data":"Heel Hook","floor":10,"key":"SMITH"},{"floor":12,"key":"REST"},{"data":"Noxious Fumes","floor":15,"key":"SMITH"},{"data":"Leg Sweep","floor":23,"key":"SMITH"},{"data":"Skewer","floor":32,"key":"SMITH"},{"data":"Wraith Form v2","floor":45,"key":"SMITH"},{"floor":49,"key":"RECALL"},{"data":"1","floor":52,"key":"LIFT"}],"circlet_count":0,"master_deck":["Survivor","Neutralize+1","Sucker Punch","Dagger Spray+1","Backflip","Leg Sweep+1","Heel Hook+1","Injury","Cloak And Dagger","Poisoned Stab","Noxious Fumes+1","Glass Knife","Terror","Accuracy","Caltrops","Backflip","Sucker Punch","Escape Plan","Infinite Blades","PiercingWail+1","Venomology","Prepared+1","Predator","Skewer+1","Distraction","Wraith Form v2+1","Crippling Poison","Footwork","Dodge and Roll","Deflect","Writhe","Prepared+1","Deflect"],"relics":["Cursed Key","Paper Crane","Ornamental Fan","Du-Vu Doll","Pandora\u0027s Box","Red Mask","Darkstone Periapt","Tiny Chest","Pocketwatch","Regal Pillow","Black Star","Girya","Lee\u0027s Waffle","Molten Egg 2","Ancient Tea Set","Ice Cream","Torii","Letter Opener","Incense Burner","ClockworkSouvenir","Bronze Scales","HornCleat"],"acts_visited":["Exordium","TheCity","TheBeyond","TheEnding"],"potions_floor_usage":[7,11,16,19,25,28,29,36,39,54,55,55],"damage_taken":[{"damage":0,"enemies":"2 Louse","floor":1,"turns":3},{"damage":0,"enemies":"Cultist","floor":2,"turns":3},{"damage":0,"enemies":"Small Slimes","floor":5,"turns":3},{"damage":25,"enemies":"Gremlin Nob","floor":7,"turns":5},{"damage":11,"enemies":"Lagavulin","floor":11,"turns":8},{"damage":0,"enemies":"3 Louse","floor":13,"turns":3},{"damage":2,"enemies":"3 Sentries","floor":14,"turns":8},{"damage":6,"enemies":"The Guardian","floor":16,"turns":9},{"damage":1,"enemies":"2 Thieves","floor":18,"turns":2},{"damage":0,"enemies":"Masked Bandits","floor":19,"turns":3},{"damage":2,"enemies":"Chosen","floor":20,"turns":2},{"damage":1,"enemies":"Gremlin Leader","floor":24,"turns":5},{"damage":0,"enemies":"Snecko","floor":25,"turns":5},{"damage":4,"enemies":"Centurion and Healer","floor":28,"turns":5},{"damage":4,"enemies":"Slavers","floor":29,"turns":4},{"damage":0,"enemies":"Snake Plant","floor":30,"turns":3},{"damage":30,"enemies":"Automaton","floor":33,"turns":8},{"damage":3,"enemies":"3 Shapes","floor":35,"turns":6},{"damage":8,"enemies":"Orb Walker","floor":36,"turns":3},{"damage":14,"enemies":"Sphere and 2 Shapes","floor":38,"turns":4},{"damage":2,"enemies":"Mind Bloom Boss Battle","floor":39,"turns":7},{"damage":12,"enemies":"Nemesis","floor":41,"turns":7},{"damage":0,"enemies":"Maw","floor":44,"turns":7},{"damage":0,"enemies":"Giant Head","floor":46,"turns":8},{"damage":9,"enemies":"3 Darklings","floor":47,"turns":5},{"damage":9,"enemies":"Writhing Mass","floor":48,"turns":6},{"damage":30,"enemies":"Time Eater","floor":50,"turns":11},{"damage":9,"enemies":"Shield and Spear","floor":54,"turns":6},{"damage":37,"enemies":"The Heart","floor":55,"turns":11}],"seed_played":"3890140756838038476","potions_obtained":[{"floor":2,"key":"GamblersBrew"},{"floor":5,"key":"GamblersBrew"},{"floor":11,"key":"DistilledChaos"},{"floor":13,"key":"LiquidMemories"},{"floor":14,"key":"Poison Potion"},{"floor":16,"key":"SteroidPotion"},{"floor":20,"key":"BlessingOfTheForge"},{"floor":28,"key":"LiquidBronze"},{"floor":35,"key":"SteroidPotion"},{"floor":36,"key":"Regen Potion"},{"floor":46,"key":"Fire Potion"}],"is_trial":false,"path_per_floor":["M","M","?","$","M","R","E","$","T","R","E","R","M","E","R","B",null,"M","?","M","?","?","R","E","M","T","$","M","E","M","?","R","B",null,"M","M","$","M","?","$","E","T","T","M","R","E","M","M","R","B",null,"R","$","E","B",null],"character_chosen":"THE_SILENT","items_purchased":["Backflip","Footwork","Lee\u0027s Waffle","ClockworkSouvenir"],"campfire_rested":1,"item_purchase_floors":[4,37,40,53],"current_hp_per_floor":[70,70,70,70,70,70,45,45,45,45,34,55,55,53,53,47,70,69,69,67,67,67,67,66,66,72,72,68,64,64,64,64,34,76,73,65,65,51,49,83,71,77,83,83,83,83,74,65,65,35,95,95,95,86,49],"gold":39,"neow_bonus":"BOSS_RELIC","is_daily":false,"chose_seed":false,"campfire_upgraded":6,"win_rate":0.0,"timestamp":1612218118,"path_taken":["M","M","?","$","M","R","E","$","T","R","E","R","M","E","R","BOSS","M","?","M","?","?","R","E","M","T","$","M","E","M","?","R","BOSS","M","M","?","M","?","$","E","?","T","M","R","E","M","M","R","BOSS","R","$","E","BOSS"],"items_purchased_type":["Card","Card","Relic","Relic"],"build_version":"2020-12-22","purchased_purges":3,"victory":true,"max_hp_per_floor":[70,70,70,70,70,70,70,70,70,70,70,70,70,70,70,70,70,70,70,70,70,70,70,70,70,76,76,76,76,76,76,76,76,76,76,76,76,76,76,83,83,89,95,95,95,95,95,95,95,95,95,95,95,95,95],"relic_stats":{"Darkstone Periapt":18,"Regal Pillow":0,"Lee\u0027s Waffle":34,"Torii":20,"counters":[29,160],"Letter Opener":[75],"Cursed Key":4,"Ornamental Fan":[252],"Bronze Scales":[117],"Pandora\u0027s Box":["Terror","Bane","Accuracy","Caltrops","Backflip","Die Die Die","Sucker Punch","Escape Plan","Infinite Blades"],"Tiny Chest":1,"Black Star":3,"obtain_stats":[{"Darkstone Periapt":21,"Ice Cream":42,"Girya":39,"Regal Pillow":29,"Lee\u0027s Waffle":40,"Torii":43,"Incense Burner":46,"Letter Opener":46,"Paper Crane":7,"Cursed Key":0,"Ancient Tea Set":41,"ClockworkSouvenir":53,"Du-Vu Doll":14,"HornCleat":54,"Ornamental Fan":11,"Bronze Scales":54,"Pandora\u0027s Box":17,"Tiny Chest":24,"Molten Egg 2":41,"Red Mask":19,"Black Star":34,"Ring of the Snake":0,"Pocketwatch":26},{"Darkstone Periapt":11,"Ice Cream":22,"Girya":21,"Regal Pillow":15,"Lee\u0027s Waffle":21,"Torii":22,"Incense Burner":24,"Letter Opener":24,"Paper Crane":4,"Cursed Key":0,"Ancient Tea Set":22,"ClockworkSouvenir":27,"Du-Vu Doll":7,"HornCleat":28,"Ornamental Fan":5,"Bronze Scales":28,"Pandora\u0027s Box":8,"Tiny Chest":12,"Molten Egg 2":22,"Red Mask":10,"Black Star":17,"Ring of the Snake":0,"Pocketwatch":13},{"Darkstone Periapt":49,"Ice Cream":106,"Girya":99,"Regal Pillow":68,"Lee\u0027s Waffle":99,"Torii":106,"Incense Burner":121,"Letter Opener":121,"Paper Crane":14,"Cursed Key":0,"Ancient Tea Set":106,"ClockworkSouvenir":143,"Du-Vu Doll":33,"HornCleat":149,"Ornamental Fan":22,"Bronze Scales":149,"Pandora\u0027s Box":42,"Tiny Chest":54,"Molten Egg 2":106,"Red Mask":47,"Black Star":79,"Ring of the Snake":0,"Pocketwatch":59}],"Pocketwatch":[57]},"card_choices":[{"not_picked":["Cloak And Dagger","Dodge and Roll"],"picked":"Sucker Punch","floor":1},{"not_picked":["Quick Slash","Blade Dance"],"picked":"Dagger Spray","floor":2},{"not_picked":["Finisher","Deadly Poison"],"picked":"Leg Sweep","floor":5},{"not_picked":["Terror","Blade Dance"],"picked":"Heel Hook","floor":7},{"not_picked":["Grand Finale","PiercingWail"],"picked":"Cloak And Dagger","floor":11},{"not_picked":["Deflect","Backflip"],"picked":"Poisoned Stab","floor":13},{"not_picked":["Bane","Malaise"],"picked":"Noxious Fumes","floor":14},{"not_picked":["Unload","Die Die Die"],"picked":"Glass Knife","floor":16},{"not_picked":["Dagger Spray","Noxious Fumes"],"picked":"PiercingWail+1","floor":18},{"not_picked":["Quick Slash","Sucker Punch","Backstab"],"picked":"SKIP","floor":20},{"not_picked":["Backflip","Flying Knee+1"],"picked":"Venomology","floor":24},{"not_picked":["Bouncing Flask","Flying Knee"],"picked":"Prepared+1","floor":25},{"not_picked":["All Out Attack","Masterful Stab"],"picked":"Predator","floor":28},{"not_picked":["Bouncing Flask","Die Die Die"],"picked":"Skewer","floor":29},{"not_picked":["Sucker Punch","Cloak And Dagger","Predator"],"picked":"SKIP","floor":30},{"not_picked":["Tools of the Trade","Doppelganger"],"picked":"Wraith Form v2","floor":33},{"not_picked":["Quick Slash","Dash+1"],"picked":"Crippling Poison","floor":35},{"not_picked":["Sucker Punch","Accuracy+1","Expertise"],"picked":"SKIP","floor":36},{"not_picked":["Endless Agony","All Out Attack"],"picked":"Dodge and Roll","floor":38},{"not_picked":["Expertise+1","Reflex+1"],"picked":"Deflect","floor":41},{"not_picked":["Backflip","Bane+1","Finisher+1"],"picked":"SKIP","floor":44},{"not_picked":["Flying Knee+1","Eviscerate+1","Predator+1"],"picked":"SKIP","floor":46},{"not_picked":["Backstab+1","Quick Slash+1"],"picked":"Prepared+1","floor":47},{"not_picked":["Riddle With Holes+1","Prepared","PiercingWail+1"],"picked":"SKIP","floor":48},{"not_picked":["Sucker Punch+1","PiercingWail"],"picked":"Deflect","floor":54}],"player_experience":1616363,"relics_obtained":[{"floor":7,"key":"Paper Crane"},{"floor":11,"key":"Ornamental Fan"},{"floor":14,"key":"Du-Vu Doll"},{"floor":19,"key":"Red Mask"},{"floor":24,"key":"Tiny Chest"},{"floor":26,"key":"Pocketwatch"},{"floor":29,"key":"Regal Pillow"},{"floor":39,"key":"Girya"},{"floor":41,"key":"Molten Egg 2"},{"floor":41,"key":"Ancient Tea Set"},{"floor":42,"key":"Ice Cream"},{"floor":43,"key":"Torii"},{"floor":46,"key":"Letter Opener"},{"floor":46,"key":"Incense Burner"},{"floor":54,"key":"Bronze Scales"},{"floor":54,"key":"HornCleat"}],"event_choices":[{"damage_healed":0,"gold_gain":0,"player_choice":"Upgraded","damage_taken":0,"max_hp_gain":0,"max_hp_loss":0,"event_name":"Upgrade Shrine","floor":3,"gold_loss":0,"cards_upgraded":["Neutralize"]},{"damage_healed":0,"gold_gain":0,"player_choice":"Fought Bandits","damage_taken":0,"max_hp_gain":0,"max_hp_loss":0,"event_name":"Masked Bandits","floor":19,"gold_loss":0},{"damage_healed":0,"gold_gain":0,"player_choice":"Obtained Relic","damage_taken":0,"relics_obtained":["Darkstone Periapt"],"max_hp_gain":0,"max_hp_loss":0,"event_name":"Addict","floor":21,"gold_loss":85},{"cards_removed":["Bane"],"damage_healed":0,"gold_gain":0,"player_choice":"Elegance","damage_taken":0,"max_hp_gain":0,"max_hp_loss":0,"event_name":"Back to Basics","floor":22,"gold_loss":0},{"damage_healed":0,"gold_gain":0,"cards_transformed":["Die Die Die"],"player_choice":"Transformed","damage_taken":0,"max_hp_gain":0,"max_hp_loss":0,"event_name":"Transmorgrifier","floor":31,"gold_loss":0,"cards_obtained":["Distraction"]},{"damage_healed":0,"gold_gain":0,"player_choice":"Fight","damage_taken":0,"max_hp_gain":0,"max_hp_loss":0,"event_name":"MindBloom","floor":39,"gold_loss":0}],"is_beta":false,"boss_relics":[{"not_picked":["Runic Dome","Tiny House"],"picked":"Pandora\u0027s Box"},{"not_picked":["Sozu","Snecko Eye"],"picked":"Black Star"}],"items_purged_floors":[4,27,53],"is_endless":false,"potions_floor_spawned":[2,5,11,13,14,16,20,28,33,35,36,39,46,54],"ascension_level":0}}