{"host":"ssahdsoo349p0ms1","time":1611256765,"event":{"mods":["AchievementEnabler","BaseMod","Colored Powertips","Filter the Spire","Minty Spire (QoL Compilation)","StSLib"],"gold_per_floor":[119,134,151,165,42,42,76,76,76,111,130,146,146,23,23,128,128,140,156,5,104,118,146,146,83,83,101,127,146,178,197,197,300,300,317,335,335,349,365,399,252,262,562,234,245,265,283,33,33,33],"floor_reached":51,"language":"ENG","playtime":2166,"items_purged":["Strike_P","Strike_P","Defend_P","Strike_P","Normality","Strike_P"],"score":910,"play_id":"fd7f446c-4aa2-4ca6-a274-61f3dfcfca17","local_time":"20210121131925","is_ascension_mode":false,"campfire_choices":[{"data":"Eruption","floor":6.0,"key":"SMITH"},{"data":"Halt","floor":8.0,"key":"SMITH"},{"data":"ThirdEye","floor":13.0,"key":"SMITH"},{"data":"BowlingBash","floor":15.0,"key":"SMITH"},{"data":"EmptyFist","floor":24.0,"key":"SMITH"},{"data":"CrushJoints","floor":32.0,"key":"SMITH"},{"data":"Vigilance","floor":49,"key":"SMITH"}],"circlet_count":0,"master_deck":["Defend_P","Defend_P","Defend_P","Eruption+1","Vigilance+1","Halt+1","EmptyFist+1","FlurryOfBlows","ThirdEye+1","FlurryOfBlows","BowlingBash+1","ClearTheMind+1","EmptyFist+1","FlyingSleeves+1","CrushJoints+1","Crescendo+1","Consecrate+1"],"relics":["Runic Pyramid","Sundial","Torii","StoneCalendar","Cursed Key","Membership Card","Vajra","Red Mask","Blood Vial","Coffee Dripper","Mummified Hand","ClockworkSouvenir","Old Coin","Pear","Lee\u0027s Waffle","Medical Kit","Centennial Puzzle"],"acts_visited":["Exordium","TheCity","TheBeyond"],"potions_floor_usage":[47,50,50],"damage_taken":[{"damage":0.0,"enemies":"2 Louse","floor":1.0,"turns":2.0},{"damage":3.0,"enemies":"Small Slimes","floor":2.0,"turns":4.0},{"damage":0.0,"enemies":"Cultist","floor":3.0,"turns":3.0},{"damage":10.0,"enemies":"Red Slaver","floor":4.0,"turns":3.0},{"damage":6.0,"enemies":"3 Sentries","floor":7.0,"turns":7.0},{"damage":0.0,"enemies":"Gremlin Nob","floor":10.0,"turns":3.0},{"damage":12.0,"enemies":"Blue Slaver","floor":11.0,"turns":3.0},{"damage":7.0,"enemies":"Exordium Thugs","floor":12.0,"turns":2.0},{"damage":0.0,"enemies":"The Guardian","floor":16.0,"turns":9.0},{"damage":1.0,"enemies":"Chosen","floor":18.0,"turns":6.0},{"damage":1.0,"enemies":"Shell Parasite","floor":19.0,"turns":4.0},{"damage":1.0,"enemies":"Shelled Parasite and Fungi","floor":22.0,"turns":5.0},{"damage":1.0,"enemies":"Gremlin Leader","floor":23.0,"turns":4.0},{"damage":2.0,"enemies":"Chosen and Byrds","floor":27.0,"turns":3.0},{"damage":0.0,"enemies":"Masked Bandits","floor":28.0,"turns":3.0},{"damage":0.0,"enemies":"3 Cultists","floor":29.0,"turns":2.0},{"damage":7.0,"enemies":"Book of Stabbing","floor":30.0,"turns":3.0},{"damage":10.0,"enemies":"Snecko","floor":31.0,"turns":4.0},{"damage":17.0,"enemies":"Collector","floor":33.0,"turns":5.0},{"damage":0.0,"enemies":"3 Shapes","floor":35.0,"turns":3.0},{"damage":0.0,"enemies":"Orb Walker","floor":36.0,"turns":2.0},{"damage":1.0,"enemies":"Spire Growth","floor":38.0,"turns":3.0},{"damage":7.0,"enemies":"Writhing Mass","floor":39.0,"turns":4.0},{"damage":1.0,"enemies":"Reptomancer","floor":40.0,"turns":3.0},{"damage":0.0,"enemies":"4 Shapes","floor":42.0,"turns":4.0},{"damage":1.0,"enemies":"Sphere and 2 Shapes","floor":45.0,"turns":5.0},{"damage":0.0,"enemies":"Transient","floor":46.0,"turns":5.0},{"damage":14,"enemies":"Writhing Mass","floor":47,"turns":4},{"damage":35,"enemies":"Donu and Deca","floor":50,"turns":8}],"seed_played":"169748992913534257","potions_obtained":[{"floor":4.0,"key":"ColorlessPotion"},{"floor":16.0,"key":"SneckoOil"},{"floor":18.0,"key":"AttackPotion"},{"floor":23.0,"key":"FearPotion"},{"floor":28.0,"key":"EssenceOfSteel"},{"floor":29.0,"key":"ColorlessPotion"},{"floor":33.0,"key":"Explosive Potion"}],"is_trial":false,"path_per_floor":["M","M","M","M","$","R","E","R","T","E","M","M","R","$","R","B",null,"M","M","$","?","M","E","R","$","T","M","?","M","E","M","R","B",null,"M","M","?","M","M","E","$","M","T","$","M","M","M","$","R","B",null],"character_chosen":"WATCHER","items_purchased":["Fire Potion","BowlingBash","Membership Card","ClockworkSouvenir","Pear","Lee\u0027s Waffle","GamblersBrew","Medical Kit","Centennial Puzzle"],"campfire_rested":0,"item_purchase_floors":[5,14,20,41,44,44,44,48,48],"current_hp_per_floor":[72,69,69,59,59,59,53,53,53,53,41,34,34,34,34,34,72,71,70,70,70,69,68,68,68,68,66,66,66,59,51,51,36,72,72,72,72,71,65,66,66,68,68,89,88,89,75,75,75,42],"gold":33,"neow_bonus":"BOSS_RELIC","is_daily":false,"chose_seed":false,"campfire_upgraded":7,"win_rate":0.0,"timestamp":1611256765,"path_taken":["M","M","M","M","$","R","E","R","T","E","M","M","R","$","R","BOSS","M","M","$","?","M","E","R","$","T","M","?","M","E","M","R","BOSS","M","M","?","M","M","E","$","M","T","$","M","?","M","$","R","BOSS"],"items_purchased_type":["Potion","Card","Relic","Relic","Relic","Relic","Potion","Relic","Relic"],"build_version":"2020-12-22","purchased_purges":6,"victory":true,"max_hp_per_floor":[72,72,72,72,72,72,72,72,72,72,72,72,72,72,72,72,72,72,72,72,72,72,72,72,72,72,72,72,72,72,72,72,72,72,72,72,72,72,72,72,72,72,72,89,89,89,89,89,89,89],"card_choices":[{"not_picked":["SashWhip","FearNoEvil"],"picked":"Halt","floor":1.0},{"not_picked":["Crescendo","Pray"],"picked":"EmptyFist","floor":2.0},{"not_picked":["BowlingBash","CutThroughFate"],"picked":"FlurryOfBlows","floor":3.0},{"not_picked":["CrushJoints","SashWhip","LikeWater"],"picked":"SKIP","floor":4.0},{"not_picked":["FearNoEvil","SashWhip","Fasting2"],"picked":"SKIP","floor":7.0},{"not_picked":["ConjureBlade","SignatureMove","SandsOfTime"],"picked":"SKIP","floor":10.0},{"not_picked":["Vengeance","FearNoEvil"],"picked":"ThirdEye","floor":11.0},{"not_picked":["Halt","TalkToTheHand"],"picked":"FlurryOfBlows","floor":12.0},{"not_picked":["Adaptation","FollowUp"],"picked":"ClearTheMind+1","floor":18.0},{"not_picked":["Evaluate","Consecrate"],"picked":"EmptyFist+1","floor":19.0},{"not_picked":["Crescendo","SandsOfTime+1","JustLucky"],"picked":"SKIP","floor":22.0},{"not_picked":["Protect+1","SpiritShield"],"picked":"FlyingSleeves+1","floor":23.0},{"not_picked":["PathToVictory","WindmillStrike"],"picked":"CrushJoints","floor":27.0},{"not_picked":["Halt","ForeignInfluence"],"picked":"Crescendo+1","floor":29.0},{"not_picked":["BowlingBash+1","Ragnarok","EmptyFist+1"],"picked":"SKIP","floor":30.0},{"not_picked":["CarveReality","BowlingBash","Pray"],"picked":"SKIP","floor":31.0},{"not_picked":["SignatureMove+1","CarveReality+1","DeceiveReality"],"picked":"SKIP","floor":35.0},{"not_picked":["Tantrum+1","Nirvana+1","Meditate+1"],"picked":"SKIP","floor":36.0},{"not_picked":["Tantrum+1","TalkToTheHand+1"],"picked":"Consecrate+1","floor":38.0},{"not_picked":["Vengeance","JustLucky","Halt"],"picked":"SKIP","floor":39.0},{"not_picked":["Protect","CrushJoints","Consecrate"],"picked":"SKIP","floor":40.0},{"not_picked":["WreathOfFlame","Wallop+1","ClearTheMind+1"],"picked":"SKIP","floor":42.0},{"not_picked":["FollowUp+1","Conclude+1","Devotion"],"picked":"SKIP","floor":45.0},{"not_picked":["Perseverance+1","Weave+1","FollowUp"],"picked":"SKIP","floor":46.0},{"not_picked":["FollowUp+1","ThirdEye+1","Tantrum+1"],"picked":"SKIP","floor":47}],"player_experience":589836,"relics_obtained":[{"floor":7.0,"key":"Sundial"},{"floor":9.0,"key":"Torii"},{"floor":10.0,"key":"StoneCalendar"},{"floor":23.0,"key":"Vajra"},{"floor":28.0,"key":"Red Mask"},{"floor":30.0,"key":"Blood Vial"},{"floor":40.0,"key":"Mummified Hand"},{"floor":43.0,"key":"Old Coin"}],"event_choices":[{"damage_healed":0.0,"max_hp_gain":0.0,"max_hp_loss":0.0,"gold_gain":99.0,"event_name":"Nest","player_choice":"Stole From Cult","floor":21.0,"gold_loss":0.0,"damage_taken":0.0},{"damage_healed":0.0,"max_hp_gain":0.0,"max_hp_loss":0.0,"gold_gain":0.0,"event_name":"Masked Bandits","player_choice":"Fought Bandits","floor":28.0,"gold_loss":0.0,"damage_taken":0.0},{"cards_removed":["Decay"],"damage_healed":0.0,"max_hp_gain":0.0,"max_hp_loss":0.0,"gold_gain":0.0,"event_name":"Fountain of Cleansing","player_choice":"Removed Curses","floor":37.0,"gold_loss":0.0,"damage_taken":0.0}],"is_beta":false,"boss_relics":[{"not_picked":["Runic Dome","Black Star"],"picked":"Cursed Key"},{"not_picked":["Philosopher\u0027s Stone","Busted Crown"],"picked":"Coffee Dripper"}],"items_purged_floors":[5,14,25,41,44,48],"is_endless":false,"potions_floor_spawned":[4,16,18,22,23,28,29,33,36,38,39],"ascension_level":0}}