{"host":"0x0gr83ly0vxzjzg","time":1611188106,"event":{"mods":["BaseMod","Bestiary","Better Skull","Curses Come First","Hubris","Infinite Spire","Minty Spire (QoL Compilation)","Shop Mod","StSLib","The Cursed","The Servant 0.9.4"],"gold_per_floor":[110,110,129,129,34,48,48,48],"floor_reached":7,"language":"ENG","playtime":517,"items_purged":[],"score":41,"play_id":"247fa4e4-cd36-4b8c-8961-5546b6b85392","local_time":"20210120191506","is_ascension_mode":false,"campfire_choices":[],"circlet_count":0,"master_deck":["TheCursedMod:Strike_TheCursed","TheCursedMod:Strike_TheCursed","TheCursedMod:Strike_TheCursed","TheCursedMod:Strike_TheCursed","TheCursedMod:Defend_TheCursed","TheCursedMod:Defend_TheCursed","TheCursedMod:Defend_TheCursed","TheCursedMod:Defend_TheCursed","TheCursedMod:CursedWand","TheCursedMod:CleanUpWorkshop","TheCursedMod:Dregs","hubris:Lust","TheCursedMod:CursedAmulet","TheCursedMod:Wield","TheCursedMod:RapidMovement","Enlightenment","TheCursedMod:CursedMace"],"relics":["TheCursedMod:BlackMagic101","Thread and Needle","Ice Cream"],"acts_visited":["Exordium"],"potions_floor_usage":[6],"damage_taken":[{"damage":3,"enemies":"2 Louse","floor":1,"turns":5},{"damage":6,"enemies":"Small Slimes","floor":3,"turns":4},{"damage":15,"enemies":"Jaw Worm","floor":6,"turns":6},{"damage":58,"enemies":"Gremlin Nob","floor":7,"turns":5}],"seed_played":"-7317827948073385835","potions_obtained":[{"floor":1,"key":"SkillPotion"}],"is_trial":false,"path_per_floor":["M","?","M","?","$","M","E"],"character_chosen":"THE_CURSED","items_purchased":["Enlightenment"],"campfire_rested":0,"item_purchase_floors":[5],"current_hp_per_floor":[72,69,63,63,63,48,0,0],"gold":48,"neow_bonus":"ONE_RARE_RELIC","is_daily":false,"chose_seed":false,"campfire_upgraded":0,"win_rate":0.0,"timestamp":1611188106,"path_taken":["M","?","M","?","$","M","E"],"items_purchased_type":["Card"],"build_version":"2020-12-22","purchased_purges":0,"victory":false,"max_hp_per_floor":[75,75,75,75,75,75,75,75],"card_choices":[{"not_picked":["TheCursedMod:Stigma","TheCursedMod:Wield"],"picked":"TheCursedMod:CursedAmulet","floor":1},{"not_picked":["TheCursedMod:EmpowerCircles","TheCursedMod:Stigma"],"picked":"TheCursedMod:Wield","floor":3},{"not_picked":["TheCursedMod:RavingStaff","TheCursedMod:VitalStrike"],"picked":"TheCursedMod:CursedMace","floor":6}],"player_experience":101727,"relics_obtained":[],"event_choices":[{"damage_healed":0,"gold_gain":0,"player_choice":"Success","damage_taken":3,"relics_obtained":["Ice Cream"],"max_hp_gain":0,"max_hp_loss":0,"event_name":"Scrap Ooze","floor":2,"gold_loss":0}],"is_beta":false,"boss_relics":[],"items_purged_floors":[],"is_endless":false,"potions_floor_spawned":[1],"killed_by":"Gremlin Nob","ascension_level":0}}