{"host":"szp1d6dso4pv7ddl","time":1611190337,"event":{"mods":["AchievementEnabler","Alarm Clock","BaseMod","Bestiary","Block Reminder","Colored Map","Colored Powertips","Curses Come First","Dark Map","Displayed Cursed Tome","Highlight Path","Minty Spire (QoL Compilation)","Permanent Neow","Quick Restart","Relic Sorter","Relic Stats","StSLib","Synergy Search"],"gold_per_floor":[116,116,128,145,123,123,123,152,152,179,190,190,190,5,5,79,79,93,109,159,159,159,159,36,55,55,155,155,182,182,182],"floor_reached":30,"language":"ENG","playtime":1511,"items_purged":["Pain"],"score":410,"play_id":"d538a167-f7a4-4f15-b0e8-136c3e8cb636","local_time":"20210120165217","is_ascension_mode":true,"campfire_choices":[{"data":"Uppercut","floor":6,"key":"SMITH"},{"floor":15,"key":"REST"},{"data":"Power Through","floor":23,"key":"SMITH"},{"floor":28,"key":"REST"}],"circlet_count":0,"master_deck":["AscendersBane","Strike_R","Strike_R","Strike_R","Strike_R","Defend_R","Defend_R","Defend_R","Bash","Fire Breathing","Sever Soul+1","Uppercut+1","Shrug It Off","Wild Strike","Evolve","Demon Form","Pommel Strike+1","Wild Strike","Power Through+1","Feel No Pain","Dark Embrace","Heavy Blade","Shame","Wild Strike","Doubt"],"relics":["Burning Blood","WarpedTongs","Bottled Tornado","The Courier","Red Skull","Juzu Bracelet","Gremlin Horn","Regal Pillow","Cursed Key","Tiny Chest","Charon\u0027s Ashes","Pantograph","MealTicket"],"acts_visited":["Exordium","TheCity"],"potions_floor_usage":[16,27,27],"damage_taken":[{"damage":4,"enemies":"Small Slimes","floor":1,"turns":4},{"damage":1,"enemies":"Cultist","floor":3,"turns":3},{"damage":12,"enemies":"2 Louse","floor":4,"turns":3},{"damage":20,"enemies":"3 Sentries","floor":8,"turns":5},{"damage":25,"enemies":"Lagavulin","floor":10,"turns":5},{"damage":14,"enemies":"Gremlin Gang","floor":11,"turns":3},{"damage":24,"enemies":"The Guardian","floor":16,"turns":10},{"damage":19,"enemies":"Spheric Guardian","floor":18,"turns":4},{"damage":12,"enemies":"Shell Parasite","floor":19,"turns":6},{"damage":18,"enemies":"Centurion and Healer","floor":25,"turns":6},{"damage":18,"enemies":"Colosseum Slavers","floor":27,"turns":4},{"damage":21,"enemies":"Colosseum Nobs","floor":27,"turns":5},{"damage":50,"enemies":"Gremlin Leader","floor":30,"turns":5}],"seed_played":"7565755937329822054","potions_obtained":[{"floor":3,"key":"SteroidPotion"},{"floor":10,"key":"SpeedPotion"},{"floor":18,"key":"Ancient Potion"},{"floor":25,"key":"Regen Potion"}],"is_trial":false,"path_per_floor":["M","?","M","M","$","R","?","E","T","E","M","?","?","$","R","B",null,"M","M","?","?","?","R","$","M","T","?","R","T","E"],"character_chosen":"IRONCLAD","items_purchased":["Shrug It Off","Regal Pillow","Feel No Pain","Dark Embrace"],"campfire_rested":2,"item_purchase_floors":[5,14,24,24],"current_hp_per_floor":[68,68,68,62,62,62,62,48,48,29,21,21,10,10,45,27,58,45,39,39,39,39,39,39,27,27,12,47,47,0,0],"gold":182,"neow_bonus":"TRANSFORM_TWO_CARDS","is_daily":false,"chose_seed":false,"campfire_upgraded":2,"win_rate":0.0,"timestamp":1611190337,"path_taken":["M","?","M","?","$","R","?","E","T","E","?","?","?","$","R","BOSS","M","M","?","?","?","R","$","M","T","?","R","?","E"],"items_purchased_type":["Card","Relic","Card","Card"],"build_version":"2020-12-22","purchased_purges":1,"victory":false,"max_hp_per_floor":[68,68,68,68,68,68,68,68,68,68,68,68,68,68,68,68,68,68,68,68,68,68,68,68,68,68,68,68,68,68,68],"relic_stats":{"Regal Pillow":30,"Gremlin Horn":[7,7],"counters":[13,63],"Pantograph":0,"Tiny Chest":0,"MealTicket":0,"Charon\u0027s Ashes":[3],"Juzu Bracelet":0,"Cursed Key":2,"obtain_stats":[{"Regal Pillow":14,"Gremlin Horn":13,"The Courier":9,"Charon\u0027s Ashes":27,"Juzu Bracelet":12,"Bottled Tornado":8,"Cursed Key":17,"Burning Blood":0,"WarpedTongs":7,"Pantograph":27,"Tiny Chest":26,"MealTicket":29,"Red Skull":10},{"Regal Pillow":6,"Gremlin Horn":6,"The Courier":4,"Charon\u0027s Ashes":12,"Juzu Bracelet":6,"Bottled Tornado":4,"Cursed Key":7,"Burning Blood":0,"WarpedTongs":3,"Pantograph":12,"Tiny Chest":10,"MealTicket":12,"Red Skull":5},{"Regal Pillow":23,"Gremlin Horn":23,"The Courier":15,"Charon\u0027s Ashes":58,"Juzu Bracelet":23,"Bottled Tornado":15,"Cursed Key":33,"Burning Blood":0,"WarpedTongs":10,"Pantograph":58,"Tiny Chest":49,"MealTicket":58,"Red Skull":20}],"Burning Blood":65,"WarpedTongs":[52]},"card_choices":[{"not_picked":["Thunderclap","Sword Boomerang","Flex"],"picked":"SKIP","floor":1},{"not_picked":["Heavy Blade","Hemokinesis"],"picked":"Uppercut","floor":3},{"not_picked":["Armaments","Brutality","Anger"],"picked":"SKIP","floor":4},{"not_picked":["Dropkick","Thunderclap"],"picked":"Wild Strike","floor":8},{"not_picked":["Uppercut","Carnage","Havoc"],"picked":"SKIP","floor":10},{"not_picked":["Reckless Charge","Fire Breathing"],"picked":"Evolve","floor":11},{"not_picked":["Reaper","Exhume"],"picked":"Demon Form","floor":16},{"not_picked":["Warcry","Clothesline"],"picked":"Pommel Strike+1","floor":18},{"not_picked":["Headbutt","Uppercut"],"picked":"Wild Strike","floor":19},{"not_picked":["Sever Soul","Clash"],"picked":"Heavy Blade","floor":25},{"not_picked":["Flex","Carnage+1"],"picked":"Wild Strike","floor":27}],"player_experience":1245246,"relics_obtained":[{"floor":8,"key":"Bottled Tornado"},{"floor":9,"key":"The Courier"},{"floor":10,"key":"Red Skull"},{"floor":26,"key":"Tiny Chest"},{"floor":27,"key":"Charon\u0027s Ashes"},{"floor":27,"key":"Pantograph"},{"floor":29,"key":"MealTicket"}],"event_choices":[{"damage_healed":0,"gold_gain":0,"player_choice":"Upgraded","damage_taken":0,"max_hp_gain":0,"max_hp_loss":0,"event_name":"Upgrade Shrine","floor":2,"gold_loss":0,"cards_upgraded":["Sever Soul"]},{"damage_healed":0,"gold_gain":0,"player_choice":"Rummage","damage_taken":0,"relics_obtained":["WarpedTongs"],"max_hp_gain":0,"max_hp_loss":0,"event_name":"Accursed Blacksmith","floor":7,"gold_loss":0,"cards_obtained":["Pain"]},{"damage_healed":0,"gold_gain":0,"player_choice":"Searched \u00271\u0027 times","damage_taken":0,"relics_obtained":["Juzu Bracelet"],"max_hp_gain":0,"max_hp_loss":0,"event_name":"Dead Adventurer","floor":12,"gold_loss":0},{"damage_healed":0,"gold_gain":0,"player_choice":"Success","damage_taken":11,"relics_obtained":["Gremlin Horn"],"max_hp_gain":0,"max_hp_loss":0,"event_name":"Scrap Ooze","floor":13,"gold_loss":0},{"damage_healed":0,"gold_gain":50,"player_choice":"Stole From Cult","damage_taken":0,"max_hp_gain":0,"max_hp_loss":0,"event_name":"Nest","floor":20,"gold_loss":0},{"damage_healed":0,"gold_gain":0,"player_choice":"Ignored","damage_taken":0,"max_hp_gain":0,"max_hp_loss":0,"event_name":"Ghosts","floor":21,"gold_loss":0},{"damage_healed":0,"gold_gain":0,"player_choice":"Read","damage_taken":0,"max_hp_gain":0,"max_hp_loss":0,"event_name":"The Library","floor":22,"gold_loss":0,"cards_obtained":["Power Through"]},{"damage_healed":0,"gold_gain":0,"player_choice":"Fight","damage_taken":0,"max_hp_gain":0,"max_hp_loss":0,"event_name":"Colosseum","floor":27,"gold_loss":0},{"damage_healed":0,"gold_gain":0,"player_choice":"Fought Nobs","damage_taken":0,"max_hp_gain":0,"max_hp_loss":0,"event_name":"Colosseum","floor":27,"gold_loss":0}],"is_beta":false,"boss_relics":[{"not_picked":["Fusion Hammer","Snecko Eye"],"picked":"Cursed Key"}],"items_purged_floors":[14],"is_endless":false,"potions_floor_spawned":[3,10,18,25],"killed_by":"Gremlin Leader","ascension_level":15}}