{"host":"nkolxg4se00n20yf","time":1611231827,"event":{"mods":["BaseMod","CatGirl Mod","Chen","Colored Map","Colored Powertips","Downfall","Friendly Minions","Infinite Spire","Kiyohime????","Marisa????????","Minty Spire (QoL Compilation)","StSLib","Td1madao Mod","The Administrix","The Cursed","The Exalted","The Hierophant","The Servant 0.9.4"],"gold_per_floor":[109,126,146,159,176,176,176,176,176,206,206,225,236,73,73,144,144,160,160,160,178,197,197,197,197],"floor_reached":24,"language":"ENG","playtime":1184,"items_purged":[],"score":390,"play_id":"359b7b03-4da2-4b9a-97a3-fea51d478377","local_time":"20210121132347","is_ascension_mode":true,"campfire_choices":[{"floor":6,"key":"REST"},{"data":"Dagger Throw","floor":8,"key":"SMITH"},{"floor":11,"key":"REST"},{"floor":15,"key":"REST"},{"floor":23,"key":"REST"}],"circlet_count":0,"master_deck":["AscendersBane","Strike_G+1","Strike_G","Strike_G","Strike_G","Strike_G+1","Defend_G","Defend_G","Defend_G","Defend_G","Defend_G","Survivor","Neutralize+1","Cloak And Dagger","Flying Knee","Flying Knee","Expertise","Dagger Throw+1","Unload","Envenom","Infinite Blades","Die Die Die","Backflip+1","Blade Dance","PiercingWail"],"relics":["Ring of the Snake","Snake Skull","Whetstone","infinitespire:Lucky Rock","SlaversCollar","bronze:MakeshiftBattery"],"acts_visited":["Exordium","TheCity"],"potions_floor_usage":[5,13,22,24],"damage_taken":[{"damage":0,"enemies":"Cultist","floor":1,"turns":4},{"damage":0,"enemies":"Small Slimes","floor":2,"turns":3},{"damage":2,"enemies":"2 Louse","floor":3,"turns":3},{"damage":16,"enemies":"Gremlin Gang","floor":4,"turns":7},{"damage":3,"enemies":"Exordium Thugs","floor":5,"turns":4},{"damage":38,"enemies":"3 Sentries","floor":10,"turns":11},{"damage":3,"enemies":"Blue Slaver","floor":12,"turns":3},{"damage":3,"enemies":"Large Slime","floor":13,"turns":4},{"damage":41,"enemies":"The Guardian","floor":16,"turns":9},{"damage":19,"enemies":"Spheric Guardian","floor":18,"turns":4},{"damage":8,"enemies":"Chosen","floor":21,"turns":5},{"damage":7,"enemies":"Snecko","floor":22,"turns":4},{"damage":43,"enemies":"Book of Stabbing","floor":24,"turns":5}],"seed_played":"6211675469714349765","potions_obtained":[{"floor":4,"key":"Fire Potion"},{"floor":10,"key":"Explosive Potion"},{"floor":12,"key":"Energy Potion"},{"floor":13,"key":"LiquidBronze"},{"floor":20,"key":"Ancient Potion"},{"floor":22,"key":"SkillPotion"}],"is_trial":false,"path_per_floor":["M","M","M","M","M","R","?","R","T","E","R","M","M","$","R","B",null,"M","AVR","?","M","M","R","E"],"character_chosen":"THE_SILENT","items_purchased":["infinitespire:Lucky Rock"],"campfire_rested":4,"item_purchase_floors":[14],"current_hp_per_floor":[59,59,57,41,38,57,57,57,57,19,38,35,32,32,51,10,52,33,33,33,25,18,37,0,0],"gold":197,"neow_bonus":"UPGRADE_CARD","is_daily":false,"chose_seed":false,"campfire_upgraded":1,"win_rate":0.0,"timestamp":1611231827,"path_taken":["M","M","M","M","?","R","?","R","T","E","R","M","M","$","R","BOSS","M","AVR","?","?","M","R","E"],"items_purchased_type":["Relic"],"build_version":"2020-12-22","purchased_purges":0,"victory":false,"max_hp_per_floor":[66,66,66,66,66,66,66,66,66,66,66,66,66,66,66,66,66,66,66,66,66,66,66,66,66],"card_choices":[{"not_picked":["Prepared","Riddle With Holes"],"picked":"Cloak And Dagger","floor":1},{"not_picked":["Accuracy","Dagger Spray"],"picked":"Flying Knee","floor":2},{"not_picked":["Caltrops","Escape Plan"],"picked":"Flying Knee","floor":3},{"not_picked":["Flechettes","Escape Plan"],"picked":"Expertise","floor":4},{"not_picked":["Bane","Distraction"],"picked":"Dagger Throw","floor":5},{"not_picked":["Skewer","Dodge and Roll"],"picked":"Unload","floor":10},{"not_picked":["Acrobatics","Eviscerate"],"picked":"Envenom","floor":12},{"not_picked":["Acrobatics","Predator"],"picked":"Infinite Blades","floor":13},{"not_picked":["Unload","Phantasmal Killer"],"picked":"Die Die Die","floor":16},{"not_picked":["Dagger Spray","Acrobatics"],"picked":"Backflip+1","floor":18},{"not_picked":["Blur","Bane"],"picked":"Blade Dance","floor":21},{"not_picked":["Prepared","Finisher"],"picked":"PiercingWail","floor":22}],"player_experience":1122601,"relics_obtained":[{"floor":9,"key":"Snake Skull"},{"floor":10,"key":"Whetstone"}],"event_choices":[{"damage_healed":0,"gold_gain":0,"player_choice":"Got Potions","damage_taken":0,"max_hp_gain":0,"max_hp_loss":0,"event_name":"Lab","floor":20,"gold_loss":0}],"is_beta":false,"boss_relics":[{"not_picked":["SacredBark","Bromod:ArcaneGrace"],"picked":"SlaversCollar"}],"items_purged_floors":[],"is_endless":false,"potions_floor_spawned":[4,10,12,13,21,22],"killed_by":"Book of Stabbing","ascension_level":19}}