{"host":"9l1knhxfturzliqa","time":1611211798,"event":{"mods":["BaseMod","Colored Map","Colored Powertips","DeckTracker","Highlight Path","Keyboard Shortcuts","Minty Spire (QoL Compilation)","Random Character Button"],"gold_per_floor":[12,23,38,38,57,57,57,71,95,20,20,20,32,32,32,111,111,121,131,151,162,87,87,101,101,101,101,1,19,44,44,44,122,122,142,152,165,165,165,165,182,132,132,144,94,94,111,123,123,123,123],"floor_reached":52,"language":"KOR","playtime":4342,"items_purged":["Strike_G","Strike_G","Defend_G","Defend_G"],"score":1686,"play_id":"cc9cc09c-fdb6-4684-81ed-55b10e3fab83","local_time":"20210121154958","is_ascension_mode":true,"campfire_choices":[{"data":"Wraith Form v2","floor":6.0,"key":"SMITH"},{"data":"Footwork","floor":12.0,"key":"SMITH"},{"data":"Dodge and Roll","floor":15.0,"key":"SMITH"},{"floor":23.0,"key":"REST"},{"floor":25.0,"key":"REST"},{"data":"Noxious Fumes","floor":27.0,"key":"SMITH"},{"floor":32.0,"key":"REST"},{"data":"Catalyst","floor":40.0,"key":"SMITH"},{"data":"Wraith Form v2","floor":46.0,"key":"SMITH"},{"floor":49.0,"key":"REST"}],"circlet_count":0,"master_deck":["AscendersBane","Strike_G","Strike_G","Defend_G","Defend_G","Survivor+1","Neutralize","Blur+1","Dagger Throw","Dodge and Roll+1","Footwork+1","Wraith Form v2+1","Deadly Poison","Acrobatics","Corpse Explosion","PiercingWail","Noxious Fumes+1","Catalyst+1","Prepared","Wraith Form v2+1","Tactician+1","Backflip","Dark Shackles"],"relics":["Ring of the Snake","Nunchaku","SlaversCollar","Pocketwatch","Pen Nib","Smiling Mask","Sozu","HornCleat"],"acts_visited":["Exordium","TheCity","TheBeyond"],"potions_floor_usage":[],"damage_taken":[{"damage":0.0,"enemies":"Jaw Worm","floor":1.0,"turns":6.0},{"damage":0.0,"enemies":"2 Louse","floor":2.0,"turns":3.0},{"damage":0.0,"enemies":"Cultist","floor":3.0,"turns":4.0},{"damage":0.0,"enemies":"Gremlin Gang","floor":5.0,"turns":10.0},{"damage":15.0,"enemies":"Large Slime","floor":8.0,"turns":13.0},{"damage":5.0,"enemies":"Exordium Wildlife","floor":13.0,"turns":8.0},{"damage":32.0,"enemies":"Hexaghost","floor":16.0,"turns":15.0},{"damage":16.0,"enemies":"3 Byrds","floor":18.0,"turns":3.0},{"damage":12.0,"enemies":"Spheric Guardian","floor":19.0,"turns":9.0},{"damage":11.0,"enemies":"3 Cultists","floor":20.0,"turns":5.0},{"damage":29.0,"enemies":"Shelled Parasite and Fungi","floor":21.0,"turns":7.0},{"damage":6.0,"enemies":"Centurion and Healer","floor":24.0,"turns":7.0},{"damage":10.0,"enemies":"Snake Plant","floor":29.0,"turns":7.0},{"damage":2.0,"enemies":"Slavers","floor":30.0,"turns":5.0},{"damage":4.0,"enemies":"Automaton","floor":33.0,"turns":10.0},{"damage":0.0,"enemies":"3 Shapes","floor":35.0,"turns":6.0},{"damage":0.0,"enemies":"Orb Walker","floor":36.0,"turns":6.0},{"damage":41.0,"enemies":"Spire Growth","floor":37.0,"turns":7.0},{"damage":0.0,"enemies":"Transient","floor":41.0,"turns":6.0},{"damage":8.0,"enemies":"3 Darklings","floor":44.0,"turns":8.0},{"damage":22.0,"enemies":"Sphere and 2 Shapes","floor":47.0,"turns":6.0},{"damage":0.0,"enemies":"Maw","floor":48.0,"turns":7.0},{"damage":34.0,"enemies":"Time Eater","floor":50.0,"turns":10.0},{"damage":2,"enemies":"Donu and Deca","floor":51,"turns":8}],"seed_played":"-5557486142143640735","potions_obtained":[{"floor":2.0,"key":"Swift Potion"},{"floor":8.0,"key":"CunningPotion"},{"floor":13.0,"key":"Poison Potion"},{"floor":18.0,"key":"FairyPotion"},{"floor":20.0,"key":"FearPotion"},{"floor":29.0,"key":"PowerPotion"},{"floor":30.0,"key":"Fire Potion"}],"is_trial":false,"path_per_floor":["M","M","M","?","M","R","?","M","T","$","$","R","M","?","R","B",null,"M","M","M","M","?","R","M","R","T","R","$","M","E","?","R","B",null,"M","M","M","?","?","R","M","$","T","M","$","R","M","M","R","B","B",null],"character_chosen":"THE_SILENT","items_purchased":[],"campfire_rested":4,"item_purchase_floors":[],"current_hp_per_floor":[59,59,59,39,39,39,61,46,46,46,46,46,41,41,41,9,52,36,24,13,6,6,25,19,38,38,38,38,28,26,26,45,41,60,60,60,19,19,54,54,54,54,54,46,46,46,24,24,40,6,4],"gold":123,"neow_bonus":"TRANSFORM_TWO_CARDS","is_daily":false,"chose_seed":false,"campfire_upgraded":6,"win_rate":0.0,"timestamp":1611211798,"path_taken":["M","M","M","?","M","R","?","M","T","$","?","R","M","?","R","BOSS","M","?","?","M","?","R","M","R","T","R","?","M","E","?","R","BOSS","M","?","M","?","?","R","M","?","T","M","$","R","M","M","R","BOSS","BOSS"],"items_purchased_type":[],"build_version":"2020-12-22","purchased_purges":4,"victory":true,"max_hp_per_floor":[66,66,66,66,66,66,66,66,66,66,66,66,66,66,66,66,66,66,66,66,66,66,66,66,66,66,66,66,66,66,66,66,66,66,66,66,66,66,54,54,54,54,54,54,54,54,54,54,54,54,54],"card_choices":[{"not_picked":["All Out Attack","Bane"],"picked":"Dagger Throw","floor":1.0},{"not_picked":["Dagger Throw","Backstab"],"picked":"Dodge and Roll","floor":2.0},{"not_picked":["Dagger Spray","Underhanded Strike"],"picked":"Footwork","floor":3.0},{"not_picked":["Prepared","Masterful Stab"],"picked":"Wraith Form v2","floor":5.0},{"not_picked":["Endless Agony","Catalyst"],"picked":"Deadly Poison","floor":8.0},{"not_picked":["Dagger Spray","Flying Knee"],"picked":"Acrobatics","floor":13.0},{"not_picked":["Unload","Burst"],"picked":"Corpse Explosion","floor":16.0},{"not_picked":["Cloak And Dagger","Sucker Punch"],"picked":"PiercingWail","floor":18.0},{"not_picked":["Flying Knee+1","Prepared+1"],"picked":"Noxious Fumes","floor":19.0},{"not_picked":["Finisher","Sucker Punch"],"picked":"Catalyst","floor":20.0},{"not_picked":["Distraction","Masterful Stab"],"picked":"Prepared","floor":21.0},{"not_picked":["Flechettes","Grand Finale","Noxious Fumes"],"picked":"SKIP","floor":24.0},{"not_picked":["Slice","Bane","Dagger Spray"],"picked":"SKIP","floor":29.0},{"not_picked":["Choke","Concentrate","Finisher"],"picked":"SKIP","floor":30.0},{"not_picked":["Malaise","Bullet Time"],"picked":"Wraith Form v2","floor":33.0},{"not_picked":["Quick Slash","Prepared+1"],"picked":"Tactician+1","floor":35.0},{"not_picked":["PiercingWail","Slice","Backflip"],"picked":"SKIP","floor":36.0},{"not_picked":["Endless Agony","Quick Slash"],"picked":"Backflip","floor":37.0},{"not_picked":["PanicButton","Forethought"],"picked":"Dark Shackles","floor":38.0},{"not_picked":["PiercingWail","Choke","Backflip"],"picked":"SKIP","floor":41.0},{"not_picked":["Unload","Outmaneuver","Poisoned Stab"],"picked":"SKIP","floor":44.0},{"not_picked":["Quick Slash","Sucker Punch","Poisoned Stab"],"picked":"SKIP","floor":47.0},{"not_picked":["All Out Attack","Flying Knee","Dagger Spray"],"picked":"SKIP","floor":48.0}],"player_experience":511767,"relics_obtained":[{"floor":9.0,"key":"Nunchaku"},{"floor":26.0,"key":"Pocketwatch"},{"floor":30.0,"key":"Pen Nib"},{"floor":43.0,"key":"HornCleat"}],"event_choices":[{"damage_healed":0.0,"max_hp_gain":0.0,"max_hp_loss":0.0,"gold_gain":0.0,"event_name":"Shining Light","player_choice":"Entered Light","floor":4.0,"gold_loss":0.0,"damage_taken":20.0,"cards_upgraded":["Blur","Survivor"]},{"damage_healed":22.0,"max_hp_gain":0.0,"max_hp_loss":0.0,"gold_gain":0.0,"event_name":"Big Fish","player_choice":"Banana","floor":7.0,"gold_loss":0.0,"damage_taken":0.0},{"damage_healed":0.0,"max_hp_gain":0.0,"max_hp_loss":0.0,"gold_gain":0.0,"event_name":"Lab","player_choice":"Got Potions","floor":14.0,"gold_loss":0.0,"damage_taken":0.0},{"cards_removed":["Accuracy"],"damage_healed":0.0,"max_hp_gain":0.0,"max_hp_loss":0.0,"gold_gain":0.0,"event_name":"Beggar","player_choice":"Gave Gold","floor":22.0,"gold_loss":75.0,"damage_taken":0.0},{"damage_healed":0.0,"max_hp_gain":0.0,"max_hp_loss":0.0,"gold_gain":0.0,"event_name":"WeMeetAgain","player_choice":"Gave Potion","floor":31.0,"gold_loss":0.0,"damage_taken":0.0,"relics_obtained":["Smiling Mask"]},{"damage_healed":0.0,"max_hp_gain":0.0,"max_hp_loss":0.0,"gold_gain":0.0,"event_name":"SensoryStone","player_choice":"Memory 1","floor":38.0,"gold_loss":0.0,"damage_taken":0.0},{"damage_healed":54.0,"max_hp_gain":0.0,"max_hp_loss":12.0,"gold_gain":0.0,"event_name":"The Moai Head","player_choice":"Heal","floor":39.0,"gold_loss":0.0,"damage_taken":0.0}],"is_beta":false,"boss_relics":[{"not_picked":["Philosopher\u0027s Stone","Tiny House"],"picked":"SlaversCollar"},{"not_picked":["Pandora\u0027s Box","Coffee Dripper"],"picked":"Sozu"}],"items_purged_floors":[10,28,42,45],"is_endless":false,"potions_floor_spawned":[2,8,13,18,20,29,30,35,36,44,47],"ascension_level":20}}