{"host":"0ueeacaatm8t6jyh","time":1611220038,"event":{"mods":["AchievementEnabler","BaseMod","Colored Powertips","Minty Spire (QoL Compilation)","Quick Restart","Rare Cards Sparkle","StSLib"],"gold_per_floor":[116,191,191,203,223,253,253,266,266,216,245,245,255,285,285,388,388,403,403,414,428,428,428,470,470,524,569,255,281,317,340,340,445,445,473,500,21,21,33,33,53,80,107,119,169,181,213,240,252,264],"floor_reached":51,"language":"ZHS","playtime":3086,"items_purged":["Defend_B","Defend_B"],"score":1239,"play_id":"23480cfe-f9bd-4842-aef3-7366f0e83f55","local_time":"20210121170718","is_ascension_mode":true,"campfire_choices":[{"floor":7.0,"key":"REST"},{"floor":12.0,"key":"REST"},{"data":"Defragment","floor":15.0,"key":"SMITH"},{"data":"Coolheaded","floor":23.0,"key":"SMITH"},{"floor":25.0,"key":"REST"},{"data":"Coolheaded","floor":32.0,"key":"SMITH"},{"data":"Defragment","floor":40.0,"key":"SMITH"},{"data":"Dualcast","floor":46.0,"key":"SMITH"},{"data":"Go for the Eyes","floor":49.0,"key":"SMITH"}],"circlet_count":0,"master_deck":["Defend_B","Zap","Dualcast+1","Coolheaded+1","FTL","Go for the Eyes+1","Coolheaded+1","Defragment+1","White Noise+1","Storm","Seek+1","Genetic Algorithm+1","Force Field+1","Go for the Eyes+1","Ghostly+1","Ghostly+1","Ghostly+1","Ghostly+1","Ghostly+1","Skim+1","Lockon","Echo Form","Beam Cell+1","Metamorphosis+1","Enlightenment+1","Finesse+1","Defragment+1","Recycle+1"],"relics":["Cracked Core","DataDisk","Toxic Egg 2","Odd Mushroom","Pantograph","Empty Cage","CeramicFish","Strawberry","Mummified Hand","Bag of Marbles","Vajra","Coffee Dripper","Juzu Bracelet","Ancient Tea Set","Centennial Puzzle","MawBank","Letter Opener"],"acts_visited":["Exordium","TheCity","TheBeyond"],"potions_floor_usage":[50],"damage_taken":[{"damage":9.0,"enemies":"2 Louse","floor":1.0,"turns":3.0},{"damage":0.0,"enemies":"Jaw Worm","floor":4.0,"turns":5.0},{"damage":6.0,"enemies":"Small Slimes","floor":5.0,"turns":4.0},{"damage":35.0,"enemies":"3 Sentries","floor":6.0,"turns":12.0},{"damage":5.0,"enemies":"2 Fungi Beasts","floor":8.0,"turns":3.0},{"damage":13.0,"enemies":"The Mushroom Lair","floor":11.0,"turns":4.0},{"damage":4.0,"enemies":"Exordium Wildlife","floor":13.0,"turns":6.0},{"damage":0.0,"enemies":"Lagavulin","floor":14.0,"turns":8.0},{"damage":46.0,"enemies":"Slime Boss","floor":16.0,"turns":11.0},{"damage":1.0,"enemies":"3 Byrds","floor":18.0,"turns":7.0},{"damage":2.0,"enemies":"Spheric Guardian","floor":20.0,"turns":8.0},{"damage":3.0,"enemies":"Centurion and Healer","floor":21.0,"turns":9.0},{"damage":48.0,"enemies":"Slavers","floor":24.0,"turns":12.0},{"damage":9.0,"enemies":"Gremlin Leader","floor":30.0,"turns":8.0},{"damage":0.0,"enemies":"Snake Plant","floor":31.0,"turns":5.0},{"damage":0.0,"enemies":"Automaton","floor":33.0,"turns":16.0},{"damage":0.0,"enemies":"3 Shapes","floor":35.0,"turns":5.0},{"damage":0.0,"enemies":"Orb Walker","floor":39.0,"turns":3.0},{"damage":0.0,"enemies":"Maw","floor":41.0,"turns":5.0},{"damage":0.0,"enemies":"Giant Head","floor":42.0,"turns":8.0},{"damage":13.0,"enemies":"Nemesis","floor":45.0,"turns":5.0},{"damage":3.0,"enemies":"Jaw Worm Horde","floor":47.0,"turns":4.0},{"damage":0.0,"enemies":"Sphere and 2 Shapes","floor":48.0,"turns":3.0},{"damage":1,"enemies":"Awakened One","floor":50,"turns":13}],"seed_played":"-7907314717142849","potions_obtained":[{"floor":1.0,"key":"DistilledChaos"},{"floor":4.0,"key":"GamblersBrew"},{"floor":6.0,"key":"Regen Potion"},{"floor":13.0,"key":"FearPotion"},{"floor":24.0,"key":"Strength Potion"},{"floor":33.0,"key":"Ancient Potion"},{"floor":41.0,"key":"SpeedPotion"},{"floor":42.0,"key":"Regen Potion"}],"is_trial":false,"path_per_floor":["M","?","?","M","M","E","R","M","T","?","?","R","M","E","R","B",null,"M","?","M","M","?","R","E","R","T","?","$","T","E","M","R","B",null,"M","?","$","?","M","R","M","E","T","$","E","R","M","M","R","B",null],"character_chosen":"DEFECT","items_purchased":["Mummified Hand","Defragment","Juzu Bracelet","Ancient Tea Set"],"campfire_rested":3,"item_purchase_floors":[28,37,37,37],"current_hp_per_floor":[59,48,48,48,42,7,29,33,33,33,20,42,38,38,38,17,61,60,60,58,55,55,55,7,29,36,36,36,36,27,27,27,41,41,41,31,31,31,31,31,31,31,31,31,32,32,29,29,29,40],"gold":276,"neow_bonus":"REMOVE_CARD","is_daily":false,"chose_seed":false,"campfire_upgraded":6,"win_rate":0.0,"timestamp":1611220038,"path_taken":["M","?","?","M","M","E","R","M","T","?","?","R","M","E","R","BOSS","M","?","M","M","?","R","E","R","T","?","$","?","E","?","R","BOSS","M","?","$","?","M","R","M","E","T","$","E","R","M","M","R","BOSS"],"items_purchased_type":["Relic","Card","Relic","Relic"],"build_version":"2020-12-22","purchased_purges":2,"victory":true,"max_hp_per_floor":[75,75,75,75,75,75,75,75,75,75,75,75,75,75,75,75,75,75,75,75,75,75,75,75,75,82,41,41,41,41,41,41,41,41,41,41,41,41,41,41,41,41,41,41,41,41,41,41,41,41],"card_choices":[{"not_picked":["Rip and Tear","Steam"],"picked":"Coolheaded","floor":1.0},{"not_picked":["Compile Driver","Steam"],"picked":"Reprogram","floor":4.0},{"not_picked":["Hello World","Leap"],"picked":"Go for the Eyes","floor":5.0},{"not_picked":["Stack","Sweeping Beam"],"picked":"Coolheaded","floor":6.0},{"not_picked":["Turbo","Cold Snap"],"picked":"Defragment","floor":8.0},{"not_picked":["Coolheaded+1","Hologram+1"],"picked":"White Noise+1","floor":11.0},{"not_picked":["Redo+1","Barrage"],"picked":"Storm","floor":13.0},{"not_picked":["Blizzard","Rebound","Gash"],"picked":"SKIP","floor":14.0},{"not_picked":["Biased Cognition","Hyperbeam"],"picked":"Seek+1","floor":16.0},{"not_picked":["Tempest+1","Rip and Tear"],"picked":"Genetic Algorithm+1","floor":18.0},{"not_picked":["Leap+1","Auto Shields+1"],"picked":"Force Field+1","floor":20.0},{"not_picked":["Coolheaded+1","Conserve Battery+1","Beam Cell"],"picked":"SKIP","floor":21.0},{"not_picked":["Leap+1","Coolheaded+1"],"picked":"Go for the Eyes+1","floor":24.0},{"not_picked":["Static Discharge","Aggregate+1"],"picked":"Skim+1","floor":30.0},{"not_picked":["Compile Driver+1","Sweeping Beam"],"picked":"Lockon","floor":31.0},{"not_picked":["Hyperbeam","Reboot+1"],"picked":"Echo Form","floor":33.0},{"not_picked":["Sweeping Beam","Chill+1"],"picked":"Beam Cell+1","floor":35.0},{"not_picked":["Secret Technique+1","Enlightenment+1"],"picked":"Metamorphosis+1","floor":36.0},{"not_picked":["Good Instincts+1","Dramatic Entrance"],"picked":"Enlightenment+1","floor":36.0},{"not_picked":["Enlightenment+1","Dramatic Entrance"],"picked":"Finesse+1","floor":36.0},{"not_picked":["Redo+1","Coolheaded+1","Sweeping Beam"],"picked":"SKIP","floor":39.0},{"not_picked":["Rebound+1","Coolheaded+1","Steam Power+1"],"picked":"SKIP","floor":41.0},{"not_picked":["Streamline+1","Meteor Strike","Chill+1"],"picked":"SKIP","floor":42.0},{"not_picked":["Conserve Battery+1","Gash+1"],"picked":"Recycle+1","floor":45.0},{"not_picked":["Glacier+1","Sweeping Beam","Rip and Tear+1"],"picked":"SKIP","floor":47.0},{"not_picked":["BootSequence+1","Reprogram+1","Auto Shields+1"],"picked":"SKIP","floor":48.0}],"player_experience":435917,"relics_obtained":[{"floor":6.0,"key":"DataDisk"},{"floor":9.0,"key":"Toxic Egg 2"},{"floor":11.0,"key":"Odd Mushroom"},{"floor":14.0,"key":"Pantograph"},{"floor":24.0,"key":"CeramicFish"},{"floor":26.0,"key":"Strawberry"},{"floor":29.0,"key":"Bag of Marbles"},{"floor":30.0,"key":"Vajra"},{"floor":42.0,"key":"Centennial Puzzle"},{"floor":43.0,"key":"MawBank"},{"floor":45.0,"key":"Letter Opener"}],"event_choices":[{"damage_healed":0.0,"max_hp_gain":0.0,"max_hp_loss":0.0,"gold_gain":75.0,"event_name":"World of Goop","player_choice":"Gather Gold","floor":2.0,"gold_loss":0.0,"damage_taken":11.0},{"damage_healed":0.0,"max_hp_gain":0.0,"max_hp_loss":0.0,"gold_gain":0.0,"cards_transformed":["Strike_B"],"event_name":"Living Wall","player_choice":"Change","floor":3.0,"gold_loss":0.0,"damage_taken":0.0,"cards_obtained":["FTL"]},{"cards_removed":["Reprogram"],"damage_healed":0.0,"max_hp_gain":0.0,"max_hp_loss":0.0,"gold_gain":0.0,"event_name":"The Cleric","player_choice":"Card Removal","floor":10.0,"gold_loss":50.0,"damage_taken":0.0},{"damage_healed":0.0,"max_hp_gain":0.0,"max_hp_loss":0.0,"gold_gain":0.0,"event_name":"Mushrooms","player_choice":"Fought Mushrooms","floor":11.0,"gold_loss":0.0,"damage_taken":0.0},{"damage_healed":0.0,"max_hp_gain":0.0,"max_hp_loss":0.0,"gold_gain":0.0,"event_name":"Cursed Tome","player_choice":"Ignored","floor":19.0,"gold_loss":0.0,"damage_taken":0.0},{"damage_healed":0.0,"max_hp_gain":0.0,"max_hp_loss":41.0,"gold_gain":0.0,"event_name":"Ghosts","player_choice":"Became a Ghost","floor":27.0,"gold_loss":0.0,"damage_taken":0.0,"cards_obtained":["Ghostly","Ghostly","Ghostly","Ghostly","Ghostly"]},{"damage_healed":0.0,"max_hp_gain":0.0,"max_hp_loss":0.0,"gold_gain":0.0,"event_name":"SensoryStone","player_choice":"Memory 3","floor":36.0,"gold_loss":0.0,"damage_taken":10.0},{"cards_removed":["Strike_B"],"damage_healed":0.0,"max_hp_gain":0.0,"max_hp_loss":0.0,"gold_gain":0.0,"event_name":"Purifier","player_choice":"Purged","floor":38.0,"gold_loss":0.0,"damage_taken":0.0}],"is_beta":false,"boss_relics":[{"not_picked":["Runic Dome","FrozenCore"],"picked":"Empty Cage"},{"not_picked":["Busted Crown","Cursed Key"],"picked":"Coffee Dripper"}],"items_purged_floors":[28,37],"is_endless":false,"potions_floor_spawned":[1,4,6,13,24,33,41,42],"ascension_level":9}}