{"host":"mdnuhe0e3jmsk2w1","time":1611266535,"event":{"mods":["2.2 Compatiblity","BaseMod","Colored Map","DeckTracker","Highlight Path","Keyboard Shortcuts","Minty Spire (QoL Compilation)","Permanent Neow","Quick Restart","StSLib","SuperFastMode"],"gold_per_floor":[111,111,18,29,48,48,100,100,100,100,100],"floor_reached":10,"language":"KOR","playtime":263,"items_purged":[],"score":64,"play_id":"5cf8b4a4-073b-4033-bf56-4d939d64713d","local_time":"20210122070215","is_ascension_mode":true,"campfire_choices":[{"data":"Eruption","floor":6,"key":"SMITH"},{"data":"ClearTheMind","floor":8,"key":"SMITH"}],"circlet_count":0,"master_deck":["Strike_P","Strike_P","Strike_P","Strike_P","Defend_P","Defend_P","Eruption+1","Vigilance","Halt","Tantrum","ClearTheMind+1"],"relics":["PureWater","Anchor","Molten Egg 2"],"acts_visited":["Exordium"],"potions_floor_usage":[],"damage_taken":[{"damage":6,"enemies":"Jaw Worm","floor":1,"turns":3},{"damage":0,"enemies":"Cultist","floor":4,"turns":2},{"damage":0,"enemies":"2 Louse","floor":5,"turns":2},{"damage":57,"enemies":"3 Sentries","floor":10,"turns":5}],"seed_played":"7240203582750187052","potions_obtained":[{"floor":4,"key":"LiquidBronze"}],"is_trial":false,"path_per_floor":["M","?","$","M","M","R","T","R","T","E"],"character_chosen":"WATCHER","items_purchased":["Tantrum","ClearTheMind"],"campfire_rested":0,"item_purchase_floors":[3,3],"current_hp_per_floor":[66,66,66,66,66,66,66,66,66,9,9],"gold":100,"neow_bonus":"REMOVE_CARD","is_daily":false,"chose_seed":false,"campfire_upgraded":2,"win_rate":0.0,"timestamp":1611266535,"path_taken":["M","?","$","M","M","R","?","R","T","E"],"items_purchased_type":["Card","Card"],"build_version":"2020-12-22","purchased_purges":0,"victory":false,"max_hp_per_floor":[72,72,72,72,72,72,72,72,72,72,72],"card_choices":[{"not_picked":["Halt","Crescendo","InnerPeace"],"picked":"SKIP","floor":1},{"not_picked":["WaveOfTheHand","SandsOfTime","InnerPeace"],"picked":"SKIP","floor":4},{"not_picked":["FollowUp","Swivel","WheelKick"],"picked":"SKIP","floor":5}],"player_experience":136826,"relics_obtained":[{"floor":7,"key":"Anchor"},{"floor":9,"key":"Molten Egg 2"}],"event_choices":[{"damage_healed":0,"gold_gain":0,"cards_transformed":["Defend_P"],"player_choice":"Change","damage_taken":0,"max_hp_gain":0,"max_hp_loss":0,"event_name":"Living Wall","floor":2,"gold_loss":0,"cards_obtained":["Halt"]}],"is_beta":false,"boss_relics":[],"items_purged_floors":[],"is_endless":false,"potions_floor_spawned":[4],"killed_by":"3 Sentries","ascension_level":3}}