{"host":"rjbqai8ni6dsiu37","time":1611224186,"event":{"mods":["100% Spire Juice","BaseMod","CapriCore","Lobotomy","Minty Spire (QoL Compilation)","StSLib","The Poker Player","WarShipGirlsR/??á´Ò³R mod"],"gold_per_floor":[117,117,117,136,156,190,206,206,287,301,336,351,369,384,384,481,481,481],"floor_reached":17,"language":"KOR","playtime":538,"items_purged":[],"score":282,"play_id":"cdcb63b7-7691-42d4-9205-21dfb540f274","local_time":"20210121191626","is_ascension_mode":true,"campfire_choices":[{"data":"rmod:openingtorpedo","floor":8.0,"key":"SMITH"},{"data":"rmod:expeditionaryescort","floor":15,"key":"SMITH"}],"circlet_count":0,"master_deck":["AscendersBane","rmod:strick","rmod:strick","rmod:strick","rmod:strick","rmod:defend","rmod:defend","rmod:defend","rmod:defend","rmod:basicallowance","rmod:maingunfire","rmod:openingtorpedo+1","rmod:intelligenceanalysis","rmod:unsinkable","rmod:royalracing","rmod:expeditionaryescort+1","rmod:royalracing","rmod:ridicule","CurseOfTheBell"],"relics":["rmod:firstchargereward","Unceasing Top","Eternal Feather","Regal Pillow","Calling Bell","Orichalcum","Pear","Mango"],"acts_visited":["Exordium","TheCity"],"potions_floor_usage":[11,11,16],"damage_taken":[{"damage":3.0,"enemies":"Small Slimes","floor":1.0,"turns":3.0},{"damage":0.0,"enemies":"2 Louse","floor":4.0,"turns":3.0},{"damage":0.0,"enemies":"Cultist","floor":5.0,"turns":3.0},{"damage":10.0,"enemies":"3 Sentries","floor":6.0,"turns":7.0},{"damage":0.0,"enemies":"Gremlin Gang","floor":7.0,"turns":1.0},{"damage":4.0,"enemies":"Looter","floor":10.0,"turns":2.0},{"damage":7,"enemies":"Lagavulin","floor":11,"turns":3},{"damage":0,"enemies":"2 Fungi Beasts","floor":12,"turns":2},{"damage":1,"enemies":"Exordium Wildlife","floor":13,"turns":4},{"damage":7,"enemies":"3 Louse","floor":14,"turns":2},{"damage":34,"enemies":"Slime Boss","floor":16,"turns":9}],"seed_played":"2455433413827562786","potions_obtained":[{"floor":1.0,"key":"DuplicationPotion"},{"floor":6.0,"key":"EntropicBrew"},{"floor":7.0,"key":"FairyPotion"},{"floor":14,"key":"Energy Potion"},{"floor":16,"key":"Strength Potion"}],"is_trial":false,"path_per_floor":["M","$","?","M","M","E","M","R","T","M","E","M","M","M","R","B",null],"character_chosen":"PRAEFECT","items_purchased":[],"campfire_rested":0,"item_purchase_floors":[],"current_hp_per_floor":[65,65,65,65,65,55,55,55,55,51,44,44,43,36,45,11,83,83],"gold":481,"neow_bonus":"THREE_CARDS","is_daily":false,"chose_seed":false,"campfire_upgraded":2,"win_rate":0.0,"timestamp":1611224186,"path_taken":["M","$","?","?","M","E","M","R","T","M","E","M","M","?","R","BOSS"],"items_purchased_type":[],"build_version":"2020-12-22","purchased_purges":0,"victory":false,"max_hp_per_floor":[75,75,75,75,75,75,75,75,75,75,75,75,75,75,75,75,99,99],"card_choices":[{"not_picked":["rmod:steelsupply","rmod:rockthrower"],"picked":"rmod:openingtorpedo","floor":0.0},{"not_picked":["rmod:capitalist","rmod:highspeedshooting","rmod:luckystar"],"picked":"SKIP","floor":1.0},{"not_picked":["rmod:supportaircraftcarrier","rmod:spoils","rmod:firesupport"],"picked":"SKIP","floor":4.0},{"not_picked":["rmod:wasp","rmod:combined"],"picked":"rmod:intelligenceanalysis","floor":5.0},{"not_picked":["rmod:highspeedshooting","rmod:steelsupply","rmod:wolves"],"picked":"SKIP","floor":6.0},{"not_picked":["rmod:launchingtorpedo","rmod:slowdown","rmod:highspeedshooting"],"picked":"SKIP","floor":7.0},{"not_picked":["rmod:bulid","rmod:combined"],"picked":"rmod:unsinkable","floor":10.0},{"not_picked":["rmod:combined","rmod:supportescort"],"picked":"rmod:royalracing","floor":11},{"not_picked":["rmod:circuitoustactics","rmod:shuttlebombing"],"picked":"rmod:expeditionaryescort","floor":12},{"not_picked":["rmod:highspeedshooting","rmod:gendarmerie"],"picked":"rmod:royalracing","floor":13},{"not_picked":["rmod:aggressivemary","rmod:aluminumsupply","rmod:steelsupply"],"picked":"SKIP","floor":14},{"not_picked":["rmod:stealaluminum","rmod:seals"],"picked":"rmod:ridicule","floor":16}],"player_experience":196984,"relics_obtained":[{"floor":6.0,"key":"Unceasing Top"},{"floor":9.0,"key":"Eternal Feather"},{"floor":11,"key":"Regal Pillow"},{"floor":17,"key":"Orichalcum"},{"floor":17,"key":"Pear"},{"floor":17,"key":"Mango"}],"event_choices":[],"is_beta":false,"boss_relics":[{"not_picked":["Philosopher\u0027s Stone","Black Star"],"picked":"Calling Bell"}],"items_purged_floors":[],"is_endless":false,"potions_floor_spawned":[1,6,7,14,16],"ascension_level":10}}