{"host":"0j49nvi4cbm626s8","time":1611222773,"event":{"mods":["AchievementEnabler","BaseMod","Highlight Path","Marisa????????","Minty Spire (QoL Compilation)"],"gold_per_floor":[114,126,143,158,43,43,75,75,123,168,183,311,311],"floor_reached":12,"language":"ENG","playtime":511,"items_purged":["Strike_MRS"],"score":207,"play_id":"263b20a6-e1d7-4243-83d6-8873f205a86e","local_time":"20210121105253","is_ascension_mode":true,"campfire_choices":[{"data":"FairyDestructionRay","floor":6,"key":"SMITH"},{"data":"Robbery","floor":8,"key":"SMITH"}],"circlet_count":0,"master_deck":["AscendersBane","Strike_MRS","Strike_MRS","Strike_MRS","Defend_MRS","Defend_MRS","Defend_MRS","Defend_MRS","MasterSpark","UpSweep","FairyDestructionRay+1","EnergyRecoil","AlicesGift","Robbery+1","Acceleration","MagicAbsorber"],"relics":["MiniHakkero","AmplifyWand","Boot","Potion Belt"],"acts_visited":["Exordium"],"potions_floor_usage":[7,12,12],"damage_taken":[{"damage":6,"enemies":"Cultist","floor":1,"turns":4},{"damage":2,"enemies":"Jaw Worm","floor":2,"turns":3},{"damage":0,"enemies":"2 Louse","floor":3,"turns":1},{"damage":0,"enemies":"Exordium Wildlife","floor":4,"turns":1},{"damage":11,"enemies":"Lagavulin","floor":7,"turns":9},{"damage":24,"enemies":"Gremlin Nob","floor":10,"turns":5},{"damage":0,"enemies":"2 Fungi Beasts","floor":11,"turns":2},{"damage":30,"enemies":"Lagavulin","floor":12,"turns":11}],"seed_played":"2246349194017564938","potions_obtained":[{"floor":4,"key":"SkillPotion"},{"floor":10,"key":"ShroomBrew"},{"floor":11,"key":"SkillPotion"}],"is_trial":false,"path_per_floor":["M","M","M","M","$","R","E","R","T","E","M","E"],"character_chosen":"MARISA","items_purchased":["AlicesGift"],"campfire_rested":0,"item_purchase_floors":[5],"current_hp_per_floor":[57,55,55,55,55,55,44,44,44,20,20,0,0],"gold":311,"neow_bonus":"THREE_CARDS","is_daily":false,"chose_seed":false,"campfire_upgraded":2,"win_rate":0.0,"timestamp":1611222773,"path_taken":["M","M","M","M","$","R","E","R","T","E","M","E"],"items_purchased_type":["Card"],"build_version":"2020-12-22","purchased_purges":1,"victory":false,"max_hp_per_floor":[70,70,70,70,70,70,70,70,70,70,70,70,70],"card_choices":[{"not_picked":["MachineGunSpark","ShootingEcho"],"picked":"FairyDestructionRay","floor":0},{"not_picked":["DC","ShootingEcho","OrrerysSun"],"picked":"SKIP","floor":1},{"not_picked":["ShootingEcho","ChargeUpSpray","DoubleSpark"],"picked":"SKIP","floor":2},{"not_picked":["SporeBomb","DoubleSpark","PulseMagic"],"picked":"SKIP","floor":3},{"not_picked":["GravityBeat","IllusionStar"],"picked":"EnergyRecoil","floor":4},{"not_picked":["StarDustReverie","GalacticHalo"],"picked":"Robbery","floor":7},{"not_picked":["ShootTheMoon","FairyDestructionRay"],"picked":"Acceleration","floor":10},{"not_picked":["UnstableBomb","LuminesStrike"],"picked":"MagicAbsorber","floor":11}],"player_experience":257864,"relics_obtained":[{"floor":7,"key":"AmplifyWand"},{"floor":9,"key":"Boot"},{"floor":10,"key":"Potion Belt"}],"event_choices":[],"is_beta":false,"boss_relics":[],"items_purged_floors":[5],"is_endless":false,"potions_floor_spawned":[4,10,11],"killed_by":"Lagavulin","ascension_level":16}}