{"host":"qy89j0vid1u7yuu4","time":1611259290,"event":{"mods":["Act Like it!","Aspiration","BaseMod","Better Match","Better Third Choice","Card Forge","Colored Powertips","Conspire","Elementarium","GifTheSpireLib","Halation","Hermit","Hubris","Infinite Spire","Menagerie","Minty Spire (QoL Compilation)","Replay The Spire","Spicy Shops","StSLib","Stuff the Spire","The Blue Laboratory","The Jungle"],"gold_per_floor":[141,195,24,57,57,57,144,249,249,309,393,441,546,636,636,858,858,900,278,278,308,372,456,571,695,721,796,796,796,883,353,353,644,644,733,5,5,65,65,168,336,476,502,418,418,511,673,682,682,916,1138,1288,1297,1297],"floor_reached":53,"language":"ENG","playtime":3600,"items_purged":["Pain"],"score":2670,"play_id":"0b75d754-ffa9-41e7-acc3-9b8d76a3b3c6","local_time":"20210121130130","daily_mods":["Heirloom","Flight","Elite Swarm","Midas"],"is_ascension_mode":true,"campfire_choices":[{"floor":6,"key":"REST"},{"floor":15,"key":"REST"},{"floor":29,"key":"REST"},{"floor":32,"key":"REST"},{"floor":49,"key":"REST"}],"circlet_count":0,"master_deck":["AscendersBane","Strike_P+1","Strike_P","Strike_P+1","Strike_P+1","Defend_P+1","Defend_P+1","Defend_P+1","Defend_P+1","Eruption+1","Vigilance+1","Conclude","FlurryOfBlows+1","Study+1","DeusExMachina+1","Vault+1","CutThroughFate","FearNoEvil+1","Caltrops+1","FlurryOfBlows+1","Alpha+1","Wish+1","SashWhip+1","ForeignInfluence","Alpha+1","Wish+1","DeusExMachina+1","hubris:Fate","Wish+1","Alpha+1","Crescendo","Blade Dance","MentalFortress+1","Replay:AtTheReady+1","Vault+1","Adrenaline+1","Devotion+1","infinitespire:Collect","Venomology","infinitespire:FutureSight"],"relics":["PureWater","Hammer of Thor","Seething Fire","Anvil of the Gods","Ring of Chaos","Pondfish Scales","Orichalcum","Garlic","halation:OrihimeAndHikoboshiSamaAndTears","Prayer Wheel","hubris:DisguiseKit","StuffTheSpire:Nightcore","Letter Opener","conspire:RoyalGoblet","Replay:Bottled Eggs","hubris:EmptyBottle","ClockworkSouvenir","Toy Ornithopter","PreservedInsect","hubris:ToyBattleship","MealTicket","Whetstone","halation:BlackBeret","Juzu Bracelet","OrangePellets","TeardropLocket","Oddly Smooth Stone","Philosopher\u0027s Stone","Torii","Meat on the Bone","halation:Thesaurus","hubris:64BitClover","halation:EternalFortune","infinitespire:FocusingShard","Incense Burner","CeramicFish","Replay:Baseball","StuffTheSpire:GrapeVine","Anchor","Replay:Wax Seal","Replay:Rubber Ducky","Tiny House"],"acts_visited":["Exordium","TheCity","TheBeyond","TheBeyond"],"potions_floor_usage":[8,18,21,21,22,22,22,22,22,22,22,25,25,27,46,46,51],"damage_taken":[{"damage":5,"enemies":"Cultist","floor":1,"turns":5},{"damage":17,"enemies":"Jaw Worm","floor":2,"turns":4},{"damage":15,"enemies":"Small Slimes","floor":4,"turns":4},{"damage":0,"enemies":"Gremlin Nob","floor":7,"turns":2},{"damage":24,"enemies":"3 Sentries","floor":8,"turns":7},{"damage":0,"enemies":"Gremlin Gang","floor":10,"turns":4},{"damage":0,"enemies":"Gremlin Nob","floor":11,"turns":3},{"damage":1,"enemies":"Large Slime","floor":12,"turns":2},{"damage":12,"enemies":"Replay:BlueRogue","floor":13,"turns":4},{"damage":7,"enemies":"Gremlin Nob","floor":14,"turns":4},{"damage":4,"enemies":"Hexaghost","floor":16,"turns":5},{"damage":15,"enemies":"conspire:FuzzyDice","floor":18,"turns":5},{"damage":0,"enemies":"2 Thieves","floor":21,"turns":2},{"damage":16,"enemies":"Centurion and Healer","floor":22,"turns":5},{"damage":9,"enemies":"Gremlin Leader","floor":23,"turns":5},{"damage":11,"enemies":"conspire:SneckoGhost","floor":24,"turns":7},{"damage":19,"enemies":"Gremlin Leader","floor":25,"turns":4},{"damage":5,"enemies":"Slavers","floor":27,"turns":3},{"damage":0,"enemies":"Nightmare","floor":30,"turns":5},{"damage":16,"enemies":"Champ","floor":33,"turns":7},{"damage":12,"enemies":"3 Shapes","floor":35,"turns":5},{"damage":22,"enemies":"Orb Walker","floor":38,"turns":5},{"damage":0,"enemies":"Nightmare","floor":40,"turns":7},{"damage":2,"enemies":"Giant Head","floor":41,"turns":7},{"damage":13,"enemies":"R_Hoarder","floor":42,"turns":8},{"damage":19,"enemies":"Reptomancer","floor":46,"turns":5},{"damage":18,"enemies":"Giant Head","floor":47,"turns":5},{"damage":0,"enemies":"hubris:GrandSnecko","floor":50,"turns":6},{"damage":12,"enemies":"Time Eater","floor":51,"turns":8},{"damage":0,"enemies":"Menagerie:StygianBoar","floor":53,"turns":1}],"seed_played":"2708791406513354279","potions_obtained":[{"floor":1,"key":"Languid Potion"},{"floor":4,"key":"blueLaboratory:MidnightOil"},{"floor":8,"key":"Cursed Concoction"},{"floor":11,"key":"Adrenaline Potion"},{"floor":18,"key":"EntropicBrew"},{"floor":21,"key":"blueLaboratory:CorrosionFlask"},{"floor":23,"key":"DistilledChaos"},{"floor":40,"key":"SkillPotion"},{"floor":50,"key":"blueLaboratory:Moonshine"}],"is_trial":true,"path_per_floor":["M","M","$","M","?","R","E","E","T","M","E","M","E","E","R","B",null,"M","$","?","M","M","E","E","E","T","E","AVR","R","NM","$","R","B",null,"M","$","?","M","?","NM","E","E","T","$","HB","E","E","AVR","R","B","B",null,"M"],"character_chosen":"WATCHER","items_purchased":["Orichalcum","Replay:Bottled Eggs","hubris:EmptyBottle","ClockworkSouvenir","Toy Ornithopter","OrangePellets","TeardropLocket","Oddly Smooth Stone","Torii","Meat on the Bone","MentalFortress+1","halation:Thesaurus","StuffTheSpire:GrapeVine"],"campfire_rested":5,"item_purchase_floors":[3,19,19,19,19,31,31,31,36,36,36,36,44],"current_hp_per_floor":[56,39,39,24,44,64,64,40,40,40,40,39,27,20,40,36,60,45,45,39,49,68,59,48,39,39,39,39,59,59,68,68,52,64,52,67,67,45,48,48,46,45,45,60,36,29,23,23,33,33,26,39,39,39],"gold":1297,"neow_bonus":"","is_daily":false,"chose_seed":false,"campfire_upgraded":0,"win_rate":0.0,"timestamp":1611259290,"path_taken":["M","M","$","?","?","R","E","E","T","M","E","M","E","E","R","BOSS","M","$","?","M","?","E","E","E","T","E","AVR","R","NM","$","R","BOSS","M","$","?","M","?","NM","E","E","T","$","HB","E","E","AVR","R","BOSS","BOSS","M"],"items_purchased_type":["Relic","Relic","Relic","Relic","Relic","Relic","Relic","Relic","Relic","Relic","Card","Relic","Relic"],"build_version":"2020-12-22","purchased_purges":1,"victory":false,"max_hp_per_floor":[68,68,68,68,68,68,68,68,68,68,68,68,68,68,68,68,68,68,68,68,68,68,68,68,68,68,68,68,68,68,68,68,68,68,68,68,68,68,71,71,71,71,71,71,36,36,36,36,36,36,36,41,41,41],"card_choices":[{"not_picked":["FollowUp","BowlingBash"],"picked":"Conclude","floor":1},{"not_picked":["SignatureMove","EmptyMind"],"picked":"FlurryOfBlows","floor":2},{"not_picked":["Evaluate","WreathOfFlame"],"picked":"Study","floor":4},{"not_picked":["SpiritShield","Judgement"],"picked":"DeusExMachina","floor":7},{"not_picked":["MasterReality","Brilliance"],"picked":"Vault","floor":8},{"not_picked":["Replay:ManipulateFuture","Replay:DivineShield"],"picked":"CutThroughFate","floor":10},{"not_picked":["EmptyMind","Replay:AtTheReady"],"picked":"FearNoEvil","floor":10},{"not_picked":["Blasphemy","Scrawl","Judgement"],"picked":"SKIP","floor":11},{"not_picked":["PathToVictory","Replay:Battleflow","CrushJoints"],"picked":"Caltrops","floor":12},{"not_picked":["JustLucky","PathToVictory","StuffTheSpire:Sprint"],"picked":"FlurryOfBlows","floor":12},{"not_picked":["SpiritShield","Omniscience","Die Die Die"],"picked":"Alpha","floor":13},{"not_picked":["Establishment","MasterReality","Die Die Die"],"picked":"Wish","floor":14},{"not_picked":["EmptyFist","ClearTheMind","Dodge and Roll"],"picked":"SashWhip+1","floor":18},{"not_picked":["SashWhip","Pray","Blur"],"picked":"ForeignInfluence","floor":18},{"not_picked":["Sanctity","FlyingSleeves","Replay:BluntJabs","Bane"],"picked":"SKIP","floor":21},{"not_picked":["Pray","Halt+1","Protect","Dodge and Roll"],"picked":"SKIP","floor":21},{"not_picked":["Replay:Vibes","JustLucky","ClearTheMind","StuffTheSpire:Injection"],"picked":"SKIP","floor":22},{"not_picked":["FollowUp","Replay:BluntJabs","Brilliance","Bane"],"picked":"SKIP","floor":22},{"not_picked":["Replay:AllIn","Wish","Corpse Explosion"],"picked":"Alpha","floor":23},{"not_picked":["Replay:AllIn","Establishment","Omniscience","ReplayTheSpireMod:Necrosis"],"picked":"SKIP","floor":24},{"not_picked":["Replay:AllIn","Omniscience","Poison Darts"],"picked":"Wish","floor":25},{"not_picked":["Judgement","Blasphemy","Poison Darts"],"picked":"DeusExMachina","floor":27},{"not_picked":["DeusExMachina","Alpha","Night Terror"],"picked":"Wish","floor":30},{"not_picked":["Brilliance","Judgement","aspiration:Lunge"],"picked":"Alpha","floor":33},{"not_picked":["FearNoEvil","ReachHeaven+1","Masterful Stab"],"picked":"Crescendo","floor":35},{"not_picked":["EmptyBody","Protect","BowlingBash"],"picked":"Blade Dance","floor":35},{"not_picked":["Vengeance","FollowUp","Slice"],"picked":"Replay:AtTheReady+1","floor":38},{"not_picked":["Replay:DivineShield","FlurryOfBlows","BowlingBash","ReplayTheSpireMod:Tripwire"],"picked":"SKIP","floor":38},{"not_picked":["MasterReality","Alpha","Poison Darts"],"picked":"Vault","floor":40},{"not_picked":["Omniscience","LessonLearned","Ragnarok"],"picked":"Adrenaline","floor":41},{"not_picked":["Judgement","DeusExMachina","Venomology"],"picked":"Devotion","floor":42},{"not_picked":["Omniscience","LessonLearned","Replay:LoomingThreat","Glass Knife"],"picked":"SKIP","floor":46},{"not_picked":["Establishment","Brilliance","ConjureBlade","Storm of Steel"],"picked":"SKIP","floor":47},{"not_picked":["DeusExMachina","Omniscience","Scrawl"],"picked":"Venomology","floor":50},{"not_picked":["ReplayTheSpireMod:Black Plague","Replay:Fractal Strike"],"picked":"infinitespire:FutureSight","floor":53}],"player_experience":113062,"relics_obtained":[{"floor":7,"key":"Garlic"},{"floor":8,"key":"halation:OrihimeAndHikoboshiSamaAndTears"},{"floor":9,"key":"Prayer Wheel"},{"floor":11,"key":"hubris:DisguiseKit"},{"floor":13,"key":"StuffTheSpire:Nightcore"},{"floor":14,"key":"Letter Opener"},{"floor":23,"key":"hubris:Teleporter"},{"floor":24,"key":"PreservedInsect"},{"floor":25,"key":"hubris:ToyBattleship"},{"floor":26,"key":"MealTicket"},{"floor":27,"key":"Whetstone"},{"floor":30,"key":"Juzu Bracelet"},{"floor":40,"key":"infinitespire:FocusingShard"},{"floor":41,"key":"Incense Burner"},{"floor":42,"key":"CeramicFish"},{"floor":43,"key":"Replay:Baseball"},{"floor":46,"key":"Anchor"},{"floor":47,"key":"Replay:Wax Seal"}],"event_choices":[{"damage_healed":0,"gold_gain":0,"player_choice":"","damage_taken":6,"max_hp_gain":0,"max_hp_loss":0,"event_name":"Knowing Skull","floor":20,"potions_obtained":[],"gold_loss":0,"cards_obtained":[]},{"damage_healed":0,"gold_gain":0,"player_choice":"Upgraded","damage_taken":0,"max_hp_gain":0,"max_hp_loss":0,"event_name":"Upgrade Shrine","floor":37,"gold_loss":0,"cards_upgraded":["Alpha"]}],"is_beta":false,"boss_relics":[{"not_picked":["Ectoplasm","halation:HeavySnake"],"picked":"conspire:RoyalGoblet"},{"not_picked":["conspire:SeveredTorchhead","hubris:BlackHole"],"picked":"Philosopher\u0027s Stone"},{"not_picked":["hubris:Stopwatch","Runic Pyramid"],"picked":"Tiny House"}],"items_purged_floors":[19],"is_endless":true,"potions_floor_spawned":[1,4,8,11,13,18,21,22,23,40,41,50],"killed_by":"Menagerie:StygianBoar","ascension_level":20}}