{"host":"3xls0xm49ftugio7","time":1611228078,"event":{"mods":["2.2 Compatiblity","AchievementEnabler","Act Like it!","BaseMod","Bestiary","Downfall","Minty Spire (QoL Compilation)","Quick Restart","StSLib"],"gold_per_floor":[0,14,14,93,107,7,31,16,29,29,29,43,43,70,101,218,230,242,274,286,298,298,298],"floor_reached":21,"language":"ENG","playtime":906,"items_purged":[],"score":202,"play_id":"167be267-5257-47f1-8d5f-7106a67d91bb","local_time":"20210121132118","is_ascension_mode":false,"campfire_choices":[{"data":"bronze:HyperBeam","floor":1,"key":"SMITH"},{"data":"bronze:Goto","floor":6,"key":"SMITH"},{"data":"bronze:Assembly","floor":10,"key":"SMITH"},{"data":"bronze:Turbo","floor":13,"key":"SMITH"},{"data":"bronze:Frontload","floor":18,"key":"SMITH"}],"circlet_count":0,"master_deck":["bronze:Strike","bronze:Strike","bronze:Strike","bronze:Defend","bronze:Defend","bronze:Defend","bronze:Defend","bronze:Replicate","bronze:Goto+1","bronze:HyperBeam+1","bronze:CutThrough","bronze:Assembly+1","bronze:Frontload+1","bronze:Turbo+1","bronze:Shield","bronze:Verify","bronze:Constructor+1"],"relics":["bronze:BronzeCore","downfall:HeartBlessingBlue","Smiling Mask","Blood Vial","MawBank","Cursed Key"],"acts_visited":["Exordium","TheCity"],"potions_floor_usage":[16],"damage_taken":[{"damage":0,"enemies":"Cultist","floor":2,"turns":3},{"damage":6,"enemies":"Jaw Worm","floor":5,"turns":3},{"damage":0,"enemies":"downfall:FleeingMerchant","floor":8,"turns":4},{"damage":0,"enemies":"Small Slimes","floor":9,"turns":3},{"damage":1,"enemies":"3 Louse","floor":12,"turns":4},{"damage":0,"enemies":"3 Sentries","floor":14,"turns":2},{"damage":0,"enemies":"Large Slime","floor":15,"turns":3},{"damage":60,"enemies":"WA_ARCHETYPE_RETAIN","floor":16,"turns":13},{"damage":0,"enemies":"Chosen","floor":19,"turns":5},{"damage":92,"enemies":"Chosen","floor":21,"turns":8}],"seed_played":"-2235544532998946121","potions_obtained":[{"floor":9,"key":"BlessingOfTheForge"},{"floor":12,"key":"Fire Potion"},{"floor":15,"key":"hexamod:SoulburnPotion"}],"is_trial":false,"path_per_floor":["R","M","?","T","M","R","T","$","M","R","?","M","R","E","M","B",null,"R","M","?","?"],"character_chosen":"THE_AUTOMATON","items_purchased":[],"campfire_rested":0,"item_purchase_floors":[],"current_hp_per_floor":[70,70,70,70,64,74,74,74,74,74,62,63,63,65,67,9,80,80,80,80,0,0,0],"gold":298,"neow_bonus":"THREE_RARE_CARDS","is_daily":false,"chose_seed":false,"campfire_upgraded":5,"win_rate":0.0,"timestamp":1611228078,"path_taken":["R","M","?","?","?","R","T","$","M","R","?","M","R","E","M","BOSS","R","M","?","?"],"items_purchased_type":[],"build_version":"2020-12-22","purchased_purges":0,"victory":false,"max_hp_per_floor":[70,70,70,70,70,80,80,80,80,80,80,80,80,80,80,80,80,80,80,80,80,80,80],"card_choices":[{"not_picked":["bronze:BurnOut","bronze:HardenedForm"],"picked":"bronze:HyperBeam","floor":0},{"not_picked":["bronze:FineTuning","bronze:Flail"],"picked":"bronze:CutThrough","floor":2},{"not_picked":["bronze:CutThrough","bronze:BuggyMess","bronze:FineTuning"],"picked":"SKIP","floor":5},{"not_picked":["bronze:OilSpill","bronze:BitShift"],"picked":"bronze:Assembly","floor":8},{"not_picked":["bronze:BuggyMess","bronze:ChosenStrike"],"picked":"bronze:Frontload","floor":9},{"not_picked":["bronze:NullPointer","bronze:DelayedSlice"],"picked":"bronze:Turbo","floor":12},{"not_picked":["bronze:WhirlingStrike","bronze:ChosenStrike"],"picked":"bronze:Shield","floor":14},{"not_picked":["bronze:ClassDefault","bronze:FollowUp","bronze:DelayedSlice"],"picked":"SKIP","floor":15},{"not_picked":["bronze:ThunderWave","bronze:Break"],"picked":"bronze:Verify","floor":16},{"not_picked":["bronze:Branch+1","bronze:Iterate"],"picked":"bronze:Constructor+1","floor":19}],"player_experience":949014,"relics_obtained":[{"floor":7,"key":"Smiling Mask"},{"floor":14,"key":"MawBank"}],"event_choices":[{"cards_removed":["bronze:Strike"],"damage_healed":0,"gold_gain":0,"player_choice":"Card Removal","damage_taken":0,"max_hp_gain":0,"max_hp_loss":0,"event_name":"The Cleric","floor":3,"gold_loss":0},{"damage_healed":0,"gold_gain":0,"player_choice":"Success","damage_taken":12,"relics_obtained":["Blood Vial"],"max_hp_gain":0,"max_hp_loss":0,"event_name":"Scrap Ooze","floor":11,"gold_loss":0},{"damage_healed":0,"gold_gain":0,"player_choice":"Ignored","damage_taken":0,"max_hp_gain":0,"max_hp_loss":0,"event_name":"Ghosts","floor":20,"gold_loss":0}],"is_beta":false,"boss_relics":[{"not_picked":["Astrolabe","Pandora\u0027s Box"],"picked":"Cursed Key"}],"items_purged_floors":[],"is_endless":false,"potions_floor_spawned":[9,12,15],"killed_by":"Chosen","ascension_level":0}}