{"host":"cwd5s03r1oaxs6mx","time":1611244592,"event":{"mods":["Act Like it!","Arknights The Spire","BaseMod","Better Third Choice","BetterRewards","CapriCore","Card Filter","Challenge The Spire","Colored Map","Custom Start","DeckTracker","Friendly Minions","Hubris","Infinite Spire","Minty Spire (QoL Compilation)","Quick Restart","Relic Stats","Shop Mod","Spicy Shops","StSLib","SuperFastMode","Waifu the Spire"],"gold_per_floor":[118,43,193,193,193,224,239,239,239],"floor_reached":8,"language":"KOR","playtime":102,"items_purged":["Strike_B"],"score":138,"play_id":"4a377041-d5fb-4fc4-855f-1237d9c87739","local_time":"20210122005632","is_ascension_mode":true,"campfire_choices":[],"circlet_count":0,"master_deck":["AscendersBane","Strike_B","Strike_B","Strike_B","Defend_B","Defend_B","Defend_B","Defend_B","Zap","Dualcast","Defragment","Hologram","Cold Snap"],"relics":["Cracked Core","NeowsBlessing","Letter Opener"],"acts_visited":[],"potions_floor_usage":[],"damage_taken":[{"damage":0.0,"enemies":"2 Louse","floor":1.0,"turns":1.0},{"damage":0.0,"enemies":"Gremlin Nob","floor":6.0,"turns":1.0},{"damage":0.0,"enemies":"Small Slimes","floor":7.0,"turns":1.0},{"damage":21,"enemies":"3 Sentries","floor":8,"turns":3}],"seed_played":"-8927056626066337831","potions_obtained":[{"floor":1.0,"key":"FearPotion"},{"floor":7.0,"key":"SpeedPotion"}],"is_trial":false,"path_per_floor":["M","$","?","?","?","E","M","E"],"character_chosen":"DEFECT","items_purchased":[],"campfire_rested":0,"item_purchase_floors":[],"current_hp_per_floor":[64,64,64,64,69,69,69,48,48],"gold":239,"neow_bonus":"THREE_ENEMY_KILL","is_daily":false,"chose_seed":false,"campfire_upgraded":0,"win_rate":0.0,"timestamp":1611244592,"path_taken":["M","$","?","?","?","E","M","E"],"items_purchased_type":[],"build_version":"2020-12-22","purchased_purges":1,"victory":false,"max_hp_per_floor":[71,71,71,71,76,76,76,76,76],"relic_stats":{"counters":[1,3],"Letter Opener":[0],"obtain_stats":[{"NeowsBlessing":0,"Letter Opener":0,"Cracked Core":0},{"NeowsBlessing":0,"Letter Opener":0,"Cracked Core":0},{"NeowsBlessing":0,"Letter Opener":0,"Cracked Core":0}]},"card_choices":[{"not_picked":["Blizzard","Hologram"],"picked":"Defragment","floor":1.0},{"not_picked":["Redo","Static Discharge"],"picked":"Hologram","floor":6.0},{"not_picked":["Compile Driver","Gash"],"picked":"Cold Snap","floor":7.0}],"player_experience":993955,"relics_obtained":[{"floor":6.0,"key":"Letter Opener"}],"event_choices":[{"damage_healed":0.0,"max_hp_gain":0.0,"max_hp_loss":0.0,"gold_gain":150.0,"event_name":"Liars Game","player_choice":"AGREE","floor":3.0,"gold_loss":0.0,"damage_taken":0.0,"cards_obtained":["Doubt"]},{"cards_removed":["Doubt"],"damage_healed":0.0,"max_hp_gain":0.0,"max_hp_loss":0.0,"gold_gain":0.0,"event_name":"Living Wall","player_choice":"Forget","floor":4.0,"gold_loss":0.0,"damage_taken":0.0},{"damage_healed":0.0,"max_hp_gain":5.0,"max_hp_loss":0.0,"gold_gain":0.0,"event_name":"Big Fish","player_choice":"Donut","floor":5.0,"gold_loss":0.0,"damage_taken":0.0}],"is_beta":false,"boss_relics":[],"items_purged_floors":[2],"is_endless":false,"potions_floor_spawned":[1,7],"killed_by":"3 Sentries","ascension_level":15}}