{"host":"ifd7sfhtlbe34qll","time":1611204206,"event":{"mods":["2.2 Compatiblity","BaseMod","Block Reminder","Colored Map","Curses Come First","Highlight Path","Minty Spire (QoL Compilation)","Potion Indicator Mod","Quick Restart","Relic Stats","StSLib"],"gold_per_floor":[118,118,118,133,133,133,158,98,175,100,127,138,156,48,48,122,122,134,59,79,92,92,120,120,137,137,137,185,198,223,235,235,309,309,327,327,327,327,344,371,390,419,419,68,68,87,112,131,131,131,131,131,131,46,75,75],"floor_reached":57,"language":"ENG","playtime":4894,"items_purged":["Strike_R"],"score":2780,"play_id":"a454a09b-e138-4bb1-9dbd-59b1b3ee979f","local_time":"20210120224326","is_ascension_mode":true,"campfire_choices":[{"floor":6.0,"key":"REST"},{"data":"Feed","floor":15.0,"key":"SMITH"},{"data":"Spot Weakness","floor":24.0,"key":"SMITH"},{"data":"Battle Trance","floor":27.0,"key":"SMITH"},{"floor":32.0,"key":"REST"},{"floor":45.0,"key":"RECALL"},{"data":"Shockwave","floor":49,"key":"SMITH"},{"data":"Shrug It Off","floor":53,"key":"SMITH"}],"circlet_count":0,"master_deck":["AscendersBane","Strike_R+1","Defend_R","Defend_R","Defend_R","Defend_R","Bash","Carnage+1","Cleave","Feed+1","Shrug It Off+1","Spot Weakness+1","Battle Trance+1","Reaper","Wild Strike+1","Headbutt","Shockwave+1","Flame Barrier","Metallicize+1","Sword Boomerang","Flex","Corruption","Thunderclap+1","Dark Embrace","Heavy Blade+1","Flex+1","Shrug It Off","Apotheosis","Rampage","Evolve","Heavy Blade"],"relics":["SlaversCollar","Juzu Bracelet","Oddly Smooth Stone","Pantograph","Lantern","Sozu","Tiny Chest","Kunai","Vajra","PreservedInsect","Snecko Eye","Bag of Preparation","CaptainsWheel","Gremlin Horn","Lee\u0027s Waffle","Red Skull","Paper Frog"],"acts_visited":["Exordium","TheCity","TheBeyond","TheEnding"],"potions_floor_usage":[56],"damage_taken":[{"damage":15.0,"enemies":"Small Slimes","floor":1.0,"turns":4.0},{"damage":7.0,"enemies":"Jaw Worm","floor":4.0,"turns":2.0},{"damage":15.0,"enemies":"3 Sentries","floor":7.0,"turns":7.0},{"damage":19.0,"enemies":"Lagavulin","floor":11.0,"turns":5.0},{"damage":0.0,"enemies":"2 Louse","floor":12.0,"turns":2.0},{"damage":4.0,"enemies":"Gremlin Gang","floor":13.0,"turns":3.0},{"damage":19.0,"enemies":"Hexaghost","floor":16.0,"turns":6.0},{"damage":19.0,"enemies":"Shell Parasite","floor":18.0,"turns":3.0},{"damage":29.0,"enemies":"3 Byrds","floor":20.0,"turns":7.0},{"damage":14.0,"enemies":"Centurion and Healer","floor":21.0,"turns":7.0},{"damage":24.0,"enemies":"Gremlin Leader","floor":23.0,"turns":7.0},{"damage":17.0,"enemies":"Snake Plant","floor":25.0,"turns":5.0},{"damage":7.0,"enemies":"Cultist and Chosen","floor":29.0,"turns":6.0},{"damage":13.0,"enemies":"Book of Stabbing","floor":30.0,"turns":4.0},{"damage":35.0,"enemies":"Centurion and Healer","floor":31.0,"turns":10.0},{"damage":66.0,"enemies":"Champ","floor":33.0,"turns":12.0},{"damage":36.0,"enemies":"3 Darklings","floor":35.0,"turns":7.0},{"damage":0.0,"enemies":"Orb Walker","floor":39.0,"turns":1.0},{"damage":87.0,"enemies":"Nemesis","floor":40.0,"turns":7.0},{"damage":24.0,"enemies":"Jaw Worm Horde","floor":41.0,"turns":3.0},{"damage":2.0,"enemies":"Giant Head","floor":42.0,"turns":4.0},{"damage":0.0,"enemies":"3 Darklings","floor":46.0,"turns":4.0},{"damage":32,"enemies":"Reptomancer","floor":47,"turns":4},{"damage":0,"enemies":"Maw","floor":48,"turns":6},{"damage":66,"enemies":"Time Eater","floor":50,"turns":12},{"damage":89,"enemies":"Awakened One","floor":51,"turns":12},{"damage":60,"enemies":"Shield and Spear","floor":55,"turns":5},{"damage":148,"enemies":"The Heart","floor":56,"turns":8}],"seed_played":"3413843457185602041","potions_obtained":[{"floor":1.0,"key":"BloodPotion"},{"floor":7.0,"key":"SkillPotion"},{"floor":13.0,"key":"Ancient Potion"}],"is_trial":false,"path_per_floor":["M","?","?","M","?","R","E","?","T","$","E","M","M","$","R","B",null,"M","?","M","M","?","E","R","M","T","R","T","M","E","M","R","B",null,"M","?","?","T","M","E","M","E","T","$","R","M","E","M","R","B","B",null,"R","$","E","B",null],"character_chosen":"IRONCLAD","items_purchased":["CultistPotion","Lee\u0027s Waffle","Apotheosis","Evolve"],"campfire_rested":2,"item_purchase_floors":[14,44,44,54],"current_hp_per_floor":[53,46,23,16,16,38,26,26,26,26,7,10,9,9,9,19,71,56,56,40,47,47,62,62,62,62,62,62,66,57,56,90,53,103,79,79,120,120,120,37,36,79,79,135,135,139,136,140,140,114,93,134,134,134,82,17],"gold":75,"neow_bonus":"BOSS_RELIC","is_daily":false,"chose_seed":false,"campfire_upgraded":5,"win_rate":0.0,"timestamp":1611204206,"path_taken":["M","?","?","M","?","R","E","?","T","?","E","M","M","$","R","BOSS","M","?","M","M","?","E","R","M","T","R","?","M","E","M","R","BOSS","M","?","?","?","M","E","M","E","T","$","R","M","E","M","R","BOSS","BOSS","R","$","E","BOSS"],"items_purchased_type":["Potion","Relic","Card","Card"],"build_version":"2020-12-22","purchased_purges":1,"victory":true,"max_hp_per_floor":[75,75,75,75,75,75,78,78,78,78,78,81,84,84,84,88,88,92,92,96,100,100,104,104,108,108,108,108,112,116,116,116,120,120,120,120,120,120,120,124,128,128,128,135,135,139,143,147,147,147,147,147,147,147,147,147],"relic_stats":{"Sozu":9,"Lee\u0027s Waffle":56,"Gremlin Horn":[9,11],"counters":[28,163],"Pantograph":107,"Snecko Eye":[176,163,144,179],"Tiny Chest":1,"PreservedInsect":318,"Juzu Bracelet":2,"Bag of Preparation":[18],"Kunai":[29],"obtain_stats":[{"Lantern":11,"Lee\u0027s Waffle":44,"Gremlin Horn":43,"Oddly Smooth Stone":8,"Vajra":28,"PreservedInsect":30,"Juzu Bracelet":7,"Bag of Preparation":40,"Burning Blood":0,"Sozu":17,"SlaversCollar":0,"CaptainsWheel":42,"Pantograph":9,"Snecko Eye":34,"Tiny Chest":23,"Kunai":26,"Red Skull":47,"Paper Frog":55},{"Lantern":4,"Lee\u0027s Waffle":21,"Gremlin Horn":21,"Oddly Smooth Stone":3,"Vajra":12,"PreservedInsect":14,"Juzu Bracelet":3,"Bag of Preparation":19,"Burning Blood":0,"Sozu":7,"SlaversCollar":0,"CaptainsWheel":21,"Pantograph":3,"Snecko Eye":16,"Tiny Chest":11,"Kunai":12,"Red Skull":23,"Paper Frog":27},{"Lantern":18,"Lee\u0027s Waffle":112,"Gremlin Horn":112,"Oddly Smooth Stone":13,"Vajra":58,"PreservedInsect":68,"Juzu Bracelet":13,"Bag of Preparation":105,"Burning Blood":0,"Sozu":29,"SlaversCollar":0,"CaptainsWheel":112,"Pantograph":13,"Snecko Eye":90,"Tiny Chest":53,"Kunai":58,"Red Skull":120,"Paper Frog":155}]},"card_choices":[{"not_picked":["Bloodletting","Dual Wield"],"picked":"Carnage","floor":1.0},{"not_picked":["Sentinel","Clash"],"picked":"Cleave","floor":4.0},{"not_picked":["True Grit","Rage"],"picked":"Shrug It Off","floor":7.0},{"not_picked":["Whirlwind","Body Slam"],"picked":"Spot Weakness","floor":11.0},{"not_picked":["Combust","True Grit"],"picked":"Battle Trance","floor":12.0},{"not_picked":["Rage","Wild Strike","Dropkick"],"picked":"SKIP","floor":13.0},{"not_picked":["Offering","Limit Break"],"picked":"Reaper","floor":16.0},{"not_picked":["Pummel","Reckless Charge"],"picked":"Wild Strike+1","floor":18.0},{"not_picked":["Anger","Perfected Strike"],"picked":"Headbutt","floor":20.0},{"not_picked":["Clothesline","Headbutt"],"picked":"Shockwave","floor":21.0},{"not_picked":["Havoc","Iron Wave"],"picked":"Ghostly Armor","floor":23.0},{"not_picked":["Ghostly Armor","Cleave+1"],"picked":"Metallicize+1","floor":25.0},{"not_picked":["Hemokinesis","Clothesline"],"picked":"Brutality","floor":29.0},{"not_picked":["Burning Pact","Anger"],"picked":"Sword Boomerang","floor":30.0},{"not_picked":["Thunderclap","Twin Strike"],"picked":"Flex","floor":31.0},{"not_picked":["Demon Form","Berserk"],"picked":"Corruption","floor":33.0},{"not_picked":["Havoc+1","Body Slam"],"picked":"Thunderclap+1","floor":35.0},{"not_picked":["Perfected Strike","Flex"],"picked":"Dark Embrace","floor":39.0},{"not_picked":["Pummel","True Grit"],"picked":"Heavy Blade+1","floor":40.0},{"not_picked":["Brutality","Pummel"],"picked":"Flex+1","floor":41.0},{"not_picked":["Reckless Charge","Ghostly Armor"],"picked":"Shrug It Off","floor":42.0},{"not_picked":["Clash","Iron Wave+1","Twin Strike"],"picked":"SKIP","floor":46.0},{"not_picked":["Inflame","Searing Blow","Dark Embrace"],"picked":"SKIP","floor":47},{"not_picked":["Wild Strike","Uppercut"],"picked":"Rampage","floor":48},{"not_picked":["Clothesline","Twin Strike+1"],"picked":"Heavy Blade","floor":55}],"player_experience":1441773,"relics_obtained":[{"floor":7.0,"key":"Juzu Bracelet"},{"floor":9.0,"key":"Pantograph"},{"floor":11.0,"key":"Lantern"},{"floor":23.0,"key":"Tiny Chest"},{"floor":26.0,"key":"Kunai"},{"floor":28.0,"key":"Vajra"},{"floor":30.0,"key":"PreservedInsect"},{"floor":40.0,"key":"Bag of Preparation"},{"floor":42.0,"key":"CaptainsWheel"},{"floor":43.0,"key":"Gremlin Horn"},{"floor":47,"key":"Red Skull"},{"floor":55,"key":"Paper Frog"}],"event_choices":[{"cards_removed":["Strike_R"],"damage_healed":0.0,"max_hp_gain":0.0,"max_hp_loss":0.0,"gold_gain":0.0,"event_name":"Golden Wing","player_choice":"Card Removal","floor":2.0,"gold_loss":0.0,"damage_taken":7.0},{"damage_healed":0.0,"max_hp_gain":0.0,"max_hp_loss":0.0,"gold_gain":0.0,"event_name":"Shining Light","player_choice":"Entered Light","floor":3.0,"gold_loss":0.0,"damage_taken":23.0,"cards_upgraded":["Carnage","Strike_R"]},{"damage_healed":0.0,"max_hp_gain":0.0,"max_hp_loss":0.0,"gold_gain":0.0,"cards_transformed":["Strike_R"],"event_name":"Transmorgrifier","player_choice":"Transformed","floor":5.0,"gold_loss":0.0,"damage_taken":0.0,"cards_obtained":["Feed"]},{"damage_healed":0.0,"max_hp_gain":0.0,"max_hp_loss":0.0,"gold_gain":0.0,"event_name":"WeMeetAgain","player_choice":"Paid Gold","floor":8.0,"gold_loss":60.0,"damage_taken":0.0,"relics_obtained":["Oddly Smooth Stone"]},{"cards_removed":["Strike_R"],"damage_healed":0.0,"max_hp_gain":0.0,"max_hp_loss":0.0,"gold_gain":0.0,"event_name":"Beggar","player_choice":"Gave Gold","floor":19.0,"gold_loss":75.0,"damage_taken":0.0},{"damage_healed":0.0,"max_hp_gain":0.0,"max_hp_loss":0.0,"gold_gain":0.0,"event_name":"The Library","player_choice":"Read","floor":22.0,"gold_loss":0.0,"damage_taken":0.0,"cards_obtained":["Flame Barrier"]},{"cards_removed":["Brutality"],"damage_healed":0.0,"max_hp_gain":0.0,"max_hp_loss":0.0,"gold_gain":0.0,"event_name":"Falling","player_choice":"Removed Power","floor":36.0,"gold_loss":0.0,"damage_taken":0.0},{"cards_removed":["Ghostly Armor"],"damage_healed":41.0,"max_hp_gain":0.0,"max_hp_loss":0.0,"gold_gain":0.0,"event_name":"Bonfire Elementals","player_choice":"Offered Uncommon","floor":37.0,"gold_loss":0.0,"damage_taken":0.0}],"is_beta":false,"boss_relics":[{"not_picked":["Runic Pyramid","Pandora\u0027s Box"],"picked":"Sozu"},{"not_picked":["Tiny House","Coffee Dripper"],"picked":"Snecko Eye"}],"items_purged_floors":[10],"is_endless":false,"potions_floor_spawned":[1,7,13,20,21,25,30,39,40,46,48,55],"ascension_level":20}}