{"host":"3jpcvpprzj9sjffh","time":1611237716,"event":{"mods":["AchievementEnabler","BaseMod","Colored Map","Minty Spire (QoL Compilation)","Rare Cards Sparkle","SuperFastMode","everything is the same but u backflip on backflip"],"gold_per_floor":[118,130,51,66,66,66,94,94,94,94,94,111,111,136,136,136,136],"floor_reached":16,"language":"KOR","playtime":392,"items_purged":[],"score":123,"play_id":"1008f19a-e7be-4c97-b54e-d0edc803a57c","local_time":"20210121230156","is_ascension_mode":false,"campfire_choices":[{"floor":6,"key":"RECALL"},{"floor":8,"key":"REST"},{"floor":10,"key":"REST"},{"floor":15,"key":"REST"}],"circlet_count":0,"master_deck":["Strike_P","Strike_P","Strike_P","Strike_P","Defend_P","Defend_P","Defend_P","Eruption+1","Vigilance","EmptyMind","InnerPeace"],"relics":["PureWater","Pen Nib","Odd Mushroom","Kunai","FossilizedHelix","Anchor"],"acts_visited":["Exordium"],"potions_floor_usage":[12,12,14,14,16],"damage_taken":[{"damage":4,"enemies":"Jaw Worm","floor":1,"turns":3},{"damage":0,"enemies":"Small Slimes","floor":2,"turns":3},{"damage":0,"enemies":"Cultist","floor":4,"turns":3},{"damage":37,"enemies":"The Mushroom Lair","floor":7,"turns":5},{"damage":35,"enemies":"Lots of Slimes","floor":12,"turns":4},{"damage":0,"enemies":"Gremlin Nob","floor":14,"turns":2},{"damage":54,"enemies":"Hexaghost","floor":16,"turns":8}],"seed_played":"7440394801559909050","potions_obtained":[{"floor":7,"key":"EntropicBrew"},{"floor":14,"key":"Block Potion"}],"is_trial":false,"path_per_floor":["M","M","$","M","?","R","?","R","T","R","?","M","?","E","R","B"],"character_chosen":"WATCHER","items_purchased":["InnerPeace"],"campfire_rested":3,"item_purchase_floors":[3],"current_hp_per_floor":[68,68,68,68,68,68,31,52,52,72,65,30,30,30,51,0,0],"gold":136,"neow_bonus":"RANDOM_COMMON_RELIC","is_daily":false,"chose_seed":false,"campfire_upgraded":0,"win_rate":0.0,"timestamp":1611237716,"path_taken":["M","M","$","M","?","R","?","R","T","R","?","M","?","E","R","BOSS"],"items_purchased_type":["Card"],"build_version":"2020-12-22","purchased_purges":0,"victory":false,"max_hp_per_floor":[72,72,72,72,72,72,72,72,72,72,72,72,72,72,72,72,72],"card_choices":[{"not_picked":["CrushJoints","BowlingBash","PathToVictory"],"picked":"SKIP","floor":1},{"not_picked":["Study","Conclude"],"picked":"EmptyMind","floor":2},{"not_picked":["Halt","Protect","Fasting2"],"picked":"SKIP","floor":4},{"not_picked":["WreathOfFlame","Wallop","WaveOfTheHand"],"picked":"SKIP","floor":12},{"not_picked":["EmptyFist","Vengeance","SandsOfTime"],"picked":"SKIP","floor":14}],"player_experience":289296,"relics_obtained":[{"floor":7,"key":"Odd Mushroom"},{"floor":9,"key":"Kunai"},{"floor":14,"key":"Anchor"}],"event_choices":[{"damage_healed":0,"gold_gain":0,"player_choice":"Grow","damage_taken":0,"max_hp_gain":0,"max_hp_loss":0,"event_name":"Living Wall","floor":5,"gold_loss":0,"cards_upgraded":["Eruption"]},{"damage_healed":0,"gold_gain":0,"player_choice":"Fought Mushrooms","damage_taken":0,"max_hp_gain":0,"max_hp_loss":0,"event_name":"Mushrooms","floor":7,"gold_loss":0},{"damage_healed":0,"gold_gain":0,"player_choice":"Success","damage_taken":7,"relics_obtained":["FossilizedHelix"],"max_hp_gain":0,"max_hp_loss":0,"event_name":"Scrap Ooze","floor":11,"gold_loss":0},{"cards_removed":["Defend_P"],"damage_healed":0,"gold_gain":0,"player_choice":"Purged","damage_taken":0,"max_hp_gain":0,"max_hp_loss":0,"event_name":"Purifier","floor":13,"gold_loss":0}],"is_beta":false,"boss_relics":[],"items_purged_floors":[],"is_endless":false,"potions_floor_spawned":[7,14],"killed_by":"Hexaghost","ascension_level":0}}