{"host":"ni5mix2lh3q94rpg","time":1611262401,"event":{"mods":["AchievementEnabler","Act Like it!","BaseMod","Better Altar","Better Note","Better Silent Start","Better Skull","Better Third Choice","Better Vampires","Card Forge","Colored Map","Colored Powertips","Custom Start","Displayed Cursed Tome","Gensokyo","GifTheSpireLib","Hermit","Highlight Path","Marisa????????","Minty Spire (QoL Compilation)","Remilia??????","Replay The Spire","Shop Mod","Spicy Shops","StSLib","The Cursed","The Servant 0.9.4","Transform Curses","everything is the same but u backflip on backflip","slay the spire mod where everything is the same but ironclad has a cowboy hat"],"gold_per_floor":[115,115,125,125,125,151,162,162,162,177,27,47,47,80,80,80,80],"floor_reached":16,"language":"ENG","playtime":546,"items_purged":["Parasite"],"score":175,"play_id":"624b91d8-dca3-44fb-825c-ff4b05c3c6bc","local_time":"20210121235321","is_ascension_mode":true,"campfire_choices":[{"data":"hermit:Manifest","floor":15,"key":"SMITH"}],"circlet_count":0,"master_deck":["hermit:Strike_Hermit","hermit:Strike_Hermit","hermit:Strike_Hermit","hermit:Strike_Hermit","hermit:Defend_Hermit","hermit:Defend_Hermit","hermit:Defend_Hermit","hermit:Snapshot","hermit:Covet","hermit:Manifest+1","hermit:NoHoldsBarred","hermit:GhostlyPresence","hermit:HighNoon","hermit:Determination","hermit:CursedWeapon","hermit:Gestalt"],"relics":["hermit:Momento","Hammer of Thor","Seething Fire","Anvil of the Gods","NeowsBlessing","Smiling Mask","The Courier","Matryoshka","White Beast Statue","Spirit Poop","Toy Ornithopter","Happy Flower","Counterbalance","ReplayTheSpireMod:Lightbulb"],"acts_visited":["Exordium"],"potions_floor_usage":[10,14],"damage_taken":[{"damage":0.0,"enemies":"Small Slimes","floor":1.0,"turns":1.0},{"damage":0.0,"enemies":"Cultist","floor":3.0,"turns":1.0},{"damage":0.0,"enemies":"Lagavulin","floor":6.0,"turns":1.0},{"damage":0.0,"enemies":"2 Louse","floor":7.0,"turns":1.0},{"damage":0,"enemies":"Exordium Wildlife","floor":10,"turns":3},{"damage":6,"enemies":"Looter","floor":12,"turns":2},{"damage":24,"enemies":"Gremlin Nob","floor":14,"turns":5},{"damage":22,"enemies":"Hexaghost","floor":16,"turns":9}],"seed_played":"1325046824487371711","potions_obtained":[{"floor":7.0,"key":"DistilledChaos"},{"floor":10,"key":"Energy Potion"},{"floor":12,"key":"ColorlessPotion"},{"floor":14,"key":"Explosive Potion"}],"is_trial":false,"path_per_floor":["M","?","M","?","T","E","M","?","T","M","$","M","?","E","R","B"],"character_chosen":"HERMIT","items_purchased":["Counterbalance"],"campfire_rested":0,"item_purchase_floors":[11],"current_hp_per_floor":[68,68,68,47,47,47,47,47,47,52,52,46,39,20,20,0,0],"gold":80,"neow_bonus":"THREE_ENEMY_KILL","is_daily":false,"chose_seed":false,"campfire_upgraded":1,"win_rate":0.0,"timestamp":1611262401,"path_taken":["M","?","?","?","?","E","M","?","T","?","?","M","?","E","R","BOSS"],"items_purchased_type":["Relic"],"build_version":"2020-12-22","purchased_purges":1,"victory":false,"max_hp_per_floor":[75,75,75,75,75,75,75,75,75,75,72,72,72,72,72,72,72],"card_choices":[{"not_picked":["hermit:Vantage","hermit:Misfire"],"picked":"hermit:Manifest","floor":1.0},{"not_picked":["hermit:Glare","hermit:Feint"],"picked":"hermit:NoHoldsBarred","floor":3.0},{"not_picked":["hermit:PistolWhip","hermit:BodyArmor"],"picked":"hermit:GhostlyPresence","floor":6.0},{"not_picked":["hermit:WideOpen","hermit:Enervate"],"picked":"hermit:HighNoon","floor":7.0},{"not_picked":["hermit:Horror","hermit:TrackingShot"],"picked":"hermit:Determination","floor":10},{"not_picked":["hermit:Feint","hermit:Dive"],"picked":"hermit:CursedWeapon","floor":12},{"not_picked":["hermit:BigShot","hermit:Snipe"],"picked":"hermit:Gestalt","floor":14}],"player_experience":862417,"relics_obtained":[{"floor":5.0,"key":"Matryoshka"},{"floor":6.0,"key":"White Beast Statue"},{"floor":9,"key":"Toy Ornithopter"},{"floor":9,"key":"Happy Flower"},{"floor":14,"key":"ReplayTheSpireMod:Lightbulb"}],"event_choices":[{"damage_healed":0.0,"max_hp_gain":0.0,"max_hp_loss":0.0,"gold_gain":0.0,"event_name":"Wheel of Change","player_choice":"Cursed","floor":2.0,"gold_loss":0.0,"damage_taken":0.0,"cards_obtained":["Decay"]},{"damage_healed":0.0,"max_hp_gain":0.0,"max_hp_loss":0.0,"gold_gain":1.0,"event_name":"betterThird:BetterScrap","player_choice":"Relic Relic ","floor":4.0,"gold_loss":0.0,"damage_taken":21.0,"cards_obtained":["Second Wind"]},{"cards_removed":["Decay"],"damage_healed":0,"gold_gain":0,"player_choice":"Offered Curse","damage_taken":0,"relics_obtained":["Spirit Poop"],"max_hp_gain":0,"max_hp_loss":0,"event_name":"Bonfire Elementals","floor":8,"gold_loss":0},{"cards_removed":["hermit:Defend_Hermit"],"damage_healed":0,"gold_gain":0,"player_choice":"Card Removal","damage_taken":7,"max_hp_gain":0,"max_hp_loss":0,"event_name":"Golden Wing","floor":13,"gold_loss":0}],"is_beta":false,"boss_relics":[],"items_purged_floors":[11],"is_endless":false,"potions_floor_spawned":[7,10,12,14],"killed_by":"Hexaghost","ascension_level":6}}