{"host":"mlczotyo8j5fj6lt","time":1611256389,"event":{"mods":["AchievementEnabler","BaseMod","Better Third Choice","BetterRewards","Conspire","Defective Defect","Fox Events","Good Game Mod","Googly Eyes","Hubris","Minty Spire (QoL Compilation)","Quick Restart","Replay The Spire","StS++","StSLib","everything is the same but u backflip on backflip"],"gold_per_floor":[113,113,126,194,213,213,232,251,275,309,342,342,6,21,21,122,199,216,230,329,28,28,56,156,156,233,266,266,266,279,279,279,279,279],"floor_reached":33,"language":"ENG","playtime":2054,"items_purged":[],"score":308,"play_id":"8eb1e7c5-d19e-463b-8831-15e48b3b0019","local_time":"20210121201309","is_ascension_mode":false,"campfire_choices":[{"data":"Zap","floor":6.0,"key":"SMITH"},{"floor":12.0,"key":"REST"},{"floor":15.0,"key":"REST"},{"data":"Defragment","floor":25,"key":"SMITH"},{"data":"Core Surge","floor":28,"key":"SMITH"},{"floor":32,"key":"REST"}],"circlet_count":0,"master_deck":["Strike_B","Strike_B","Strike_B","Strike_B","Defend_B","Defend_B","Defend_B","Defend_B","Zap+1","Dualcast","Impatience","Corpse Explosion","Sweeping Beam","Defragment+1","Conserve Battery","Biased Cognition","Leap","Conserve Battery","Go for the Eyes","Core Surge+1","Ball Lightning","Gash","Decay","Gash"],"relics":["Cracked Core","REME:ComplimentaryCards","Bag of Marbles","MealTicket","PreservedInsect","foxEvents:LuckyCharm","hubris:GlazedTorus","hubris:GrandSneckoEye","Carrot","Nilry\u0027s Codex","Replay:Bottled Flurry","Bronze Scales","StSpp:PetrifiedCaterpillar","Smiling Mask"],"acts_visited":["Exordium","TheCity"],"potions_floor_usage":[30,30,33],"damage_taken":[{"damage":7.0,"enemies":"Small Slimes","floor":1.0,"turns":3.0},{"damage":4.0,"enemies":"Cultist","floor":3.0,"turns":4.0},{"damage":3.0,"enemies":"Jaw Worm","floor":5.0,"turns":4.0},{"damage":0.0,"enemies":"Blue Slaver","floor":7.0,"turns":3.0},{"damage":2.0,"enemies":"3 Louse","floor":8.0,"turns":3.0},{"damage":29.0,"enemies":"Gremlin Nob","floor":10.0,"turns":4.0},{"damage":13.0,"enemies":"Colosseum Slavers","floor":11.0,"turns":2.0},{"damage":5.0,"enemies":"conspire:2 RoseBushes","floor":14.0,"turns":4.0},{"damage":28.0,"enemies":"Fading Forest","floor":16.0,"turns":11.0},{"damage":0.0,"enemies":"Chosen","floor":18.0,"turns":4.0},{"damage":7,"enemies":"2 Thieves","floor":19,"turns":4},{"damage":0,"enemies":"conspire:Head Lice","floor":23,"turns":6},{"damage":7,"enemies":"conspire:SneckoGhost","floor":27,"turns":5},{"damage":18,"enemies":"Shelled Parasite and Fungi","floor":30,"turns":4},{"damage":45,"enemies":"Pondfish","floor":33,"turns":10}],"seed_played":"5002310430237318339","potions_obtained":[{"floor":1.0,"key":"PowerPotion"},{"floor":5.0,"key":"FocusPotion"},{"floor":7.0,"key":"SpeedPotion"},{"floor":16.0,"key":"LiquidMemories"},{"floor":18.0,"key":"Strength Potion"}],"is_trial":false,"path_per_floor":["M","?","M","?","M","R","M","M","T","E","?","R","$","M","R","B",null,"M","M","?","$","?","E","T","R","T","E","R","?","M","?","R","B"],"character_chosen":"DEFECT","items_purchased":["hubris:GlazedTorus","ColorlessPotion","Carrot","Fire Potion"],"campfire_rested":3,"item_purchase_floors":[13,13,21,21],"current_hp_per_floor":[68,68,64,64,61,61,61,59,59,30,17,39,54,49,71,55,75,75,68,68,75,59,59,59,59,59,52,52,52,34,20,44,0,0],"gold":279,"neow_bonus":"RANDOM_COLORLESS","is_daily":false,"chose_seed":false,"campfire_upgraded":3,"win_rate":0.0,"timestamp":1611256389,"path_taken":["M","?","M","?","M","R","?","M","T","E","?","R","$","M","R","BOSS","M","M","?","$","?","E","?","R","T","E","R","?","?","?","R","BOSS"],"items_purchased_type":["Relic","Potion","Relic","Potion"],"build_version":"2020-12-22","purchased_purges":0,"victory":false,"max_hp_per_floor":[75,75,75,75,75,75,75,75,75,75,75,75,75,75,75,75,75,75,75,75,75,75,75,75,75,75,75,75,75,75,80,80,80,80],"card_choices":[{"not_picked":["Replay:Sssssssssstrike","Madness"],"picked":"Impatience","floor":0.0},{"not_picked":["Recycle","Compile Driver"],"picked":"Sweeping Beam","floor":1.0},{"not_picked":["Steam Power","Sweeping Beam","Rebound"],"picked":"SKIP","floor":3.0},{"not_picked":["Crystallizer","Turbo"],"picked":"Conserve Battery","floor":4.0},{"not_picked":["Gash","ReplaySolidLightProjector"],"picked":"Biased Cognition","floor":4.0},{"not_picked":["Rebound","Stack"],"picked":"Leap","floor":5.0},{"not_picked":["Fusion","Streamline"],"picked":"Conserve Battery","floor":7.0},{"not_picked":["Heatsinks","Rainbow","FTL"],"picked":"SKIP","floor":8.0},{"not_picked":["Crystallizer","Conserve Battery","StSpp:CopyPaste"],"picked":"SKIP","floor":10.0},{"not_picked":["Steam","Hologram"],"picked":"Go for the Eyes","floor":14.0},{"not_picked":["All For One","Mirror Shield"],"picked":"Core Surge","floor":16.0},{"not_picked":["Stack","Steam"],"picked":"Ball Lightning","floor":18.0},{"not_picked":["ReplayTheSpireMod:Calculation Training","Time Bomb","ReplayGash"],"picked":"SKIP","floor":19},{"not_picked":["Stack","Skim","Turbo"],"picked":"SKIP","floor":23},{"not_picked":["Streamline","Loop"],"picked":"Gash","floor":27},{"not_picked":["StSpp:Converter","BasicCrystalCard"],"picked":"Gash","floor":30}],"player_experience":213214,"relics_obtained":[{"floor":4.0,"key":"Bag of Marbles"},{"floor":9.0,"key":"MealTicket"},{"floor":10.0,"key":"PreservedInsect"},{"floor":11.0,"key":"foxEvents:LuckyCharm"},{"floor":22,"key":"Nilry\u0027s Codex"},{"floor":23,"key":"Replay:Bottled Flurry"},{"floor":24,"key":"Bronze Scales"},{"floor":26,"key":"StSpp:PetrifiedCaterpillar"},{"floor":27,"key":"Smiling Mask"}],"event_choices":[{"damage_healed":0,"gold_gain":99,"player_choice":"Steal","damage_taken":0,"max_hp_gain":0,"max_hp_loss":0,"event_name":"betterThird:BetterNest","floor":20,"gold_loss":0},{"damage_healed":0,"gold_gain":0,"player_choice":"Obtained Book","damage_taken":16,"max_hp_gain":0,"max_hp_loss":0,"event_name":"Cursed Tome","floor":22,"gold_loss":0},{"damage_healed":0,"gold_gain":0,"player_choice":"Cursed","damage_taken":0,"max_hp_gain":0,"max_hp_loss":0,"event_name":"Wheel of Change","floor":29,"gold_loss":0,"cards_obtained":["Decay"]},{"damage_healed":0,"gold_gain":0,"player_choice":"Shed Blood","damage_taken":19,"max_hp_gain":5,"max_hp_loss":0,"event_name":"Forgotten Altar","floor":31,"gold_loss":0}],"is_beta":false,"boss_relics":[{"not_picked":["FrozenCore","hubris:TerracottaHorce"],"picked":"hubris:GrandSneckoEye"}],"items_purged_floors":[],"is_endless":false,"potions_floor_spawned":[1,5,7,16,18,23,27],"killed_by":"Pondfish","ascension_level":0}}