{"host":"sav7uxregyirlf69","time":1611232954,"event":{"mods":["AchievementEnabler","BaseMod","Colored Map","DeckTracker","Keyboard Shortcuts","Minty Spire (QoL Compilation)","READ ME - Guardian Mod","StSLib","SuperFastMode"],"gold_per_floor":[359,374,40,58,75,75,107,107,107,107,107,120,140,46,46,123,123,95,95,107,122,122,122,157,174,174,187,187,187],"floor_reached":28,"language":"KOR","playtime":825,"items_purged":["Shame"],"score":484,"play_id":"7a940072-080d-4bbf-a890-f6534e178be6","local_time":"20210121214234","is_ascension_mode":true,"campfire_choices":[{"data":"Poisoned Stab","floor":6,"key":"SMITH"},{"floor":8,"key":"REST"},{"data":"Footwork","floor":11,"key":"SMITH"},{"data":"Tactician","floor":15,"key":"SMITH"},{"floor":23,"key":"REST"}],"circlet_count":0,"master_deck":["AscendersBane","Survivor","Neutralize","Blur","Footwork+1","Backstab","Poisoned Stab+1","Cloak And Dagger","PiercingWail","Acrobatics","Tactician+1","Well Laid Plans","Adrenaline","Deadly Poison","Crippling Poison","Phantasmal Killer","A Thousand Cuts","Noxious Fumes","Leg Sweep","Footwork","Leg Sweep","Acrobatics","Concentrate","Catalyst","Backflip","Outmaneuver","Tactician","Bouncing Flask"],"relics":["Ring of the Snake","Snake Skull","Prayer Wheel","Question Card","Pandora\u0027s Box","Bottled Lightning","HornCleat"],"acts_visited":["Exordium","TheCity"],"potions_floor_usage":[5,7,16,21,25,25,27,28],"damage_taken":[{"damage":0,"enemies":"2 Louse","floor":1,"turns":5},{"damage":0,"enemies":"Cultist","floor":2,"turns":4},{"damage":1,"enemies":"Small Slimes","floor":4,"turns":4},{"damage":9,"enemies":"Exordium Wildlife","floor":5,"turns":6},{"damage":33,"enemies":"Lagavulin","floor":7,"turns":10},{"damage":15,"enemies":"Gremlin Gang","floor":12,"turns":7},{"damage":0,"enemies":"Large Slime","floor":13,"turns":11},{"damage":12,"enemies":"Hexaghost","floor":16,"turns":15},{"damage":6,"enemies":"2 Thieves","floor":18,"turns":4},{"damage":16,"enemies":"Spheric Guardian","floor":20,"turns":4},{"damage":18,"enemies":"Shelled Parasite and Fungi","floor":21,"turns":5},{"damage":13,"enemies":"Gremlin Leader","floor":24,"turns":7},{"damage":15,"enemies":"3 Cultists","floor":25,"turns":5},{"damage":0,"enemies":"Snecko","floor":27,"turns":4},{"damage":8,"enemies":"Cultist and Chosen","floor":28,"turns":5}],"seed_played":"-4709932375360838619","potions_obtained":[{"floor":4,"key":"Block Potion"},{"floor":7,"key":"Ancient Potion"},{"floor":16,"key":"SneckoOil"},{"floor":24,"key":"EntropicBrew"},{"floor":25,"key":"Strength Potion"},{"floor":27,"key":"Swift Potion"}],"is_trial":false,"path_per_floor":["M","M","$","M","M","R","E","R","T","?","R","M","M","$","R","B",null,"M","?","M","M","?","R","E","M","T","M","M"],"character_chosen":"THE_SILENT","items_purchased":["Snake Skull","Block Potion","Backstab","Well Laid Plans","BlessingOfTheForge"],"campfire_rested":2,"item_purchase_floors":[3,3,3,14,14],"current_hp_per_floor":[59,59,59,58,49,49,16,35,35,35,35,20,20,20,20,8,52,46,46,30,12,12,31,18,3,3,3,0,0],"gold":187,"neow_bonus":"TWO_FIFTY_GOLD","is_daily":false,"chose_seed":false,"campfire_upgraded":3,"win_rate":0.0,"timestamp":1611232954,"path_taken":["M","M","$","M","M","R","E","R","T","?","R","M","M","?","R","BOSS","M","?","M","M","?","R","E","?","T","M","M"],"items_purchased_type":["Relic","Potion","Card","Card","Potion"],"build_version":"2020-12-22","purchased_purges":1,"victory":false,"max_hp_per_floor":[66,66,66,66,66,66,66,66,66,66,66,66,66,66,66,66,66,66,66,66,66,66,66,66,66,66,66,66,66],"card_choices":[{"not_picked":["Backflip","Cloak And Dagger"],"picked":"Blur","floor":1},{"not_picked":["Terror","Deflect"],"picked":"Footwork","floor":2},{"not_picked":["Leg Sweep","Slice","Skewer"],"picked":"SKIP","floor":4},{"not_picked":["Eviscerate","Quick Slash"],"picked":"Poisoned Stab","floor":5},{"not_picked":["Skewer","Dagger Throw","Night Terror"],"picked":"SKIP","floor":7},{"not_picked":["Blade Dance","Catalyst","Eviscerate"],"picked":"PiercingWail","floor":12},{"not_picked":["Quick Slash","Underhanded Strike","Flying Knee","Poisoned Stab"],"picked":"SKIP","floor":12},{"not_picked":["Reflex","Caltrops","Skewer"],"picked":"Acrobatics","floor":13},{"not_picked":["Calculated Gamble","Sucker Punch","Slice"],"picked":"Tactician","floor":13},{"not_picked":["Doppelganger","Glass Knife","Venomology"],"picked":"Adrenaline","floor":16},{"not_picked":["Quick Slash","Cloak And Dagger","Escape Plan"],"picked":"Acrobatics","floor":18},{"not_picked":["Backstab","Dodge and Roll","Poisoned Stab"],"picked":"Concentrate","floor":18},{"not_picked":["PiercingWail+1","Slice","Backflip+1"],"picked":"Catalyst","floor":20},{"not_picked":["Well Laid Plans","Riddle With Holes","Sucker Punch"],"picked":"Backflip","floor":20},{"not_picked":["Dagger Spray","Slice","Underhanded Strike+1","Sucker Punch"],"picked":"SKIP","floor":21},{"not_picked":["Choke","Cloak And Dagger","Distraction","Acrobatics"],"picked":"SKIP","floor":21},{"not_picked":["Expertise","Doppelganger","Eviscerate","Noxious Fumes"],"picked":"SKIP","floor":24},{"not_picked":["Dodge and Roll","Deflect","Slice"],"picked":"Tactician","floor":25},{"not_picked":["Crippling Poison","Bane","Dodge and Roll+1","Outmaneuver"],"picked":"SKIP","floor":25},{"not_picked":["Deadly Poison","Quick Slash","Escape Plan"],"picked":"Bouncing Flask","floor":27},{"not_picked":["Well Laid Plans","Deadly Poison","Predator","Dagger Throw+1"],"picked":"SKIP","floor":27}],"player_experience":1349115,"relics_obtained":[{"floor":7,"key":"Prayer Wheel"},{"floor":9,"key":"Question Card"},{"floor":24,"key":"Bottled Lightning"},{"floor":26,"key":"HornCleat"}],"event_choices":[{"damage_healed":0,"gold_gain":0,"cards_transformed":["Strike_G"],"player_choice":"Transformed","damage_taken":0,"max_hp_gain":0,"max_hp_loss":0,"event_name":"Transmorgrifier","floor":10,"gold_loss":0,"cards_obtained":["Cloak And Dagger"]},{"damage_healed":0,"gold_gain":0,"player_choice":"Ignored","damage_taken":0,"max_hp_gain":0,"max_hp_loss":0,"event_name":"The Mausoleum","floor":19,"gold_loss":0},{"damage_healed":0,"gold_gain":0,"cards_transformed":["Dagger Spray"],"player_choice":"Transformed","damage_taken":0,"max_hp_gain":0,"max_hp_loss":0,"event_name":"Transmorgrifier","floor":22,"gold_loss":0,"cards_obtained":["Outmaneuver"]}],"is_beta":false,"boss_relics":[{"not_picked":["SacredBark","Busted Crown"],"picked":"Pandora\u0027s Box"}],"items_purged_floors":[3],"is_endless":false,"potions_floor_spawned":[4,7,16,20,24,25,27],"killed_by":"Cultist and Chosen","ascension_level":20}}