{"host":"ugz4vp1q9h8kwbfq","time":1611265117,"event":{"mods":["2.2 Compatiblity","Act Like it!","BaseMod","Block Reminder","Colored Map","Colored Powertips","Downfall","Energized Spire","GifTheSpireLib","Jedi Mod","Minty Spire (QoL Compilation)","Potion Indicator Mod","SacredBarkPlus","Shop Mod","Spikes Relics","StSLib","Stuff the Spire","Trackpad"],"gold_per_floor":[99,114,129,144,144,144,144,144,159,59,74,104,104,119,134,234,284,284,299,403,21,21,21,71,71,86,127,157,157,57,157,172,272,272,172,187,202,217,48,63,88,103,118,118,148,163,73,88,103,103,103,133,53,53,53,53,53,53],"floor_reached":56,"language":"ENG","playtime":99660,"items_purged":["downfall:Bewildered","StuffTheSpire:Recharge+1"],"score":882,"play_id":"42e08b47-e016-467d-9e9f-ec45c72b225c","local_time":"20210121153837","daily_mods":["Allstar","Vintage","Terminal"],"is_ascension_mode":false,"campfire_choices":[{"floor":1,"key":"RECALL"},{"data":"Guardian:TwinSlam","floor":10,"key":"SMITH"},{"data":"Guardian:ChargeUp","floor":13,"key":"SMITH"},{"data":"Guardian:StasisField","floor":18,"key":"SMITH"},{"data":"Guardian:Orbwalk","floor":23,"key":"SMITH"},{"data":"Thinking Ahead","floor":25,"key":"SMITH"},{"data":"Guardian:Preprogram","floor":30,"key":"SMITH"},{"data":"Guardian:FierceBash","floor":35,"key":"SMITH"},{"data":"Guardian:BodySlam","floor":54,"key":"SMITH"}],"circlet_count":0,"master_deck":["Guardian:Defend_Guardian+1","Guardian:Defend_Guardian","Guardian:Defend_Guardian","Guardian:Defend_Guardian","Guardian:CurlUp","Guardian:TwinSlam+1","Panache","Thinking Ahead+1","Bandage Up","Guardian:ChargeUp+1","Guardian:StasisField+1","Guardian:TemporalShield","Guardian:Orbwalk+1","Guardian:Preprogram+1","Guardian:Recover","StuffTheSpire:Rapture","Guardian:Reroute","Guardian:BodySlam+1","Discovery+1","Guardian:FierceBash+1","Guardian:CrystalBeam+1","Apotheosis","Guardian:Suspension+1","Parasite"],"relics":["Guardian:ModeShifter","Lantern","Toy Ornithopter","Guardian:PocketSentry","MealTicket","Boot","downfall:HeartBlessingRed","trackpad:AdjectivePendant","Art of War","Eternal Feather","trackpad:HandOfMidas","Tiny House","War Paint","Sundial","Kunai","sneckomod:BabySnecko","trackpad:ToughGloves","Mummified Hand","Shovel","downfall:HeartBlessingGreen","downfall:GremlinSack","The Courier","trackpad:StolenKidneys","downfall:HeartBlessingBlue","Ancient Tea Set","trackpad:CultistFigurine","StuffTheSpire:Mouthbags","Bag of Marbles","jedi:arcanewood","RetroEgg","Toxic Egg 2","Guardian:StasisCodex","InkBottle","jedi:purplefairy","trackpad:BiPhaseBiplane","champ:DuelingGlove","RollingBoulder","trackpad:WritersBlock"],"acts_visited":["Exordium","TheCity","TheBeyond","TheEnding"],"potions_floor_usage":[12,12,31,31,33,33,50,50,55],"damage_taken":[{"damage":0,"enemies":"2 Louse","floor":2,"turns":3},{"damage":3,"enemies":"Small Slimes","floor":3,"turns":5},{"damage":0,"enemies":"Cultist","floor":4,"turns":3},{"damage":0,"enemies":"3 Louse","floor":9,"turns":2},{"damage":0,"enemies":"Red Slaver","floor":11,"turns":4},{"damage":0,"enemies":"3 Sentries","floor":12,"turns":2},{"damage":0,"enemies":"2 Fungi Beasts","floor":14,"turns":4},{"damage":0,"enemies":"Exordium Thugs","floor":15,"turns":5},{"damage":31,"enemies":"DF_ARCHETYPE_STREAMLINE","floor":16,"turns":11},{"damage":0,"enemies":"Spheric Guardian","floor":19,"turns":4},{"damage":0,"enemies":"Cultist and Chosen","floor":20,"turns":3},{"damage":0,"enemies":"downfall:FleeingMerchant","floor":21,"turns":4},{"damage":3,"enemies":"Snecko","floor":26,"turns":6},{"damage":0,"enemies":"3 Cultists","floor":27,"turns":5},{"damage":13,"enemies":"Slavers","floor":28,"turns":8},{"damage":3,"enemies":"Slavers","floor":31,"turns":3},{"damage":0,"enemies":"Shelled Parasite and Fungi","floor":32,"turns":4},{"damage":11,"enemies":"WA_ARCHETYPE_CALM","floor":33,"turns":11},{"damage":0,"enemies":"Orb Walker","floor":36,"turns":2},{"damage":15,"enemies":"3 Darklings","floor":37,"turns":4},{"damage":0,"enemies":"4 Shapes","floor":38,"turns":5},{"damage":0,"enemies":"downfall:FleeingMerchant","floor":39,"turns":4},{"damage":16,"enemies":"Jaw Worm Horde","floor":40,"turns":4},{"damage":0,"enemies":"Sphere and 2 Shapes","floor":42,"turns":3},{"damage":0,"enemies":"4 Shapes","floor":43,"turns":4},{"damage":2,"enemies":"Giant Head","floor":45,"turns":6},{"damage":20,"enemies":"Maw","floor":46,"turns":5},{"damage":0,"enemies":"downfall:FleeingMerchant","floor":47,"turns":1},{"damage":6,"enemies":"Writhing Mass","floor":48,"turns":4},{"damage":0,"enemies":"Spire Growth","floor":49,"turns":4},{"damage":0,"enemies":"SI_POISON_ARCHETYPE","floor":50,"turns":6},{"damage":0,"enemies":"downfall:CharBossMerchant","floor":52,"turns":7},{"damage":0,"enemies":"downfall:NeowBoss","floor":55,"turns":11},{"damage":49,"enemies":"downfall:NeowBossFinal","floor":56,"turns":7}],"seed_played":"-1760728548950895142","potions_obtained":[{"floor":2,"key":"SteroidPotion"},{"floor":3,"key":"Strength Potion"},{"floor":11,"key":"AttackPotion"},{"floor":15,"key":"Block Potion"},{"floor":16,"key":"jedi:StrikingPotion"},{"floor":19,"key":"BlessingOfTheForge"},{"floor":32,"key":"Guardian:DefensiveModePotion"},{"floor":36,"key":"GamblersBrew"},{"floor":38,"key":"Block Potion"},{"floor":42,"key":"PowerPotion"},{"floor":43,"key":"Dexterity Potion"},{"floor":46,"key":"Ancient Potion"}],"is_trial":false,"path_per_floor":["R","M","M","M","?","?","T","?","M","R","M","E","R","M","M","B",null,"R","M","M","$","?","R","T","R","M","M","E","?","R","?","M","B",null,"R","M","M","M","$","M","T","M","M","?","E","M","$","M","M","B",null,"E","$","R","B","B"],"character_chosen":"GUARDIAN","items_purchased":["Kunai","Guardian:Orbwalk","Guardian:Preprogram","Apotheosis","jedi:purplefairy","trackpad:BiPhaseBiplane"],"campfire_rested":0,"item_purchase_floors":[21,21,21,39,47,47],"current_hp_per_floor":[78,77,76,75,74,73,72,54,54,54,58,67,66,65,64,33,67,66,65,64,63,62,61,60,59,56,57,44,44,54,51,52,46,50,59,58,43,47,55,45,45,49,51,43,45,29,44,46,45,44,43,42,41,40,38,0,0,0],"gold":53,"neow_bonus":"","is_daily":true,"chose_seed":false,"campfire_upgraded":8,"win_rate":0.0,"timestamp":1611265117,"path_taken":["R","M","M","M","?","?","T","?","M","R","M","E","R","M","M","BOSS","R","M","M","$","?","R","T","R","M","M","E","?","R","?","M","BOSS","R","M","M","M","$","M","T","M","?","?","E","M","$","?","M","BOSS","E","$","R","BOSS","BOSS"],"items_purchased_type":["Relic","Card","Card","Card","Relic","Relic"],"build_version":"2020-12-22","purchased_purges":2,"victory":false,"max_hp_per_floor":[78,77,76,75,74,73,72,71,70,69,68,67,66,65,64,63,67,66,65,64,63,62,61,60,59,58,57,56,55,54,53,52,51,50,59,58,57,56,55,54,53,52,51,50,49,48,47,46,45,44,43,42,41,40,38,38,38,38],"card_choices":[{"not_picked":["Guardian:PiercingHide","Guardian:PrismaticBarrier"],"picked":"Guardian:ChargeUp","floor":12},{"not_picked":["Guardian:FastForward","Guardian:Gem_Orange"],"picked":"Guardian:StasisField","floor":16},{"not_picked":["Guardian:PrismaticBarrier","Guardian:CrystalBeam"],"picked":"Guardian:TemporalShield","floor":17},{"not_picked":["Guardian:Preprogram","Guardian:HyperBeam_Guardian"],"picked":"Guardian:Gem_Yellow","floor":21},{"not_picked":["Guardian:Gem_Cyan","Guardian:Repulse"],"picked":"Guardian:Recover","floor":28},{"not_picked":["StuffTheSpire:Harmony","StuffTheSpire:Innocence"],"picked":"StuffTheSpire:Rapture","floor":29},{"not_picked":["Guardian:TemporalShield","Guardian:BodySlam"],"picked":"Guardian:Reroute","floor":31},{"not_picked":["Guardian:GemFinder","Guardian:ConstructionForm"],"picked":"Guardian:FierceBash","floor":33},{"not_picked":["Guardian:Gem_Green","Guardian:ChargeCore"],"picked":"Guardian:CrystalBeam+1","floor":39},{"not_picked":["Guardian:Planning+1","Guardian:EvasiveProtocol"],"picked":"Guardian:Suspension+1","floor":45},{"not_picked":["Guardian:RefractedBeam+1","Guardian:BaubleBeam"],"picked":"Guardian:Gem_Purple","floor":47},{"not_picked":["Guardian:StasisField+1","Guardian:Gem_Purple","Guardian:Recover+1"],"picked":"SKIP","floor":52}],"player_experience":456528,"relics_obtained":[{"floor":2,"key":"Lantern"},{"floor":3,"key":"StuffTheSpire:Gunfinga"},{"floor":4,"key":"Toy Ornithopter"},{"floor":7,"key":"Guardian:PocketSentry"},{"floor":9,"key":"Boot"},{"floor":11,"key":"trackpad:AdjectivePendant"},{"floor":12,"key":"Art of War"},{"floor":14,"key":"Eternal Feather"},{"floor":15,"key":"trackpad:HandOfMidas"},{"floor":19,"key":"War Paint"},{"floor":20,"key":"Sundial"},{"floor":26,"key":"trackpad:ToughGloves"},{"floor":27,"key":"Mummified Hand"},{"floor":28,"key":"Shovel"},{"floor":31,"key":"downfall:GremlinSack"},{"floor":32,"key":"The Courier"},{"floor":36,"key":"Ancient Tea Set"},{"floor":37,"key":"trackpad:CultistFigurine"},{"floor":38,"key":"StuffTheSpire:Mouthbags"},{"floor":40,"key":"Bag of Marbles"},{"floor":41,"key":"jedi:arcanewood"},{"floor":42,"key":"RetroEgg"},{"floor":43,"key":"Toxic Egg 2"},{"floor":45,"key":"Guardian:StasisCodex"},{"floor":46,"key":"InkBottle"},{"floor":48,"key":"champ:DuelingGlove"},{"floor":49,"key":"RollingBoulder"},{"floor":52,"key":"trackpad:WritersBlock"}],"event_choices":[{"damage_healed":0,"gold_gain":0,"cards_transformed":["StuffTheSpire:PlasmaPulse"],"player_choice":"Change","damage_taken":0,"max_hp_gain":0,"max_hp_loss":0,"event_name":"Living Wall","floor":6,"gold_loss":0,"cards_obtained":["StuffTheSpire:Recharge"]},{"damage_healed":0,"gold_gain":0,"player_choice":"Success","damage_taken":18,"relics_obtained":["MealTicket"],"max_hp_gain":0,"max_hp_loss":0,"event_name":"Scrap Ooze","floor":8,"gold_loss":0}],"is_beta":false,"boss_relics":[{"not_picked":["expansioncontent:StudyCardRelic","bronze:MakeshiftBattery"],"picked":"Tiny House"},{"not_picked":["jedi:hotpepper","Empty Cage"],"picked":"trackpad:StolenKidneys"}],"items_purged_floors":[47,53],"is_endless":false,"potions_floor_spawned":[2,3,11,15,16,19,20,32,36,38,42,43,46],"killed_by":"downfall:NeowBossFinal","ascension_level":0}}