{"host":"2e5gbsni44p3458r","time":1611234634,"event":{"mods":["BaseMod","Colored Map","Downfall","Hermit","Hubris","Minty Spire (QoL Compilation)","StSLib","The Cursed"],"gold_per_floor":[99,113,113,132,148,163,187,214,314,332,363,1,1,20,32,131,131,31,42,54,72,82,82,134,119,145,45,64,164,64,64,83,187,187,187,205,178,197,97,97,97,97,126,1,29,29,47,76,86,86,86,111,111,111,111,111,111,111],"floor_reached":56,"language":"ENG","playtime":4976,"items_purged":["bronze:Strike","bronze:Strike","bronze:Strike"],"score":936,"play_id":"cf97788b-b40d-4971-9bb9-f7e4b4306801","local_time":"20210121221034","is_ascension_mode":true,"campfire_choices":[{"data":"bronze:SpaghettiCode","floor":1.0,"key":"SMITH"},{"data":"expansioncontent:StudyTheSpire","floor":13.0,"key":"SMITH"},{"floor":18.0,"key":"RECALL"},{"data":"bronze:Return","floor":23.0,"key":"SMITH"},{"data":"bronze:SpaghettiCode","floor":27,"key":"SMITH"},{"data":"bronze:DonuBeam","floor":30,"key":"SMITH"},{"data":"bronze:AlphaBuild","floor":35,"key":"SMITH"},{"data":"bronze:Repulsor","floor":42,"key":"SMITH"},{"data":"bronze:Fortify","floor":46,"key":"SMITH"},{"data":"bronze:Goto","floor":54,"key":"SMITH"}],"circlet_count":0,"master_deck":["bronze:Strike","bronze:Defend","bronze:Defend","bronze:Defend","bronze:Defend","bronze:Replicate","bronze:Goto+1","bronze:SpaghettiCode+1","bronze:FollowUp+1","bronze:SpaghettiCode+1","bronze:Boost","bronze:FineTuning","bronze:Return+1","bronze:Iterate","bronze:Verify","expansioncontent:StudyTheSpire+1","bronze:ThunderWave","bronze:FineTuning+1","bronze:SpaghettiCode+1","bronze:DonuBeam+1","bronze:FollowUp+1","bronze:AlphaBuild+1","bronze:FollowUp+1","bronze:ChildClass","bronze:Repulsor+1","bronze:Fortify+1","bronze:Format"],"relics":["bronze:BronzeCore","Bag of Preparation","Toy Ornithopter","Nunchaku","Coffee Dripper","downfall:HeartBlessingGreen","Strawberry","InkBottle","downfall:HeartBlessingRed","downfall:HeartBlessingBlue","hubris:BottledRain","Sozu","Pantograph","PreservedInsect","Centennial Puzzle","MealTicket","Omamori","Letter Opener"],"acts_visited":["Exordium","TheCity","TheBeyond","TheEnding"],"potions_floor_usage":[33,56],"damage_taken":[{"damage":0.0,"enemies":"Jaw Worm","floor":2.0,"turns":1.0},{"damage":0.0,"enemies":"Cultist","floor":4.0,"turns":2.0},{"damage":0.0,"enemies":"Small Slimes","floor":5.0,"turns":1.0},{"damage":0.0,"enemies":"Gremlin Gang","floor":6.0,"turns":4.0},{"damage":0.0,"enemies":"Lagavulin","floor":8.0,"turns":2.0},{"damage":8.0,"enemies":"downfall:LadyInBlue","floor":9.0,"turns":5.0},{"damage":5.0,"enemies":"Large Slime","floor":10.0,"turns":4.0},{"damage":0.0,"enemies":"3 Sentries","floor":11.0,"turns":2.0},{"damage":0.0,"enemies":"downfall:FleeingMerchant","floor":12.0,"turns":4.0},{"damage":0.0,"enemies":"Exordium Wildlife","floor":14.0,"turns":2.0},{"damage":3.0,"enemies":"Red Slaver","floor":15.0,"turns":3.0},{"damage":10.0,"enemies":"SI_SHIV_ARCHETYPE","floor":16.0,"turns":5.0},{"damage":0.0,"enemies":"Shell Parasite","floor":19.0,"turns":3.0},{"damage":0.0,"enemies":"Chosen","floor":20.0,"turns":2.0},{"damage":10.0,"enemies":"Snake Plant","floor":21.0,"turns":4.0},{"damage":1.0,"enemies":"Centurion and Healer","floor":22.0,"turns":2.0},{"damage":5.0,"enemies":"downfall:FleeingMerchant","floor":25.0,"turns":4.0},{"damage":27,"enemies":"Book of Stabbing","floor":26,"turns":6},{"damage":7,"enemies":"Snecko","floor":28,"turns":3},{"damage":0,"enemies":"Snecko","floor":29,"turns":2},{"damage":5,"enemies":"Snake Plant","floor":32,"turns":3},{"damage":21,"enemies":"DF_ARCHETYPE_CLAW","floor":33,"turns":7},{"damage":0,"enemies":"Orb Walker","floor":36,"turns":1},{"damage":0,"enemies":"downfall:FleeingMerchant","floor":37,"turns":1},{"damage":0,"enemies":"3 Darklings","floor":38,"turns":6},{"damage":5,"enemies":"Reptomancer","floor":43,"turns":3},{"damage":0,"enemies":"Giant Head","floor":45,"turns":4},{"damage":0,"enemies":"Transient","floor":47,"turns":5},{"damage":0,"enemies":"Reptomancer","floor":48,"turns":2},{"damage":9,"enemies":"4 Shapes","floor":49,"turns":2},{"damage":52,"enemies":"IC_BLOCK_ARCHETYPE","floor":50,"turns":9},{"damage":4,"enemies":"downfall:CharBossMerchant","floor":52,"turns":5},{"damage":20,"enemies":"downfall:NeowBoss","floor":55,"turns":15},{"damage":108,"enemies":"downfall:NeowBossFinal","floor":56,"turns":11}],"seed_played":"-5268438292224692192","potions_obtained":[{"floor":2.0,"key":"Fire Potion"},{"floor":4.0,"key":"FearPotion"},{"floor":5.0,"key":"Fire Potion"},{"floor":9.0,"key":"CultistPotion"},{"floor":9.0,"key":"AttackPotion"},{"floor":9.0,"key":"Slimebound:ThreeZeroPotion"},{"floor":16.0,"key":"SteroidPotion"},{"floor":20.0,"key":"Energy Potion"},{"floor":21.0,"key":"SteroidPotion"},{"floor":26,"key":"CultistPotion"}],"is_trial":false,"path_per_floor":["R","M","?","M","M","M","T","E","?","M","E","$","R","M","M","B",null,"R","M","M","M","M","R","T","$","E","R","M","?","R","T","M","B",null,"R","M","$","M","$","?","T","R","E","$","E","R","M","E","M","B",null,"E","$","R","B","B"],"character_chosen":"THE_AUTOMATON","items_purchased":["bronze:Verify","expansioncontent:StudyTheSpire","bronze:ChildClass","Pantograph"],"campfire_rested":0,"item_purchase_floors":[12,12,37,37],"current_hp_per_floor":[70,70,70,70,70,70,70,70,62,57,62,62,62,62,59,54,70,70,70,70,60,69,69,76,71,44,44,37,37,47,47,42,26,87,87,87,87,87,87,87,87,87,82,82,82,82,82,82,73,35,87,83,87,87,67,0,0,0],"gold":111,"neow_bonus":"ONE_RANDOM_RARE_CARD","is_daily":false,"chose_seed":false,"campfire_upgraded":9,"win_rate":0.0,"timestamp":1611234634,"path_taken":["R","M","?","?","M","M","T","E","?","M","E","$","R","M","M","BOSS","R","M","M","?","?","R","T","$","E","R","M","?","R","?","M","BOSS","R","M","$","M","$","?","T","R","E","?","E","R","M","E","M","BOSS","E","$","R","BOSS","BOSS"],"items_purchased_type":["Card","Card","Card","Relic"],"build_version":"2020-12-22","purchased_purges":3,"victory":false,"max_hp_per_floor":[70,70,70,70,70,70,70,70,70,70,70,70,70,70,70,70,70,70,70,70,70,70,70,77,77,77,77,77,77,87,87,87,87,87,87,87,87,87,87,87,87,87,87,87,87,87,87,87,87,87,87,87,87,87,87,87,87,87],"card_choices":[{"not_picked":["bronze:Repulsor","bronze:ForLoop"],"picked":"bronze:FollowUp","floor":2.0},{"not_picked":["bronze:Philosophize","bronze:Safeguard","bronze:Frontload"],"picked":"SKIP","floor":4.0},{"not_picked":["bronze:Backtrace","bronze:CloningBeam","bronze:Branch"],"picked":"SKIP","floor":5.0},{"not_picked":["bronze:DelayedGuard","bronze:Overheat"],"picked":"bronze:Boost","floor":6.0},{"not_picked":["bronze:Deprecate","bronze:DigitalCarnage"],"picked":"bronze:FineTuning","floor":8.0},{"not_picked":["bronze:Overheat","bronze:ForLoop"],"picked":"bronze:Return","floor":10.0},{"not_picked":["bronze:ChosenStrike","bronze:Shell"],"picked":"bronze:Iterate","floor":11.0},{"not_picked":["bronze:ShipIt","bronze:OilSpill","bronze:BitShift"],"picked":"SKIP","floor":12.0},{"not_picked":["bronze:Overheat","bronze:Constructor","bronze:Invalidate"],"picked":"SKIP","floor":14.0},{"not_picked":["bronze:Repulsor","bronze:Overheat","bronze:BitShift"],"picked":"SKIP","floor":15.0},{"not_picked":["bronze:Break","bronze:Virus"],"picked":"bronze:ThunderWave","floor":16.0},{"not_picked":["bronze:Frontload","bronze:NullPointer","bronze:DigitalCarnage"],"picked":"SKIP","floor":19.0},{"not_picked":["bronze:Overheat","bronze:CutThrough","bronze:WildBeam+1"],"picked":"SKIP","floor":20.0},{"not_picked":["bronze:Constructor","bronze:Branch"],"picked":"bronze:FineTuning+1","floor":21.0},{"not_picked":["bronze:BuggyMess+1","bronze:Allocate","bronze:Deprecate+1"],"picked":"SKIP","floor":22.0},{"not_picked":["bronze:BugBarrage","bronze:ForLoop"],"picked":"bronze:SpaghettiCode","floor":25.0},{"not_picked":["bronze:GetLatest","bronze:Return","bronze:Overheat"],"picked":"SKIP","floor":26},{"not_picked":["bronze:WildBeam","bronze:WhirlingStrike","bronze:CutThrough+1"],"picked":"SKIP","floor":28},{"not_picked":[],"picked":"bronze:DonuBeam","floor":29},{"not_picked":["bronze:Return","bronze:CutThrough+1"],"picked":"bronze:FollowUp+1","floor":29},{"not_picked":["bronze:DelayedGuard+1","bronze:Separator+1","bronze:ChosenStrike"],"picked":"SKIP","floor":32},{"not_picked":["bronze:InfiniteLoop","bronze:ThunderWave"],"picked":"bronze:AlphaBuild","floor":33},{"not_picked":["bronze:ClassDefault+1","bronze:Frontload"],"picked":"bronze:FollowUp+1","floor":36},{"not_picked":["bronze:Iterate","bronze:BitShift","bronze:BuggyMess+1"],"picked":"SKIP","floor":37},{"not_picked":["bronze:Constructor","bronze:FineTuning"],"picked":"bronze:Repulsor","floor":38},{"not_picked":["bronze:Separator+1","bronze:OilSpill"],"picked":"bronze:Fortify","floor":43},{"not_picked":["bronze:Backtrace","bronze:Branch","bronze:Turbo"],"picked":"SKIP","floor":45},{"not_picked":["bronze:Terminator","bronze:Repulsor","bronze:Allocate+1"],"picked":"SKIP","floor":47},{"not_picked":["bronze:ChildClass+1","bronze:Invalidate"],"picked":"bronze:Format","floor":48},{"not_picked":["bronze:GetLatest+1","bronze:Separator","bronze:DelayedGuard"],"picked":"SKIP","floor":49},{"not_picked":["bronze:CloningBeam+1","bronze:BuggyMess","bronze:NullPointer+1"],"picked":"SKIP","floor":52}],"player_experience":736591,"relics_obtained":[{"floor":8.0,"key":"Bag of Preparation"},{"floor":9.0,"key":"Toy Ornithopter"},{"floor":11.0,"key":"Nunchaku"},{"floor":24.0,"key":"Strawberry"},{"floor":26,"key":"InkBottle"},{"floor":31,"key":"hubris:BottledRain"},{"floor":41,"key":"PreservedInsect"},{"floor":43,"key":"Centennial Puzzle"},{"floor":45,"key":"MealTicket"},{"floor":48,"key":"Omamori"},{"floor":52,"key":"Letter Opener"}],"event_choices":[],"is_beta":false,"boss_relics":[{"not_picked":["hubris:Stopwatch","Fusion Hammer"],"picked":"Coffee Dripper"},{"not_picked":["hubris:BlackHole","Black Star"],"picked":"Sozu"}],"items_purged_floors":[37,39,44],"is_endless":false,"potions_floor_spawned":[2,4,5,9,16,20,21,26,38,45,48,49],"killed_by":"downfall:NeowBossFinal","ascension_level":1}}