{"host":"dfkyfs40szv6n8ol","time":1611245027,"event":{"mods":["BaseMod","BetterRewards","Downfall","Halation","Hermit","Hubris","Infinite Spire","Marisa????????","Minty Spire (QoL Compilation)","Quick Restart","Shop Mod","StSLib","The Bug Knight","The Necromancer","The Runesmith","The Servant 0.9.4","everything is the same but u backflip on backflip"],"gold_per_floor":[111,126,301,312,327,327,327,327,327,348,358,358,374,374,374,472,472,492,512,525,525,536,536,536],"floor_reached":23,"language":"ENG","playtime":895,"items_purged":[],"score":284,"play_id":"393d76c0-fda7-4f5f-a23e-3ae98b124543","local_time":"20210121110347","is_ascension_mode":false,"campfire_choices":[{"floor":6,"key":"REST"},{"floor":8,"key":"REST"},{"floor":12,"key":"REST"},{"floor":15,"key":"REST"}],"circlet_count":0,"master_deck":["Strike_G","Strike_G","Strike_G","Strike_G","Strike_G","Defend_G","Defend_G","Defend_G","Defend_G","Defend_G","Survivor","Neutralize","Catalyst","Noxious Fumes","Bouncing Flask","Crippling Poison","Acrobatics","Dodge and Roll","Bane","Flying Knee","Deflect","A Thousand Cuts","hubris:Counter","Corpse Explosion","Acrobatics+1","Cloak And Dagger+1"],"relics":["Ring of the Snake","Potion Belt","halation:Diary","infinitespire:WardingShard","Odd Mushroom","hubris:Icosahedron","hubris:ScarierMask","Spirit Poop"],"acts_visited":["Exordium","TheCity"],"potions_floor_usage":[23,23,23,23,23],"damage_taken":[{"damage":4,"enemies":"Cultist","floor":1,"turns":4},{"damage":3,"enemies":"Jaw Worm","floor":2,"turns":3},{"damage":0,"enemies":"Small Slimes","floor":4,"turns":3},{"damage":11,"enemies":"3 Louse","floor":5,"turns":3},{"damage":12,"enemies":"The Mushroom Lair","floor":10,"turns":3},{"damage":13,"enemies":"Large Slime","floor":11,"turns":6},{"damage":24,"enemies":"Gremlin Gang","floor":13,"turns":3},{"damage":50,"enemies":"Slime Boss","floor":16,"turns":12},{"damage":15,"enemies":"Chosen","floor":18,"turns":8},{"damage":5,"enemies":"3 Byrds","floor":19,"turns":4},{"damage":19,"enemies":"Cultist and Chosen","floor":20,"turns":5},{"damage":19,"enemies":"Snake Plant","floor":22,"turns":5},{"damage":16,"enemies":"Book of Stabbing","floor":23,"turns":5}],"seed_played":"3130987918510926622","potions_obtained":[{"floor":2,"key":"Guardian:BlockOnCardUsePotion"},{"floor":5,"key":"Dexterity Potion"},{"floor":11,"key":"SteroidPotion"},{"floor":19,"key":"LiquidMemories"},{"floor":22,"key":"DistilledChaos"}],"is_trial":false,"path_per_floor":["M","M","?","M","M","R","?","R","T","?","M","R","M","?","R","B",null,"M","M","M","?","M","E"],"character_chosen":"THE_SILENT","items_purchased":["Catalyst","Potion Belt","halation:Diary","Noxious Fumes"],"campfire_rested":4,"item_purchase_floors":[0,0,0,0],"current_hp_per_floor":[47,44,44,44,33,54,54,70,70,58,45,66,42,42,63,13,70,55,50,31,31,12,0,0],"gold":536,"neow_bonus":"","is_daily":false,"chose_seed":false,"campfire_upgraded":0,"win_rate":0.0,"timestamp":1611245027,"path_taken":["M","M","?","M","M","R","?","R","T","?","M","R","M","?","R","BOSS","M","M","M","?","M","E"],"items_purchased_type":["Card","Relic","Relic","Card"],"build_version":"2020-12-22","purchased_purges":0,"victory":false,"max_hp_per_floor":[70,70,70,70,70,70,70,70,70,70,70,70,70,70,70,70,70,70,70,70,70,70,70,70],"card_choices":[{"not_picked":["Concentrate","Underhanded Strike"],"picked":"Bouncing Flask","floor":1},{"not_picked":["Flying Knee","Bane"],"picked":"Crippling Poison","floor":2},{"not_picked":["Flying Knee","Escape Plan"],"picked":"Acrobatics","floor":4},{"not_picked":["Sucker Punch","Grand Finale"],"picked":"Dodge and Roll","floor":5},{"not_picked":["Riddle With Holes","Slice"],"picked":"Bane","floor":10},{"not_picked":["Dash","Expertise"],"picked":"Flying Knee","floor":11},{"not_picked":["Slice","Accuracy"],"picked":"Deflect","floor":13},{"not_picked":["Night Terror","Storm of Steel"],"picked":"A Thousand Cuts","floor":16},{"not_picked":["Deflect","Dagger Spray"],"picked":"hubris:Counter","floor":18},{"not_picked":["Dagger Throw+1","Dagger Spray"],"picked":"Corpse Explosion","floor":19},{"not_picked":["Dagger Spray","Blade Dance"],"picked":"Acrobatics+1","floor":20},{"not_picked":["Eviscerate","Dodge and Roll"],"picked":"Cloak And Dagger+1","floor":22}],"player_experience":88651,"relics_obtained":[{"floor":9,"key":"infinitespire:WardingShard"},{"floor":10,"key":"Odd Mushroom"}],"event_choices":[{"damage_healed":0,"gold_gain":175,"player_choice":"AGREE","damage_taken":0,"max_hp_gain":0,"max_hp_loss":0,"event_name":"Liars Game","floor":3,"gold_loss":0,"cards_obtained":["Doubt"]},{"damage_healed":0,"gold_gain":0,"player_choice":"Ignored","damage_taken":0,"max_hp_gain":0,"max_hp_loss":0,"event_name":"Golden Wing","floor":7,"gold_loss":0},{"damage_healed":0,"gold_gain":0,"player_choice":"Fought Mushrooms","damage_taken":0,"max_hp_gain":0,"max_hp_loss":0,"event_name":"Mushrooms","floor":10,"gold_loss":0},{"cards_removed":["Doubt"],"damage_healed":0,"gold_gain":0,"player_choice":"Offered Curse","damage_taken":0,"relics_obtained":["Spirit Poop"],"max_hp_gain":0,"max_hp_loss":0,"event_name":"Bonfire Elementals","floor":21,"gold_loss":0}],"is_beta":false,"boss_relics":[{"not_picked":["hubris:BlackHole","halation:SmartPhone"],"picked":"hubris:ScarierMask"}],"items_purged_floors":[],"is_endless":false,"potions_floor_spawned":[2,5,11,19,22],"killed_by":"Book of Stabbing","ascension_level":0}}