{"host":"nrxstibvl428zo7h","time":1611192887,"event":{"mods":["AchievementEnabler","BaseMod","Colored Map","Dark Map","Minty Spire (QoL Compilation)","StSLib"],"gold_per_floor":[115,132,143,143,177,228,228,228,228,256,288,320,403,415,427,539,551,581,593,605,637,649,694,706,752,764,776,788,800,812,824,836,848,848],"floor_reached":33,"language":"ENG","playtime":1077,"items_purged":[],"score":306,"play_id":"c8b836af-eb08-4ae3-9581-9f1f2959c4fd","local_time":"20210120173447","is_ascension_mode":false,"campfire_choices":[{"data":"Hemokinesis","floor":7,"key":"SMITH"},{"data":"Magnetism","floor":15,"key":"SMITH"},{"floor":24,"key":"REST"},{"floor":27,"key":"REST"},{"floor":30,"key":"RECALL"},{"data":"Anger","floor":32,"key":"SMITH"}],"circlet_count":0,"master_deck":["Defend_R+1","Defend_R+1","Defend_R+1","Defend_R+1","Bash","Magnetism+1","Hemokinesis+1","Shrug It Off","Headbutt","Uppercut","Feed","Anger+1","Carnage","Shrug It Off+1","Bite","Bite","Bite","Bite","Bite","Armaments","Exhume","Writhe","Clumsy"],"relics":["Burning Blood","Tiny Chest","Pear","MawBank","Eternal Feather","Cursed Key","Bag of Marbles","MealTicket","Sundial","Bottled Flame","Molten Egg 2"],"acts_visited":["Exordium","TheCity"],"potions_floor_usage":[],"damage_taken":[{"damage":3,"enemies":"2 Louse","floor":1,"turns":3},{"damage":3,"enemies":"Jaw Worm","floor":2,"turns":3},{"damage":4,"enemies":"Small Slimes","floor":3,"turns":4},{"damage":6,"enemies":"Exordium Thugs","floor":5,"turns":6},{"damage":8,"enemies":"Gremlin Nob","floor":10,"turns":3},{"damage":4,"enemies":"3 Louse","floor":11,"turns":4},{"damage":5,"enemies":"Looter","floor":12,"turns":4},{"damage":71,"enemies":"Hexaghost","floor":16,"turns":11},{"damage":7,"enemies":"Chosen","floor":18,"turns":4},{"damage":13,"enemies":"Shell Parasite","floor":21,"turns":4},{"damage":68,"enemies":"Slavers","floor":23,"turns":8},{"damage":47,"enemies":"Book of Stabbing","floor":25,"turns":7},{"damage":90,"enemies":"Automaton","floor":33,"turns":8}],"seed_played":"2042019602790164785","potions_obtained":[{"floor":3,"key":"Block Potion"},{"floor":5,"key":"Swift Potion"},{"floor":16,"key":"GamblersBrew"}],"is_trial":false,"path_per_floor":["M","M","M","?","M","T","R","?","T","E","M","M","?","T","R","B",null,"M","?","?","M","?","E","R","E","T","R","$","T","R","?","R","B"],"character_chosen":"IRONCLAD","items_purchased":[],"campfire_rested":2,"item_purchase_floors":[],"current_hp_per_floor":[59,62,64,64,64,64,64,64,74,72,74,75,75,75,84,19,90,89,89,89,82,62,13,44,23,23,55,68,68,68,68,68,0,0],"gold":848,"neow_bonus":"RANDOM_COLORLESS_2","is_daily":false,"chose_seed":false,"campfire_upgraded":3,"win_rate":0.0,"timestamp":1611192887,"path_taken":["M","M","M","?","M","?","R","?","T","E","M","?","?","?","R","BOSS","M","?","?","M","?","E","R","E","T","R","$","?","R","?","R","BOSS"],"items_purchased_type":[],"build_version":"2020-12-22","purchased_purges":0,"victory":false,"max_hp_per_floor":[80,80,80,80,80,80,80,80,90,90,90,90,90,90,90,90,90,90,90,90,90,62,65,65,68,68,68,68,68,68,68,68,68,68],"card_choices":[{"not_picked":["Master of Strategy","Metamorphosis"],"picked":"Magnetism","floor":0},{"not_picked":["Blood for Blood","Cleave"],"picked":"Hemokinesis","floor":1},{"not_picked":["Headbutt","Havoc"],"picked":"Shrug It Off","floor":2},{"not_picked":["True Grit","Burning Pact"],"picked":"Headbutt","floor":3},{"not_picked":["Corruption","Entrench","Clash"],"picked":"SKIP","floor":5},{"not_picked":["Metallicize","Warcry","Clothesline"],"picked":"SKIP","floor":10},{"not_picked":["Havoc","Thunderclap"],"picked":"Iron Wave","floor":11},{"not_picked":["Sever Soul","Searing Blow"],"picked":"Infernal Blade","floor":12},{"not_picked":["Offering","Berserk"],"picked":"Feed","floor":16},{"not_picked":["Warcry+1","Twin Strike","Heavy Blade"],"picked":"SKIP","floor":18},{"not_picked":["Power Through","Uppercut"],"picked":"Shrug It Off+1","floor":21},{"not_picked":["Pommel Strike+1","Limit Break"],"picked":"Armaments","floor":23},{"not_picked":["Flex","Warcry"],"picked":"Exhume","floor":25}],"player_experience":87334,"relics_obtained":[{"floor":6,"key":"Tiny Chest"},{"floor":9,"key":"Pear"},{"floor":10,"key":"MawBank"},{"floor":14,"key":"Eternal Feather"},{"floor":23,"key":"Bag of Marbles"},{"floor":25,"key":"MealTicket"},{"floor":26,"key":"Sundial"},{"floor":29,"key":"Bottled Flame"}],"event_choices":[{"damage_healed":0,"gold_gain":0,"cards_transformed":["Strike_R"],"player_choice":"Change","damage_taken":0,"max_hp_gain":0,"max_hp_loss":0,"event_name":"Living Wall","floor":4,"gold_loss":0,"cards_obtained":["Uppercut"]},{"damage_healed":0,"gold_gain":0,"player_choice":"Bought 0 Potions","damage_taken":0,"max_hp_gain":0,"max_hp_loss":0,"event_name":"The Woman in Blue","floor":8,"gold_loss":0},{"damage_healed":0,"gold_gain":71,"player_choice":"Gained Gold","damage_taken":0,"max_hp_gain":0,"max_hp_loss":0,"event_name":"Golden Wing","floor":13,"gold_loss":0},{"damage_healed":0,"gold_gain":0,"player_choice":"Simplicity","damage_taken":0,"max_hp_gain":0,"max_hp_loss":0,"event_name":"Back to Basics","floor":19,"gold_loss":0,"cards_upgraded":["Strike_R","Strike_R","Strike_R","Strike_R","Defend_R","Defend_R","Defend_R","Defend_R"]},{"damage_healed":0,"gold_gain":0,"cards_transformed":["Iron Wave","Infernal Blade"],"player_choice":"Became Test Subject","damage_taken":0,"max_hp_gain":0,"max_hp_loss":0,"event_name":"Drug Dealer","floor":20,"gold_loss":0,"cards_obtained":["Anger","Carnage"]},{"damage_healed":0,"gold_gain":0,"player_choice":"Became a vampire","damage_taken":0,"max_hp_gain":0,"max_hp_loss":28,"event_name":"Vampires","floor":22,"gold_loss":0,"cards_obtained":["Bite","Bite","Bite","Bite","Bite"]},{"damage_healed":0,"gold_gain":0,"player_choice":"Opened","damage_taken":0,"relics_obtained":["Molten Egg 2"],"max_hp_gain":0,"max_hp_loss":0,"event_name":"The Mausoleum","floor":31,"gold_loss":0}],"is_beta":false,"boss_relics":[{"not_picked":["Mark of Pain","Black Star"],"picked":"Cursed Key"}],"items_purged_floors":[],"is_endless":false,"potions_floor_spawned":[3,5,16,23],"killed_by":"Automaton","ascension_level":0}}