{"host":"v4tuy5ykrbdcm9o9","time":1611197795,"event":{"mods":["BaseMod","Duelist Mod","Minty Spire (QoL Compilation)","Replay The Spire","StSLib"],"gold_per_floor":[118,118,129,140,156,184,184,218,218,66,66,78,78,91,91,193,193,207,219,232,242,242,268,284,310,387,387,421,436,471,29,29,127,127,138,0,11,56,56,90,102,116,139,168,179,179,208,208,208,228,228,228,33,81,103],"floor_reached":56,"language":"ENG","playtime":5727,"items_purged":["Spreading Infection"],"score":1378,"play_id":"a61fcf26-a58f-4983-b0e9-aa9699f984a2","local_time":"20210120215635","is_ascension_mode":true,"campfire_choices":[{"data":"Armaments","floor":7,"key":"SMITH"},{"floor":11,"key":"RECALL"},{"data":"ReplayTheSpireMod:LeadingStrike","floor":15,"key":"SMITH"},{"floor":32,"key":"DIG"},{"data":"ReplayTheSpireMod:Limb From Limb","floor":46,"key":"SMITH"},{"floor":49,"key":"REST"}],"circlet_count":0,"master_deck":["Strike_R","Strike_R","Strike_R","Strike_R","Strike_R","Defend_R","Defend_R","Defend_R","Defend_R","Bash","ReplayTheSpireMod:Limb From Limb+1","Self Repair+1","Shockwave","Armaments+1","Turbo+1","Warcry","Bloodletting","Flex","ReplayTheSpireMod:Limb From Limb","Run Through","ReplayTheSpireMod:LeadingStrike+1","Bludgeon","ReplayTheSpireMod:Stacked","Twin Strike","Fire Breathing","Perfected Strike","Armaments+1","Headbutt","Infernal Blade+1","Havoc+1","Perfected Strike","Replay:Undeath\u0027s Touch","Violence+1","Flex+1","ReplayTheSpireMod:Muscle Training+1","Immolate","Inflame+1","Thunderclap+1","ReplayReversal+1","Madness+1","Madness+1","Replay:Undeath\u0027s Touch+1","Rupture+1","Inflame","Cleave+1","Warcry+1","Flex+1","ReplayTheSpireMod:Necrogeddon","Apotheosis+1","Metamorphosis+1","Headbutt+1"],"relics":["Torii","Iron Core","Akabeko","Blue Candle","ReplayTheSpireMod:Ring of Addiction","White Beast Statue","Chameleon Ring","Painkiller Herb","MutagenicStrength","Toxic Egg 2","Potion Belt","Snack Pack","Charon\u0027s Ashes","Gambling Chip","ReplayTheSpireMod:Shallot","Honey Jar","Red Mask","TungstenRod","Art of War","Gremlin Food","PreservedInsect","Replay:Bandana","Mirror"],"acts_visited":["Exordium","TheCity","TheBeyond","TheEnding"],"potions_floor_usage":[13,14,16,18,19,19,19,21,24,24,28,29,29,30,33,33,33,33,37,38,41,44,47,50,50,54,55,55,55],"damage_taken":[{"damage":8,"enemies":"2 Louse","floor":1,"turns":3},{"damage":15,"enemies":"Small Slimes","floor":3,"turns":3},{"damage":2,"enemies":"Cultist","floor":4,"turns":4},{"damage":3,"enemies":"Red Slaver","floor":5,"turns":6},{"damage":2,"enemies":"Lagavulin","floor":6,"turns":7},{"damage":11,"enemies":"Replay:BlueRogue","floor":8,"turns":5},{"damage":1,"enemies":"3 Louse","floor":12,"turns":3},{"damage":7,"enemies":"Gremlin Gang","floor":14,"turns":5},{"damage":11,"enemies":"Hexaghost","floor":16,"turns":6},{"damage":0,"enemies":"Shell Parasite","floor":18,"turns":1},{"damage":7,"enemies":"3 Byrds","floor":19,"turns":3},{"damage":10,"enemies":"Centurion and Healer","floor":20,"turns":5},{"damage":2,"enemies":"Chosen and Byrds","floor":21,"turns":4},{"damage":25,"enemies":"theDuelist:KaibaA2","floor":23,"turns":3},{"damage":0,"enemies":"3 Cultists","floor":24,"turns":3},{"damage":5,"enemies":"Book of Stabbing","floor":25,"turns":3},{"damage":1,"enemies":"theDuelist:KaibaA2","floor":28,"turns":2},{"damage":1,"enemies":"Centurion and Healer","floor":29,"turns":3},{"damage":11,"enemies":"Slavers","floor":30,"turns":4},{"damage":50,"enemies":"Automaton","floor":33,"turns":7},{"damage":0,"enemies":"Orb Walker","floor":35,"turns":2},{"damage":10,"enemies":"3 Darklings","floor":37,"turns":3},{"damage":1,"enemies":"2 Orb Walkers","floor":38,"turns":2},{"damage":16,"enemies":"R_Hoarder","floor":40,"turns":5},{"damage":0,"enemies":"Spire Growth","floor":41,"turns":2},{"damage":0,"enemies":"4 Shapes","floor":42,"turns":1},{"damage":10,"enemies":"Giant Head","floor":44,"turns":5},{"damage":0,"enemies":"Sphere and 2 Shapes","floor":45,"turns":2},{"damage":20,"enemies":"Reptomancer","floor":47,"turns":3},{"damage":60,"enemies":"Replay:Hell Engine","floor":50,"turns":8},{"damage":7,"enemies":"Shield and Spear","floor":54,"turns":3},{"damage":49,"enemies":"The Heart","floor":55,"turns":6}],"seed_played":"-2562477782679615123","potions_obtained":[{"floor":3,"key":"Fire Potion"},{"floor":6,"key":"Reflective Coating"},{"floor":8,"key":"AttackPotion"},{"floor":12,"key":"Energy Potion"},{"floor":13,"key":"Fruit Juice"},{"floor":13,"key":"DistilledChaos"},{"floor":14,"key":"Explosive Potion"},{"floor":16,"key":"Energy Potion"},{"floor":18,"key":"Dexterity Potion"},{"floor":19,"key":"Reflective Coating"},{"floor":20,"key":"HeartOfIron"},{"floor":21,"key":"Explosive Potion"},{"floor":23,"key":"Fire Potion"},{"floor":24,"key":"DistilledChaos"},{"floor":25,"key":"LifebloodPotion"},{"floor":27,"key":"Languid Potion"},{"floor":27,"key":"Swift Potion"},{"floor":28,"key":"Explosive Potion"},{"floor":29,"key":"LifebloodPotion"},{"floor":30,"key":"Milkshake"},{"floor":33,"key":"LiquidBronze"},{"floor":35,"key":"FearPotion"},{"floor":37,"key":"Energy Potion"},{"floor":38,"key":"CultistPotion"},{"floor":40,"key":"SpeedPotion"},{"floor":41,"key":"Adrenaline Potion"},{"floor":42,"key":"Languid Potion"},{"floor":44,"key":"SpeedPotion"},{"floor":45,"key":"FairyPotion"},{"floor":47,"key":"AttackPotion"},{"floor":52,"key":"Toxic Potion"},{"floor":52,"key":"Cursed Concoction"},{"floor":54,"key":"BloodPotion"}],"is_trial":false,"path_per_floor":["M","?","M","M","M","E","R","E","T","$","R","M","?","M","R","B",null,"?","?","?","?","?","E","?","E","T","T","E","?","E","T","T","B",null,"?","?","?","?","?","E","?","?","T","E","?","T","E","?","T","B",null,"T","T","E","B",null],"character_chosen":"IRONCLAD","items_purchased":["Flex","ReplayTheSpireMod:Limb From Limb","Strength Potion","Violence+1","Flex+1","ReplayTheSpireMod:Muscle Training+1","Adrenaline Potion","Metamorphosis+1"],"campfire_rested":1,"item_purchase_floors":[10,10,10,31,31,31,31,53],"current_hp_per_floor":[70,70,65,73,80,80,80,79,79,79,79,80,85,78,78,77,83,85,85,85,83,83,68,68,63,63,63,74,83,74,74,74,44,73,75,75,81,81,72,60,72,74,74,80,80,80,71,67,81,39,71,71,71,66,62],"gold":103,"neow_bonus":"ONE_RARE_RELIC","is_daily":false,"chose_seed":false,"campfire_upgraded":3,"win_rate":0.0,"timestamp":1611197795,"path_taken":["M","?","M","M","M","E","R","E","T","$","R","M","?","M","R","BOSS","?","?","?","?","?","E","?","E","T","T","E","?","E","T","T","BOSS","?","?","?","?","?","E","?","?","T","E","?","T","E","?","T","BOSS","T","T","E","BOSS"],"items_purchased_type":["Card","Card","Potion","Card","Card","Card","Potion","Card"],"build_version":"2020-12-22","purchased_purges":1,"victory":true,"max_hp_per_floor":[80,80,80,80,80,80,80,80,80,80,80,80,85,85,85,85,85,85,85,85,85,85,85,85,85,85,85,83,83,83,83,83,83,83,83,83,81,81,81,81,81,81,81,81,81,81,81,81,81,81,81,81,81,79,79],"card_choices":[{"not_picked":["ReplayTheSpireMod:Strike From Hell","Feel No Pain"],"picked":"ReplayTheSpireMod:Limb From Limb","floor":1},{"not_picked":["Thunderclap","Iron Wave"],"picked":"Shockwave","floor":3},{"not_picked":["WeaponsOverheat","Carnage"],"picked":"Armaments","floor":4},{"not_picked":["Rage","Battle Trance"],"picked":"Turbo","floor":5},{"not_picked":["Clash","Sword Boomerang"],"picked":"Warcry","floor":6},{"not_picked":["Massacre","ReplayTheSpireMod:Omega Cannon"],"picked":"Bloodletting","floor":8},{"not_picked":["Gash","Evolve"],"picked":"Run Through","floor":12},{"not_picked":["Sword Boomerang","Recycle"],"picked":"ReplayTheSpireMod:LeadingStrike","floor":14},{"not_picked":["Brutality","Exhume"],"picked":"Bludgeon","floor":16},{"not_picked":["Run Through","Cleave"],"picked":"ReplayTheSpireMod:Stacked","floor":18},{"not_picked":["Cleave","ReplayTheSpireMod:Strike From Hell"],"picked":"Twin Strike","floor":19},{"not_picked":["Berserk","Run Through"],"picked":"Fire Breathing","floor":20},{"not_picked":["Pummel","Sword Boomerang"],"picked":"Perfected Strike","floor":21},{"not_picked":["Flex+1","Heavy Blade"],"picked":"Armaments+1","floor":23},{"not_picked":["Pommel Strike","Metallicize"],"picked":"Headbutt","floor":24},{"not_picked":["Searing Blow","Eclipse+1"],"picked":"Infernal Blade+1","floor":25},{"not_picked":["ReplayTheSpireMod:LeadingStrike","Feel No Pain+1"],"picked":"Havoc+1","floor":28},{"not_picked":["Combust","ReplayTheSpireMod:Stacked+1"],"picked":"Perfected Strike","floor":29},{"not_picked":["Reckless Charge","ReplayTheSpireMod:Corrosion Curse+1"],"picked":"Replay:Undeath\u0027s Touch","floor":30},{"not_picked":["Demonic Infusion+1","Hemogenesis"],"picked":"Immolate","floor":33},{"not_picked":["Wild Strike","Havoc+1","Massacre"],"picked":"Inflame+1","floor":35},{"not_picked":["Pummel","Iron Wave","Dropkick"],"picked":"Thunderclap+1","floor":37},{"not_picked":["Abandon+1","Iron Wave+1","Body Slam+1"],"picked":"ReplayReversal+1","floor":38},{"not_picked":["Run Through","Abandon+1","Metallicize"],"picked":"Replay:Undeath\u0027s Touch+1","floor":40},{"not_picked":["Clash+1","Thunderclap+1","Anger+1"],"picked":"Rupture+1","floor":41},{"not_picked":["Entrench+1","Pummel","Iron Wave+1"],"picked":"Inflame","floor":42},{"not_picked":["Clothesline+1","Clash","Armaments+1"],"picked":"Cleave+1","floor":44},{"not_picked":["ReplayTheSpireMod:Strike From Hell+1","Wild Strike+1","Clash"],"picked":"Warcry+1","floor":45},{"not_picked":["Rampage","Burning Pact+1","Clothesline"],"picked":"Flex+1","floor":47},{"not_picked":["ReplayTheSpireMod:Brewmster","Replay:Sssssssssstrike","Deep Breath+1"],"picked":"ReplayTheSpireMod:Necrogeddon","floor":48},{"not_picked":["Panache","Dramatic Entrance","Finesse+1"],"picked":"Apotheosis+1","floor":48},{"not_picked":["Body Slam+1","Burning Pact+1","Power Through+1"],"picked":"Headbutt+1","floor":54}],"player_experience":613430,"relics_obtained":[{"floor":6,"key":"Akabeko"},{"floor":8,"key":"Blue Candle"},{"floor":13,"key":"ReplayTheSpireMod:Ring of Addiction"},{"floor":13,"key":"White Beast Statue"},{"floor":13,"key":"Chameleon Ring"},{"floor":23,"key":"Toxic Egg 2"},{"floor":25,"key":"Potion Belt"},{"floor":26,"key":"Snack Pack"},{"floor":28,"key":"Charon\u0027s Ashes"},{"floor":30,"key":"Gambling Chip"},{"floor":32,"key":"ReplayTheSpireMod:Shallot"},{"floor":38,"key":"TungstenRod"},{"floor":40,"key":"Art of War"},{"floor":43,"key":"Gremlin Food"},{"floor":44,"key":"PreservedInsect"},{"floor":47,"key":"Replay:Bandana"},{"floor":54,"key":"Mirror"}],"event_choices":[{"damage_healed":0,"gold_gain":0,"player_choice":"Inject Mutagens","damage_taken":0,"relics_obtained":["MutagenicStrength"],"max_hp_gain":0,"max_hp_loss":0,"event_name":"Drug Dealer","floor":22,"gold_loss":0},{"damage_healed":0,"gold_gain":0,"player_choice":"Paid","damage_taken":0,"relics_obtained":["Red Mask"],"max_hp_gain":0,"max_hp_loss":0,"event_name":"Tomb of Lord Red Mask","floor":36,"gold_loss":138},{"damage_healed":0,"gold_gain":0,"player_choice":"Fight","damage_taken":0,"max_hp_gain":0,"max_hp_loss":0,"event_name":"Mysterious Sphere","floor":38,"gold_loss":0},{"damage_healed":0,"gold_gain":0,"player_choice":"Embrace Madness","damage_taken":10,"max_hp_gain":0,"max_hp_loss":0,"event_name":"Winding Halls","floor":39,"gold_loss":0,"cards_obtained":["Madness","Madness"]},{"damage_healed":0,"gold_gain":0,"player_choice":"Memory 2","damage_taken":5,"max_hp_gain":0,"max_hp_loss":0,"event_name":"SensoryStone","floor":48,"gold_loss":0}],"is_beta":false,"boss_relics":[{"not_picked":["Coffee Dripper","Replay:Wanted Poster"],"picked":"Painkiller Herb"},{"not_picked":["Mark of Pain","Astrolabe"],"picked":"Honey Jar"}],"items_purged_floors":[31],"is_endless":false,"potions_floor_spawned":[3,6,8,12,14,16,18,19,20,21,23,24,25,28,29,30,33,35,37,38,40,41,42,44,45,47,54],"ascension_level":6}}