{"host":"9t2ympe4rhhsn2bt","time":1611250336,"event":{"mods":["BaseMod","Bestiary","Colored Powertips","Highlight Path","Minty Spire (QoL Compilation)","Quick Restart","StSLib","The Servant 0.9.4"],"gold_per_floor":[114,114,130,142,156,156,185,197,248,248,264,264,264,229,229,353,353,378,373,132,152,152,152,25,25,25],"floor_reached":25,"language":"FRA","playtime":2527,"items_purged":[],"score":203,"play_id":"7faa2783-9527-49e9-af96-1c1dc0150269","local_time":"20210121183216","is_ascension_mode":false,"campfire_choices":[{"floor":6,"key":"REST"},{"floor":10,"key":"REST"},{"floor":15,"key":"REST"},{"floor":23,"key":"REST"}],"circlet_count":0,"master_deck":["Strike_S","Strike_S","Strike_S","Strike_S","Defend_S","Defend_S","Defend_S","Defend_S","Exchange","Ricochet","RealityMarble","Unruled","SpecialFormula","ShatteredReality","Rearm","ShatteredReality","Injury","FlawlessForm","FastForward","Spin","Dramatic Entrance","SpecialFormula","Exchange","SurpressingFire","DoubleEdge"],"relics":["Uniform","Bag of Preparation","Pen Nib","Strawberry","Golden Idol","Sozu","Lee\u0027s Waffle"],"acts_visited":["Exordium","TheCity"],"potions_floor_usage":[7,7,11,16],"damage_taken":[{"damage":6.0,"enemies":"Jaw Worm","floor":1.0,"turns":4.0},{"damage":0.0,"enemies":"Cultist","floor":3.0,"turns":5.0},{"damage":5,"enemies":"Small Slimes","floor":4,"turns":5},{"damage":0,"enemies":"3 Louse","floor":5,"turns":3},{"damage":55,"enemies":"Lagavulin","floor":7,"turns":8},{"damage":5,"enemies":"Looter","floor":8,"turns":3},{"damage":15,"enemies":"Red Slaver","floor":11,"turns":5},{"damage":20,"enemies":"Slime Boss","floor":16,"turns":9},{"damage":3,"enemies":"Spheric Guardian","floor":18,"turns":4},{"damage":11,"enemies":"2 Thieves","floor":19,"turns":4},{"damage":36,"enemies":"Sentry and Sphere","floor":21,"turns":6},{"damage":78,"enemies":"Gremlin Leader","floor":25,"turns":7}],"seed_played":"8853152935663684909","potions_obtained":[{"floor":4,"key":"AttackPotion"},{"floor":5,"key":"LiquidBronze"},{"floor":7,"key":"Ancient Potion"},{"floor":11,"key":"SteroidPotion"}],"is_trial":false,"path_per_floor":["M","?","M","M","M","R","E","M","T","R","M","?","?","?","R","B",null,"M","M","$","M","?","R","$","E"],"character_chosen":"THE_SERVANT","items_purchased":["Lee\u0027s Waffle","Dramatic Entrance","SurpressingFire","DoubleEdge"],"campfire_rested":4,"item_purchase_floors":[20,20,24,24],"current_hp_per_floor":[59,59,59,54,54,65,10,10,17,38,28,28,28,46,67,52,72,69,63,79,43,43,66,66,0,0],"gold":25,"neow_bonus":"RANDOM_COMMON_RELIC","is_daily":false,"chose_seed":false,"campfire_upgraded":0,"win_rate":0.0,"timestamp":1611250336,"path_taken":["M","?","M","M","?","R","E","M","T","R","M","?","?","?","R","BOSS","M","M","$","M","?","R","$","E"],"items_purchased_type":["Relic","Card","Card","Card"],"build_version":"2020-12-22","purchased_purges":0,"victory":false,"max_hp_per_floor":[65,65,65,65,65,65,65,65,72,72,72,72,72,72,72,72,72,72,72,79,79,79,79,79,79,79],"card_choices":[{"not_picked":["TimeWarp","BottledTime"],"picked":"Ricochet","floor":1.0},{"not_picked":["Revamp","Rearm"],"picked":"RealityMarble","floor":3.0},{"not_picked":["WasteNot","Deny"],"picked":"Unruled","floor":4},{"not_picked":["Alleviate","Spin"],"picked":"SpecialFormula","floor":5},{"not_picked":["Ricochet","WasteNot"],"picked":"ShatteredReality","floor":7},{"not_picked":["TheWorld","Spin"],"picked":"Rearm","floor":8},{"not_picked":["Revamp","DualDimension"],"picked":"ShatteredReality","floor":11},{"not_picked":["Solidify","Deny"],"picked":"FlawlessForm","floor":16},{"not_picked":["ShatteredReality","Replace"],"picked":"FastForward","floor":18},{"not_picked":["SpecialFormula+1","Ricochet"],"picked":"Spin","floor":19},{"not_picked":["Collapse","Reset"],"picked":"SpecialFormula","floor":21}],"player_experience":280247,"relics_obtained":[{"floor":7,"key":"Pen Nib"},{"floor":9,"key":"Strawberry"}],"event_choices":[{"cards_removed":["KidneyShot"],"damage_healed":0.0,"max_hp_gain":0.0,"max_hp_loss":0.0,"gold_gain":0.0,"event_name":"Bonfire Elementals","player_choice":"Offered Basic","floor":2.0,"gold_loss":0.0,"damage_taken":0.0},{"damage_healed":0,"gold_gain":0,"player_choice":"Ignored","damage_taken":0,"max_hp_gain":0,"max_hp_loss":0,"event_name":"Golden Wing","floor":12,"gold_loss":0},{"damage_healed":0,"gold_gain":0,"player_choice":"Take Wound","damage_taken":0,"relics_obtained":["Golden Idol"],"max_hp_gain":0,"max_hp_loss":0,"event_name":"Golden Idol","floor":13,"gold_loss":0,"cards_obtained":["Injury"]},{"damage_healed":18,"gold_gain":0,"player_choice":"Healed","damage_taken":0,"max_hp_gain":0,"max_hp_loss":0,"event_name":"The Cleric","floor":14,"gold_loss":35},{"damage_healed":0,"gold_gain":0,"player_choice":"Copied","damage_taken":0,"max_hp_gain":0,"max_hp_loss":0,"event_name":"Duplicator","floor":22,"gold_loss":0,"cards_obtained":["Exchange"]}],"is_beta":false,"boss_relics":[{"not_picked":["Coffee Dripper","Black Star"],"picked":"Sozu"}],"items_purged_floors":[],"is_endless":false,"potions_floor_spawned":[4,5,7,11,18],"killed_by":"Gremlin Leader","ascension_level":0}}