{"host":"rwzz6mk6bpmb57ql","time":1611266238,"event":{"mods":["AchievementEnabler","BaseMod","Better Third Choice","BetterRewards","Colored Map","Highlight Path","Hubris","Infinite Spire","Minty Spire (QoL Compilation)","Replay The Spire","StSLib","Wandering Minibosses"],"gold_per_floor":[5611,5536,4634,4654,3583,3608,3608,3608,3634,3654,3682,3682,3717,3727,3727,3799,3799,3812,3812,3812,3830,3330,3355,2359,2370,2370,2370],"floor_reached":26,"language":"ENG","playtime":1311,"items_purged":["Strike_G","Defend_G","Defend_G"],"score":654,"play_id":"5c7b90cb-816a-4f8a-9570-780183ec65c3","local_time":"20210121155718","is_ascension_mode":true,"campfire_choices":[{"floor":7,"key":"RECALL"}],"circlet_count":0,"master_deck":["AscendersBane","ReplayTheSpireMod:??????????????????????+1","Strike_G+1","Strike_G+1","Strike_G+1","Defend_G","Survivor","Neutralize","Glass Knife","Flying Knee","hubris:EnhanceAbility+1","Well Laid Plans","Dodge and Roll","Replay:Dark Deal+1","Tools of the Trade+1","Terror","Underhanded Strike","infinitespire:Oblivion","ReplayUltimateDefense"],"relics":["Ring of the Snake","Onion Ring","infinitespire:BottledMercury","infinitespire:WardingShard","Replay:Bottled Eggs","HandDrill","hubris:Spice","Juzu Bracelet","Mango","HoveringKite","hubris:64BitClover","Guide Book","Tiny Chest"],"acts_visited":["Exordium","TheCity"],"potions_floor_usage":[13,13,16,23],"damage_taken":[{"damage":0,"enemies":"2 Louse","floor":1,"turns":1},{"damage":2,"enemies":"Jaw Worm","floor":4,"turns":3},{"damage":12,"enemies":"Gremlin Nob","floor":6,"turns":3},{"damage":0,"enemies":"Small Slimes","floor":10,"turns":2},{"damage":0,"enemies":"Lagavulin","floor":11,"turns":2},{"damage":9,"enemies":"3 Sentries","floor":13,"turns":5},{"damage":0,"enemies":"Blue Slaver","floor":14,"turns":1},{"damage":19,"enemies":"Slime Boss","floor":16,"turns":8},{"damage":0,"enemies":"Shell Parasite","floor":18,"turns":2},{"damage":0,"enemies":"Chosen","floor":21,"turns":3},{"damage":0,"enemies":"Nightmare","floor":23,"turns":3},{"damage":9,"enemies":"Centurion and Healer","floor":25,"turns":4}],"seed_played":"-8698228791572346764","potions_obtained":[{"floor":6,"key":"AttackPotion"},{"floor":11,"key":"SkillPotion"},{"floor":14,"key":"PowerPotion"},{"floor":16,"key":"Reflective Coating"},{"floor":18,"key":"Ancient Potion"}],"is_trial":false,"path_per_floor":["M","?","$","M","$","E","R","?","T","M","E","?","E","M","R_BF","B",null,"M","?","?","M","?","NM","$","M","T"],"character_chosen":"THE_SILENT","items_purchased":["Onion Ring","infinitespire:BottledMercury","hubris:EnhanceAbility","Well Laid Plans","Replay:Dark Deal","infinitespire:WardingShard","Replay:Bottled Eggs","HandDrill","Energy Potion","Guide Book","Tiny Chest","hubris:Spice","ReplayUltimateDefense"],"campfire_rested":0,"item_purchase_floors":[3,3,3,3,5,5,5,5,5,24,24,24,24],"current_hp_per_floor":[129,129,129,127,127,123,123,123,123,123,137,137,136,136,166,147,161,161,108,108,108,108,108,108,99,99,99],"gold":2370,"neow_bonus":"ONE_RANDOM_RARE_CARD","is_daily":false,"chose_seed":false,"campfire_upgraded":0,"win_rate":0.0,"timestamp":1611266238,"path_taken":["M","?","$","M","$","E","R","?","T","M","E","?","E","M","R_BF","BOSS","M","?","?","M","?","NM","$","M","T"],"items_purchased_type":["Relic","Relic","Card","Card","Card","Relic","Relic","Relic","Potion","Relic","Relic","Relic","Card"],"build_version":"2020-12-22","purchased_purges":3,"victory":false,"max_hp_per_floor":[136,136,136,136,136,144,144,144,144,144,158,158,166,166,166,166,166,166,171,171,171,171,171,163,163,163,163],"card_choices":[{"not_picked":["Endless Agony","Underhanded Strike"],"picked":"Flying Knee","floor":1},{"not_picked":["Blade Dance","Terror"],"picked":"Dodge and Roll","floor":4},{"not_picked":["Choke","Deflect","Flying Knee"],"picked":"SKIP","floor":6},{"not_picked":["Choke","Deflect","Flying Knee"],"picked":"SKIP","floor":6},{"not_picked":["Finisher","Concentrate","hubris:SlightOfHand"],"picked":"SKIP","floor":10},{"not_picked":["Well Laid Plans","Setup","Dagger Throw"],"picked":"SKIP","floor":11},{"not_picked":["Endless Agony","Choke","Flechettes"],"picked":"SKIP","floor":13},{"not_picked":["Heel Hook","Sucker Punch","Blur"],"picked":"SKIP","floor":14},{"not_picked":["hubris:SpiceAddiction","Malaise"],"picked":"Tools of the Trade","floor":16},{"not_picked":["Poisoned Stab","ReplayTheSpireMod:Shiv Toss"],"picked":"Terror","floor":18},{"not_picked":["Backflip","Reflex"],"picked":"Underhanded Strike","floor":21},{"not_picked":["hubris:Rewind","ReplayTheSpireMod:Chaos Vortex"],"picked":"infinitespire:Oblivion","floor":22},{"not_picked":["Acrobatics","Bane+1","Slice"],"picked":"SKIP","floor":23},{"not_picked":["Acrobatics","Bane+1","Slice"],"picked":"SKIP","floor":23},{"not_picked":["Dodge and Roll","Outmaneuver","Bane"],"picked":"SKIP","floor":25}],"player_experience":184252,"relics_obtained":[{"floor":6,"key":"hubris:Spice"},{"floor":9,"key":"Juzu Bracelet"},{"floor":11,"key":"Mango"},{"floor":13,"key":"hubris:Spice"},{"floor":23,"key":"hubris:64BitClover"}],"event_choices":[{"cards_removed":["Strike_G"],"damage_healed":0,"gold_gain":0,"player_choice":"Card Removal","damage_taken":0,"max_hp_gain":0,"max_hp_loss":0,"event_name":"The Cleric","floor":2,"gold_loss":75},{"damage_healed":0,"gold_gain":0,"player_choice":"Shed Blood","damage_taken":58,"max_hp_gain":5,"max_hp_loss":0,"event_name":"Forgotten Altar","floor":19,"gold_loss":0},{"cards_removed":["Defend_G"],"damage_healed":0,"gold_gain":0,"player_choice":"Elegance","damage_taken":0,"max_hp_gain":0,"max_hp_loss":0,"event_name":"betterThird:BetterWriting","floor":20,"gold_loss":0}],"is_beta":false,"boss_relics":[{"not_picked":["Abe\u0027s Treasure","infinitespire:Cupcake"],"picked":"HoveringKite"}],"items_purged_floors":[3,5,24],"is_endless":true,"potions_floor_spawned":[6,11,14,16,18],"ascension_level":16}}