{"host":"9j9ju8r45kuhshxi","time":1611259972,"event":{"mods":["BaseMod","Colored Map","Colored Powertips","Highlight Path","Minty Spire (QoL Compilation)","Replay The Spire","Ryuuou龙王","StSLib","[功能]功能增强和修复MOD"],"gold_per_floor":[114,114,126,96,116,116,106,138,138,164,176,211,201,221,221,321,321,336,296,314,314,274,274,305,332,332,369,400,545,545,577,577,682,682,696,696,714,694,708,742,742,777,777,777,777,777,811,848,848,848,848,848,848,878,878],"floor_reached":56,"language":"ZHS","playtime":7567,"items_purged":["Defend_P","Strike_P","Defend_P","Pain","Strike_P","Defend_P","Strike_P","Defend_P","Replay:DivineShield","BattleHymn","Vigilance","Halt","Conclude","EmptyFist","EmptyBody","Protect","Decay","Alpha+1","Regret","Crescendo","Wish","CarveReality","FlurryOfBlows+1"],"score":1935,"play_id":"b69b3b9b-0a75-45c3-8da6-46a8617991ff","local_time":"20210122041252","is_ascension_mode":true,"campfire_choices":[{"floor":6,"key":"RECALL"},{"data":"Tantrum","floor":15,"key":"SMITH"},{"data":"Worship","floor":23,"key":"SMITH"},{"data":"Brilliance","floor":32,"key":"SMITH"},{"data":"Pray","floor":41,"key":"SMITH"},{"data":"WheelKick","floor":46,"key":"SMITH"},{"data":"Wish","floor":49,"key":"SMITH"},{"data":"Ragnarok","floor":52,"key":"SMITH"}],"circlet_count":0,"master_deck":["Eruption","Pray+1","FlyingSleeves","Tantrum+1","CutThroughFate","Fasting2+1","ForeignInfluence+1","BattleHymn+1","Prostrate","Ragnarok+1","Omniscience","Pray+1","CrushJoints","ReachHeaven+1","Worship+1","Vault","Brilliance+1","LessonLearned","Crescendo+1","PathToVictory+1","Wish+1","Replay:AllIn","Pray+1","WheelKick+1","Indignation+1","Writhe","Bandage Up","Replay:Hum+1","ConjureBlade","Violence+1","Draining Mist+1"],"relics":["HolyWater","WarpedTongs","Frozen Eye","ReplayFunnel","Replay:Wax Seal","Sling","Blue Doll","TeardropLocket","Blood Vial","Happy Flower","Centennial Puzzle","CloakClasp","Darkstone Periapt","Guide Book","Pandora\u0027s Box","Art of War","Toolbox","Akabeko","BranchBurnRelic","ReplayTheSpireMod:TigerMarble","Replay:Bottled Snecko","Girya","ReplayTheSpireMod:CursedCoin","Pen Nib","Replay:Baseball","TheAbacus","MealTicket","Ancient Tea Set","Replay:Multitool","Bird Faced Urn","Damaru","Orrery","Dream Catcher","Turnip","Du-Vu Doll","StoneCalendar","PrismaticShard","TungstenRod","Lizard Tail","Nunchaku"],"acts_visited":["Exordium","TheCity","TheBeyond","TheEnding"],"potions_floor_usage":[5,8,18,18,20,22,31,31,39,39,47,55],"damage_taken":[{"damage":0,"enemies":"Small Slimes","floor":1,"turns":3},{"damage":5,"enemies":"Cultist","floor":3,"turns":4},{"damage":0,"enemies":"2 Louse","floor":5,"turns":2},{"damage":0,"enemies":"Gremlin Nob","floor":8,"turns":2},{"damage":0,"enemies":"Replay:BlueRogue","floor":10,"turns":2},{"damage":0,"enemies":"2 Fungi Beasts","floor":11,"turns":2},{"damage":0,"enemies":"3 Sentries","floor":12,"turns":2},{"damage":0,"enemies":"Exordium Wildlife","floor":14,"turns":2},{"damage":0,"enemies":"Slime Boss","floor":16,"turns":3},{"damage":0,"enemies":"3 Byrds","floor":18,"turns":2},{"damage":0,"enemies":"Chosen","floor":20,"turns":1},{"damage":0,"enemies":"Snake Plant","floor":24,"turns":1},{"damage":0,"enemies":"Gremlin Leader","floor":25,"turns":1},{"damage":0,"enemies":"Sentry and Sphere","floor":27,"turns":1},{"damage":0,"enemies":"Replay:Snechameleon","floor":28,"turns":1},{"damage":0,"enemies":"Slavers","floor":31,"turns":3},{"damage":0,"enemies":"Automaton","floor":33,"turns":3},{"damage":12,"enemies":"3 Shapes","floor":35,"turns":1},{"damage":0,"enemies":"3 Darklings","floor":36,"turns":2},{"damage":0,"enemies":"Jaw Worm Horde","floor":37,"turns":1},{"damage":0,"enemies":"Transient","floor":39,"turns":2},{"damage":0,"enemies":"R_Hoarder","floor":40,"turns":2},{"damage":0,"enemies":"Nemesis","floor":42,"turns":1},{"damage":0,"enemies":"R_Hoarder","floor":47,"turns":2},{"damage":0,"enemies":"Spire Growth","floor":48,"turns":1},{"damage":0,"enemies":"Replay:Hell Engine","floor":50,"turns":3},{"damage":0,"enemies":"Shield and Spear","floor":54,"turns":1},{"damage":0,"enemies":"The Heart","floor":55,"turns":5}],"seed_played":"4921292330741897742","potions_obtained":[{"floor":1,"key":"Fire Potion"},{"floor":3,"key":"Toxic Potion"},{"floor":8,"key":"DuplicationPotion"},{"floor":8,"key":"Venom Potion"},{"floor":10,"key":"AttackPotion"},{"floor":12,"key":"FairyPotion"},{"floor":18,"key":"Swift Potion"},{"floor":20,"key":"Block Potion"},{"floor":25,"key":"Ambrosia"},{"floor":31,"key":"Weak Potion"},{"floor":33,"key":"SkillPotion"},{"floor":42,"key":"Elixir"},{"floor":54,"key":"LifebloodPotion"}],"is_trial":false,"path_per_floor":["M","?","M","$","M","R","$","E","T","E","M","E","$","M","R","B",null,"M","?","M","?","$","R","M","E","T","M","E","$","$","E","R","B",null,"M","M","M","$","M","E","R","E","T","?","?","R","E","M","R","B",null,"R","$","E","B",null],"character_chosen":"WATCHER","items_purchased":["Frozen Eye","ReplayFunnel","Replay:Wax Seal","Conclude","EmptyFist","EmptyBody","Replay:DivineShield","Sling","Blue Doll","TeardropLocket","Crescendo","Tantrum","Protect","BattleHymn","CutThroughFate","CloakClasp","Darkstone Periapt","BattleHymn+1","Prostrate","Guide Book","Toolbox","Dead Branch","Akabeko","Worship","Fruit Juice","Adrenaline Potion","ReplayTheSpireMod:CursedCoin","Pen Nib","Replay:Baseball","TheAbacus","MealTicket","Ancient Tea Set","Bird Faced Urn","Damaru","Wish","Orrery","PrismaticShard","TungstenRod","Lizard Tail","ConjureBlade","Violence+1"],"campfire_rested":0,"item_purchase_floors":[4,4,4,4,4,4,4,7,7,7,7,7,7,7,7,13,13,13,13,13,22,22,22,22,22,22,29,29,29,30,30,30,38,38,38,38,53,53,53,53,53],"current_hp_per_floor":[72,72,67,67,67,67,67,67,67,69,71,72,72,72,72,72,72,72,72,72,78,83,83,83,83,83,83,83,89,89,89,89,89,89,77,79,81,89,89,89,89,89,89,95,95,95,95,95,95,95,95,95,95,95,95],"gold":878,"neow_bonus":"ONE_RANDOM_RARE_CARD","is_daily":false,"chose_seed":false,"campfire_upgraded":7,"win_rate":0.0,"timestamp":1611259972,"path_taken":["M","?","?","$","M","R","$","E","T","E","?","E","$","M","R","BOSS","M","?","?","?","$","R","M","E","T","M","E","?","$","E","R","BOSS","M","?","M","$","M","E","R","E","T","?","?","R","E","M","R","BOSS","R","$","E","BOSS"],"items_purchased_type":["Relic","Relic","Relic","Card","Card","Card","Card","Relic","Relic","Relic","Card","Card","Card","Card","Card","Relic","Relic","Card","Card","Relic","Relic","Relic","Relic","Card","Potion","Potion","Relic","Relic","Relic","Relic","Relic","Relic","Relic","Relic","Card","Relic","Relic","Relic","Relic","Card","Card"],"build_version":"2020-12-22","purchased_purges":23,"victory":true,"max_hp_per_floor":[72,72,72,72,72,72,72,72,72,72,72,72,72,72,72,72,72,72,72,72,78,83,83,83,83,83,83,83,89,89,89,89,89,89,89,89,89,89,89,89,89,89,89,95,95,95,95,95,95,95,95,95,95,95,95],"card_choices":[{"not_picked":["Meditate","Replay:BluntJabs"],"picked":"Halt","floor":1},{"not_picked":["Indignation","Evaluate"],"picked":"Pray","floor":3},{"not_picked":["JustLucky","SashWhip"],"picked":"FlyingSleeves","floor":5},{"not_picked":["Evaluate","LikeWater"],"picked":"Fasting2","floor":8},{"not_picked":["JustLucky","Crescendo","DevaForm"],"picked":"SKIP","floor":10},{"not_picked":["Replay:ManipulateFuture","Replay:AtTheReady"],"picked":"ForeignInfluence","floor":11},{"not_picked":["ClearTheMind","CrushJoints"],"picked":"CarveReality","floor":12},{"not_picked":["FlyingSleeves","Replay:ManipulateFuture"],"picked":"Ragnarok","floor":14},{"not_picked":["Devotion","Alpha"],"picked":"Omniscience","floor":16},{"not_picked":["Evaluate","Replay:DivineShield"],"picked":"CrushJoints","floor":18},{"not_picked":["WreathOfFlame","Replay:AtTheReady"],"picked":"ReachHeaven+1","floor":20},{"not_picked":["CutThroughFate","FlurryOfBlows+1","ClearTheMind+1"],"picked":"SKIP","floor":24},{"not_picked":["Collect","Halt","Crescendo"],"picked":"SKIP","floor":25},{"not_picked":["FlurryOfBlows+1","Replay:BluntJabs","BattleHymn"],"picked":"SKIP","floor":27},{"not_picked":["FlurryOfBlows+1","FearNoEvil"],"picked":"Vault","floor":28},{"not_picked":["Consecrate+1","FlyingSleeves+1"],"picked":"Brilliance","floor":31},{"not_picked":["DevaForm","Brilliance"],"picked":"LessonLearned","floor":33},{"not_picked":["ThirdEye","CutThroughFate"],"picked":"Crescendo+1","floor":35},{"not_picked":["Crescendo+1","JustLucky"],"picked":"PathToVictory+1","floor":36},{"not_picked":["Conclude+1","FollowUp","Study"],"picked":"SKIP","floor":37},{"not_picked":["EmptyBody","Protect"],"picked":"FlurryOfBlows+1","floor":38},{"not_picked":["SashWhip","Halt+1"],"picked":"Replay:AllIn","floor":38},{"not_picked":["Sanctity","Consecrate"],"picked":"Pray+1","floor":38},{"not_picked":["ThirdEye","FollowUp+1"],"picked":"WheelKick","floor":39},{"not_picked":["MentalFortress+1","Weave","Tantrum"],"picked":"SKIP","floor":40},{"not_picked":["ClearTheMind+1","Replay:Cycle"],"picked":"Indignation+1","floor":42},{"not_picked":["Deep Breath","The Bomb"],"picked":"Bandage Up","floor":45},{"not_picked":["Worship","FearNoEvil"],"picked":"Replay:Hum+1","floor":47},{"not_picked":["BowlingBash+1","FollowUp","Replay:AtTheReady+1"],"picked":"SKIP","floor":48},{"not_picked":["Deflect+1","Leap+1"],"picked":"Draining Mist+1","floor":54}],"player_experience":181089,"relics_obtained":[{"floor":8,"key":"Blood Vial"},{"floor":10,"key":"Happy Flower"},{"floor":12,"key":"Centennial Puzzle"},{"floor":25,"key":"ReplayTheSpireMod:TigerMarble"},{"floor":26,"key":"Replay:Bottled Snecko"},{"floor":28,"key":"Girya"},{"floor":31,"key":"Replay:Multitool"},{"floor":40,"key":"Dream Catcher"},{"floor":42,"key":"Turnip"},{"floor":43,"key":"Du-Vu Doll"},{"floor":47,"key":"StoneCalendar"},{"floor":54,"key":"Nunchaku"}],"event_choices":[{"damage_healed":0,"gold_gain":0,"player_choice":"Rummage","damage_taken":0,"relics_obtained":["WarpedTongs"],"max_hp_gain":0,"max_hp_loss":0,"event_name":"Accursed Blacksmith","floor":2,"gold_loss":0,"cards_obtained":["Pain"]},{"damage_healed":0,"gold_gain":0,"player_choice":"Upgraded Two","damage_taken":0,"max_hp_gain":0,"max_hp_loss":0,"event_name":"Designer","floor":19,"gold_loss":40,"cards_upgraded":["ForeignInfluence","Fasting2"]},{"damage_healed":22,"gold_gain":0,"player_choice":"Writhe","damage_taken":0,"max_hp_gain":0,"max_hp_loss":0,"event_name":"Winding Halls","floor":44,"gold_loss":0,"cards_obtained":["Writhe"]},{"damage_healed":0,"gold_gain":0,"player_choice":"Memory 1","damage_taken":0,"max_hp_gain":0,"max_hp_loss":0,"event_name":"SensoryStone","floor":45,"gold_loss":0}],"is_beta":false,"boss_relics":[{"not_picked":["Abe\u0027s Treasure","Replay:Grab Bag"],"picked":"Pandora\u0027s Box"},{"not_picked":["Coffee Dripper","Honey Jar"],"picked":"HolyWater"}],"items_purged_floors":[4,4,4,4,4,4,7,7,13,13,22,22,22,22,22,22,22,22,29,38,38,38,38],"is_endless":false,"potions_floor_spawned":[1,3,8,8,10,10,10,11,12,12,12,14,14,18,20,24,25,25,27,27,28,31,33,35,35,36,37,37,39,40,42,42,42,47,48,54],"ascension_level":5}}