{"host":"uv5ws9rdk87e8i5k","time":1611246949,"event":{"mods":["AchievementEnabler","BaseMod","Colored Map","Minty Spire (QoL Compilation)","StSLib","SuperFastMode"],"gold_per_floor":[110,110,121,131,142,167,167,198,198,119,69,82,82,82,82,82,82],"floor_reached":16,"language":"ENG","playtime":226,"items_purged":["Strike_G"],"score":132,"play_id":"3f63e112-52ce-4439-87d2-cf63f56b0f37","local_time":"20210121103549","is_ascension_mode":true,"campfire_choices":[{"floor":7,"key":"REST"},{"floor":13,"key":"REST"},{"floor":15,"key":"REST"}],"circlet_count":0,"master_deck":["Strike_G","Strike_G","Strike_G+1","Strike_G","Defend_G","Defend_G","Defend_G","Defend_G","Defend_G","Survivor","Neutralize","Dagger Spray+1","Dagger Throw+1","Dagger Throw","Dagger Spray","Burst"],"relics":["Ring of the Snake","Whetstone","Smiling Mask","Potion Belt","Pantograph"],"acts_visited":["Exordium"],"potions_floor_usage":[4,6],"damage_taken":[{"damage":1,"enemies":"2 Louse","floor":1,"turns":2},{"damage":1,"enemies":"Cultist","floor":3,"turns":4},{"damage":1,"enemies":"Jaw Worm","floor":4,"turns":2},{"damage":10,"enemies":"Gremlin Gang","floor":5,"turns":3},{"damage":40,"enemies":"Lagavulin","floor":6,"turns":8},{"damage":20,"enemies":"Gremlin Nob","floor":8,"turns":4},{"damage":13,"enemies":"2 Fungi Beasts","floor":12,"turns":3},{"damage":0,"enemies":"Hexaghost","floor":16,"turns":1}],"seed_played":"-3376697241420461344","potions_obtained":[{"floor":3,"key":"CunningPotion"},{"floor":4,"key":"Fire Potion"},{"floor":12,"key":"Fire Potion"}],"is_trial":false,"path_per_floor":["M","?","M","M","M","E","R","E","T","?","$","M","R","$","R","B"],"character_chosen":"THE_SILENT","items_purchased":[],"campfire_rested":3,"item_purchase_floors":[],"current_hp_per_floor":[76,76,75,74,64,24,47,27,27,27,27,14,37,37,60,77,77],"gold":82,"neow_bonus":"TEN_PERCENT_HP_BONUS","is_daily":false,"chose_seed":false,"campfire_upgraded":0,"win_rate":0.0,"timestamp":1611246949,"path_taken":["M","?","M","M","M","E","R","E","T","?","$","?","R","?","R","BOSS"],"items_purchased_type":[],"build_version":"2020-12-22","purchased_purges":1,"victory":false,"max_hp_per_floor":[77,77,77,77,77,77,77,77,77,77,77,77,77,77,77,77,77],"card_choices":[{"not_picked":["Flying Knee","Heel Hook"],"picked":"Dagger Spray","floor":1},{"not_picked":["Bane","Expertise"],"picked":"Dagger Throw","floor":3},{"not_picked":["Outmaneuver","Eviscerate"],"picked":"Dagger Throw","floor":4},{"not_picked":["Skewer","Heel Hook"],"picked":"Dagger Spray","floor":5},{"not_picked":["Backflip","Blur"],"picked":"Burst","floor":6},{"not_picked":["Crippling Poison","Sucker Punch","Deflect"],"picked":"SKIP","floor":8},{"not_picked":["Outmaneuver","Acrobatics","Distraction"],"picked":"SKIP","floor":12}],"player_experience":132911,"relics_obtained":[{"floor":6,"key":"Whetstone"},{"floor":8,"key":"Smiling Mask"},{"floor":9,"key":"Potion Belt"}],"event_choices":[{"damage_healed":0,"gold_gain":0,"player_choice":"Grow","damage_taken":0,"max_hp_gain":0,"max_hp_loss":0,"event_name":"Living Wall","floor":2,"gold_loss":0,"cards_upgraded":["Dagger Spray"]},{"damage_healed":0,"gold_gain":0,"player_choice":"Paid Gold","damage_taken":0,"relics_obtained":["Pantograph"],"max_hp_gain":0,"max_hp_loss":0,"event_name":"WeMeetAgain","floor":10,"gold_loss":79}],"is_beta":false,"boss_relics":[],"items_purged_floors":[11],"is_endless":false,"potions_floor_spawned":[3,4,12],"killed_by":"Hexaghost","ascension_level":4}}