{"host":"hbel9g7s7ibv8po6","time":1611229141,"event":{"mods":["Act Like it!","BaseMod","Duelist Mod","Minty Spire (QoL Compilation)","StSLib"],"gold_per_floor":[145,145,145,157,157,188,188,205,260,292,292,8,8,8,8,107,107,121,135,135,135,148,148,160,160,209,243,243,243],"floor_reached":28,"language":"ENG","playtime":1827,"items_purged":["theDuelist:Sparks","theDuelist:CastleWalls"],"score":363,"play_id":"1c2cf248-01f6-4e4a-8271-13d699960166","local_time":"20210121193901","is_ascension_mode":true,"campfire_choices":[{"data":"theDuelist:FeatherPho","floor":7.0,"key":"SMITH"},{"data":"theDuelist:SeaLordAmulet","floor":13.0,"key":"SMITH"},{"data":"theDuelist:TripodFish","floor":15.0,"key":"SMITH"},{"data":"theDuelist:BlizzardDefender","floor":23.0,"key":"SMITH"},{"data":"theDuelist:GamecieltheSeaTurtleKaiju","floor":25,"key":"SMITH"}],"circlet_count":0,"master_deck":["theDuelist:SevenColoredFish","theDuelist:SevenColoredFish","theDuelist:AquaSpirit","theDuelist:CastleWalls+1","theDuelist:IslandTurtle","theDuelist:IslandTurtle","theDuelist:RevivalJam","theDuelist:Sparks","theDuelist:FeatherPho+1","theDuelist:Nameless:War:MaskedDragon+1","theDuelist:Nameless:Power:AllyJustice","theDuelist:IceHand","theDuelist:Polymerization","theDuelist:SpikedGillman","theDuelist:TripodFish+1","theDuelist:GamecieltheSeaTurtleKaiju+1","theDuelist:GilfordLegend","theDuelist:MermailAbyssalacia","theDuelist:DewlorenTigerKing","theDuelist:BlizzardDefender+1","theDuelist:MorayGreed"],"relics":["theDuelist:MillenniumPuzzle","theDuelist:CardPoolRelic","theDuelist:CardPoolBasicRelic","theDuelist:BoosterPackPoolRelic","theDuelist:CardPoolAddRelic","theDuelist:CardPoolMinusRelic","theDuelist:CardPoolSaveRelic","theDuelist:CardPoolOptionsRelic","NeowsBlessing","Smiling Mask","Art of War","PreservedInsect","theDuelist:MerchantPendant","Omamori","Runic Pyramid","theDuelist:DuelistTeaSet","Darkstone Periapt"],"acts_visited":["Exordium","TheCity"],"potions_floor_usage":[],"damage_taken":[{"damage":0.0,"enemies":"Jaw Worm","floor":1.0,"turns":1.0},{"damage":0.0,"enemies":"2 Louse","floor":4.0,"turns":1.0},{"damage":0.0,"enemies":"Lagavulin","floor":6.0,"turns":1.0},{"damage":0.0,"enemies":"Small Slimes","floor":8.0,"turns":2.0},{"damage":8.0,"enemies":"3 Sentries","floor":10.0,"turns":3.0},{"damage":11.0,"enemies":"Slime Boss","floor":16.0,"turns":5.0},{"damage":5.0,"enemies":"Shell Parasite","floor":18.0,"turns":4.0},{"damage":4.0,"enemies":"2 Thieves","floor":19.0,"turns":3.0},{"damage":4.0,"enemies":"Chosen and Byrds","floor":22.0,"turns":3.0},{"damage":0,"enemies":"Centurion and Healer","floor":24,"turns":3},{"damage":13,"enemies":"Book of Stabbing","floor":27,"turns":5},{"damage":0,"enemies":"Sentry and Sphere","floor":28,"turns":1}],"seed_played":"7550089503042292298","potions_obtained":[{"floor":6.0,"key":"theDuelist:SealedPack"},{"floor":8.0,"key":"theDuelist:SolderPotionB"},{"floor":16.0,"key":"theDuelist:SealedPackB"}],"is_trial":false,"path_per_floor":["M","?","?","M","?","E","R","M","T","E","?","$","R","$","R","B",null,"M","M","?","?","M","R","M","R","T","E","M"],"character_chosen":"THE_DUELIST","items_purchased":["theDuelist:SeaLordAmulet","theDuelist:MerchantPendant","Omamori"],"campfire_rested":0,"item_purchase_floors":[12,12,12],"current_hp_per_floor":[72,77,77,77,77,77,77,77,77,69,52,52,52,52,52,41,74,69,65,49,49,45,45,45,45,45,32,32,32],"gold":243,"neow_bonus":"THREE_ENEMY_KILL","is_daily":false,"chose_seed":false,"campfire_upgraded":5,"win_rate":0.0,"timestamp":1611229141,"path_taken":["M","?","?","M","?","E","R","M","T","E","?","?","R","$","R","BOSS","M","M","?","?","?","R","M","R","T","E","M"],"items_purchased_type":["Card","Relic","Relic"],"build_version":"2020-12-22","purchased_purges":2,"victory":false,"max_hp_per_floor":[80,85,85,85,85,85,85,85,85,85,85,85,85,85,85,85,85,85,85,90,90,90,90,90,90,90,90,90,90],"card_choices":[{"not_picked":["theDuelist:BlizzardDefender","theDuelist:BlueBloodedOni","theDuelist:MadLobster","theDuelist:LightningVortex"],"picked":"theDuelist:FeatherPho","floor":1.0},{"not_picked":["theDuelist:FishRain","theDuelist:DeepSweeper","theDuelist:BubbleBringer","theDuelist:CorrodingShark"],"picked":"theDuelist:IceHand","floor":4.0},{"not_picked":["theDuelist:HammerShot","theDuelist:OneForOne","theDuelist:BarrierStatue","theDuelist:GoldenApples"],"picked":"theDuelist:Polymerization","floor":6.0},{"not_picked":["theDuelist:CannonballSpearShellfish","theDuelist:AquaSnake","theDuelist:EvigishkiMindAugus","theDuelist:DeepseaShark"],"picked":"theDuelist:SpikedGillman","floor":8.0},{"not_picked":["theDuelist:Monokeros","theDuelist:LostBlueBreaker","theDuelist:FishborgArcher","theDuelist:AquaactressArowana"],"picked":"theDuelist:TripodFish","floor":10.0},{"not_picked":["theDuelist:TripodFish","theDuelist:SplashCapture","theDuelist:Monokeros","theDuelist:AquaactressArowana"],"picked":"theDuelist:GamecieltheSeaTurtleKaiju","floor":16.0},{"not_picked":["theDuelist:BlizzardDefender","theDuelist:Fissure","theDuelist:GishkiMarker","theDuelist:BattleOx+1"],"picked":"theDuelist:GilfordLegend","floor":18.0},{"not_picked":["theDuelist:OldWhiteTurtle","theDuelist:AbyssWarrior","theDuelist:AbyssDweller","theDuelist:AtlanteanAttackSquad"],"picked":"theDuelist:MermailAbyssalacia","floor":19.0},{"not_picked":["theDuelist:Dewdark+1","theDuelist:OhFish+1","theDuelist:GraydleEagle","theDuelist:GraydleSlime","theDuelist:FrillerRabca"],"picked":"SKIP","floor":22.0},{"not_picked":["theDuelist:Fissure","theDuelist:LegendaryFisherman","theDuelist:GishkiNoellia","theDuelist:PotDichotomy","theDuelist:ColdFeet"],"picked":"SKIP","floor":24},{"not_picked":["theDuelist:GamecieltheSeaTurtleKaiju","theDuelist:DewlorenTigerKing"],"picked":"theDuelist:MorayGreed","floor":27}],"player_experience":139163,"relics_obtained":[{"floor":6.0,"key":"Smiling Mask"},{"floor":9.0,"key":"Art of War"},{"floor":10.0,"key":"PreservedInsect"},{"floor":26,"key":"theDuelist:DuelistTeaSet"},{"floor":27,"key":"Darkstone Periapt"}],"event_choices":[{"power_reward":4.0,"total_magic_score":24.0,"gold_gain":0.0,"duelist":true,"damage_taken":0.0,"relics_obtained":[],"points":16.0,"war_reward":4.0,"max_hp_gain":5.0,"max_hp_loss":0.0,"spent_points":{"magic":0.0,"greed":0.0,"war":4.0,"power":4.0,"hunger":4.0},"event_name":"Nameless Tomb","hunger_reward":4.0,"floor":2.0,"gold_loss":0.0,"cards_obtained":["theDuelist:Nameless:War:MaskedDragon","theDuelist:Nameless:Power:AllyJustice"]},{"damage_healed":0.0,"max_hp_gain":0.0,"max_hp_loss":0.0,"gold_gain":0.0,"event_name":"Relic Duplicator","player_choice":"Leave","duelist":true,"floor":3.0,"gold_loss":0.0,"damage_taken":0.0},{"damage_healed":0.0,"max_hp_gain":0.0,"max_hp_loss":0.0,"gold_gain":0.0,"event_name":"Egyptian Village","player_choice":"Leave","duelist":true,"floor":5.0,"gold_loss":0.0,"damage_taken":0.0},{"damage_healed":0.0,"max_hp_gain":0.0,"max_hp_loss":0.0,"gold_gain":0.0,"event_name":"Shining Light","player_choice":"Entered Light","floor":11.0,"gold_loss":0.0,"damage_taken":17.0,"cards_upgraded":["theDuelist:Nameless:War:MaskedDragon","theDuelist:CastleWalls"]},{"damage_healed":0.0,"max_hp_gain":5.0,"max_hp_loss":0.0,"gold_gain":0.0,"event_name":"Forgotten Altar","player_choice":"Shed Blood","floor":20.0,"gold_loss":0.0,"damage_taken":21.0},{"damage_healed":0.0,"max_hp_gain":0.0,"max_hp_loss":0.0,"gold_gain":0.0,"event_name":"Match and Keep!","player_choice":"2 cards matched","floor":21.0,"gold_loss":0.0,"damage_taken":0.0,"cards_obtained":["theDuelist:DewlorenTigerKing","theDuelist:BlizzardDefender"]}],"is_beta":false,"boss_relics":[{"not_picked":["Fusion Hammer","Tiny House"],"picked":"Runic Pyramid"}],"items_purged_floors":[12,12],"is_endless":false,"potions_floor_spawned":[6,8,16,18,24],"killed_by":"Sentry and Sphere","ascension_level":7}}