{"host":"70zhvo5nwrhp1mbg","time":1611272996,"event":{"mods":["BaseMod","Colored Map","Colored Powertips","Highlight Path","Minty Spire (QoL Compilation)","Rare Cards Sparkle","StSLib"],"gold_per_floor":[109,109,125,125,143,143,174,174,197,197,27,55,75,93,93,93,93],"floor_reached":16,"language":"ENG","playtime":1573,"items_purged":[],"score":143,"play_id":"16bb1570-40ad-4c6e-98b4-42849d370097","local_time":"20210121184956","is_ascension_mode":true,"campfire_choices":[{"floor":6,"key":"REST"},{"floor":8,"key":"REST"},{"data":"Heavy Blade","floor":10,"key":"SMITH"},{"data":"Searing Blow","floor":15,"key":"SMITH"}],"circlet_count":0,"master_deck":["Strike_R","Strike_R","Strike_R","Strike_R","Strike_R","Defend_R","Defend_R","Defend_R","Defend_R","Bash","Clumsy","Headbutt","Anger","Heavy Blade+1","Thunderclap","Perfected Strike","Shrug It Off","Pommel Strike","Searing Blow+1"],"relics":["Burning Blood","WingedGreaves","PreservedInsect","Bird Faced Urn","Tiny Chest","Membership Card","Toy Ornithopter"],"acts_visited":["Exordium"],"potions_floor_usage":[13,16,16],"damage_taken":[{"damage":10,"enemies":"Small Slimes","floor":1,"turns":4},{"damage":9,"enemies":"2 Louse","floor":3,"turns":3},{"damage":2,"enemies":"Jaw Worm","floor":5,"turns":3},{"damage":24,"enemies":"Gremlin Nob","floor":7,"turns":4},{"damage":40,"enemies":"Lagavulin","floor":12,"turns":4},{"damage":0,"enemies":"Exordium Thugs","floor":13,"turns":2},{"damage":0,"enemies":"Blue Slaver","floor":14,"turns":3},{"damage":74,"enemies":"Hexaghost","floor":16,"turns":9}],"seed_played":"-4639016273105460720","potions_obtained":[{"floor":7,"key":"FearPotion"},{"floor":12,"key":"AttackPotion"},{"floor":13,"key":"SneckoOil"}],"is_trial":false,"path_per_floor":["M","?","M","?","M","R","E","R","T","R","$","E","M","M","R","B"],"character_chosen":"IRONCLAD","items_purchased":["Membership Card","Perfected Strike"],"campfire_rested":2,"item_purchase_floors":[11,11],"current_hp_per_floor":[68,50,47,47,51,75,57,80,80,80,80,46,57,63,63,0,0],"gold":93,"neow_bonus":"ONE_RARE_RELIC","is_daily":false,"chose_seed":false,"campfire_upgraded":2,"win_rate":0.0,"timestamp":1611272996,"path_taken":["M","?","M","?","M","R","E","R","T","R","$","E","M","M","R","BOSS"],"items_purchased_type":["Relic","Card"],"build_version":"2020-12-22","purchased_purges":0,"victory":false,"max_hp_per_floor":[80,80,80,80,80,80,80,80,80,80,80,80,80,80,80,80,80],"card_choices":[{"not_picked":["True Grit","Shockwave"],"picked":"Headbutt","floor":1},{"not_picked":["Havoc","Flex"],"picked":"Anger","floor":3},{"not_picked":["Shockwave","Headbutt"],"picked":"Heavy Blade","floor":5},{"not_picked":["Havoc","Battle Trance"],"picked":"Thunderclap","floor":7},{"not_picked":["Feel No Pain","Dark Embrace"],"picked":"Shrug It Off","floor":12},{"not_picked":["Twin Strike","Sever Soul"],"picked":"Pommel Strike","floor":13},{"not_picked":["Dark Embrace","Feel No Pain"],"picked":"Searing Blow","floor":14}],"player_experience":425267,"relics_obtained":[{"floor":7,"key":"Bird Faced Urn"},{"floor":9,"key":"Tiny Chest"},{"floor":12,"key":"Toy Ornithopter"}],"event_choices":[{"damage_healed":0,"gold_gain":0,"player_choice":"Success","damage_taken":18,"relics_obtained":["PreservedInsect"],"max_hp_gain":0,"max_hp_loss":0,"event_name":"Scrap Ooze","floor":2,"gold_loss":0},{"damage_healed":0,"gold_gain":0,"player_choice":"Ignored","damage_taken":0,"max_hp_gain":0,"max_hp_loss":0,"event_name":"Golden Wing","floor":4,"gold_loss":0}],"is_beta":false,"boss_relics":[],"items_purged_floors":[],"is_endless":false,"potions_floor_spawned":[7,12,13],"killed_by":"Hexaghost","ascension_level":6}}