{"host":"3sxd4it2cvd2ryl6","time":1611212943,"event":{"mods":["AchievementEnabler","Aspiration","BaseMod","Colored Powertips","Halation","Minty Spire (QoL Compilation)","StSLib","Transform Curses"],"gold_per_floor":[16,36,211,211,44,44,73,73,73,73,105,116,116,126,126,224,224,239,338,338,356,370,395,395,395,395],"floor_reached":25,"language":"ENG","playtime":1512,"items_purged":[],"score":309,"play_id":"4b114847-4624-492e-b5be-71bb626b429d","local_time":"20210121080903","is_ascension_mode":true,"campfire_choices":[{"floor":6.0,"key":"REST"},{"floor":8.0,"key":"REST"},{"floor":10.0,"key":"REST"},{"floor":13.0,"key":"REST"},{"floor":15.0,"key":"REST"},{"floor":24,"key":"REST"}],"circlet_count":0,"master_deck":["Strike_G+1","Strike_G+1","Strike_G+1","Strike_G+1","Strike_G+1","Defend_G+1","Defend_G+1","Defend_G+1","Defend_G+1","Defend_G+1","Survivor","Neutralize","Quick Slash","Dodge and Roll","Noxious Fumes","Crippling Poison","Setup","Endless Agony","All Out Attack","Cloak And Dagger","After Image","Deadly Poison+1","Dodge and Roll","Backstab+1","PiercingWail"],"relics":["Ring of the Snake","aspiration:AnachronicSnailShell","halation:PrussianBluePaint","Ornamental Fan","MealTicket","halation:Yufonium","Lantern"],"acts_visited":["Exordium","TheCity"],"potions_floor_usage":[23],"damage_taken":[{"damage":3.0,"enemies":"Small Slimes","floor":1.0,"turns":5.0},{"damage":9.0,"enemies":"Jaw Worm","floor":2.0,"turns":4.0},{"damage":45.0,"enemies":"Gremlin Nob","floor":7.0,"turns":6.0},{"damage":22.0,"enemies":"3 Sentries","floor":11.0,"turns":8.0},{"damage":6.0,"enemies":"2 Louse","floor":12.0,"turns":2.0},{"damage":2.0,"enemies":"Blue Slaver","floor":14.0,"turns":3.0},{"damage":16.0,"enemies":"Hexaghost","floor":16.0,"turns":10.0},{"damage":8.0,"enemies":"3 Byrds","floor":18.0,"turns":8.0},{"damage":14.0,"enemies":"Spheric Guardian","floor":21.0,"turns":7.0},{"damage":11.0,"enemies":"Centurion and Healer","floor":22.0,"turns":9.0},{"damage":41,"enemies":"Gremlin Leader","floor":23,"turns":10},{"damage":30,"enemies":"Book of Stabbing","floor":25,"turns":8}],"seed_played":"-9124529993581459702","potions_obtained":[{"floor":11.0,"key":"BlessingOfTheForge"},{"floor":14.0,"key":"EntropicBrew"},{"floor":16.0,"key":"FearPotion"},{"floor":21.0,"key":"Explosive Potion"},{"floor":22.0,"key":"Dexterity Potion"}],"is_trial":false,"path_per_floor":["M","M","?","?","$","R","E","R","T","R","E","M","R","M","R","B",null,"M","?","?","M","M","E","R","E"],"character_chosen":"THE_SILENT","items_purchased":["Noxious Fumes","Crippling Poison","PowerPotion"],"campfire_rested":6,"item_purchase_floors":[5,5,5],"current_hp_per_floor":[60,51,51,44,44,65,20,41,41,62,40,34,55,53,70,54,66,58,58,58,44,48,7,28,0,0],"gold":395,"neow_bonus":"ONE_RARE_RELIC","is_daily":false,"chose_seed":false,"campfire_upgraded":0,"win_rate":0.0,"timestamp":1611212943,"path_taken":["M","M","?","?","$","R","E","R","T","R","E","M","R","M","R","BOSS","M","?","?","M","M","E","R","E"],"items_purchased_type":["Card","Card","Potion"],"build_version":"2020-12-22","purchased_purges":0,"victory":false,"max_hp_per_floor":[70,70,70,70,70,70,70,70,70,70,70,70,70,70,70,70,70,70,70,70,70,70,70,70,70,70],"card_choices":[{"not_picked":["Dodge and Roll","Bane"],"picked":"Quick Slash","floor":1.0},{"not_picked":["Flechettes","Well Laid Plans"],"picked":"Dodge and Roll","floor":2.0},{"not_picked":["Prepared","Flechettes"],"picked":"Setup","floor":7.0},{"not_picked":["Bullet Time","Tools of the Trade"],"picked":"Endless Agony","floor":11.0},{"not_picked":["Dodge and Roll","Slice"],"picked":"All Out Attack","floor":12.0},{"not_picked":["Endless Agony","Flechettes"],"picked":"Cloak And Dagger","floor":14.0},{"not_picked":["Adrenaline","Wraith Form v2"],"picked":"After Image","floor":16.0},{"not_picked":["Outmaneuver","Dodge and Roll"],"picked":"Deadly Poison+1","floor":18.0},{"not_picked":["Reflex","Blade Dance"],"picked":"Dodge and Roll","floor":21.0},{"not_picked":["Backflip","Underhanded Strike"],"picked":"Backstab+1","floor":22.0},{"not_picked":["Calculated Gamble+1","Tools of the Trade"],"picked":"PiercingWail","floor":23}],"player_experience":517998,"relics_obtained":[{"floor":7.0,"key":"halation:PrussianBluePaint"},{"floor":9.0,"key":"Ornamental Fan"},{"floor":11.0,"key":"MealTicket"},{"floor":23,"key":"Lantern"}],"event_choices":[{"damage_healed":0.0,"max_hp_gain":0.0,"max_hp_loss":0.0,"gold_gain":175.0,"event_name":"Liars Game","player_choice":"AGREE","floor":3.0,"gold_loss":0.0,"damage_taken":0.0,"cards_obtained":["Doubt"]},{"cards_removed":["Doubt"],"damage_healed":0.0,"max_hp_gain":0.0,"max_hp_loss":0.0,"gold_gain":0.0,"event_name":"Golden Wing","player_choice":"Card Removal","floor":4.0,"gold_loss":0.0,"damage_taken":7.0},{"damage_healed":0.0,"max_hp_gain":0.0,"max_hp_loss":0.0,"gold_gain":99.0,"event_name":"Nest","player_choice":"Stole From Cult","floor":19.0,"gold_loss":0.0,"damage_taken":0.0},{"damage_healed":0.0,"max_hp_gain":0.0,"max_hp_loss":0.0,"gold_gain":0.0,"event_name":"Back to Basics","player_choice":"Simplicity","floor":20.0,"gold_loss":0.0,"damage_taken":0.0,"cards_upgraded":["Strike_G","Strike_G","Strike_G","Strike_G","Strike_G","Defend_G","Defend_G","Defend_G","Defend_G","Defend_G"]}],"is_beta":false,"boss_relics":[{"not_picked":["aspiration:FutureDiary","halation:MonkeysPaw"],"picked":"halation:Yufonium"}],"items_purged_floors":[],"is_endless":false,"potions_floor_spawned":[11,14,16,21,22],"killed_by":"Book of Stabbing","ascension_level":7}}