{"host":"q6ff4ns2kep02ti6","time":1611266243,"event":{"mods":["AchievementEnabler","BaseMod","Minty Spire (QoL Compilation)","Relic Stats","StSLib","Unceasing Turn Reminder"],"gold_per_floor":[119,194,17,31,45,45,61,71,119,151,166,166,184,204,204,304,304,317,328,32,32,45,45,77,87,112,212,230,244,244,276,276,276,276],"floor_reached":33,"language":"ENG","playtime":3557,"items_purged":[],"score":461,"play_id":"2c9473a3-0da7-4127-afac-7abf5dc4682b","local_time":"20210121225723","is_ascension_mode":true,"campfire_choices":[{"data":"Genetic Algorithm","floor":6.0,"key":"SMITH"},{"floor":12.0,"key":"REST"},{"data":"Defragment","floor":15.0,"key":"SMITH"},{"data":"Dualcast","floor":23,"key":"SMITH"},{"data":"Aggregate","floor":30,"key":"SMITH"},{"data":"Discovery","floor":32,"key":"SMITH"}],"circlet_count":0,"master_deck":["Strike_B+1","Strike_B+1","Strike_B+1","Strike_B+1","Defend_B+1","Defend_B+1","Defend_B+1","Defend_B+1","Zap","Dualcast+1","Discovery+1","Defragment+1","Ball Lightning","Sweeping Beam","Genetic Algorithm+1","Tempest","Steam","Glacier","Conserve Battery","Core Surge","Skim","Steam Power+1","Glacier+1","Aggregate+1","Coolheaded+1"],"relics":["Cracked Core","PreservedInsect","Bag of Preparation","Sundial","Sozu","Gambling Chip","Ancient Tea Set","Bird Faced Urn","Pear","Lantern"],"acts_visited":["Exordium","TheCity"],"potions_floor_usage":[33],"damage_taken":[{"damage":15.0,"enemies":"Small Slimes","floor":1.0,"turns":4.0},{"damage":0.0,"enemies":"Cultist","floor":4.0,"turns":3.0},{"damage":4.0,"enemies":"Jaw Worm","floor":5.0,"turns":3.0},{"damage":25.0,"enemies":"3 Louse","floor":7.0,"turns":3.0},{"damage":0.0,"enemies":"Exordium Wildlife","floor":8.0,"turns":2.0},{"damage":10.0,"enemies":"Gremlin Nob","floor":10.0,"turns":3.0},{"damage":0.0,"enemies":"Blue Slaver","floor":11.0,"turns":4.0},{"damage":0.0,"enemies":"2 Fungi Beasts","floor":13.0,"turns":4.0},{"damage":7.0,"enemies":"Large Slime","floor":14.0,"turns":4.0},{"damage":16.0,"enemies":"The Guardian","floor":16.0,"turns":14.0},{"damage":0,"enemies":"Chosen","floor":18,"turns":5},{"damage":0,"enemies":"3 Byrds","floor":19,"turns":4},{"damage":7,"enemies":"Snecko","floor":22,"turns":8},{"damage":6,"enemies":"Slavers","floor":24,"turns":4},{"damage":0,"enemies":"Snake Plant","floor":25,"turns":5},{"damage":0,"enemies":"Colosseum Slavers","floor":27,"turns":4},{"damage":11,"enemies":"Colosseum Nobs","floor":27,"turns":5},{"damage":0,"enemies":"Chosen and Byrds","floor":28,"turns":4},{"damage":0,"enemies":"Shelled Parasite and Fungi","floor":29,"turns":7},{"damage":0,"enemies":"Gremlin Leader","floor":31,"turns":6},{"damage":69,"enemies":"Automaton","floor":33,"turns":12}],"seed_played":"7701032574930427872","potions_obtained":[{"floor":8.0,"key":"ColorlessPotion"},{"floor":11.0,"key":"EssenceOfSteel"},{"floor":13.0,"key":"EntropicBrew"},{"floor":16.0,"key":"Ancient Potion"}],"is_trial":false,"path_per_floor":["M","?","$","M","M","R","M","M","T","E","M","R","M","M","R","B",null,"M","M","$","?","M","R","E","M","T","?","M","M","R","E","R","B"],"character_chosen":"DEFECT","items_purchased":["PreservedInsect","Ball Lightning","Gambling Chip"],"campfire_rested":1,"item_purchase_floors":[3,3,20],"current_hp_per_floor":[53,46,46,46,42,42,17,17,17,7,7,29,29,22,22,21,62,62,62,62,62,55,55,49,49,49,48,50,54,54,56,56,0,0],"gold":276,"neow_bonus":"RANDOM_COLORLESS","is_daily":false,"chose_seed":false,"campfire_upgraded":5,"win_rate":0.0,"timestamp":1611266243,"path_taken":["M","?","$","M","M","R","M","M","T","E","M","R","M","?","R","BOSS","M","?","$","?","M","R","E","M","T","?","M","?","R","E","R","BOSS"],"items_purchased_type":["Relic","Card","Relic"],"build_version":"2020-12-22","purchased_purges":0,"victory":false,"max_hp_per_floor":[75,75,75,75,75,75,75,75,75,75,75,75,75,75,75,75,75,75,75,75,75,75,75,75,75,75,85,85,85,85,85,85,85,85],"relic_stats":{"Sozu":3,"counters":[21,108],"Sundial":[14],"Gambling Chip":[34],"Bird Faced Urn":[14],"PreservedInsect":152,"Bag of Preparation":[32],"obtain_stats":[{"Sozu":17,"Lantern":31,"Pear":27,"Sundial":10,"Gambling Chip":20,"Bird Faced Urn":27,"PreservedInsect":3,"Bag of Preparation":9,"Cracked Core":0,"Ancient Tea Set":24},{"Sozu":10,"Lantern":20,"Pear":17,"Sundial":6,"Gambling Chip":12,"Bird Faced Urn":17,"PreservedInsect":1,"Bag of Preparation":5,"Cracked Core":0,"Ancient Tea Set":14},{"Sozu":44,"Lantern":96,"Pear":79,"Sundial":18,"Gambling Chip":53,"Bird Faced Urn":79,"PreservedInsect":4,"Bag of Preparation":15,"Cracked Core":0,"Ancient Tea Set":65}]},"card_choices":[{"not_picked":["Madness","Jack Of All Trades"],"picked":"Discovery","floor":0.0},{"not_picked":["Beam Cell","Hello World"],"picked":"Defragment","floor":1.0},{"not_picked":["Tempest","Stack"],"picked":"Sweeping Beam","floor":4.0},{"not_picked":["Steam","Doom and Gloom"],"picked":"Genetic Algorithm","floor":5.0},{"not_picked":["Coolheaded","Gash"],"picked":"Tempest","floor":7.0},{"not_picked":["Doom and Gloom","Heatsinks"],"picked":"Steam","floor":8.0},{"not_picked":["Compile Driver","Steam"],"picked":"Glacier","floor":10.0},{"not_picked":["Gash","Storm","Auto Shields"],"picked":"SKIP","floor":11.0},{"not_picked":["Beam Cell","Turbo"],"picked":"Conserve Battery","floor":13.0},{"not_picked":["Auto Shields","Leap","Cold Snap"],"picked":"SKIP","floor":14.0},{"not_picked":["Amplify","Meteor Strike"],"picked":"Core Surge","floor":16.0},{"not_picked":["Compile Driver","FTL"],"picked":"Skim","floor":18},{"not_picked":["Rebound","Gash"],"picked":"Steam Power+1","floor":19},{"not_picked":["Ball Lightning","Hologram"],"picked":"Glacier+1","floor":22},{"not_picked":["Stack","Steam","Reprogram"],"picked":"SKIP","floor":24},{"not_picked":["Double Energy","Redo+1"],"picked":"Aggregate","floor":25},{"not_picked":["Go for the Eyes","Storm"],"picked":"Coolheaded+1","floor":28},{"not_picked":["Barrage+1","Beam Cell+1","Hologram"],"picked":"SKIP","floor":29},{"not_picked":["Thunder Strike","Steam+1","Blizzard+1"],"picked":"SKIP","floor":31}],"player_experience":988442,"relics_obtained":[{"floor":9.0,"key":"Bag of Preparation"},{"floor":10.0,"key":"Sundial"},{"floor":24,"key":"Ancient Tea Set"},{"floor":27,"key":"Bird Faced Urn"},{"floor":27,"key":"Pear"},{"floor":31,"key":"Lantern"}],"event_choices":[{"damage_healed":0.0,"max_hp_gain":0.0,"max_hp_loss":0.0,"gold_gain":75.0,"event_name":"FaceTrader","player_choice":"Touch","floor":2.0,"gold_loss":0.0,"damage_taken":7.0},{"damage_healed":0,"gold_gain":0,"player_choice":"Simplicity","damage_taken":0,"max_hp_gain":0,"max_hp_loss":0,"event_name":"Back to Basics","floor":21,"gold_loss":0,"cards_upgraded":["Strike_B","Strike_B","Strike_B","Strike_B","Defend_B","Defend_B","Defend_B","Defend_B"]},{"damage_healed":0,"gold_gain":0,"player_choice":"Fight","damage_taken":0,"max_hp_gain":0,"max_hp_loss":0,"event_name":"Colosseum","floor":27,"gold_loss":0},{"damage_healed":0,"gold_gain":0,"player_choice":"Fought Nobs","damage_taken":0,"max_hp_gain":0,"max_hp_loss":0,"event_name":"Colosseum","floor":27,"gold_loss":0}],"is_beta":false,"boss_relics":[{"not_picked":["Coffee Dripper","SacredBark"],"picked":"Sozu"}],"items_purged_floors":[],"is_endless":false,"potions_floor_spawned":[8,11,13,16,19,22,27,31],"killed_by":"Automaton","ascension_level":9}}