{"host":"hszimsrtxxc2k25w","time":1611266988,"event":{"mods":["AchievementEnabler","BaseMod","Colored Map","DeckTracker","Minty Spire (QoL Compilation)","Rare Cards Sparkle","SuperFastMode"],"gold_per_floor":[114,39,114,114,137,137,181,202,228,242,256,256,103,103,103,196,196,214,214,233,233,249,249,269,269,342,267,22,40,40,40,40,134,134,153,38,38,53,53,53,53],"floor_reached":40,"language":"KOR","playtime":602,"items_purged":["Strike_R"],"score":818,"play_id":"a2a7f31f-d056-4371-8fd1-8957a66729f1","local_time":"20210122070948","is_ascension_mode":true,"campfire_choices":[{"data":"Perfected Strike","floor":6.0,"key":"SMITH"},{"data":"Perfected Strike","floor":12.0,"key":"SMITH"},{"data":"Corruption","floor":15.0,"key":"SMITH"},{"data":"Shockwave","floor":23,"key":"SMITH"},{"data":"Bludgeon","floor":25,"key":"SMITH"},{"floor":30,"key":"REST"},{"data":"Dark Embrace","floor":32,"key":"SMITH"}],"circlet_count":0,"master_deck":["AscendersBane","Strike_R+1","Strike_R+1","Defend_R+1","Defend_R+1","Defend_R+1","Bash","Perfected Strike+1","Perfected Strike+1","Pommel Strike","Shockwave+1","Wild Strike","Corruption+1","Bludgeon+1","Wild Strike","Dark Embrace+1","Shrug It Off","Sentinel","Barricade","Twin Strike","Seeing Red"],"relics":["Burning Blood","NeowsBlessing","Golden Idol","PreservedInsect","Omamori","Pantograph","Sozu","Matryoshka","Bag of Marbles","Cursed Key"],"acts_visited":["Exordium","TheCity","TheBeyond"],"potions_floor_usage":[],"damage_taken":[{"damage":0.0,"enemies":"2 Louse","floor":1.0,"turns":1.0},{"damage":0.0,"enemies":"Small Slimes","floor":5.0,"turns":1.0},{"damage":0.0,"enemies":"Gremlin Nob","floor":7.0,"turns":1.0},{"damage":7.0,"enemies":"Jaw Worm","floor":8.0,"turns":2.0},{"damage":4.0,"enemies":"2 Fungi Beasts","floor":10.0,"turns":3.0},{"damage":12.0,"enemies":"Large Slime","floor":11.0,"turns":4.0},{"damage":54.0,"enemies":"The Guardian","floor":16.0,"turns":7.0},{"damage":0.0,"enemies":"Chosen","floor":18.0,"turns":3.0},{"damage":13.0,"enemies":"3 Byrds","floor":20.0,"turns":5.0},{"damage":16,"enemies":"Snake Plant","floor":22,"turns":2},{"damage":18,"enemies":"Centurion and Healer","floor":24,"turns":4},{"damage":13,"enemies":"Sentry and Sphere","floor":29,"turns":4},{"damage":62,"enemies":"Collector","floor":33,"turns":6},{"damage":33,"enemies":"3 Shapes","floor":35,"turns":4},{"damage":16,"enemies":"Orb Walker","floor":38,"turns":2},{"damage":18,"enemies":"Reptomancer","floor":40,"turns":1}],"seed_played":"-1105269842864359378","potions_obtained":[{"floor":1.0,"key":"Weak Potion"},{"floor":5.0,"key":"SteroidPotion"},{"floor":10.0,"key":"DuplicationPotion"}],"is_trial":false,"path_per_floor":["M","$","?","?","M","R","E","M","T","M","M","R","$","?","R","B",null,"M","?","M","?","M","R","M","R","T","?","$","M","R","?","R","B",null,"M","$","?","M","$","E"],"character_chosen":"IRONCLAD","items_purchased":["Corruption","Bag of Marbles","Dark Embrace","Twin Strike","Seeing Red"],"campfire_rested":1,"item_purchase_floors":[13,28,28,36,36],"current_hp_per_floor":[74,74,63,63,68,68,68,67,67,68,62,62,62,51,51,20,56,62,62,55,55,45,45,33,33,33,33,33,26,46,46,46,12,54,27,27,27,17,17,0,0],"gold":53,"neow_bonus":"THREE_ENEMY_KILL","is_daily":false,"chose_seed":false,"campfire_upgraded":6,"win_rate":0.0,"timestamp":1611266988,"path_taken":["M","$","?","?","M","R","E","M","T","M","M","R","$","?","R","BOSS","M","?","M","?","M","R","M","R","T","?","$","M","R","?","R","BOSS","M","$","?","M","$","E"],"items_purchased_type":["Card","Relic","Card","Card","Card"],"build_version":"2020-12-22","purchased_purges":1,"victory":false,"max_hp_per_floor":[75,75,75,68,68,68,68,68,68,68,68,68,68,68,68,68,68,68,68,68,68,68,68,68,68,68,68,68,68,68,68,68,68,68,68,68,68,68,68,68,68],"card_choices":[{"not_picked":["Shrug It Off","Entrench"],"picked":"Perfected Strike","floor":1.0},{"not_picked":["Cleave","Evolve"],"picked":"Perfected Strike","floor":5.0},{"not_picked":["Rampage","Clash","Warcry"],"picked":"SKIP","floor":7.0},{"not_picked":["True Grit","Second Wind"],"picked":"Pommel Strike","floor":8.0},{"not_picked":["Flex","Heavy Blade"],"picked":"Shockwave","floor":10.0},{"not_picked":["Armaments","Body Slam"],"picked":"Wild Strike","floor":11.0},{"not_picked":["Brutality","Reaper"],"picked":"Bludgeon","floor":16.0},{"not_picked":["Blood for Blood","Rupture"],"picked":"Wild Strike","floor":18.0},{"not_picked":["Combust","Flex","Rampage"],"picked":"SKIP","floor":20.0},{"not_picked":["Shockwave","Thunderclap","Pummel"],"picked":"SKIP","floor":22},{"not_picked":["True Grit","Juggernaut","Body Slam"],"picked":"SKIP","floor":24},{"not_picked":["Dropkick","Iron Wave"],"picked":"Shrug It Off","floor":29},{"not_picked":["Limit Break","Offering"],"picked":"Barricade","floor":33},{"not_picked":["Flame Barrier","Uppercut","Heavy Blade+1"],"picked":"SKIP","floor":35},{"not_picked":["Entrench","Combust","Twin Strike"],"picked":"SKIP","floor":38}],"player_experience":633842,"relics_obtained":[{"floor":7.0,"key":"PreservedInsect"},{"floor":9.0,"key":"Omamori"},{"floor":26,"key":"Matryoshka"}],"event_choices":[{"damage_healed":0.0,"max_hp_gain":0.0,"max_hp_loss":0.0,"gold_gain":75.0,"event_name":"World of Goop","player_choice":"Gather Gold","floor":3.0,"gold_loss":0.0,"damage_taken":11.0},{"damage_healed":0.0,"max_hp_gain":0.0,"max_hp_loss":7.0,"gold_gain":0.0,"event_name":"Golden Idol","player_choice":"Lose Max HP","floor":4.0,"gold_loss":0.0,"damage_taken":0.0,"relics_obtained":["Golden Idol"]},{"damage_healed":0.0,"max_hp_gain":0.0,"max_hp_loss":0.0,"gold_gain":0.0,"event_name":"Scrap Ooze","player_choice":"Success","floor":14.0,"gold_loss":0.0,"damage_taken":11.0,"relics_obtained":["Pantograph"]},{"damage_healed":0.0,"max_hp_gain":0.0,"max_hp_loss":0.0,"gold_gain":0.0,"event_name":"Vampires","player_choice":"Ignored","floor":19.0,"gold_loss":0.0,"damage_taken":0.0},{"damage_healed":0.0,"max_hp_gain":0.0,"max_hp_loss":0.0,"gold_gain":0.0,"event_name":"Back to Basics","player_choice":"Simplicity","floor":21.0,"gold_loss":0.0,"damage_taken":0.0,"cards_upgraded":["Strike_R","Strike_R","Strike_R","Strike_R","Defend_R","Defend_R","Defend_R","Defend_R"]},{"cards_removed":["Defend_R"],"damage_healed":0,"gold_gain":0,"player_choice":"Gave Gold","damage_taken":0,"max_hp_gain":0,"max_hp_loss":0,"event_name":"Beggar","floor":27,"gold_loss":75},{"damage_healed":0,"gold_gain":0,"cards_transformed":["Strike_R","Strike_R"],"player_choice":"Became Test Subject","damage_taken":0,"max_hp_gain":0,"max_hp_loss":0,"event_name":"Drug Dealer","floor":31,"gold_loss":0,"cards_obtained":["Fire Breathing","Sentinel"]},{"cards_removed":["Fire Breathing"],"damage_healed":0,"gold_gain":0,"player_choice":"Purged","damage_taken":0,"max_hp_gain":0,"max_hp_loss":0,"event_name":"Purifier","floor":37,"gold_loss":0}],"is_beta":false,"boss_relics":[{"not_picked":["Fusion Hammer","Runic Cube"],"picked":"Sozu"},{"not_picked":["SacredBark","SlaversCollar"],"picked":"Cursed Key"}],"items_purged_floors":[2],"is_endless":false,"potions_floor_spawned":[1,5,10,11,18,20,38],"killed_by":"Reptomancer","ascension_level":20}}