{"host":"3h5qf14xt40jhha0","time":1611270398,"event":{"mods":["BaseMod","Colored Powertips","Minty Spire (QoL Compilation)","Permanent Neow","StSLib"],"gold_per_floor":[210,360,360,176,176,176,205,205,228,241,272,192,205,32,32,111,111,123,140,150,150,65,94,94,2,2,16,50,50,82,100,100,173,173,193,210,210,229,246,278,278,313,384,411,205,205,215,270,270,270,270,270,270,0,33,33],"floor_reached":57,"language":"ENG","playtime":5323,"items_purged":["Doubt","Strike_G"],"score":3062,"play_id":"c514e8a8-5695-4f85-8a6d-fb7db0c85340","local_time":"20210121180638","is_ascension_mode":true,"campfire_choices":[{"data":"Dagger Spray","floor":6.0,"key":"SMITH"},{"data":"Dash","floor":8.0,"key":"SMITH"},{"data":"Neutralize","floor":15.0,"key":"SMITH"},{"data":"Cloak And Dagger","floor":29.0,"key":"SMITH"},{"data":"Blade Dance","floor":32.0,"key":"SMITH"},{"floor":41.0,"key":"RECALL"},{"data":"Flash of Steel","floor":49.0,"key":"SMITH"},{"data":"Backstab","floor":53.0,"key":"SMITH"}],"circlet_count":0,"master_deck":["AscendersBane","Defend_G","Defend_G","Defend_G","Defend_G","Defend_G","Survivor","Neutralize+1","Dash+1","Blade Dance+1","Dagger Spray+1","Cloak And Dagger+1","Acrobatics","Cloak And Dagger+1","Bullet Time+1","Crippling Poison+1","Backstab+1","Deadly Poison+1","Adrenaline+1","Leg Sweep+1","Phantasmal Killer+1","Flash of Steel+1","PiercingWail+1","Night Terror+1","Cloak And Dagger+1","Malaise+1","Cloak And Dagger+1","Acrobatics+1","Distraction+1","Cloak And Dagger+1","Caltrops+1","Blade Dance+1","A Thousand Cuts+1","Deflect+1","Dodge and Roll+1","Accuracy+1","Flash of Steel","Malaise+1"],"relics":["Ring of the Snake","Kunai","Meat on the Bone","Anchor","Blood Vial","Toxic Egg 2","Toolbox","SlaversCollar","Ginger","Tough Bandages","The Courier","Eternal Feather","Dream Catcher","Runic Pyramid","Frozen Egg 2","Pen Nib","Pantograph","Medical Kit","Lizard Tail","Bag of Marbles","Art of War"],"acts_visited":["Exordium","TheCity","TheBeyond","TheEnding"],"potions_floor_usage":[56,56],"damage_taken":[{"damage":1.0,"enemies":"Small Slimes","floor":1.0,"turns":5.0},{"damage":22.0,"enemies":"3 Sentries","floor":7.0,"turns":10.0},{"damage":0.0,"enemies":"2 Louse","floor":10.0,"turns":2.0},{"damage":14.0,"enemies":"Lagavulin","floor":11.0,"turns":7.0},{"damage":0.0,"enemies":"Cultist","floor":13.0,"turns":3.0},{"damage":6.0,"enemies":"The Guardian","floor":16.0,"turns":17.0},{"damage":0.0,"enemies":"Spheric Guardian","floor":18.0,"turns":4.0},{"damage":2.0,"enemies":"2 Thieves","floor":19.0,"turns":4.0},{"damage":21.0,"enemies":"Sentry and Sphere","floor":20.0,"turns":10.0},{"damage":1.0,"enemies":"Slavers","floor":23.0,"turns":3.0},{"damage":20.0,"enemies":"Cultist and Chosen","floor":27.0,"turns":6.0},{"damage":5.0,"enemies":"Book of Stabbing","floor":28.0,"turns":5.0},{"damage":0.0,"enemies":"Gremlin Leader","floor":30.0,"turns":5.0},{"damage":2.0,"enemies":"Snecko","floor":31.0,"turns":7.0},{"damage":8.0,"enemies":"Collector","floor":33.0,"turns":6.0},{"damage":4.0,"enemies":"3 Darklings","floor":35.0,"turns":5.0},{"damage":0.0,"enemies":"3 Shapes","floor":36.0,"turns":2.0},{"damage":0.0,"enemies":"Maw","floor":38.0,"turns":7.0},{"damage":0.0,"enemies":"Transient","floor":39.0,"turns":6.0},{"damage":0.0,"enemies":"Reptomancer","floor":40.0,"turns":8.0},{"damage":0.0,"enemies":"Nemesis","floor":42.0,"turns":5.0},{"damage":0.0,"enemies":"Giant Head","floor":44.0,"turns":6.0},{"damage":11.0,"enemies":"Sphere and 2 Shapes","floor":47.0,"turns":5.0},{"damage":30.0,"enemies":"2 Orb Walkers","floor":48.0,"turns":5.0},{"damage":5.0,"enemies":"Awakened One","floor":50.0,"turns":13.0},{"damage":31.0,"enemies":"Donu and Deca","floor":51.0,"turns":8.0},{"damage":9.0,"enemies":"Shield and Spear","floor":55.0,"turns":6.0},{"damage":62,"enemies":"The Heart","floor":56,"turns":8}],"seed_played":"1471465232599541520","potions_obtained":[{"floor":10.0,"key":"LiquidMemories"},{"floor":13.0,"key":"Weak Potion"},{"floor":16.0,"key":"FearPotion"},{"floor":19.0,"key":"Swift Potion"},{"floor":20.0,"key":"DuplicationPotion"},{"floor":31.0,"key":"CultistPotion"},{"floor":35.0,"key":"GamblersBrew"},{"floor":36.0,"key":"DuplicationPotion"}],"is_trial":false,"path_per_floor":["M","?","?","$","?","R","E","R","T","M","E","?","M","$","R","B",null,"M","M","M","?","?","E","?","$","T","M","E","R","E","M","R","B",null,"M","M","?","M","M","E","R","E","T","E","$","?","M","?","R","B","B",null,"R","$","E","B",null],"character_chosen":"THE_SILENT","items_purchased":["Blade Dance","Energy Potion","Toolbox","Flash of Steel","Medical Kit","Accuracy+1","Bag of Marbles","Flash of Steel"],"campfire_rested":0,"item_purchase_floors":[4,4,14,25,45,54,54,54],"current_hp_per_floor":[58,58,53,53,53,53,31,31,31,43,41,41,43,43,43,39,59,61,61,42,42,42,43,43,43,43,37,34,49,51,51,66,58,64,62,64,66,66,66,66,66,66,66,66,66,66,55,39,60,61,35,58,66,66,57,16],"gold":33,"neow_bonus":"HUNDRED_GOLD","is_daily":false,"chose_seed":false,"campfire_upgraded":7,"win_rate":0.0,"timestamp":1611270398,"path_taken":["M","?","?","$","?","R","E","R","T","M","E","?","?","?","R","BOSS","M","M","?","?","?","E","?","$","T","M","E","R","E","M","R","BOSS","M","M","?","M","M","E","R","E","T","E","?","?","?","?","R","BOSS","BOSS","R","$","E","BOSS"],"items_purchased_type":["Card","Potion","Relic","Card","Relic","Card","Relic","Card"],"build_version":"2020-12-22","purchased_purges":2,"victory":true,"max_hp_per_floor":[66,66,66,66,66,66,66,66,66,66,66,66,66,66,66,66,66,66,66,66,66,66,66,66,66,66,66,66,66,66,66,66,66,66,66,66,66,66,66,66,66,66,66,66,66,66,66,66,66,66,66,66,66,66,66,66],"card_choices":[{"not_picked":["Blade Dance","Cloak And Dagger"],"picked":"Dash","floor":1.0},{"not_picked":["Blur","Dodge and Roll"],"picked":"Cloak And Dagger","floor":7.0},{"not_picked":["Heel Hook","Flechettes","Dagger Throw"],"picked":"SKIP","floor":10.0},{"not_picked":["Endless Agony","Quick Slash"],"picked":"Acrobatics","floor":11.0},{"not_picked":["Underhanded Strike","Acrobatics+1"],"picked":"Cloak And Dagger+1","floor":13.0},{"not_picked":["Die Die Die","Unload"],"picked":"Bullet Time+1","floor":16.0},{"not_picked":["Poisoned Stab","Riddle With Holes","Skewer"],"picked":"SKIP","floor":18.0},{"not_picked":["Deadly Poison+1","Eviscerate+1"],"picked":"Crippling Poison+1","floor":19.0},{"not_picked":["Underhanded Strike","Quick Slash"],"picked":"Backstab","floor":20.0},{"not_picked":["Deadly Poison+1","Expertise+1"],"picked":"Leg Sweep+1","floor":23.0},{"not_picked":["Underhanded Strike","Backstab"],"picked":"PiercingWail+1","floor":27.0},{"not_picked":["Underhanded Strike","Quick Slash"],"picked":"Night Terror+1","floor":28.0},{"not_picked":["Prepared+1","Deflect+1"],"picked":"Cloak And Dagger+1","floor":30.0},{"not_picked":["Deadly Poison+1","Bane","Flying Knee"],"picked":"SKIP","floor":31.0},{"not_picked":["Tools of the Trade","Night Terror+1"],"picked":"Malaise+1","floor":33.0},{"not_picked":["Reflex+1","Endless Agony"],"picked":"Cloak And Dagger+1","floor":35.0},{"not_picked":["Dash+1","Sucker Punch+1"],"picked":"Acrobatics+1","floor":36.0},{"not_picked":["All Out Attack","Quick Slash"],"picked":"Distraction+1","floor":38.0},{"not_picked":["Expertise+1","Skewer+1"],"picked":"Cloak And Dagger+1","floor":39.0},{"not_picked":["Predator","Dash+1","Cloak And Dagger+1"],"picked":"SKIP","floor":40.0},{"not_picked":["Dagger Throw+1","Distraction+1"],"picked":"Caltrops+1","floor":42.0},{"not_picked":["Concentrate+1","Expertise+1"],"picked":"Blade Dance+1","floor":44.0},{"not_picked":["Distraction+1","Sucker Punch"],"picked":"Deflect+1","floor":47.0},{"not_picked":["Acrobatics+1","Deflect+1"],"picked":"Dodge and Roll+1","floor":48.0},{"not_picked":["Dagger Spray","Endless Agony"],"picked":"Malaise+1","floor":55.0}],"player_experience":1370336,"relics_obtained":[{"floor":7.0,"key":"Meat on the Bone"},{"floor":9.0,"key":"Anchor"},{"floor":11.0,"key":"Blood Vial"},{"floor":23.0,"key":"Tough Bandages"},{"floor":26.0,"key":"The Courier"},{"floor":28.0,"key":"Eternal Feather"},{"floor":30.0,"key":"Dream Catcher"},{"floor":40.0,"key":"Frozen Egg 2"},{"floor":42.0,"key":"Pen Nib"},{"floor":44.0,"key":"Pantograph"},{"floor":48.0,"key":"Lizard Tail"},{"floor":55.0,"key":"Art of War"}],"event_choices":[{"damage_healed":0.0,"max_hp_gain":0.0,"max_hp_loss":0.0,"gold_gain":150.0,"event_name":"Liars Game","player_choice":"AGREE","floor":2.0,"gold_loss":0.0,"damage_taken":0.0,"cards_obtained":["Doubt"]},{"damage_healed":0.0,"max_hp_gain":0.0,"max_hp_loss":0.0,"gold_gain":0.0,"event_name":"Scrap Ooze","player_choice":"Success","floor":3.0,"gold_loss":0.0,"damage_taken":5.0,"relics_obtained":["Kunai"]},{"damage_healed":0.0,"max_hp_gain":0.0,"max_hp_loss":0.0,"gold_gain":0.0,"cards_transformed":["Strike_G"],"event_name":"Living Wall","player_choice":"Change","floor":5.0,"gold_loss":0.0,"damage_taken":0.0,"cards_obtained":["Dagger Spray"]},{"damage_healed":0.0,"max_hp_gain":0.0,"max_hp_loss":0.0,"gold_gain":0.0,"event_name":"WeMeetAgain","player_choice":"Paid Gold","floor":12.0,"gold_loss":80.0,"damage_taken":0.0,"relics_obtained":["Toxic Egg 2"]},{"damage_healed":0.0,"max_hp_gain":0.0,"max_hp_loss":0.0,"gold_gain":0.0,"cards_transformed":["Strike_G","Strike_G"],"event_name":"Drug Dealer","player_choice":"Became Test Subject","floor":21.0,"gold_loss":0.0,"damage_taken":0.0,"cards_obtained":["Deadly Poison","Adrenaline"]},{"damage_healed":0.0,"max_hp_gain":0.0,"max_hp_loss":0.0,"gold_gain":0.0,"event_name":"Addict","player_choice":"Obtained Relic","floor":22.0,"gold_loss":85.0,"damage_taken":0.0,"relics_obtained":["Ginger"]},{"damage_healed":0.0,"max_hp_gain":0.0,"max_hp_loss":0.0,"gold_gain":0.0,"event_name":"Match and Keep!","player_choice":"1 cards matched","floor":24.0,"gold_loss":0.0,"damage_taken":0.0,"cards_obtained":["Phantasmal Killer"]},{"damage_healed":2.0,"max_hp_gain":0.0,"max_hp_loss":0.0,"gold_gain":0.0,"event_name":"Wheel of Change","player_choice":"Full Heal","floor":37.0,"gold_loss":0.0,"damage_taken":0.0},{"damage_healed":0.0,"max_hp_gain":0.0,"max_hp_loss":0.0,"gold_gain":0.0,"cards_transformed":["Strike_G"],"event_name":"Transmorgrifier","player_choice":"Transformed","floor":46.0,"gold_loss":0.0,"damage_taken":0.0,"cards_obtained":["A Thousand Cuts"]},{"damage_healed":0.0,"max_hp_gain":0.0,"max_hp_loss":0.0,"gold_gain":0.0,"event_name":"Mysterious Sphere","player_choice":"Fight","floor":48.0,"gold_loss":0.0,"damage_taken":0.0}],"is_beta":false,"boss_relics":[{"not_picked":["Busted Crown","SacredBark"],"picked":"SlaversCollar"},{"not_picked":["Sozu","Velvet Choker"],"picked":"Runic Pyramid"}],"items_purged_floors":[4,45],"is_endless":false,"potions_floor_spawned":[10,13,16,19,20,31,35,36,39,42,48],"ascension_level":20}}