{"host":"grklf728wqifs9z9","time":1611266638,"event":{"mods":["BaseMod","Downfall","Minty Spire (QoL Compilation)","Shop Mod","StSLib","The Animator","The Disciple"],"gold_per_floor":[99,118,136,311,327,327,327,345,362,421,29,47,47,32,44,44,44,44],"floor_reached":16,"language":"ENG","playtime":1114,"items_purged":[],"score":94,"play_id":"b966ff78-8ee3-4ce5-a972-d3e73b70230e","local_time":"20210122070358","is_ascension_mode":false,"campfire_choices":[{"floor":1,"key":"RECALL"},{"data":"champ:CrookedStrike","floor":6,"key":"SMITH"},{"floor":13,"key":"REST"}],"circlet_count":0,"master_deck":["champ:Strike","champ:Strike","champ:Strike","champ:Strike","champ:Defend","champ:Defend","champ:Defend","champ:Defend","champ:Execute","champ:Taunt","champ:CalledShot","champ:CrookedStrike+1","Doubt","champ:ShieldWall","champ:BringItOn","champ:HeavySlash","champ:FaceSlap","champ:TripleStrike","champ:IronFortress","expansioncontent:StudyTheSpire","champ:EnGarde","champ:RisingSlash","champ:IronFortress"],"relics":["champ:ChampionCrown","WingedGreaves","Happy Flower"],"acts_visited":["Exordium"],"potions_floor_usage":[10,10,16,16],"damage_taken":[{"damage":3,"enemies":"Small Slimes","floor":2,"turns":4},{"damage":28,"enemies":"Jaw Worm","floor":3,"turns":6},{"damage":28,"enemies":"Cultist","floor":5,"turns":4},{"damage":17,"enemies":"Blue Slaver","floor":8,"turns":4},{"damage":13,"enemies":"2 Fungi Beasts","floor":9,"turns":3},{"damage":23,"enemies":"Gremlin Nob","floor":10,"turns":5},{"damage":20,"enemies":"downfall:FleeingMerchant","floor":11,"turns":4},{"damage":36,"enemies":"Large Slime","floor":12,"turns":7},{"damage":30,"enemies":"downfall:FleeingMerchant","floor":14,"turns":4},{"damage":19,"enemies":"Lots of Slimes","floor":15,"turns":6},{"damage":34,"enemies":"WA_ARCHETYPE_RETAIN","floor":16,"turns":4}],"seed_played":"-4090082869078098594","potions_obtained":[{"floor":3,"key":"EssenceOfSteel"},{"floor":5,"key":"FearPotion"},{"floor":12,"key":"Energy Potion"},{"floor":15,"key":"SteroidPotion"}],"is_trial":false,"path_per_floor":["R","M","M","?","M","R","T","M","M","?","$","M","R","$","M","B"],"character_chosen":"THE_CHAMP","items_purchased":["Happy Flower","champ:IronFortress","expansioncontent:StudyTheSpire"],"campfire_rested":1,"item_purchase_floors":[11,11,11],"current_hp_per_floor":[99,96,83,83,75,75,75,68,65,52,42,16,45,30,21,0,0,0],"gold":44,"neow_bonus":"TEN_PERCENT_HP_BONUS","is_daily":false,"chose_seed":false,"campfire_upgraded":1,"win_rate":0.0,"timestamp":1611266638,"path_taken":["R","M","M","?","M","R","T","M","M","?","?","M","R","$","M","BOSS"],"items_purchased_type":["Relic","Card","Card"],"build_version":"2020-12-22","purchased_purges":0,"victory":false,"max_hp_per_floor":[99,99,99,99,99,99,99,99,99,99,99,99,99,99,99,99,99,99],"card_choices":[{"not_picked":["champ:GutPunch","champ:DefensiveShout"],"picked":"champ:CalledShot","floor":2},{"not_picked":["champ:Backstep","champ:Circumvent"],"picked":"champ:CrookedStrike","floor":3},{"not_picked":["champ:DefensiveShout","champ:Haymaker"],"picked":"champ:ShieldWall","floor":5},{"not_picked":["champ:CrownThrow","champ:PerfectedStrike"],"picked":"champ:BringItOn","floor":8},{"not_picked":["champ:PerfectedStrike","champ:PreciseThrust"],"picked":"champ:HeavySlash","floor":9},{"not_picked":["champ:AdrenalArmor","champ:Backstep"],"picked":"champ:FaceSlap","floor":10},{"not_picked":["champ:Circumvent","champ:FlashCut"],"picked":"champ:TripleStrike","floor":11},{"not_picked":["champ:StanceDance","champ:PreciseThrust"],"picked":"champ:EnGarde","floor":12},{"not_picked":["champ:FlashCut","champ:TornadoPunch"],"picked":"champ:RisingSlash","floor":14},{"not_picked":["champ:EndlessRage","champ:RapidStrikes"],"picked":"champ:IronFortress","floor":15}],"player_experience":120450,"relics_obtained":[],"event_choices":[],"is_beta":false,"boss_relics":[],"items_purged_floors":[],"is_endless":false,"potions_floor_spawned":[3,5,12,15],"killed_by":"WA_ARCHETYPE_RETAIN","ascension_level":0}}