{"host":"TheShotgunBoss","time":1611192919,"event":{"mods":["AchievementEnabler","Always Whale","Aspiration","BaseMod","Beaked The Cultist","Colored Map","Colored Powertips","Colorless Booster Pack","Conspire","Downfall","Energized Spire","FetchMod","GifTheSpireLib","Halation","Hubris","Infinite Spire","Jedi Mod","Minty Spire (QoL Compilation)","Quick Restart","RNG!","Relic Sorter","SacredBarkPlus","Shop Mod","Spikes Relics","StSLib","Stuff the Spire","The Blue Laboratory","The Construct","Uncapped","Unceasing Turn Reminder","everything is the same but u backflip on backflip","vexMod","??????REMEMod"],"gold_per_floor":[99,99,99,99,134,134,213,248,258,284,295,295,295,314,333,333,333],"floor_reached":16,"language":"ENG","playtime":726,"items_purged":[],"score":113,"play_id":"15df1e1d-41b5-43de-8825-7d4e8a68ba4c","local_time":"20210120203519","is_ascension_mode":true,"campfire_choices":[{"data":"Slimebound:Split","floor":1,"key":"SMITH"},{"data":"Slimebound:SplitAcid","floor":6,"key":"SMITH"},{"data":"Slimebound:FirmFortitude","floor":13,"key":"SMITH"}],"circlet_count":0,"master_deck":["Slimebound:Strike_Slimebound","Slimebound:Strike_Slimebound","Slimebound:Strike_Slimebound","Slimebound:Tackle","Slimebound:Defend_Slimebound","Slimebound:Defend_Slimebound","Slimebound:Defend_Slimebound","Slimebound:Defend_Slimebound","Slimebound:Split+1","Slimebound:CorrosiveSpit","Slimebound:SplitAcid+1","Slimebound:PressTheAttack","Slimebound:FirmFortitude+1","Slimebound:SplitSpecialist"],"relics":["Slimebound:AbsorbEndCombat","REME_ComplimentaryCards","downfall:HeartsMalice","hubris:Towel","StuffTheSpire:ForceGauntlet","hubris:DisguiseKit","Question Card","Thread and Needle"],"acts_visited":["Exordium"],"potions_floor_usage":[16,16],"damage_taken":[{"damage":0,"enemies":"Small Slimes","floor":2,"turns":1},{"damage":0,"enemies":"2 Louse","floor":3,"turns":1},{"damage":0,"enemies":"conspire:MimicChest","floor":5,"turns":1},{"damage":16,"enemies":"Gremlin Nob","floor":8,"turns":4},{"damage":1,"enemies":"Jaw Worm","floor":9,"turns":4},{"damage":6,"enemies":"Lagavulin","floor":10,"turns":4},{"damage":4,"enemies":"2 Fungi Beasts","floor":11,"turns":3},{"damage":14,"enemies":"Exordium Thugs","floor":14,"turns":4},{"damage":10,"enemies":"Lots of Slimes","floor":15,"turns":2},{"damage":41,"enemies":"WA_ARCHETYPE_RETAIN","floor":16,"turns":8}],"seed_played":"-8001002779697774292","potions_obtained":[{"floor":5,"key":"SkillPotion"},{"floor":8,"key":"blueLaboratory:FruitPunch"},{"floor":10,"key":"FearPotion"},{"floor":11,"key":"conspire:TimeTravelPotion"}],"is_trial":false,"path_per_floor":["R","M","M","?","?","R","T","E","M","E","M","?","R","M","M","B"],"character_chosen":"SLIMEBOUND","items_purchased":[],"campfire_rested":0,"item_purchase_floors":[],"current_hp_per_floor":[65,65,65,65,65,65,65,53,56,52,50,50,50,38,28,0,0],"gold":333,"neow_bonus":"THREE_ENEMY_KILL","is_daily":false,"chose_seed":false,"campfire_upgraded":3,"win_rate":0.0,"timestamp":1611192919,"path_taken":["R","M","M","?","?","R","T","E","?","E","M","?","R","M","M","BOSS"],"items_purchased_type":[],"build_version":"2020-12-18","purchased_purges":0,"victory":false,"max_hp_per_floor":[65,65,65,65,65,65,65,65,65,65,65,65,65,65,65,67,67],"card_choices":[{"not_picked":["Slimebound:FlameTackle","Slimebound:ServeAndProtect"],"picked":"Slimebound:SplitAcid","floor":2},{"not_picked":["Slimebound:FinishingTackle","Slimebound:Grow"],"picked":"Slimebound:PressTheAttack","floor":3},{"not_picked":["Slimebound:SlimeSpikes","Slimebound:SlimeTap","Indignation"],"picked":"Slimebound:FirmFortitude","floor":8},{"not_picked":["Slimebound:GrowthPunch","Slimebound:ItLooksTasty","Slimebound:SlimeSpikes","BattleHymn"],"picked":"Slimebound:SplitSpecialist","floor":9},{"not_picked":["Slimebound:PressTheAttack","Slimebound:RejuvenatingLick","Slimebound:FlameTackle","Slimebound:ComboTackle","Establishment"],"picked":"SKIP","floor":10},{"not_picked":["Slimebound:SlimeBrawl","Slimebound:Repurpose","Slimebound:BestDefense","Slimebound:Replication","Evaluate"],"picked":"SKIP","floor":11},{"not_picked":["Slimebound:RollThrough","Slimebound:GoopTackle","Slimebound:SlimeSlap","Slimebound:TongueLash","BowlingBash"],"picked":"SKIP","floor":14},{"not_picked":["Slimebound:RejuvenatingLick","Slimebound:LeechEnergy","Slimebound:GoopTackle","Slimebound:FinishingTackle","REME_MusicOfDeath"],"picked":"SKIP","floor":15}],"player_experience":263878,"relics_obtained":[{"floor":5,"key":"StuffTheSpire:ForceGauntlet"},{"floor":7,"key":"hubris:DisguiseKit"},{"floor":8,"key":"Question Card"},{"floor":10,"key":"Thread and Needle"}],"event_choices":[],"is_beta":true,"boss_relics":[],"items_purged_floors":[],"is_endless":false,"potions_floor_spawned":[5,8,10,11,15],"killed_by":"WA_ARCHETYPE_RETAIN","ascension_level":1}}