{"host":"1dz819zv7fs9tsdy","time":1611269264,"event":{"mods":["AchievementEnabler","BaseMod","Colored Powertips","Curses Come First","Minty Spire (QoL Compilation)","Rare Cards Sparkle","StSLib"],"gold_per_floor":[119,134,134,153,153,184,199,199,199,241,241,268,303,312,312,441,441,473,473,103,103,127,127,127],"floor_reached":23,"language":"ENG","playtime":1972,"items_purged":["Injury"],"score":219,"play_id":"7a3be472-ff78-4067-8cec-7bc11a97dc57","local_time":"20210121224744","is_ascension_mode":true,"campfire_choices":[{"data":"Underhanded Strike","floor":8,"key":"SMITH"},{"data":"Dash","floor":15,"key":"SMITH"}],"circlet_count":0,"master_deck":["Strike_G","Strike_G","Strike_G","Strike_G","Strike_G","Defend_G","Defend_G","Defend_G","Defend_G","Defend_G","Survivor","Neutralize","Distraction","Underhanded Strike+1","Quick Slash","Dash+1","Outmaneuver","Flying Knee","Bullet Time","Deadly Poison","After Image","Blade Dance","Underhanded Strike+1"],"relics":["Coffee Dripper","Gambling Chip","Sundial","Pantograph","CeramicFish","Toy Ornithopter","Odd Mushroom","Bloody Idol","Black Star","Potion Belt"],"acts_visited":["Exordium","TheCity"],"potions_floor_usage":[13,22],"damage_taken":[{"damage":0,"enemies":"2 Louse","floor":1,"turns":3},{"damage":0,"enemies":"Cultist","floor":2,"turns":4},{"damage":0,"enemies":"Jaw Worm","floor":4,"turns":5},{"damage":14,"enemies":"3 Sentries","floor":6,"turns":13},{"damage":4,"enemies":"Large Slime","floor":7,"turns":6},{"damage":16,"enemies":"Gremlin Nob","floor":10,"turns":5},{"damage":4,"enemies":"Red Slaver","floor":12,"turns":3},{"damage":5,"enemies":"The Mushroom Lair","floor":13,"turns":3},{"damage":24,"enemies":"Hexaghost","floor":16,"turns":12},{"damage":15,"enemies":"2 Thieves","floor":18,"turns":4},{"damage":26,"enemies":"Spheric Guardian","floor":22,"turns":5},{"damage":88,"enemies":"Gremlin Leader","floor":23,"turns":8}],"seed_played":"-862583689491449400","potions_obtained":[{"floor":7,"key":"FairyPotion"},{"floor":12,"key":"Explosive Potion"},{"floor":16,"key":"LiquidMemories"},{"floor":22,"key":"FearPotion"}],"is_trial":false,"path_per_floor":["M","M","?","M","?","E","M","R","T","E","?","M","?","?","R","B",null,"M","?","$","?","M","E"],"character_chosen":"THE_SILENT","items_purchased":["Potion Belt","After Image","Blade Dance"],"campfire_rested":0,"item_purchase_floors":[20,20,20],"current_hp_per_floor":[70,70,70,70,58,44,40,40,40,24,24,20,20,20,20,21,70,55,55,55,55,44,0,0],"gold":127,"neow_bonus":"BOSS_RELIC","is_daily":false,"chose_seed":false,"campfire_upgraded":2,"win_rate":0.0,"timestamp":1611269264,"path_taken":["M","M","?","?","?","E","M","R","T","E","?","?","?","?","R","BOSS","M","?","$","?","M","E"],"items_purchased_type":["Relic","Card","Card"],"build_version":"2020-12-22","purchased_purges":1,"victory":false,"max_hp_per_floor":[70,70,70,70,70,70,70,70,70,70,70,70,70,70,70,70,70,70,70,70,70,70,70,70],"card_choices":[{"not_picked":["Underhanded Strike","All Out Attack"],"picked":"Quick Slash","floor":1},{"not_picked":["Dodge and Roll","Reflex"],"picked":"Distraction","floor":2},{"not_picked":["Acrobatics","Dagger Throw"],"picked":"Underhanded Strike","floor":4},{"not_picked":["Underhanded Strike","Terror"],"picked":"Quick Slash","floor":6},{"not_picked":["Concentrate","Finisher"],"picked":"Dagger Throw","floor":7},{"not_picked":["Acrobatics","Blade Dance"],"picked":"Dash","floor":10},{"not_picked":["Doppelganger","Blade Dance"],"picked":"Outmaneuver","floor":12},{"not_picked":["Backstab","Backflip"],"picked":"Flying Knee","floor":13},{"not_picked":["Storm of Steel","Tools of the Trade"],"picked":"Bullet Time","floor":16},{"not_picked":["Skewer","Acrobatics"],"picked":"Deadly Poison","floor":18},{"not_picked":["Well Laid Plans","Backstab"],"picked":"Underhanded Strike+1","floor":22}],"player_experience":276579,"relics_obtained":[{"floor":6,"key":"Sundial"},{"floor":9,"key":"Pantograph"},{"floor":10,"key":"CeramicFish"},{"floor":13,"key":"Odd Mushroom"}],"event_choices":[{"cards_removed":["Quick Slash"],"damage_healed":5,"gold_gain":0,"player_choice":"Offered Common","damage_taken":0,"max_hp_gain":0,"max_hp_loss":0,"event_name":"Bonfire Elementals","floor":3,"gold_loss":0},{"cards_removed":["Quick Slash"],"damage_healed":5,"gold_gain":0,"player_choice":"Offered Special","damage_taken":0,"max_hp_gain":0,"max_hp_loss":0,"event_name":"Bonfire Elementals","floor":3,"gold_loss":0},{"damage_healed":0,"gold_gain":0,"player_choice":"Success","damage_taken":12,"relics_obtained":["Gambling Chip"],"max_hp_gain":0,"max_hp_loss":0,"event_name":"Scrap Ooze","floor":5,"gold_loss":0},{"cards_removed":["Dagger Throw"],"damage_healed":0,"gold_gain":0,"player_choice":"Gave Card","damage_taken":0,"relics_obtained":["Toy Ornithopter"],"max_hp_gain":0,"max_hp_loss":0,"event_name":"WeMeetAgain","floor":11,"gold_loss":0},{"damage_healed":0,"gold_gain":0,"player_choice":"Fought Mushrooms","damage_taken":0,"max_hp_gain":0,"max_hp_loss":0,"event_name":"Mushrooms","floor":13,"gold_loss":0},{"damage_healed":0,"gold_gain":0,"player_choice":"Take Wound","damage_taken":0,"relics_obtained":["Golden Idol"],"max_hp_gain":0,"max_hp_loss":0,"event_name":"Golden Idol","floor":14,"gold_loss":0,"cards_obtained":["Injury"]},{"damage_healed":0,"gold_gain":0,"player_choice":"Ignored","damage_taken":0,"max_hp_gain":0,"max_hp_loss":0,"event_name":"Vampires","floor":19,"gold_loss":0},{"damage_healed":0,"gold_gain":0,"player_choice":"Gave Idol","damage_taken":0,"relics_obtained":["Bloody Idol"],"max_hp_gain":0,"max_hp_loss":0,"event_name":"Forgotten Altar","floor":21,"relics_lost":["Golden Idol"],"gold_loss":0}],"is_beta":false,"boss_relics":[{"not_picked":["Calling Bell","SlaversCollar"],"picked":"Black Star"}],"items_purged_floors":[20],"is_endless":false,"potions_floor_spawned":[7,12,16,22],"killed_by":"Gremlin Leader","ascension_level":2}}