{"host":"l1bfbgeb3oxa8ieg","time":1611224768,"event":{"mods":["AlwaysNeverKeys","Aspiration","BaseMod","Beaked The Cultist","Better Match","Better Note","Better Third Choice","BetterRewards","Colored Powertips","Conspire","Energized Spire","Fiend Mod","Friendly Minions","Halation","Infinite Spire","Minty Spire (QoL Compilation)","Permanent Neow","Quick Restart","Replay The Spire","Shop Mod","Spicy Shops","Spikes Relics","StSLib","TestMod","The Blackbeard","The Mystic","The Necromancer","Uncapped","UnlockEverythingMod","vexMod"],"gold_per_floor":[117,132,132,132,142,142,93,93,93,93,110,138,153,178,178,281,281,300,318,318,318,331,331,359,359,384,384,419,460,460,222,222,358,358,385,442,442,479,479,479,577,618,618,618,89,89,153,160,160],"floor_reached":48,"language":"ENG","playtime":59532,"items_purged":["beaked:SurvivalInstinct"],"score":515,"play_id":"33aeda8c-744b-4c18-8540-a3d1df6ca4e4","local_time":"20210121112608","is_ascension_mode":false,"campfire_choices":[{"data":"Tools of the Trade","floor":6,"key":"SMITH"},{"data":"Blade Dance","floor":8,"key":"SMITH"},{"data":"Hidden Blade","floor":10,"key":"SMITH"},{"floor":15,"key":"REST"},{"data":"After Image","floor":23,"key":"SMITH"},{"data":"Footwork","floor":27,"key":"SMITH"},{"data":"conspire:DoublingDagger","floor":30,"key":"SMITH"},{"data":"Footwork","floor":32,"key":"SMITH"},{"data":"Storm of Steel","floor":40,"key":"SMITH"},{"data":"beaked:HuntressSpirit","floor":46,"key":"SMITH"}],"circlet_count":0,"master_deck":["Strike_G","Strike_G","Strike_G","Defend_G","Defend_G","Defend_G","Defend_G","Defend_G","Survivor","Neutralize","Hidden Blade+1","Dagger Throw","Poisoned Stab","Backflip","Blade Dance+1","conspire:DoublingDagger+1","Footwork+1","Footwork+1","After Image+1","Acrobatics","Cloak And Dagger","ReplayTheSpireMod:Speed Training+1","ReplayTheSpireMod:Tripwire","ReplayTheSpireMod:Necrosis","Storm of Steel+1","beaked:HuntressSpirit+1","beaked:Insight+1"],"relics":["Ring of the Snake","testmod-TestBox","Mummified Hand","testmod-Antiphasic","halation:OrihimeAndHikoboshiSamaAndTears","energizedSpire:MagnifyingGlass","testmod-OneHitWonder","testmod-Acrobat","halation:AfternoonTea","Snack Pack","aspiration:BeakedSkillbook","halation:LettersToHer","Akabeko","testmod-IndustrialRevolution","infinitespire:Joker Card","Vajra"],"acts_visited":["Exordium","TheCity","TheBeyond"],"potions_floor_usage":[14,33,41],"damage_taken":[{"damage":3,"enemies":"infinitespire:Voidling","floor":1,"turns":8},{"damage":0,"enemies":"conspire:RoseBush","floor":2,"turns":5},{"damage":0,"enemies":"2 Louse","floor":5,"turns":2},{"damage":10,"enemies":"Lots of Slimes","floor":11,"turns":4},{"damage":23,"enemies":"Lagavulin","floor":12,"turns":8},{"damage":4,"enemies":"Gremlin Gang","floor":13,"turns":5},{"damage":11,"enemies":"3 Sentries","floor":14,"turns":9},{"damage":30,"enemies":"The Guardian","floor":16,"turns":13},{"damage":13,"enemies":"conspire:FuzzyDice","floor":18,"turns":7},{"damage":0,"enemies":"Spheric Guardian","floor":19,"turns":4},{"damage":7,"enemies":"Snecko","floor":22,"turns":7},{"damage":11,"enemies":"Nightmare","floor":24,"turns":12},{"damage":2,"enemies":"Shelled Parasite and Fungi","floor":28,"turns":7},{"damage":7,"enemies":"Snake Plant","floor":29,"turns":8},{"damage":38,"enemies":"Automaton","floor":33,"turns":12},{"damage":3,"enemies":"Orb Walker","floor":35,"turns":6},{"damage":1,"enemies":"3 Darklings","floor":36,"turns":10},{"damage":37,"enemies":"Jaw Worm Horde","floor":38,"turns":8},{"damage":60,"enemies":"beaked:SuperParasite","floor":41,"turns":15},{"damage":22,"enemies":"4 Shapes","floor":42,"turns":8},{"damage":32,"enemies":"Sphere and 2 Shapes","floor":47,"turns":11},{"damage":11,"enemies":"Jaw Worm Horde","floor":48,"turns":2}],"seed_played":"-150884811019731121","potions_obtained":[{"floor":1,"key":"Weak Potion"},{"floor":2,"key":"Block Potion"},{"floor":14,"key":"Dexterity Potion"},{"floor":18,"key":"Dexterity Potion"},{"floor":36,"key":"ColorlessPotion"},{"floor":41,"key":"Dexterity Potion"}],"is_trial":false,"path_per_floor":["M","M","?","?","M","R","$","R","T","R","M","E","M","E","R","B",null,"M","M","?","?","M","R","NM","?","T","R","M","M","R","$","R","B",null,"M","M","?","M","HB","R","E","M","T","?","$","R","M","M"],"character_chosen":"THE_SILENT","items_purchased":["Blade Dance","Snack Pack","infinitespire:Joker Card","Vajra"],"campfire_rested":1,"item_purchase_floors":[7,31,45,45],"current_hp_per_floor":[67,67,60,60,60,60,60,60,60,60,50,27,23,12,33,3,70,57,57,80,80,73,73,62,62,62,62,60,53,53,53,53,49,80,77,80,80,68,40,40,28,22,22,22,22,22,6,0,0],"gold":160,"neow_bonus":"ONE_RANDOM_RARE_CARD","is_daily":false,"chose_seed":false,"campfire_upgraded":9,"win_rate":0.0,"timestamp":1611224768,"path_taken":["M","?","?","?","?","R","$","R","T","R","M","E","?","E","R","BOSS","M","M","?","?","?","R","NM","?","T","R","M","?","R","$","R","BOSS","M","M","?","?","HB","R","E","M","T","?","$","R","M","M"],"items_purchased_type":["Card","Relic","Relic","Relic"],"build_version":"2020-12-22","purchased_purges":1,"victory":false,"max_hp_per_floor":[70,70,70,70,70,70,70,70,70,70,70,70,70,70,70,70,70,70,70,80,80,80,80,80,80,80,80,80,80,80,80,80,80,80,80,80,80,80,40,40,57,57,57,57,57,57,59,59,59],"card_choices":[{"not_picked":["Sucker Punch","Deflect"],"picked":"Hidden Blade","floor":1},{"not_picked":["Replay:Poison Smokescreen","Dagger Spray"],"picked":"Dagger Throw","floor":2},{"not_picked":["Dagger Throw","Flying Knee"],"picked":"Backflip","floor":5},{"not_picked":["Replay:Poison Smokescreen","Sucker Punch"],"picked":"conspire:DoublingDagger","floor":11},{"not_picked":["Sneak Up","ShadowRift"],"picked":"Footwork","floor":12},{"not_picked":["InfectiousVector","conspire:DoublingDagger","Endless Agony"],"picked":"SKIP","floor":13},{"not_picked":["Distraction","Flechettes"],"picked":"Footwork","floor":14},{"not_picked":["ReplayTheSpireMod:From All Sides","Doppelganger"],"picked":"After Image","floor":16},{"not_picked":["Blur","Fluid Movement"],"picked":"Acrobatics","floor":18},{"not_picked":["Bane","Leg Sweep"],"picked":"Cloak And Dagger","floor":19},{"not_picked":["Noxious Fumes","Sucker Punch","PiercingWail"],"picked":"SKIP","floor":22},{"not_picked":["Flying Knee","Slice"],"picked":"ReplayTheSpireMod:Speed Training+1","floor":24},{"not_picked":["Acrobatics+1","Cloak And Dagger"],"picked":"ReplayTheSpireMod:Necrosis","floor":28},{"not_picked":["InfectiousVector","ReplayTheSpireMod:Speed Training","Hidden Blade"],"picked":"SKIP","floor":29},{"not_picked":["Atom Bomb","Phantasmal Killer"],"picked":"Storm of Steel","floor":33},{"not_picked":["beaked:SurvivalInstinct+1","beaked:Cower+1","Draining Mist"],"picked":"beaked:HuntressSpirit","floor":35},{"not_picked":["Acrobatics","Underhanded Strike+1","Bane+1","Escape Plan"],"picked":"SKIP","floor":36},{"not_picked":["beaked:Resilience","beaked:Tweet+1","Noxious Fumes","ReplayTheSpireMod:Owlgaze"],"picked":"SKIP","floor":38},{"not_picked":["beaked:Brace","Predator","beaked:DesperateSwing+1"],"picked":"beaked:Insight+1","floor":41},{"not_picked":["Underhanded Strike","beaked:Tweet","beaked:DigDeep+1"],"picked":"beaked:SurvivalInstinct","floor":42},{"not_picked":["Dodge and Roll+1","Deflect","beaked:SurvivalInstinct+1","Fluid Movement"],"picked":"SKIP","floor":47}],"player_experience":207467,"relics_obtained":[{"floor":9,"key":"Mummified Hand"},{"floor":12,"key":"testmod-Antiphasic"},{"floor":14,"key":"halation:OrihimeAndHikoboshiSamaAndTears"},{"floor":21,"key":"testmod-OneHitWonder"},{"floor":24,"key":"testmod-Acrobat"},{"floor":26,"key":"halation:AfternoonTea"},{"floor":37,"key":"halation:LettersToHer"},{"floor":41,"key":"Akabeko"},{"floor":43,"key":"halation:LettersToHer"},{"floor":43,"key":"testmod-IndustrialRevolution"}],"event_choices":[{"damage_healed":0,"gold_gain":0,"player_choice":"Ignored","damage_taken":7,"max_hp_gain":0,"max_hp_loss":0,"event_name":"Plate Of N\u0027loth","floor":3,"gold_loss":0},{"damage_healed":0,"gold_gain":0,"cards_transformed":["Strike_G"],"player_choice":"Transformed","damage_taken":0,"max_hp_gain":0,"max_hp_loss":0,"event_name":"Transmorgrifier","floor":4,"gold_loss":0,"cards_obtained":["Poisoned Stab"]},{"cards_removed":["Tools of the Trade"],"damage_healed":13,"gold_gain":0,"player_choice":"Offered Rare","damage_taken":0,"max_hp_gain":10,"max_hp_loss":0,"event_name":"Bonfire Elementals","floor":20,"gold_loss":0},{"damage_healed":0,"gold_gain":0,"player_choice":"Relic","damage_taken":0,"max_hp_gain":0,"max_hp_loss":0,"event_name":"Wheel of Change","floor":21,"gold_loss":0},{"damage_healed":0,"gold_gain":0,"cards_transformed":["Strike_G"],"player_choice":"Transformed","damage_taken":0,"max_hp_gain":0,"max_hp_loss":0,"event_name":"Transmorgrifier","floor":25,"gold_loss":0,"cards_obtained":["ReplayTheSpireMod:Tripwire"]},{"damage_healed":0,"gold_gain":0,"player_choice":"Relic","damage_taken":0,"max_hp_gain":0,"max_hp_loss":0,"event_name":"Wheel of Change","floor":37,"gold_loss":0}],"is_beta":false,"boss_relics":[{"not_picked":["aspiration:RunicSpoon","vexMod:DeviousBotling"],"picked":"energizedSpire:MagnifyingGlass"},{"not_picked":["testmod-SaigiyounoYou","halation:PlatinumPhoenix"],"picked":"aspiration:BeakedSkillbook"}],"items_purged_floors":[45],"is_endless":false,"potions_floor_spawned":[1,2,14,18,19,28,29,36,41,42],"killed_by":"Jaw Worm Horde","ascension_level":0}}