{"host":"jlk2k69f9c6o7b3e","time":1611251428,"event":{"mods":["BaseMod","Minty Spire (QoL Compilation)","StSLib"],"gold_per_floor":[113,33,48,64,77,105,105,138,138,238,265,281,281,304,304,427,427,452,452,470,470,485,529,17,17,17],"floor_reached":25,"language":"ZHS","playtime":1252,"items_purged":[],"score":317,"play_id":"c2d5e768-b571-4387-b109-53e3f887fc18","local_time":"20210122015028","is_ascension_mode":true,"campfire_choices":[{"data":"Infinite Blades","floor":7.0,"key":"SMITH"},{"data":"Infinite Blades","floor":15.0,"key":"SMITH"}],"circlet_count":0,"master_deck":["Defend_G","Defend_G","Defend_G","Defend_G","Defend_G","Survivor","Neutralize","Dramatic Entrance","Underhanded Strike","Infinite Blades+1","Heel Hook","Blade Dance","Terror","Infinite Blades+1","Eviscerate","Blade Dance","Envenom","Riddle With Holes+1","Bite","Bite","Bite","Bite","Bite","Dodge and Roll+1","Shame","Infinite Blades+1","Die Die Die"],"relics":["Ring of the Snake","The Courier","Shuriken","Gremlin Horn","Regal Pillow","Golden Idol","Coffee Dripper","Akabeko","Sundial","Bottled Flame","TheAbacus","Mummified Hand"],"acts_visited":["Exordium","TheCity"],"potions_floor_usage":[25],"damage_taken":[{"damage":2.0,"enemies":"Jaw Worm","floor":1.0,"turns":4.0},{"damage":1.0,"enemies":"Cultist","floor":3.0,"turns":4.0},{"damage":0.0,"enemies":"Small Slimes","floor":4.0,"turns":3.0},{"damage":9.0,"enemies":"2 Fungi Beasts","floor":5.0,"turns":4.0},{"damage":7.0,"enemies":"3 Sentries","floor":6.0,"turns":5.0},{"damage":7.0,"enemies":"Lagavulin","floor":8.0,"turns":5.0},{"damage":2.0,"enemies":"Gremlin Nob","floor":11.0,"turns":3.0},{"damage":6.0,"enemies":"Looter","floor":12.0,"turns":3.0},{"damage":1.0,"enemies":"3 Louse","floor":14.0,"turns":2.0},{"damage":30.0,"enemies":"Hexaghost","floor":16.0,"turns":5.0},{"damage":3.0,"enemies":"Spheric Guardian","floor":18.0,"turns":3.0},{"damage":21.0,"enemies":"Shell Parasite","floor":20.0,"turns":3.0},{"damage":18.0,"enemies":"Sentry and Sphere","floor":22.0,"turns":4.0},{"damage":25.0,"enemies":"Book of Stabbing","floor":23.0,"turns":4.0},{"damage":2,"enemies":"Slavers","floor":25,"turns":1}],"seed_played":"-4929287854808432212","potions_obtained":[{"floor":3.0,"key":"LiquidBronze"},{"floor":4.0,"key":"ColorlessPotion"},{"floor":5.0,"key":"AttackPotion"},{"floor":6.0,"key":"Explosive Potion"},{"floor":14.0,"key":"Fruit Juice"}],"is_trial":false,"path_per_floor":["M","$","M","M","M","E","R","E","T","?","E","M","?","M","R","B",null,"M","?","M","?","M","E","$","E"],"character_chosen":"THE_SILENT","items_purchased":["Infinite Blades","Bottled Flame","TheAbacus","Mummified Hand"],"campfire_rested":0,"item_purchase_floors":[2,24,24,24],"current_hp_per_floor":[68,68,67,67,58,51,51,44,44,44,42,36,36,40,40,10,70,67,49,32,32,20,1,1,0,0],"gold":17,"neow_bonus":"RANDOM_COLORLESS","is_daily":false,"chose_seed":false,"campfire_upgraded":2,"win_rate":0.0,"timestamp":1611251428,"path_taken":["M","$","M","M","M","E","R","E","T","?","E","?","?","M","R","BOSS","M","?","M","?","M","E","$","E"],"items_purchased_type":["Card","Relic","Relic","Relic"],"build_version":"2020-12-22","purchased_purges":0,"victory":false,"max_hp_per_floor":[70,70,70,70,70,70,70,70,70,70,70,70,65,70,70,70,70,70,49,49,49,49,49,49,49,49],"card_choices":[{"not_picked":["Dark Shackles","Madness"],"picked":"Dramatic Entrance","floor":0.0},{"not_picked":["Outmaneuver","Poisoned Stab"],"picked":"Underhanded Strike","floor":1.0},{"not_picked":["Poisoned Stab","Crippling Poison"],"picked":"Heel Hook","floor":3.0},{"not_picked":["Deadly Poison","Catalyst"],"picked":"Blade Dance","floor":4.0},{"not_picked":["Distraction","Dagger Spray"],"picked":"Terror","floor":5.0},{"not_picked":["Quick Slash","Grand Finale"],"picked":"Infinite Blades","floor":6.0},{"not_picked":["Underhanded Strike","Leg Sweep","Sucker Punch"],"picked":"SKIP","floor":8.0},{"not_picked":["Bouncing Flask","Deadly Poison"],"picked":"Eviscerate","floor":11.0},{"not_picked":["Bane","Dagger Spray"],"picked":"Blade Dance","floor":12.0},{"not_picked":["Flying Knee","Deflect","Eviscerate"],"picked":"SKIP","floor":14.0},{"not_picked":["Tools of the Trade","Corpse Explosion"],"picked":"Envenom","floor":16.0},{"not_picked":["Dagger Throw","Bane"],"picked":"Riddle With Holes+1","floor":18.0},{"not_picked":["Bane","Distraction"],"picked":"Dodge and Roll+1","floor":20.0},{"not_picked":["Tactician+1","Catalyst"],"picked":"Infinite Blades+1","floor":22.0},{"not_picked":["All Out Attack","Flying Knee+1"],"picked":"Die Die Die","floor":23.0}],"player_experience":273708,"relics_obtained":[{"floor":6.0,"key":"The Courier"},{"floor":8.0,"key":"Shuriken"},{"floor":9.0,"key":"Gremlin Horn"},{"floor":11.0,"key":"Regal Pillow"},{"floor":23.0,"key":"Sundial"}],"event_choices":[{"damage_healed":0.0,"max_hp_gain":0.0,"max_hp_loss":0.0,"gold_gain":100.0,"event_name":"Wheel of Change","player_choice":"Gold","floor":10.0,"gold_loss":0.0,"damage_taken":0.0},{"damage_healed":0.0,"max_hp_gain":0.0,"max_hp_loss":5.0,"gold_gain":0.0,"event_name":"Golden Idol","player_choice":"Lose Max HP","floor":13.0,"gold_loss":0.0,"damage_taken":0.0,"relics_obtained":["Golden Idol"]},{"damage_healed":0.0,"max_hp_gain":0.0,"max_hp_loss":21.0,"gold_gain":0.0,"event_name":"Vampires","player_choice":"Became a vampire","floor":19.0,"gold_loss":0.0,"damage_taken":0.0,"cards_obtained":["Bite","Bite","Bite","Bite","Bite"]},{"damage_healed":0.0,"max_hp_gain":0.0,"max_hp_loss":0.0,"gold_gain":0.0,"event_name":"Addict","player_choice":"Stole Relic","floor":21.0,"gold_loss":0.0,"damage_taken":0.0,"relics_obtained":["Akabeko"],"cards_obtained":["Shame"]}],"is_beta":false,"boss_relics":[{"not_picked":["Ring of the Serpent","SlaversCollar"],"picked":"Coffee Dripper"}],"items_purged_floors":[],"is_endless":false,"potions_floor_spawned":[3,4,5,6,14],"killed_by":"Slavers","ascension_level":4}}