{"host":"tqat8h9oealf2qov","time":1611234838,"event":{"mods":["Aspiration","BaseMod","Downfall","Duelist Mod","GifTheSpireLib","Minty Spire (QoL Compilation)","StSLib"],"gold_per_floor":[112,127,137,137,153,187,187,207,207,207,227,227,237,297,297,297,297],"floor_reached":16,"language":"ZHS","playtime":553,"items_purged":[],"score":166,"play_id":"b1b9d252-64e0-412c-9eca-f75ada02de3f","local_time":"20210121211358","is_ascension_mode":true,"campfire_choices":[{"floor":7,"key":"REST"},{"data":"Defragment","floor":12,"key":"SMITH"},{"data":"Glacier","floor":15,"key":"SMITH"}],"circlet_count":0,"master_deck":["AscendersBane","Strike_B","Strike_B","Strike_B","Strike_B","Defend_B+1","Defend_B+1","Defend_B+1","Defend_B+1","Zap+1","Dualcast+1","Turbo+1","Defragment+1","Reboot+1","Hologram+1","Glacier+1"],"relics":["Runic Dome","aspiration:HummingbirdHeart","aspiration:StickyExplosives_weak","Pocketwatch"],"acts_visited":["Exordium"],"potions_floor_usage":[14,16],"damage_taken":[{"damage":1,"enemies":"Cultist","floor":1,"turns":4},{"damage":10,"enemies":"Small Slimes","floor":2,"turns":3},{"damage":7,"enemies":"2 Louse","floor":3,"turns":2},{"damage":10,"enemies":"Exordium Wildlife","floor":5,"turns":4},{"damage":34,"enemies":"Lagavulin","floor":6,"turns":7},{"damage":4,"enemies":"3 Louse","floor":8,"turns":4},{"damage":1,"enemies":"Large Slime","floor":11,"turns":6},{"damage":0,"enemies":"Exordium Wildlife","floor":13,"turns":3},{"damage":9,"enemies":"3 Sentries","floor":14,"turns":6},{"damage":18,"enemies":"Slime Boss","floor":16,"turns":6}],"seed_played":"1529997383599126338","potions_obtained":[{"floor":3,"key":"Dexterity Potion"},{"floor":8,"key":"Fire Potion"}],"is_trial":false,"path_per_floor":["M","M","M","T","M","E","R","M","T","?","M","R","M","?","R","B"],"character_chosen":"DEFECT","items_purchased":[],"campfire_rested":1,"item_purchase_floors":[],"current_hp_per_floor":[67,57,50,50,40,6,28,26,26,26,25,25,25,16,16,0,0],"gold":297,"neow_bonus":"BOSS_RELIC","is_daily":false,"chose_seed":false,"campfire_upgraded":2,"win_rate":0.0,"timestamp":1611234838,"path_taken":["M","M","M","?","M","E","R","M","T","?","M","R","M","?","R","BOSS"],"items_purchased_type":[],"build_version":"2020-12-22","purchased_purges":0,"victory":false,"max_hp_per_floor":[75,75,75,75,75,75,75,75,75,75,75,75,75,75,75,75,75],"card_choices":[{"not_picked":["Conserve Battery","Rebound","Sweeping Beam"],"picked":"SKIP","floor":1},{"not_picked":["Scrape","Heatsinks"],"picked":"Turbo","floor":2},{"not_picked":["Stack","Genetic Algorithm"],"picked":"Defragment","floor":3},{"not_picked":["Consume","Steam"],"picked":"Reboot","floor":5},{"not_picked":["Sweeping Beam","Gash","Tempest"],"picked":"SKIP","floor":6},{"not_picked":["Melter","Cold Snap"],"picked":"Hologram","floor":8},{"not_picked":["Gash","Scrape","Sweeping Beam"],"picked":"SKIP","floor":11},{"not_picked":["Beam Cell","BootSequence","Double Energy"],"picked":"SKIP","floor":13},{"not_picked":["Compile Driver","Conserve Battery"],"picked":"Glacier","floor":14}],"player_experience":328752,"relics_obtained":[{"floor":4,"key":"aspiration:HummingbirdHeart"},{"floor":6,"key":"Blood Vial"},{"floor":9,"key":"aspiration:StickyExplosives_weak"},{"floor":14,"key":"Pocketwatch"}],"event_choices":[{"damage_healed":0,"gold_gain":0,"player_choice":"Searched \u00271\u0027 times","damage_taken":0,"max_hp_gain":0,"max_hp_loss":0,"event_name":"Dead Adventurer","floor":14,"gold_loss":0}],"is_beta":false,"boss_relics":[],"items_purged_floors":[],"is_endless":false,"potions_floor_spawned":[3,8,11],"killed_by":"Slime Boss","ascension_level":12}}