{"host":"pesfwaef25r60kxm","time":1611225945,"event":{"mods":["Ascension Reborn","BaseMod","Challenge The Spire","Colored Powertips","Friendly Minions","Kiyohime£¨Çå¼§£©","Marisa£¨ìFÓê¡¡Ä§ÀíÉ³£©","Minty Spire (QoL Compilation)","Remilia£¨ÀÙÃ×ÀòÑÇ£©","RumiaBox-Â¶Ã×æ«µÄÉñÃØºÐ×Ó","Shop Mod","StSLib","Td1madao Mod","The Construct","The Cursed","The Poker Player","The Senshi","The Servant 0.9.4","Youmu£¨»êÆÇÑýÃÎ£©","[IsaacMod]ÒÔÈö¼âËþ","vexMod"],"gold_per_floor":[111,111,55,385,409,441,260,301,301,331,347,18,18,48,48,197,197,213,229,258,282,197,234,234,251,337,361,350,574,597,622,622,776,776,793,1193,1193,1207,1219,1251,1251,1267,1267,1361,1379,1087,1087,1129,1129,1137,1137,1137,680,722,748],"floor_reached":56,"language":"ZHS","playtime":2426,"items_purged":["TheCursedMod:Strike_TheCursed+1","Regret","TheCursedMod:Strike_TheCursed+1","TheCursedMod:Strike_TheCursed+1"],"score":475,"play_id":"92f3338d-6cfc-4c44-b9e7-ef6f80ffdd23","local_time":"20210121184545","is_ascension_mode":true,"campfire_choices":[{"floor":15,"key":"REST"},{"floor":32,"key":"RECALL"},{"data":"TheCursedMod:CollectTribute","floor":41,"key":"SMITH"},{"data":"TheCursedMod:PrepareRite","floor":49,"key":"PURGE"},{"data":"TheCursedMod:SpreadPlague","floor":52,"key":"SMITH"}],"circlet_count":0,"master_deck":["TheCursedMod:Strike_TheCursed+1","TheCursedMod:Defend_TheCursed+1","TheCursedMod:Defend_TheCursed+1","TheCursedMod:Defend_TheCursed+1","TheCursedMod:Defend_TheCursed+1","TheCursedMod:CursedWand+1","TheCursedMod:CleanUpWorkshop+1","TheCursedMod:Dregs","TheCursedMod:SpitefulPlan","TheCursedMod:CollectTribute+1","TheCursedMod:SpreadPlague+1","TheCursedMod:WearCloak","TheCursedMod:WearCloak+1","Regret","TheCursedMod:DarkBarrier","TheCursedMod:SpitefulStrike+1","TheCursedMod:CursedBoomerang+1","TheCursedMod:Evocation+1","TheCursedMod:SmokeScreen+1","TheCursedMod:SpreadPlague+1","TheCursedMod:SaltUponWound+1","TheCursedMod:ManaBullet","TheCursedMod:SpitefulPray","TheCursedMod:StunningStrike","TheCursedMod:HellfireBreathing+1","TheCursedMod:SpreadPlague","TheCursedMod:SpitefulPlan","TheCursedMod:Hemoplague+1","TheCursedMod:PrepareRite","BettingIsNotGood","Writhe","TheCursedMod:TacticalStrike+1"],"relics":["TheCursedMod:BlackMagic101","HushsDoor","NeowsBlessing","YumHeart","ZombieArmy","Baka2","vexMod:MemoryStick","MagicDraw1","Toy Ornithopter","DeathBook","Membership Card","Lantern","Peace Pipe","GodSword5","GuppysTail","SoulBox","ScarletDevilRocket","Happy Flower","Du-Vu Doll","Eternal Feather","TuHaoJin","War Paint","Mercury Hourglass","CaptainsWheel","TheCursedMod:FourLeafCloverCharm","AnarchistCookbook","Centennial Puzzle","GodSword7","TungstenRod","BookOfRevelations","Bottled Lightning","Anchor","Strange Spoon","Strawberry","Boot","SalivaCoin","TheBattery","Turnip","Bird Faced Urn","Art of War"],"acts_visited":["Exordium","TheCity","TheBeyond","TheEnding"],"potions_floor_usage":[11,31,53],"damage_taken":[{"damage":0,"enemies":"Jaw Worm","floor":1,"turns":1},{"damage":0,"enemies":"Small Slimes","floor":5,"turns":1},{"damage":0,"enemies":"Gremlin Nob","floor":6,"turns":1},{"damage":0,"enemies":"3 Sentries","floor":8,"turns":1},{"damage":17,"enemies":"Cultist","floor":10,"turns":4},{"damage":5,"enemies":"Exordium Thugs","floor":11,"turns":3},{"damage":27,"enemies":"Lots of Slimes","floor":14,"turns":2},{"damage":29,"enemies":"Slime Boss","floor":16,"turns":5},{"damage":2,"enemies":"Spheric Guardian","floor":18,"turns":4},{"damage":12,"enemies":"Chosen","floor":19,"turns":2},{"damage":7,"enemies":"Snake Plant","floor":20,"turns":1},{"damage":1,"enemies":"Shelled Parasite and Fungi","floor":21,"turns":2},{"damage":3,"enemies":"Book of Stabbing","floor":23,"turns":5},{"damage":0,"enemies":"Snecko","floor":25,"turns":3},{"damage":5,"enemies":"Snake Plant","floor":27,"turns":3},{"damage":0,"enemies":"Gremlin Leader","floor":28,"turns":3},{"damage":0,"enemies":"Shelled Parasite and Fungi","floor":29,"turns":2},{"damage":0,"enemies":"Centurion and Healer","floor":30,"turns":4},{"damage":0,"enemies":"Slavers","floor":31,"turns":1},{"damage":3,"enemies":"Collector","floor":33,"turns":4},{"damage":0,"enemies":"3 Darklings","floor":35,"turns":3},{"damage":0,"enemies":"3 Shapes","floor":38,"turns":5},{"damage":2,"enemies":"Jaw Worm Horde","floor":39,"turns":4},{"damage":0,"enemies":"Giant Head","floor":40,"turns":4},{"damage":8,"enemies":"Spire Growth","floor":42,"turns":2},{"damage":15,"enemies":"4 Shapes","floor":45,"turns":3},{"damage":19,"enemies":"Nemesis","floor":48,"turns":3},{"damage":0,"enemies":"Time Eater","floor":50,"turns":2},{"damage":0,"enemies":"Shield and Spear","floor":54,"turns":3},{"damage":0,"enemies":"The Heart","floor":55,"turns":4}],"seed_played":"1331578819238374751","potions_obtained":[{"floor":1,"key":"SpeedPotion"},{"floor":1,"key":"SkillPotion"},{"floor":5,"key":"SteroidPotion"},{"floor":10,"key":"SkillPotion"},{"floor":11,"key":"SneckoOil"},{"floor":23,"key":"Regen Potion"},{"floor":25,"key":"Block Potion"},{"floor":31,"key":"Fruit Juice"},{"floor":31,"key":"Dexterity Potion"}],"is_trial":false,"path_per_floor":["M","?","$","?","M","E","$","E","T","M","M","$","?","M","R","B",null,"M","M","M","M","?","E","?","M","T","M","E","M","M","E","R","B",null,"M","?","?","M","M","E","R","M","T","T","M","$","?","E","R","B",null,"R","$","E","B",null],"character_chosen":"THE_CURSED","items_purchased":["MagicDraw1","Membership Card","Lantern","Peace Pipe","Strange Spoon","Strawberry","Boot","BettingIsNotGood","TheBattery","Turnip","Bird Faced Urn","Fruit Juice","EssenceOfSteel"],"campfire_rested":1,"item_purchase_floors":[7,12,12,12,46,46,46,46,53,53,53,53,53],"current_hp_per_floor":[79,60,60,60,68,71,71,71,71,71,73,73,73,46,85,85,89,87,75,89,89,89,89,89,89,89,84,84,84,89,94,94,98,98,98,98,98,98,96,96,98,90,90,90,75,87,105,105,105,109,109,109,114,114,118],"gold":748,"neow_bonus":"THREE_ENEMY_KILL","is_daily":false,"chose_seed":false,"campfire_upgraded":2,"win_rate":0.0,"timestamp":1611225945,"path_taken":["M","?","$","?","?","E","?","E","T","?","M","$","?","M","R","BOSS","M","M","M","M","?","E","?","M","T","M","E","M","?","E","R","BOSS","M","?","?","M","M","E","R","?","T","?","M","$","?","E","R","BOSS","R","$","E","BOSS"],"items_purchased_type":["Relic","Relic","Relic","Relic","Relic","Relic","Relic","Card","Relic","Relic","Relic","Potion","Potion"],"build_version":"2020-12-22","purchased_purges":4,"victory":true,"max_hp_per_floor":[79,79,79,79,85,85,85,85,85,85,85,85,85,85,85,89,89,89,89,89,89,89,89,89,89,89,89,89,89,89,94,94,98,98,98,98,98,98,98,98,98,98,98,98,98,105,105,105,105,109,109,109,114,114,118],"card_choices":[{"not_picked":[],"picked":"ChaosCard","floor":0},{"not_picked":["TheCursedMod:SpitefulStrike","TheCursedMod:SoulCrush"],"picked":"Bomb","floor":1},{"not_picked":["TheCursedMod:CircleOfBlood","TheCursedMod:SoulReap"],"picked":"TheCursedMod:SpitefulPlan","floor":5},{"not_picked":["TheCursedMod:TacticalStrike","TheCursedMod:SpitefulPlan+1"],"picked":"TheCursedMod:CollectTribute","floor":6},{"not_picked":["TheCursedMod:CircleOfFocus+1","TheCursedMod:Torture+1"],"picked":"TheCursedMod:PrepareRite","floor":6},{"not_picked":["TheCursedMod:SpitefulPlan+1","TheCursedMod:Torture"],"picked":"Bomb","floor":8},{"not_picked":["TheCursedMod:DarkBarrier","TheCursedMod:RapidMovement","TheCursedMod:Evocation+1"],"picked":"SKIP","floor":8},{"not_picked":["TheCursedMod:SmokeScreen+1","TheCursedMod:CircleOfWindfury"],"picked":"TheCursedMod:SpreadPlague","floor":10},{"not_picked":["TheCursedMod:CursedShiv","TheCursedMod:Torture"],"picked":"TheCursedMod:WearCloak","floor":10},{"not_picked":["TheCursedMod:CursedShiv","TheCursedMod:CircleOfFlame","TheCursedMod:CursedBlade"],"picked":"SKIP","floor":10},{"not_picked":["TheCursedMod:CollectTribute","TheCursedMod:CursedStaff+1","TheCursedMod:CursedArmor"],"picked":"SKIP","floor":10},{"not_picked":["TheCursedMod:PrepareRite","TheCursedMod:HellsGateOpen+1"],"picked":"TheCursedMod:WearCloak+1","floor":11},{"not_picked":["TheCursedMod:Grudge","TheCursedMod:CursedAmulet+1","TheCursedMod:TacticalStrike"],"picked":"SKIP","floor":14},{"not_picked":["TheCursedMod:CollectTribute","TheCursedMod:DemonicPact"],"picked":"TheCursedMod:DarkBarrier","floor":16},{"not_picked":["TheCursedMod:AbyssShockwave+1","TheCursedMod:SmokeScreen+1"],"picked":"TheCursedMod:SpitefulStrike+1","floor":18},{"not_picked":["TheCursedMod:CircleOfFlame","TheCursedMod:Stretching+1"],"picked":"TheCursedMod:CursedBoomerang+1","floor":19},{"not_picked":["TheCursedMod:CircleOfAmplification+1","TheCursedMod:CircleOfCorruption"],"picked":"TheCursedMod:Evocation","floor":20},{"not_picked":["TheCursedMod:Obscuration","TheCursedMod:BlessingInDisguise+1"],"picked":"TheCursedMod:SmokeScreen+1","floor":21},{"not_picked":["TheCursedMod:CircleOfWindfury+1","TheCursedMod:Obscuration"],"picked":"TheCursedMod:SpreadPlague","floor":23},{"not_picked":["TheCursedMod:BloodBarrier+1","TheCursedMod:CircleOfFlame+1"],"picked":"TheCursedMod:SaltUponWound+1","floor":25},{"not_picked":["TheCursedMod:TacticalStrike","TheCursedMod:Obscuration+1"],"picked":"TheCursedMod:ManaBullet","floor":27},{"not_picked":["TheCursedMod:Stigma+1","TheCursedMod:CursedShiv"],"picked":"TheCursedMod:SpitefulPray","floor":27},{"not_picked":["TheCursedMod:CursedMace+1","TheCursedMod:ReleasedKnowledge","TheCursedMod:CircleOfAmplification"],"picked":"SKIP","floor":27},{"not_picked":["TheCursedMod:CursedBoomerang+1","TheCursedMod:Stigma","TheCursedMod:RapidMovement"],"picked":"SKIP","floor":27},{"not_picked":["TheCursedMod:ManaCirculation","TheCursedMod:Torture"],"picked":"TheCursedMod:LuckyCharm+1","floor":28},{"not_picked":["TheCursedMod:Stigma+1","TheCursedMod:CursedShiv","TheCursedMod:Stretching+1"],"picked":"SKIP","floor":29},{"not_picked":["TheCursedMod:CursedMace+1","TheCursedMod:TroublousMinions+1","TheCursedMod:RavingStaff"],"picked":"SKIP","floor":30},{"not_picked":["TheCursedMod:CircleOfWindfury","TheCursedMod:CursedShiv+1","TheCursedMod:CursedMace+1"],"picked":"SKIP","floor":31},{"not_picked":["TheCursedMod:UltimatePain","TheCursedMod:ShockAndAwe"],"picked":"TheCursedMod:StunningStrike","floor":33},{"not_picked":["TheCursedMod:BloodBarrier+1","TheCursedMod:CircleOfFlame+1"],"picked":"TheCursedMod:HellfireBreathing+1","floor":35},{"not_picked":["TheCursedMod:RavingStaff","TheCursedMod:SpitefulPlan","TheCursedMod:ReleasedStrength+1"],"picked":"SKIP","floor":38},{"not_picked":["TheCursedMod:DoubleShield+1","TheCursedMod:CircleOfFlame+1"],"picked":"TheCursedMod:SpreadPlague","floor":39},{"not_picked":["TheCursedMod:Stigma+1","TheCursedMod:CursedStaff","TheCursedMod:CircleOfAmplification+1"],"picked":"SKIP","floor":40},{"not_picked":["TheCursedMod:AbyssShockwave","TheCursedMod:CircleOfBlood"],"picked":"TheCursedMod:Hemoplague+1","floor":42},{"not_picked":["TheCursedMod:BloodBarrier+1","TheCursedMod:WearCloak"],"picked":"TheCursedMod:PrepareRite","floor":45},{"not_picked":["TheCursedMod:CursedShiv+1","TheCursedMod:RavingStaff"],"picked":"TheCursedMod:TacticalStrike+1","floor":48},{"not_picked":["TheCursedMod:AshesToAshes","TheCursedMod:Stretching+1","TheCursedMod:CircleOfCorruption"],"picked":"SKIP","floor":54}],"player_experience":142242,"relics_obtained":[{"floor":1,"key":"ZombieArmy"},{"floor":1,"key":"Baka"},{"floor":5,"key":"Baka2"},{"floor":6,"key":"vexMod:MemoryStick"},{"floor":8,"key":"Toy Ornithopter"},{"floor":9,"key":"DeathBook"},{"floor":16,"key":"GuppysTail"},{"floor":19,"key":"ScarletDevilRocket"},{"floor":23,"key":"Du-Vu Doll"},{"floor":26,"key":"Eternal Feather"},{"floor":26,"key":"TuHaoJin"},{"floor":28,"key":"War Paint"},{"floor":31,"key":"Mercury Hourglass"},{"floor":33,"key":"CaptainsWheel"},{"floor":35,"key":"AnarchistCookbook"},{"floor":40,"key":"Centennial Puzzle"},{"floor":43,"key":"GodSword7"},{"floor":43,"key":"TungstenRod"},{"floor":44,"key":"BookOfRevelations"},{"floor":44,"key":"Bottled Lightning"},{"floor":45,"key":"Anchor"},{"floor":48,"key":"SalivaCoin"},{"floor":54,"key":"Art of War"}],"event_choices":[{"damage_healed":0,"gold_gain":0,"player_choice":"Take Damage","damage_taken":19,"relics_obtained":["Golden Idol"],"max_hp_gain":0,"max_hp_loss":0,"event_name":"Golden Idol","floor":2,"gold_loss":0},{"damage_healed":0,"gold_gain":275,"player_choice":"Desecrate","damage_taken":0,"max_hp_gain":0,"max_hp_loss":0,"event_name":"Golden Shrine","floor":4,"gold_loss":0,"cards_obtained":["Regret"]},{"damage_healed":0,"gold_gain":0,"player_choice":"Box","damage_taken":0,"relics_obtained":["GodSword5"],"max_hp_gain":0,"max_hp_loss":0,"event_name":"Big Fish","floor":13,"gold_loss":0,"cards_obtained":["Regret"]},{"damage_healed":0,"gold_gain":0,"player_choice":"Obtained Relic","damage_taken":0,"relics_obtained":["Happy Flower"],"max_hp_gain":0,"max_hp_loss":0,"event_name":"Addict","floor":22,"gold_loss":85},{"damage_healed":0,"gold_gain":0,"player_choice":"Read","damage_taken":0,"max_hp_gain":0,"max_hp_loss":0,"event_name":"The Library","floor":24,"gold_loss":0,"cards_obtained":["TheCursedMod:HellfireBreathing"]},{"damage_healed":0,"gold_gain":333,"player_choice":"Gave Idol","damage_taken":0,"max_hp_gain":0,"max_hp_loss":0,"event_name":"The Moai Head","floor":36,"relics_lost":["Golden Idol"],"gold_loss":0},{"cards_removed":["TheCursedMod:HellfireBreathing"],"damage_healed":0,"gold_gain":0,"player_choice":"Removed Power","damage_taken":0,"max_hp_gain":0,"max_hp_loss":0,"event_name":"Falling","floor":37,"gold_loss":0},{"damage_healed":26,"gold_gain":0,"player_choice":"Writhe","damage_taken":0,"max_hp_gain":0,"max_hp_loss":0,"event_name":"Winding Halls","floor":47,"gold_loss":0,"cards_obtained":["Writhe"]}],"is_beta":false,"boss_relics":[{"not_picked":["Empty Cage","vexMod:ImprovementManual"],"picked":"SoulBox"},{"not_picked":[]},{"not_picked":["vexMod:EndlessSickness","Sozu"],"picked":"TheCursedMod:FourLeafCloverCharm"},{"not_picked":[]}],"items_purged_floors":[3,12,46,53],"is_endless":false,"potions_floor_spawned":[1,5,6,16,18,27,28,30,31,33,38,45,48,54],"ascension_level":-20}}