{"host":"haq22x9zdvtvc76a","time":1611268440,"event":{"mods":["BaseMod","Downfall","Minty Spire (QoL Compilation)","StSLib"],"gold_per_floor":[99,114,177,14,30,57,57,57,87,106,6,0,0,17,33,135,135,35,52,1,14,24,53,53,53,53,53],"floor_reached":25,"language":"ENG","playtime":2357,"items_purged":[],"score":320,"play_id":"511af618-a349-4a1d-b9eb-d0045ab89209","local_time":"20210121173400","is_ascension_mode":true,"campfire_choices":[{"floor":1.0,"key":"RECALL"},{"data":"champ:MurderStrike","floor":8.0,"key":"SMITH"},{"data":"champ:Lariat","floor":11.0,"key":"SMITH"},{"data":"champ:MurderStrike","floor":13.0,"key":"SMITH"},{"data":"champ:UltimateStance","floor":18,"key":"SMITH"}],"circlet_count":0,"master_deck":["champ:Strike","champ:Defend","champ:Defend","champ:Defend+1","champ:Defend","champ:Execute","champ:Taunt+1","downfall:Malfunctioning","champ:MurderStrike+1","champ:SwordSigil","champ:FaceSlap","champ:DefensiveShout","champ:EnGarde","champ:Endure","champ:MurderStrike+1","champ:Lariat+1","champ:IronFortress+1","champ:Backstep","champ:RisingSlash","champ:BringItOn","champ:IronFortress+1","champ:UltimateStance+1","champ:Encircle+1","champ:CrookedStrike+1","champ:StrikeOfGenius+1","champ:FocusedDefense","champ:ArenaPreparation","champ:DefensiveStyle+1","champ:ShieldSlam","champ:LastStand+1"],"relics":["champ:ChampionCrown","Frozen Egg 2","Membership Card","Prayer Wheel","War Paint","downfall:HeartBlessingGreen","Astrolabe","downfall:HeartBlessingBlue","Eternal Feather","Pear"],"acts_visited":["Exordium","TheCity"],"potions_floor_usage":[19,23,25],"damage_taken":[{"damage":7.0,"enemies":"2 Louse","floor":2.0,"turns":5.0},{"damage":42.0,"enemies":"3 Sentries","floor":3.0,"turns":10.0},{"damage":30.0,"enemies":"downfall:FleeingMerchant","floor":4.0,"turns":4.0},{"damage":31.0,"enemies":"Jaw Worm","floor":5.0,"turns":3.0},{"damage":37.0,"enemies":"Lagavulin","floor":6.0,"turns":6.0},{"damage":22.0,"enemies":"Gremlin Nob","floor":9.0,"turns":3.0},{"damage":7.0,"enemies":"Small Slimes","floor":10.0,"turns":3.0},{"damage":23.0,"enemies":"downfall:FleeingMerchant","floor":12.0,"turns":4.0},{"damage":1.0,"enemies":"Red Slaver","floor":14.0,"turns":3.0},{"damage":20.0,"enemies":"Blue Slaver","floor":15.0,"turns":4.0},{"damage":5.0,"enemies":"IC_STATUS_ARCHETYPE","floor":16.0,"turns":5.0},{"damage":29,"enemies":"3 Byrds","floor":19,"turns":5},{"damage":30,"enemies":"downfall:FleeingMerchant","floor":20,"turns":4},{"damage":81,"enemies":"Sentry and Sphere","floor":21,"turns":6},{"damage":0,"enemies":"Snake Plant","floor":22,"turns":2},{"damage":109,"enemies":"Slavers","floor":23,"turns":5},{"damage":46,"enemies":"Gremlin Leader","floor":25,"turns":3}],"seed_played":"-2673306662428248080","potions_obtained":[{"floor":2.0,"key":"BlessingOfTheForge"},{"floor":5.0,"key":"Regen Potion"},{"floor":6.0,"key":"Ancient Potion"},{"floor":9.0,"key":"Dexterity Potion"},{"floor":10.0,"key":"SpeedPotion"},{"floor":16.0,"key":"Swift Potion"},{"floor":19,"key":"hexamod:SoulburnPotion"},{"floor":23,"key":"SpeedPotion"}],"is_trial":false,"path_per_floor":["R","M","?","$","M","E","T","R","E","M","R","$","R","M","M","B",null,"R","M","$","M","M","E","T","E"],"character_chosen":"THE_CHAMP","items_purchased":["Membership Card","champ:DefensiveStyle+1"],"campfire_rested":0,"item_purchase_floors":[4,20],"current_hp_per_floor":[90,88,56,51,35,38,38,38,26,24,24,24,24,23,23,23,90,100,96,96,75,75,35,45,0,0,0],"gold":53,"neow_bonus":"THREE_RARE_CARDS","is_daily":false,"chose_seed":false,"campfire_upgraded":4,"win_rate":0.0,"timestamp":1611268440,"path_taken":["R","M","?","$","M","E","T","R","E","M","R","$","R","M","M","BOSS","R","M","$","M","M","E","T","E"],"items_purchased_type":["Relic","Card"],"build_version":"2020-12-22","purchased_purges":0,"victory":false,"max_hp_per_floor":[90,90,90,90,90,90,90,90,90,90,90,90,90,90,90,90,90,100,100,100,100,100,100,110,110,110,110],"card_choices":[{"not_picked":["champ:IgnorePain","champ:SteelEdge"],"picked":"champ:MurderStrike","floor":0.0},{"not_picked":["champ:BerserkersShout","champ:CrownThrow"],"picked":"champ:SwordSigil","floor":2.0},{"not_picked":["champ:BerserkersShout","champ:FlashCut"],"picked":"champ:FaceSlap","floor":3.0},{"not_picked":["champ:StanceDance","champ:ShieldSlam"],"picked":"champ:DefensiveShout","floor":4.0},{"not_picked":["champ:FanOfKnives","champ:HeartStrike"],"picked":"champ:EnGarde","floor":5.0},{"not_picked":["champ:Shatter","champ:GutPunch"],"picked":"champ:Endure","floor":6.0},{"not_picked":["champ:PerfectedStrike","champ:PreciseThrust"],"picked":"champ:MurderStrike","floor":9.0},{"not_picked":["champ:SetATrap","champ:GutPunch"],"picked":"champ:Lariat","floor":10.0},{"not_picked":["champ:Circumvent","champ:FaceSlap","champ:DefensiveShout"],"picked":"SKIP","floor":10.0},{"not_picked":["champ:BerserkersShout","champ:ShieldSigil"],"picked":"champ:IronFortress+1","floor":12.0},{"not_picked":["champ:BerserkersShout","champ:PreciseThrust"],"picked":"champ:Backstep","floor":14.0},{"not_picked":["champ:FocusedBerserking","champ:GladiatorStyle+1"],"picked":"champ:RisingSlash","floor":14.0},{"not_picked":["champ:DeathBlow","champ:RapidStrikes"],"picked":"champ:BringItOn","floor":15.0},{"not_picked":["champ:ShieldSigil","champ:EnragedBash"],"picked":"champ:IronFortress+1","floor":15.0},{"not_picked":["champ:LastStand+1","champ:DancingMaster+1"],"picked":"champ:UltimateStance","floor":16.0},{"not_picked":["champ:GutPunch+1","champ:BladeFlurry"],"picked":"champ:FocusedDefense","floor":19},{"not_picked":["champ:GladiatorStyle+1","champ:AdrenalArmor","champ:FanOfKnives"],"picked":"SKIP","floor":19},{"not_picked":["champ:FlashCut","champ:FancyFootwork"],"picked":"champ:ArenaPreparation","floor":20},{"not_picked":["champ:EnGarde","champ:FaceSlap","champ:PerfectedStrike"],"picked":"SKIP","floor":21},{"not_picked":["champ:Backstep","champ:Haymaker","champ:PerfectedStrike"],"picked":"SKIP","floor":21},{"not_picked":["champ:FocusedDefense","champ:BringItOn"],"picked":"champ:ShieldSlam","floor":22},{"not_picked":["champ:TornadoPunch","champ:EnGarde","champ:BladeFlurry+1"],"picked":"SKIP","floor":22},{"not_picked":["champ:CrownThrow","champ:ShieldSigil"],"picked":"champ:LastStand+1","floor":23}],"player_experience":1633514,"relics_obtained":[{"floor":3.0,"key":"Frozen Egg 2"},{"floor":6.0,"key":"Prayer Wheel"},{"floor":9.0,"key":"War Paint"},{"floor":23,"key":"Eternal Feather"},{"floor":24,"key":"Pear"}],"event_choices":[],"is_beta":false,"boss_relics":[{"not_picked":["Runic Pyramid","Fusion Hammer"],"picked":"Astrolabe"}],"items_purged_floors":[],"is_endless":false,"potions_floor_spawned":[2,5,6,9,10,16,19,23],"killed_by":"Gremlin Leader","ascension_level":1}}