{"host":"l84l8xigz5v5foa2","time":1611216639,"event":{"mods":["2.2 Compatiblity","AchievementEnabler","BaseMod","Better Note","Better Vampires","Card Filter","Colored Map","DeckTracker","Gremlin Skip","Hermit","Highlight Path","Keyboard Shortcuts","Minty Spire (QoL Compilation)","Permanent Neow","Quick Restart","Relic Filter","Relic Stats","Shop Mod","StSLib","SuperFastMode","Transform Curses","Unknown Chances"],"gold_per_floor":[118,137,155,155,165,165,165,190,190,190,190,190,209,236,236,333,333,352,61,61,61,93,93,119,119,201,201,232,252,252,5,5,104,104,104,104],"floor_reached":35,"language":"KOR","playtime":3178,"items_purged":[],"score":523,"play_id":"1930e77a-b0b5-4c71-90b7-8fb91f1715bf","local_time":"20210121171039","is_ascension_mode":true,"campfire_choices":[{"data":"hermit:Combo","floor":6.0,"key":"SMITH"},{"data":"hermit:Vantage","floor":10.0,"key":"SMITH"},{"floor":12.0,"key":"REST"},{"data":"hermit:Covet","floor":15.0,"key":"SMITH"},{"data":"hermit:HighNoon","floor":23.0,"key":"SMITH"},{"floor":27.0,"key":"REST"},{"data":"hermit:FatalDesire","floor":32.0,"key":"SMITH"}],"circlet_count":0,"master_deck":["hermit:Strike_Hermit","hermit:Strike_Hermit","hermit:Strike_Hermit","hermit:Defend_Hermit","hermit:Defend_Hermit","hermit:Defend_Hermit","hermit:Defend_Hermit","hermit:Snapshot+1","hermit:Covet+1","hermit:FatalDesire+1","hermit:Combo+1","hermit:Vantage+1","hermit:GhostlyPresence+1","hermit:WideOpen","hermit:Dive","hermit:HighNoon+1","hermit:FinalCanter","hermit:Snipe","hermit:Quickdraw+1","hermit:EternalForm+1"],"relics":["hermit:ClaspedLocket","Regal Pillow","Gambling Chip","Bottled Lightning","Oddly Smooth Stone","hermit:BartenderGlass","Potion Belt","Toolbox","Red Mask","Pear","Kunai","Frozen Egg 2","Singing Bowl"],"acts_visited":["Exordium","TheCity","TheBeyond"],"potions_floor_usage":[],"damage_taken":[{"damage":2.0,"enemies":"Jaw Worm","floor":1.0,"turns":6.0},{"damage":2.0,"enemies":"2 Louse","floor":2.0,"turns":3.0},{"damage":2.0,"enemies":"Small Slimes","floor":3.0,"turns":4.0},{"damage":4.0,"enemies":"Exordium Wildlife","floor":5.0,"turns":4.0},{"damage":1.0,"enemies":"3 Sentries","floor":8.0,"turns":9.0},{"damage":2.0,"enemies":"Blue Slaver","floor":13.0,"turns":4.0},{"damage":19.0,"enemies":"Gremlin Nob","floor":14.0,"turns":4.0},{"damage":0.0,"enemies":"The Guardian","floor":16.0,"turns":11.0},{"damage":16.0,"enemies":"Spheric Guardian","floor":18.0,"turns":15.0},{"damage":13.0,"enemies":"Masked Bandits","floor":22.0,"turns":9.0},{"damage":17.0,"enemies":"Gremlin Leader","floor":24.0,"turns":12.0},{"damage":0.0,"enemies":"Book of Stabbing","floor":28.0,"turns":6.0},{"damage":0.0,"enemies":"2 Thieves","floor":29.0,"turns":3.0},{"damage":12.0,"enemies":"Champ","floor":33.0,"turns":18.0},{"damage":22,"enemies":"3 Darklings","floor":35,"turns":9}],"seed_played":"185496179395173881","potions_obtained":[{"floor":2.0,"key":"PowerPotion"},{"floor":3.0,"key":"EssenceOfSteel"},{"floor":5.0,"key":"ColorlessPotion"},{"floor":13.0,"key":"DuplicationPotion"},{"floor":16.0,"key":"SteroidPotion"},{"floor":22.0,"key":"SmokeBomb"},{"floor":24.0,"key":"DistilledChaos"},{"floor":25.0,"key":"EntropicBrew"},{"floor":25.0,"key":"EssenceOfSteel"},{"floor":25.0,"key":"Energy Potion"},{"floor":29.0,"key":"SpeedPotion"}],"is_trial":false,"path_per_floor":["M","M","M","?","M","R","?","E","T","R","?","R","M","E","R","B",null,"M","$","?","$","?","R","E","?","T","R","E","M","?","$","R","B",null,"M"],"character_chosen":"HERMIT","items_purchased":["Potion Belt","Toolbox","Singing Bowl"],"campfire_rested":2,"item_purchase_floors":[19,19,31],"current_hp_per_floor":[73,71,69,62,58,58,40,39,39,39,24,61,59,40,40,40,75,59,59,45,45,32,32,30,30,30,73,73,73,73,73,73,61,95,73,73],"gold":104,"neow_bonus":"THREE_RARE_CARDS","is_daily":false,"chose_seed":false,"campfire_upgraded":5,"win_rate":0.0,"timestamp":1611216639,"path_taken":["M","M","M","?","M","R","?","E","T","R","?","R","?","E","R","BOSS","M","$","?","$","?","R","E","?","T","R","E","?","?","?","R","BOSS","M"],"items_purchased_type":["Relic","Relic","Relic"],"build_version":"2020-12-22","purchased_purges":0,"victory":false,"max_hp_per_floor":[75,75,75,75,75,75,75,75,75,75,75,75,75,75,75,75,75,75,75,80,80,80,80,95,95,95,95,95,95,95,95,95,95,95,95,95],"relic_stats":{"Regal Pillow":30,"Singing Bowl":0,"counters":[15,117],"Gambling Chip":[17],"Kunai":[9],"obtain_stats":[{"Potion Belt":19,"Regal Pillow":7,"hermit:ClaspedLocket":34,"Pear":24,"Singing Bowl":31,"Oddly Smooth Stone":14,"Frozen Egg 2":28,"Gambling Chip":8,"Toolbox":19,"hermit:BartenderGlass":17,"Red Mask":22,"Bottled Lightning":9,"Kunai":26,"hermit:Momento":0},{"Potion Belt":9,"Regal Pillow":4,"hermit:ClaspedLocket":14,"Pear":11,"Singing Bowl":13,"Oddly Smooth Stone":7,"Frozen Egg 2":12,"Gambling Chip":5,"Toolbox":9,"hermit:BartenderGlass":8,"Red Mask":10,"Bottled Lightning":5,"Kunai":11,"hermit:Momento":0},{"Potion Belt":60,"Regal Pillow":17,"hermit:ClaspedLocket":108,"Pear":81,"Singing Bowl":90,"Oddly Smooth Stone":34,"Frozen Egg 2":87,"Gambling Chip":26,"Toolbox":60,"hermit:BartenderGlass":45,"Red Mask":69,"Bottled Lightning":26,"Kunai":81,"hermit:Momento":0}]},"card_choices":[{"not_picked":["hermit:Roughhouse","hermit:Gambit"],"picked":"hermit:FatalDesire","floor":0.0},{"not_picked":["hermit:SprayPray","hermit:Manifest","hermit:Misfire"],"picked":"SKIP","floor":1.0},{"not_picked":["hermit:NoHoldsBarred","hermit:EternalForm"],"picked":"hermit:Combo","floor":2.0},{"not_picked":["hermit:Brawl","hermit:HoleUp"],"picked":"hermit:Vantage","floor":3.0},{"not_picked":["hermit:ItchyTrigger","hermit:LowProfile"],"picked":"hermit:GhostlyPresence","floor":5.0},{"not_picked":["hermit:LowProfile","hermit:Ricochet"],"picked":"hermit:WideOpen","floor":8.0},{"not_picked":["hermit:BodyArmor","hermit:WideOpen","hermit:HighCaliber"],"picked":"SKIP","floor":13.0},{"not_picked":["hermit:HighCaliber","hermit:Roulette"],"picked":"hermit:Dive","floor":14.0},{"not_picked":["hermit:Gambit","hermit:Purgatory"],"picked":"hermit:HighNoon","floor":16.0},{"not_picked":["hermit:Snipe","hermit:ItchyTrigger+1","hermit:BodyArmor"],"picked":"SKIP","floor":18.0},{"not_picked":["hermit:Headshot+1","hermit:WideOpen"],"picked":"hermit:FinalCanter","floor":22.0},{"not_picked":["hermit:Glare","hermit:Coalescence"],"picked":"hermit:Snipe","floor":24.0},{"not_picked":["hermit:BigShot+1","hermit:EyeOfTheStorm"],"picked":"hermit:Quickdraw+1","floor":28.0},{"not_picked":["hermit:HoleUp","hermit:Desperado","hermit:Manifest"],"picked":"SKIP","floor":29.0},{"not_picked":["hermit:HighNoon+1","hermit:OverwhelmingPower+1"],"picked":"hermit:EternalForm+1","floor":33.0}],"player_experience":1418971,"relics_obtained":[{"floor":8.0,"key":"Gambling Chip"},{"floor":9.0,"key":"Bottled Lightning"},{"floor":14.0,"key":"Oddly Smooth Stone"},{"floor":22.0,"key":"Red Mask"},{"floor":24.0,"key":"Pear"},{"floor":26.0,"key":"Kunai"},{"floor":28.0,"key":"Frozen Egg 2"}],"event_choices":[{"cards_removed":["Writhe"],"damage_healed":0.0,"max_hp_gain":0.0,"max_hp_loss":0.0,"gold_gain":0.0,"event_name":"Golden Wing","player_choice":"Card Removal","floor":4.0,"gold_loss":0.0,"damage_taken":7.0},{"damage_healed":0.0,"max_hp_gain":0.0,"max_hp_loss":0.0,"gold_gain":0.0,"event_name":"Scrap Ooze","player_choice":"Success","floor":7.0,"gold_loss":0.0,"damage_taken":18.0,"relics_obtained":["Regal Pillow"]},{"damage_healed":0.0,"max_hp_gain":0.0,"max_hp_loss":0.0,"gold_gain":0.0,"event_name":"Shining Light","player_choice":"Entered Light","floor":11.0,"gold_loss":0.0,"damage_taken":15.0,"cards_upgraded":["hermit:GhostlyPresence","hermit:Snapshot"]},{"damage_healed":0.0,"max_hp_gain":5.0,"max_hp_loss":0.0,"gold_gain":0.0,"event_name":"Forgotten Altar","player_choice":"Shed Blood","floor":20.0,"gold_loss":0.0,"damage_taken":19.0},{"damage_healed":0.0,"max_hp_gain":0.0,"max_hp_loss":0.0,"gold_gain":0.0,"event_name":"Masked Bandits","player_choice":"Fought Bandits","floor":22.0,"gold_loss":0.0,"damage_taken":0.0},{"damage_healed":0.0,"max_hp_gain":0.0,"max_hp_loss":0.0,"gold_gain":0.0,"event_name":"Lab","player_choice":"Got Potions","floor":25.0,"gold_loss":0.0,"damage_taken":0.0},{"cards_removed":["hermit:Strike_Hermit"],"damage_healed":0.0,"max_hp_gain":0.0,"max_hp_loss":0.0,"gold_gain":0.0,"event_name":"Back to Basics","player_choice":"Elegance","floor":30.0,"gold_loss":0.0,"damage_taken":0.0}],"is_beta":false,"boss_relics":[{"not_picked":["SlaversCollar","Busted Crown"],"picked":"hermit:BartenderGlass"},{"not_picked":["Runic Pyramid","Snecko Eye"],"picked":"hermit:ClaspedLocket"}],"items_purged_floors":[],"is_endless":false,"potions_floor_spawned":[2,3,5,13,16,22,24,29],"killed_by":"3 Darklings","ascension_level":1}}