{"host":"xp5rvh2jwe2ejyfm","time":1611252772,"event":{"mods":["BaseMod","Downfall","Duelist Mod","GifTheSpireLib","Gremlin Mod","Hermit","Hubris","Minty Spire (QoL Compilation)","Robot Space Explorer","StSLib","The Blackbeard","The Clintock","The Construct","The Cursed","The Disciple","The Forsaken","The Hierophant","The Necromancer","The Runesmith","The Servant 0.9.4"],"gold_per_floor":[117,131,146,159,176,176,176],"floor_reached":6,"language":"ENG","playtime":293,"items_purged":[],"score":40,"play_id":"19cb1872-18d4-4b5f-ac3e-4046f0c232cf","local_time":"20210121131252","is_ascension_mode":false,"campfire_choices":[],"circlet_count":0,"master_deck":["Strike_S","Strike_S","Strike_S","Strike_S","Defend_S","Defend_S","Defend_S","Defend_S","KidneyShot","Exchange","BestPractice","Rewind","Revamp","Desolation","MoonPhase"],"relics":["Uniform","NeowsBlessing"],"acts_visited":["Exordium"],"potions_floor_usage":[],"damage_taken":[{"damage":0,"enemies":"Small Slimes","floor":1,"turns":2},{"damage":0,"enemies":"Cultist","floor":2,"turns":1},{"damage":0,"enemies":"2 Louse","floor":3,"turns":2},{"damage":21,"enemies":"2 Fungi Beasts","floor":4,"turns":5},{"damage":13,"enemies":"3 Louse","floor":5,"turns":5},{"damage":40,"enemies":"Gremlin Nob","floor":6,"turns":4}],"seed_played":"-5122992861917401222","potions_obtained":[{"floor":3,"key":"DistilledChaos"},{"floor":4,"key":"FearPotion"}],"is_trial":false,"path_per_floor":["M","M","M","M","M","E"],"character_chosen":"THE_SERVANT","items_purchased":[],"campfire_rested":0,"item_purchase_floors":[],"current_hp_per_floor":[65,65,65,44,31,0,0],"gold":176,"neow_bonus":"THREE_ENEMY_KILL","is_daily":false,"chose_seed":false,"campfire_upgraded":0,"win_rate":0.0,"timestamp":1611252772,"path_taken":["M","M","M","M","M","E"],"items_purchased_type":[],"build_version":"2020-12-22","purchased_purges":0,"victory":false,"max_hp_per_floor":[65,65,65,65,65,65,65],"card_choices":[{"not_picked":["Rearm","MoonPhase"],"picked":"BestPractice","floor":1},{"not_picked":["Unruled","SpecialFormula"],"picked":"Rewind","floor":2},{"not_picked":["DoubleEdge","TimeWarp"],"picked":"Revamp","floor":3},{"not_picked":["Potential","TimeWarp"],"picked":"Desolation","floor":4},{"not_picked":["Revamp","FastForward"],"picked":"MoonPhase","floor":5}],"player_experience":298143,"relics_obtained":[],"event_choices":[],"is_beta":false,"boss_relics":[],"items_purged_floors":[],"is_endless":false,"potions_floor_spawned":[3,4],"killed_by":"Gremlin Nob","ascension_level":0}}