{"host":"65mk3suhfjklhbko","time":1611203423,"event":{"mods":["AchievementEnabler","BaseMod","Bestiary","Conspire","Infinite Spire","Minty Spire (QoL Compilation)","Quick Restart","Replay The Spire","StSLib"],"gold_per_floor":[114,114,22,38,55,55,83,49,49,49,124,124,141,153,153,248,248,248,248,27,27,27,27,27,27,27,27,27,27,27,27,27,27,27,27],"floor_reached":34,"language":"ENG","playtime":1882,"items_purged":[],"score":566,"play_id":"f1c441d0-262b-4814-916e-90bf4a8f7f1a","local_time":"20210120233023","is_ascension_mode":true,"campfire_choices":[{"data":"Deadly Poison","floor":6.0,"key":"SMITH"},{"data":"Deadly Poison","floor":10.0,"key":"SMITH"},{"floor":24.0,"key":"REST"},{"floor":27.0,"key":"REST"},{"floor":32.0,"key":"REST"},{"floor":33.0,"key":"REST"}],"circlet_count":0,"master_deck":["AscendersBane","Strike_G","Strike_G","Strike_G","Defend_G","Defend_G","Defend_G","Defend_G","Defend_G+1","Survivor","Neutralize","Dodge and Roll+1","Deadly Poison+1","Backflip","PiercingWail","Deadly Poison+1","Blur","Sucker Punch","Bane","Envenom","Dagger Throw","conspire:DoublingDagger+1","Accuracy","Neutralize","Hidden Blade","Dagger Spray","Blade Dance+1","Backstab+1"],"relics":["Ring of the Snake","infinitespire:Lucky Rock","infinitespire:BottledMercury","Ectoplasm","TwistedFunnel","Byrd Skull","Chameleon Ring","infinitespire:Broken Mirror"],"acts_visited":["Exordium","TheCity"],"potions_floor_usage":[34,34],"damage_taken":[{"damage":0.0,"enemies":"2 Louse","floor":1.0,"turns":4.0},{"damage":2.0,"enemies":"Small Slimes","floor":4.0,"turns":7.0},{"damage":0.0,"enemies":"Jaw Worm","floor":5.0,"turns":5.0},{"damage":13.0,"enemies":"Gremlin Nob","floor":7.0,"turns":5.0},{"damage":2.0,"enemies":"Exordium Thugs","floor":13.0,"turns":6.0},{"damage":1.0,"enemies":"conspire:2 RoseBushes","floor":14.0,"turns":6.0},{"damage":0.0,"enemies":"The Guardian","floor":16.0,"turns":11.0},{"damage":6.0,"enemies":"Spheric Guardian","floor":18.0,"turns":6.0},{"damage":18.0,"enemies":"conspire:FuzzyDice","floor":19.0,"turns":8.0},{"damage":18.0,"enemies":"conspire:HollyBat","floor":21.0,"turns":7.0},{"damage":12.0,"enemies":"Slavers","floor":23.0,"turns":5.0},{"damage":24.0,"enemies":"Replay:Snechameleon","floor":25.0,"turns":9.0},{"damage":15.0,"enemies":"3 Cultists","floor":28.0,"turns":6.0},{"damage":0.0,"enemies":"Sentry and Sphere","floor":30.0,"turns":5.0},{"damage":66,"enemies":"Collector","floor":34,"turns":9}],"seed_played":"-894462851224599782","potions_obtained":[{"floor":5.0,"key":"infinitespire:BlackPotion"},{"floor":13.0,"key":"GhostInAJar"},{"floor":18.0,"key":"Death Potion"},{"floor":21.0,"key":"Adrenaline Potion"},{"floor":25.0,"key":"Block Potion"},{"floor":30.0,"key":"SteroidPotion"}],"is_trial":false,"path_per_floor":["M","?","$","M","M","R","E","$","T","R","?","?","M","M","R","B",null,"M","M","$","M","?","E","R","E","T","R","M","$","M","?","R","R","B"],"character_chosen":"THE_SILENT","items_purchased":["Deadly Poison","Backflip","Blur","Accuracy","TwistedFunnel"],"campfire_rested":4,"item_purchase_floors":[3,3,8,20,20],"current_hp_per_floor":[63,63,63,61,61,61,48,48,48,48,37,30,28,27,48,48,65,59,41,41,23,23,11,32,8,8,29,14,14,14,14,35,56,0,0],"gold":27,"neow_bonus":"RANDOM_EVENT","is_daily":false,"chose_seed":false,"campfire_upgraded":2,"win_rate":0.0,"timestamp":1611203423,"path_taken":["M","?","$","M","M","R","E","$","T","R","?","?","M","M","R","BOSS","M","M","$","M","?","E","R","E","T","R","M","?","M","?","R","R","BOSS"],"items_purchased_type":["Card","Card","Card","Card","Relic"],"build_version":"2020-12-22","purchased_purges":0,"victory":false,"max_hp_per_floor":[70,70,70,70,70,70,70,70,70,70,70,70,70,70,70,70,70,70,70,70,70,70,70,70,70,70,70,70,70,70,70,70,70,70,70],"card_choices":[{"not_picked":["Outmaneuver","ReplayTheSpireMod:Shiv Toss"],"picked":"Dodge and Roll","floor":1.0},{"not_picked":["Hidden Blade","Bane","PiercingWail"],"picked":"SKIP","floor":4.0},{"not_picked":["Skewer","Heel Hook"],"picked":"PiercingWail","floor":5.0},{"not_picked":["Setup","Calculated Gamble"],"picked":"Deadly Poison","floor":7.0},{"not_picked":["Sneak Up","Skewer"],"picked":"Sucker Punch","floor":13.0},{"not_picked":["ReplayTheSpireMod:Exploit Weakness","Distraction"],"picked":"Bane","floor":14.0},{"not_picked":["Night Terror","ReplayTheSpireMod:Necrosis"],"picked":"Envenom","floor":16.0},{"not_picked":["Masterful Stab+1","Calculated Gamble"],"picked":"Dagger Throw","floor":18.0},{"not_picked":["Dagger Spray","Flechettes"],"picked":"conspire:DoublingDagger+1","floor":19.0},{"not_picked":["Backflip","PiercingWail","Quick Slash+1"],"picked":"SKIP","floor":21.0},{"not_picked":["Endless Agony","Outmaneuver"],"picked":"Hidden Blade","floor":23.0},{"not_picked":["Predator","Tools of the Trade"],"picked":"Dagger Spray","floor":25.0},{"not_picked":["Draining Mist","Choke"],"picked":"Blade Dance+1","floor":28.0},{"not_picked":["Flechettes","Backflip"],"picked":"Backstab+1","floor":30.0}],"player_experience":676980,"relics_obtained":[{"floor":7.0,"key":"infinitespire:Lucky Rock"},{"floor":9.0,"key":"infinitespire:BottledMercury"},{"floor":23.0,"key":"Byrd Skull"},{"floor":25.0,"key":"Chameleon Ring"},{"floor":26.0,"key":"infinitespire:Broken Mirror"}],"event_choices":[{"damage_healed":0.0,"max_hp_gain":0.0,"max_hp_loss":0.0,"gold_gain":75.0,"event_name":"World of Goop","player_choice":"Gather Gold","floor":11.0,"gold_loss":0.0,"damage_taken":11.0},{"cards_removed":["Strike_G"],"damage_healed":0.0,"max_hp_gain":0.0,"max_hp_loss":0.0,"gold_gain":0.0,"event_name":"Golden Wing","player_choice":"Card Removal","floor":12.0,"gold_loss":0.0,"damage_taken":7.0},{"damage_healed":0.0,"max_hp_gain":0.0,"max_hp_loss":0.0,"gold_gain":0.0,"event_name":"Match and Keep!","player_choice":"1 cards matched","floor":22.0,"gold_loss":0.0,"damage_taken":0.0,"cards_obtained":["Neutralize"]},{"cards_removed":["Strike_G"],"damage_healed":0.0,"max_hp_gain":0.0,"max_hp_loss":0.0,"gold_gain":0.0,"event_name":"Purifier","player_choice":"Purged","floor":31.0,"gold_loss":0.0,"damage_taken":0.0}],"is_beta":false,"boss_relics":[{"not_picked":["Coffee Dripper","Philosopher\u0027s Stone"],"picked":"Ectoplasm"}],"items_purged_floors":[],"is_endless":false,"potions_floor_spawned":[5,13,18,21,25,30],"killed_by":"Collector","ascension_level":11}}