{"host":"yvlk1m4foro8gl4v","time":1611237449,"event":{"mods":["AchievementEnabler","Act Like it!","BaseMod","Minty Spire (QoL Compilation)","Relic Stats","StSLib","The Servant 0.9.4","Uncapped"],"gold_per_floor":[168,168,180,24,99,64,64,75,75,94,104,104,104,120,120,220,220,237,237,237,15,25,57,57,84,133,176,188,200,238,175,187,199,199],"floor_reached":33,"language":"ENG","playtime":1989,"items_purged":["Strike_P"],"score":440,"play_id":"a8fb25c6-cfdc-4766-9b06-920348857b74","local_time":"20210121135729","is_ascension_mode":true,"campfire_choices":[{"data":"PathToVictory","floor":7,"key":"SMITH"},{"data":"Evaluate","floor":12,"key":"SMITH"},{"data":"Vigilance","floor":15,"key":"SMITH"},{"floor":24,"key":"REST"},{"floor":28,"key":"REST"},{"data":"DeusExMachina","floor":32,"key":"SMITH"}],"circlet_count":0,"master_deck":["Strike_P","Strike_P+1","Defend_P","Defend_P","Defend_P","Defend_P","Eruption","Vigilance+1","PathToVictory+1","Evaluate+1","InnerPeace","Study+1","PathToVictory","PathToVictory","DeusExMachina+1","Protect","ThirdEye","WaveOfTheHand","Nirvana","Evaluate","Wish","Ghostly","Ghostly","Ghostly","Ghostly","Ghostly"],"relics":["Tiny House","Meat on the Bone","Molten Egg 2","Black Star","Pen Nib","Yang","Happy Flower","Strawberry","MawBank","Juzu Bracelet","Orichalcum","Letter Opener","Bronze Scales"],"acts_visited":["Exordium","TheCity"],"potions_floor_usage":[22,23,25,27],"damage_taken":[{"damage":7,"enemies":"Jaw Worm","floor":1,"turns":3},{"damage":3,"enemies":"Cultist","floor":3,"turns":4},{"damage":1,"enemies":"Small Slimes","floor":8,"turns":3},{"damage":3,"enemies":"3 Louse","floor":10,"turns":4},{"damage":0,"enemies":"Large Slime","floor":11,"turns":4},{"damage":2,"enemies":"2 Fungi Beasts","floor":14,"turns":2},{"damage":0,"enemies":"The Guardian","floor":16,"turns":6},{"damage":16,"enemies":"Shell Parasite","floor":18,"turns":5},{"damage":29,"enemies":"2 Thieves","floor":22,"turns":3},{"damage":25,"enemies":"Gremlin Leader","floor":23,"turns":6},{"damage":41,"enemies":"Book of Stabbing","floor":25,"turns":6},{"damage":36,"enemies":"Slavers","floor":27,"turns":11},{"damage":17,"enemies":"Gremlin Leader","floor":30,"turns":7},{"damage":46,"enemies":"Champ","floor":33,"turns":10}],"seed_played":"422858042598717612","potions_obtained":[{"floor":0,"key":"AttackPotion"},{"floor":2,"key":"SkillPotion"},{"floor":2,"key":"AttackPotion"},{"floor":2,"key":"Fire Potion"},{"floor":25,"key":"Regen Potion"},{"floor":27,"key":"FearPotion"}],"is_trial":false,"path_per_floor":["M","?","M","$","?","?","R","M","T","M","M","R","?","M","R","B",null,"M","?","?","$","M","E","R","E","T","E","R","?","E","?","R","B"],"character_chosen":"WATCHER","items_purchased":["InnerPeace","Study","WaveOfTheHand","Nirvana"],"campfire_rested":2,"item_purchase_floors":[4,4,21,21],"current_hp_per_floor":[70,70,67,67,56,75,75,74,74,71,71,71,71,69,69,69,77,61,61,61,61,44,31,54,32,32,23,48,42,25,25,25,0,0],"gold":199,"neow_bonus":"BOSS_RELIC","is_daily":false,"chose_seed":false,"campfire_upgraded":4,"win_rate":0.0,"timestamp":1611237449,"path_taken":["M","?","?","$","?","?","R","M","T","M","M","R","?","M","R","BOSS","M","?","?","$","?","E","R","E","T","E","R","?","E","?","R","BOSS"],"items_purchased_type":["Card","Card","Card","Card"],"build_version":"2020-12-22","purchased_purges":1,"victory":false,"max_hp_per_floor":[77,77,77,77,77,77,77,77,77,77,77,77,77,77,77,77,77,77,77,77,77,77,77,77,84,84,84,84,42,42,42,42,42,42],"relic_stats":{"Happy Flower":[9],"counters":[14,74],"Bronze Scales":[18],"Yang":[12],"Pen Nib":[1],"Black Star":4,"Juzu Bracelet":0,"Letter Opener":[30],"Orichalcum":[24],"MawBank":84,"obtain_stats":[{"Tiny House":0,"Happy Flower":25,"Yang":23,"Pen Nib":23,"Juzu Bracelet":27,"Letter Opener":30,"Orichalcum":27,"MawBank":26,"Strawberry":25,"Bronze Scales":30,"Molten Egg 2":13,"Black Star":17,"PureWater":0,"Meat on the Bone":9},{"Tiny House":0,"Happy Flower":11,"Yang":10,"Pen Nib":10,"Juzu Bracelet":12,"Letter Opener":13,"Orichalcum":12,"MawBank":11,"Strawberry":11,"Bronze Scales":13,"Molten Egg 2":5,"Black Star":7,"PureWater":0,"Meat on the Bone":3},{"Tiny House":0,"Happy Flower":46,"Yang":40,"Pen Nib":40,"Juzu Bracelet":57,"Letter Opener":64,"Orichalcum":57,"MawBank":46,"Strawberry":46,"Bronze Scales":64,"Molten Egg 2":18,"Black Star":26,"PureWater":0,"Meat on the Bone":10}],"Meat on the Bone":48},"card_choices":[{"not_picked":["JustLucky","Consecrate"],"picked":"PathToVictory","floor":0},{"not_picked":["Indignation","Weave","Study"],"picked":"SKIP","floor":1},{"not_picked":["EmptyBody","BowlingBash"],"picked":"Evaluate","floor":3},{"not_picked":["ClearTheMind","CrushJoints"],"picked":"PathToVictory","floor":8},{"not_picked":["Indignation","Halt"],"picked":"PathToVictory","floor":10},{"not_picked":["CutThroughFate","Worship","SpiritShield"],"picked":"SKIP","floor":11},{"not_picked":["JustLucky+1","Halt","EmptyFist+1"],"picked":"SKIP","floor":14},{"not_picked":["SpiritShield","Brilliance+1"],"picked":"DeusExMachina","floor":16},{"not_picked":["Consecrate+1","SignatureMove+1"],"picked":"Protect","floor":18},{"not_picked":["Tantrum+1","Worship","Collect"],"picked":"SKIP","floor":22},{"not_picked":["InnerPeace","Crescendo"],"picked":"Evaluate","floor":23},{"not_picked":["Worship","ConjureBlade"],"picked":"Wish","floor":25},{"not_picked":["Sanctity","Adaptation","WaveOfTheHand"],"picked":"SKIP","floor":27},{"not_picked":["TalkToTheHand+1","CrushJoints+1","SashWhip+1"],"picked":"SKIP","floor":30}],"player_experience":753641,"relics_obtained":[{"floor":9,"key":"Meat on the Bone"},{"floor":23,"key":"Pen Nib"},{"floor":23,"key":"Yang"},{"floor":25,"key":"Happy Flower"},{"floor":25,"key":"Strawberry"},{"floor":26,"key":"MawBank"},{"floor":27,"key":"Juzu Bracelet"},{"floor":27,"key":"Orichalcum"},{"floor":30,"key":"Letter Opener"},{"floor":30,"key":"Bronze Scales"}],"event_choices":[{"damage_healed":0,"gold_gain":0,"player_choice":"Got Potions","damage_taken":0,"max_hp_gain":0,"max_hp_loss":0,"event_name":"Lab","floor":2,"gold_loss":0},{"damage_healed":0,"gold_gain":75,"player_choice":"Gather Gold","damage_taken":11,"max_hp_gain":0,"max_hp_loss":0,"event_name":"World of Goop","floor":5,"gold_loss":0},{"damage_healed":19,"gold_gain":0,"player_choice":"Healed","damage_taken":0,"max_hp_gain":0,"max_hp_loss":0,"event_name":"The Cleric","floor":6,"gold_loss":35},{"damage_healed":0,"gold_gain":0,"player_choice":"Searched \u00271\u0027 times","damage_taken":0,"relics_obtained":["Molten Egg 2"],"max_hp_gain":0,"max_hp_loss":0,"event_name":"Dead Adventurer","floor":13,"gold_loss":0},{"damage_healed":0,"gold_gain":0,"player_choice":"Read","damage_taken":0,"max_hp_gain":0,"max_hp_loss":0,"event_name":"The Library","floor":19,"gold_loss":0,"cards_obtained":["ThirdEye"]},{"damage_healed":0,"gold_gain":0,"player_choice":"Forge","damage_taken":0,"max_hp_gain":0,"max_hp_loss":0,"event_name":"Accursed Blacksmith","floor":20,"gold_loss":0,"cards_upgraded":["Study"]},{"damage_healed":0,"gold_gain":0,"player_choice":"Became a Ghost","damage_taken":0,"max_hp_gain":0,"max_hp_loss":42,"event_name":"Ghosts","floor":29,"gold_loss":0,"cards_obtained":["Ghostly","Ghostly","Ghostly","Ghostly","Ghostly"]},{"cards_removed":["Strike_P"],"damage_healed":0,"gold_gain":0,"player_choice":"Gave Gold","damage_taken":0,"max_hp_gain":0,"max_hp_loss":0,"event_name":"Beggar","floor":31,"gold_loss":75}],"is_beta":false,"boss_relics":[{"not_picked":["SlaversCollar","Pandora\u0027s Box"],"picked":"Black Star"}],"items_purged_floors":[21],"is_endless":false,"potions_floor_spawned":[8,14,16,25,27],"killed_by":"Champ","ascension_level":3}}