{"host":"1a3cjta80tad0aqj","time":1611245149,"event":{"mods":["2.2 Compatiblity","AchievementEnabler","BaseMod","Colored Map","DeckTracker","KOR Keyword Fix","Keyboard Shortcuts","Minty Spire (QoL Compilation)","Permanent Neow","Quick Restart","Random Character Button","StSLib","SuperFastMode","everything is the same but u backflip on backflip"],"gold_per_floor":[118,118,136,149,159,159,13,88,88,119,119,119,131,142,142,238,238,248,1,20,46,58,58,85,10,10,10,28,28,28,45,45,147,147,162,142,155,77,91,91,91,91,91,107,157,191,191,207,207,207],"floor_reached":51,"language":"KOR","playtime":2613,"items_purged":["Regret","Strike_G"],"score":940,"play_id":"c5c8041c-2dd5-42bb-b009-9ef44c82ac81","local_time":"20210122010549","is_ascension_mode":true,"campfire_choices":[{"data":"Dramatic Entrance","floor":6.0,"key":"SMITH"},{"floor":12.0,"key":"REST"},{"data":"Catalyst","floor":15.0,"key":"SMITH"},{"floor":23.0,"key":"REST"},{"floor":27.0,"key":"REST"},{"floor":32.0,"key":"REST"},{"floor":41.0,"key":"REST"},{"data":"Venomology","floor":47,"key":"SMITH"},{"data":"After Image","floor":49,"key":"SMITH"}],"circlet_count":0,"master_deck":["Defend_G","Defend_G","Defend_G","Defend_G","Defend_G","Survivor","Neutralize","Dramatic Entrance+1","Dagger Spray","Dagger Spray","Flying Knee","Deadly Poison","After Image","PiercingWail","Catalyst+1","Noxious Fumes","Venomology+1","Bouncing Flask+1","Phantasmal Killer+1","Finisher+1","Heel Hook","Acrobatics","PiercingWail+1","Caltrops","Dodge and Roll","Acrobatics+1","Leg Sweep","Die Die Die","Dodge and Roll+1","Deadly Poison+1","Footwork","Deadly Poison","Setup","After Image+1","Backflip+1"],"relics":["Ring of the Snake","Question Card","Bottled Tornado","Snake Skull","Paper Crane","Astrolabe","Red Mask","White Beast Statue","StrikeDummy","Regal Pillow","Cursed Key","Thread and Needle","Ancient Tea Set"],"acts_visited":["Exordium","TheCity","TheBeyond"],"potions_floor_usage":[46,48,48,50,50,50,50],"damage_taken":[{"damage":2.0,"enemies":"Jaw Worm","floor":1.0,"turns":3.0},{"damage":0.0,"enemies":"Small Slimes","floor":3.0,"turns":2.0},{"damage":4.0,"enemies":"Cultist","floor":4.0,"turns":4.0},{"damage":19.0,"enemies":"Exordium Thugs","floor":5.0,"turns":5.0},{"damage":16.0,"enemies":"Gremlin Nob","floor":10.0,"turns":4.0},{"damage":0.0,"enemies":"Looter","floor":13.0,"turns":3.0},{"damage":0.0,"enemies":"2 Fungi Beasts","floor":14.0,"turns":2.0},{"damage":0.0,"enemies":"Hexaghost","floor":16.0,"turns":7.0},{"damage":0.0,"enemies":"3 Byrds","floor":18.0,"turns":2.0},{"damage":20.0,"enemies":"Spheric Guardian","floor":20.0,"turns":5.0},{"damage":6.0,"enemies":"Masked Bandits","floor":21.0,"turns":3.0},{"damage":13.0,"enemies":"Cultist and Chosen","floor":22.0,"turns":6.0},{"damage":33.0,"enemies":"Book of Stabbing","floor":24.0,"turns":5.0},{"damage":11.0,"enemies":"Chosen and Byrds","floor":28.0,"turns":5.0},{"damage":0.0,"enemies":"Snake Plant","floor":31.0,"turns":3.0},{"damage":52.0,"enemies":"Champ","floor":33.0,"turns":9.0},{"damage":16.0,"enemies":"3 Shapes","floor":35.0,"turns":4.0},{"damage":10.0,"enemies":"Orb Walker","floor":37.0,"turns":4.0},{"damage":13.0,"enemies":"Writhing Mass","floor":39.0,"turns":3.0},{"damage":1.0,"enemies":"Giant Head","floor":40.0,"turns":6.0},{"damage":7,"enemies":"4 Shapes","floor":44,"turns":6},{"damage":6,"enemies":"Mind Bloom Boss Battle","floor":45,"turns":7},{"damage":0,"enemies":"Reptomancer","floor":46,"turns":6},{"damage":0,"enemies":"3 Darklings","floor":48,"turns":3},{"damage":44,"enemies":"Awakened One","floor":50,"turns":19}],"seed_played":"8179187927287475480","potions_obtained":[{"floor":4.0,"key":"SteroidPotion"},{"floor":10.0,"key":"LiquidBronze"},{"floor":13.0,"key":"DistilledChaos"},{"floor":16.0,"key":"AttackPotion"},{"floor":20.0,"key":"SteroidPotion"},{"floor":21.0,"key":"DuplicationPotion"},{"floor":28.0,"key":"Explosive Potion"},{"floor":31.0,"key":"Poison Potion"},{"floor":33.0,"key":"GamblersBrew"},{"floor":35.0,"key":"SmokeBomb"},{"floor":44,"key":"GamblersBrew"},{"floor":46,"key":"DistilledChaos"},{"floor":48,"key":"AttackPotion"}],"is_trial":false,"path_per_floor":["M","?","M","M","M","R","$","?","T","E","?","R","M","M","R","B",null,"M","$","M","?","M","R","E","?","T","R","M","?","?","M","R","B",null,"M","?","M","$","M","E","R","$","T","M","?","E","R","M","R","B",null],"character_chosen":"THE_SILENT","items_purchased":["After Image","Acrobatics","SteroidPotion","AttackPotion","Footwork"],"campfire_rested":5,"item_purchase_floors":[7,19,19,19,38],"current_hp_per_floor":[68,68,68,64,45,45,45,34,34,18,18,39,39,39,39,39,70,70,70,50,44,31,52,19,19,19,40,29,29,29,29,65,13,70,54,54,44,44,31,30,66,66,66,59,53,53,53,53,53,9],"gold":207,"neow_bonus":"RANDOM_COLORLESS","is_daily":false,"chose_seed":false,"campfire_upgraded":4,"win_rate":0.0,"timestamp":1611245149,"path_taken":["M","?","M","M","M","R","$","?","T","E","?","R","M","M","R","BOSS","M","$","?","?","M","R","E","?","T","R","?","?","?","M","R","BOSS","M","?","M","$","M","E","R","?","T","M","?","E","R","M","R","BOSS"],"items_purchased_type":["Card","Card","Potion","Potion","Card"],"build_version":"2020-12-22","purchased_purges":2,"victory":true,"max_hp_per_floor":[70,70,70,70,70,70,70,70,70,70,70,70,70,70,70,70,70,70,70,70,70,70,70,70,70,70,70,70,70,70,70,70,70,70,70,70,70,70,70,70,70,70,70,70,70,70,70,70,70,70],"card_choices":[{"not_picked":["Madness","Dark Shackles"],"picked":"Dramatic Entrance","floor":0.0},{"not_picked":["Bane","Backflip"],"picked":"Dagger Spray","floor":1.0},{"not_picked":["Backflip","Flechettes","Cloak And Dagger"],"picked":"Dagger Spray","floor":3.0},{"not_picked":["Deflect","Underhanded Strike","Calculated Gamble"],"picked":"Flying Knee","floor":4.0},{"not_picked":["Dodge and Roll","Dagger Throw","Backflip"],"picked":"Deadly Poison","floor":5.0},{"not_picked":["A Thousand Cuts","Caltrops","Cloak And Dagger"],"picked":"PiercingWail","floor":10.0},{"not_picked":["Backflip","Flying Knee","Skewer"],"picked":"Catalyst","floor":13.0},{"not_picked":["Terror","Poisoned Stab","Quick Slash"],"picked":"Noxious Fumes","floor":14.0},{"not_picked":["Wraith Form v2","Burst","Unload"],"picked":"Venomology","floor":16.0},{"not_picked":["Cloak And Dagger","Sucker Punch","Prepared"],"picked":"Heel Hook","floor":18.0},{"not_picked":["Prepared","Choke+1","Terror"],"picked":"PiercingWail+1","floor":20.0},{"not_picked":["Outmaneuver","Endless Agony","Flying Knee"],"picked":"Caltrops","floor":21.0},{"not_picked":["Predator","Cloak And Dagger","Endless Agony"],"picked":"Dodge and Roll","floor":22.0},{"not_picked":["Dagger Spray+1","Prepared+1","Phantasmal Killer","Slice+1"],"picked":"SKIP","floor":24.0},{"not_picked":["Poisoned Stab+1","Sucker Punch+1","Flying Knee"],"picked":"Acrobatics+1","floor":28.0},{"not_picked":["Expertise","Endless Agony","Setup+1"],"picked":"Leg Sweep","floor":31.0},{"not_picked":["Storm of Steel","Grand Finale","Glass Knife"],"picked":"Die Die Die","floor":33.0},{"not_picked":["Flying Knee+1","Dash","Dagger Throw+1"],"picked":"Dodge and Roll+1","floor":35.0},{"not_picked":["Flying Knee+1","After Image","Poisoned Stab"],"picked":"Deadly Poison+1","floor":37.0},{"not_picked":["All Out Attack+1","Dagger Spray","Caltrops+1"],"picked":"Deadly Poison","floor":39.0},{"not_picked":["Deflect","Concentrate","Flying Knee"],"picked":"Setup","floor":44},{"not_picked":["Flying Knee","Dagger Throw","Masterful Stab"],"picked":"After Image","floor":45},{"not_picked":["Riddle With Holes+1","Slice+1","Masterful Stab","Underhanded Strike+1"],"picked":"SKIP","floor":46},{"not_picked":["Prepared+1","Outmaneuver+1","Finisher"],"picked":"Backflip+1","floor":48}],"player_experience":850840,"relics_obtained":[{"floor":9.0,"key":"Bottled Tornado"},{"floor":10.0,"key":"Snake Skull"},{"floor":21.0,"key":"Red Mask"},{"floor":24.0,"key":"White Beast Statue"},{"floor":26.0,"key":"StrikeDummy"},{"floor":45,"key":"Thread and Needle"},{"floor":46,"key":"Ancient Tea Set"}],"event_choices":[{"damage_healed":0.0,"max_hp_gain":0.0,"max_hp_loss":0.0,"gold_gain":0.0,"event_name":"Big Fish","player_choice":"Box","floor":2.0,"gold_loss":0.0,"damage_taken":0.0,"relics_obtained":["Question Card"],"cards_obtained":["Regret"]},{"damage_healed":0.0,"max_hp_gain":0.0,"max_hp_loss":0.0,"gold_gain":75.0,"event_name":"World of Goop","player_choice":"Gather Gold","floor":8.0,"gold_loss":0.0,"damage_taken":11.0},{"damage_healed":0.0,"max_hp_gain":0.0,"max_hp_loss":0.0,"gold_gain":0.0,"event_name":"WeMeetAgain","player_choice":"Gave Potion","floor":11.0,"gold_loss":0.0,"damage_taken":0.0,"relics_obtained":["Paper Crane"]},{"damage_healed":0.0,"max_hp_gain":0.0,"max_hp_loss":0.0,"gold_gain":0.0,"event_name":"Masked Bandits","player_choice":"Fought Bandits","floor":21.0,"gold_loss":0.0,"damage_taken":0.0},{"cards_removed":["Strike_G"],"damage_healed":0.0,"max_hp_gain":0.0,"max_hp_loss":0.0,"gold_gain":0.0,"event_name":"Beggar","player_choice":"Gave Gold","floor":25.0,"gold_loss":75.0,"damage_taken":0.0},{"damage_healed":0.0,"max_hp_gain":0.0,"max_hp_loss":0.0,"gold_gain":0.0,"event_name":"The Mausoleum","player_choice":"Opened","floor":30.0,"gold_loss":0.0,"damage_taken":0.0,"relics_obtained":["Regal Pillow"]},{"damage_healed":0.0,"max_hp_gain":0.0,"max_hp_loss":0.0,"gold_gain":0.0,"event_name":"The Woman in Blue","player_choice":"Bought 1 Potion","floor":36.0,"gold_loss":0.0,"damage_taken":0.0},{"damage_healed":0,"gold_gain":0,"player_choice":"Fight","damage_taken":0,"max_hp_gain":0,"max_hp_loss":0,"event_name":"MindBloom","floor":45,"gold_loss":0}],"is_beta":false,"boss_relics":[{"not_picked":["WristBlade","Tiny House"],"picked":"Astrolabe"},{"not_picked":["Sozu","Runic Dome"],"picked":"Cursed Key"}],"items_purged_floors":[7,19],"is_endless":false,"potions_floor_spawned":[4,10,13,16,20,21,24,28,31,33,35,37,39,40,44,45,46,48],"ascension_level":3}}