{"host":"t75twhtg6c476ygg","time":1611245629,"event":{"mods":["AchievementEnabler","BaseMod","Colored Powertips","Minty Spire (QoL Compilation)","Quick Restart","Relic Stats","StSLib","SuperFastMode"],"gold_per_floor":[114,114,114,64,83,83,121,140,140,159,159,178,197,216,216,341,341,360,360,398,417,17,55,74,74,124,136,148,179,210,241,253,390,402,433,445,495,507,557,607,644,694,731,762,812,824,407,426,426,426],"floor_reached":51,"language":"ENG","playtime":4762,"items_purged":["Malaise"],"score":1112,"play_id":"cf4cb104-fe17-4388-bb3e-03c099182299","local_time":"20210121161349","daily_mods":["Shiny","Red Cards","DeadlyEvents"],"is_ascension_mode":false,"campfire_choices":[{"floor":6.0,"key":"REST"},{"data":"Adrenaline","floor":11.0,"key":"SMITH"},{"data":"Shrug It Off","floor":15.0,"key":"SMITH"},{"data":"Whirlwind","floor":25.0,"key":"SMITH"},{"data":"Accuracy","floor":28.0,"key":"SMITH"},{"data":"Adrenaline","floor":32.0,"key":"SMITH"},{"data":"Berserk","floor":46.0,"key":"SMITH"},{"floor":49.0,"key":"REST"}],"circlet_count":0,"master_deck":["Double Tap","Demon Form","Bludgeon","Feed","Limit Break","Corruption","Barricade","Fiend Fire","Berserk","Impervious","Juggernaut","Reaper","Offering+1","Immolate","Corpse Explosion","Phantasmal Killer","Die Die Die","Adrenaline+1","Envenom","Doppelganger","Burst","Wraith Form v2+1","Tools of the Trade","Night Terror","Unload","After Image","Bullet Time","Storm of Steel","Glass Knife","A Thousand Cuts","Grand Finale+1","Thunderclap","Armaments+1","Shrug It Off+1","Adrenaline+1","Berserk+1","Twin Strike+1","Dagger Spray+1","Accuracy+1","Whirlwind+1","Armaments+1","Juggernaut","Adrenaline+1","Infernal Blade+1","Adrenaline","Whirlwind","Die Die Die"],"relics":["Ring of the Snake","Golden Idol","Mummified Hand","Regal Pillow","Bronze Scales","SlaversCollar","Akabeko","Gremlin Horn","Snake Skull","MealTicket","MawBank","Centennial Puzzle","Black Star","InkBottle","Ancient Tea Set","Bottled Tornado","Anchor","CeramicFish","Toy Ornithopter","Nunchaku","Pen Nib","Orichalcum","Strawberry","Bottled Lightning","Dead Branch","Chemical X"],"acts_visited":["Exordium","TheCity","TheBeyond"],"potions_floor_usage":[50],"damage_taken":[{"damage":0.0,"enemies":"2 Louse","floor":1.0,"turns":1.0},{"damage":1.0,"enemies":"Small Slimes","floor":5.0,"turns":1.0},{"damage":0.0,"enemies":"3 Sentries","floor":7.0,"turns":4.0},{"damage":0.0,"enemies":"Cultist","floor":8.0,"turns":2.0},{"damage":6.0,"enemies":"3 Louse","floor":10.0,"turns":1.0},{"damage":19.0,"enemies":"Red Slaver","floor":12.0,"turns":2.0},{"damage":0.0,"enemies":"2 Fungi Beasts","floor":13.0,"turns":1.0},{"damage":0.0,"enemies":"Exordium Thugs","floor":14.0,"turns":1.0},{"damage":24.0,"enemies":"Slime Boss","floor":16.0,"turns":4.0},{"damage":12.0,"enemies":"Spheric Guardian","floor":18.0,"turns":2.0},{"damage":27.0,"enemies":"Slavers","floor":20.0,"turns":2.0},{"damage":2.0,"enemies":"2 Thieves","floor":21.0,"turns":4.0},{"damage":21.0,"enemies":"Book of Stabbing","floor":23.0,"turns":3.0},{"damage":14.0,"enemies":"Cultist and Chosen","floor":24.0,"turns":2.0},{"damage":0.0,"enemies":"Snecko","floor":29.0,"turns":2.0},{"damage":6.0,"enemies":"3 Cultists","floor":30.0,"turns":2.0},{"damage":1.0,"enemies":"Shelled Parasite and Fungi","floor":31.0,"turns":2.0},{"damage":30.0,"enemies":"Automaton","floor":33.0,"turns":4.0},{"damage":5.0,"enemies":"Orb Walker","floor":35.0,"turns":2.0},{"damage":25.0,"enemies":"Giant Head","floor":37.0,"turns":4.0},{"damage":19.0,"enemies":"Nemesis","floor":39.0,"turns":5.0},{"damage":10.0,"enemies":"Giant Head","floor":40.0,"turns":2.0},{"damage":16.0,"enemies":"Nemesis","floor":42.0,"turns":3.0},{"damage":0.0,"enemies":"3 Darklings","floor":44.0,"turns":1.0},{"damage":1.0,"enemies":"Giant Head","floor":45.0,"turns":4.0},{"damage":19.0,"enemies":"4 Shapes","floor":48.0,"turns":2.0},{"damage":6,"enemies":"Donu and Deca","floor":50,"turns":1}],"seed_played":"-1760728548950895142","potions_obtained":[{"floor":1.0,"key":"Fire Potion"},{"floor":5.0,"key":"Fire Potion"},{"floor":7.0,"key":"PowerPotion"},{"floor":14.0,"key":"CultistPotion"},{"floor":24.0,"key":"DistilledChaos"}],"is_trial":false,"path_per_floor":["M","?","?","?","M","R","E","M","T","M","R","M","M","M","R","B",null,"M","?","E","M","$","E","M","R","T","?","R","M","M","M","R","B",null,"M","?","E","?","E","E","T","E","T","M","E","R","$","M","R","B",null],"character_chosen":"THE_SILENT","items_purchased":["Gremlin Horn","Snake Skull","Chemical X","Whirlwind","Die Die Die"],"campfire_rested":2,"item_purchase_floors":[22,22,47,47,47],"current_hp_per_floor":[70,56,39,39,38,59,59,59,59,64,64,45,53,53,53,41,73,61,61,34,43,43,32,42,42,42,42,42,42,75,74,74,44,76,71,71,57,57,43,57,57,44,51,51,50,50,65,49,89,88],"gold":426,"neow_bonus":"","is_daily":true,"chose_seed":false,"campfire_upgraded":6,"win_rate":0.0,"timestamp":1611245629,"path_taken":["M","?","?","?","M","R","E","?","T","M","R","?","M","M","R","BOSS","M","?","?","M","$","E","M","R","T","?","R","M","M","M","R","BOSS","M","?","?","?","?","E","?","E","T","?","?","R","$","M","R","BOSS"],"items_purchased_type":["Relic","Relic","Relic","Card","Card"],"build_version":"2020-12-22","purchased_purges":1,"victory":true,"max_hp_per_floor":[70,70,70,70,70,70,70,70,70,70,70,70,70,70,70,73,73,73,73,73,76,76,76,76,76,76,76,76,76,76,76,76,76,76,76,76,76,76,76,76,76,79,86,86,86,86,86,89,89,89],"relic_stats":{"Regal Pillow":14,"Gremlin Horn":[8,9],"counters":[27,64],"Golden Idol":215,"CeramicFish":18,"Dead Branch":[18],"Snake Skull":[56],"Pen Nib":[2],"Orichalcum":[0],"MawBank":252,"Centennial Puzzle":[33],"Nunchaku":[2],"Mummified Hand":[192],"Bronze Scales":[88],"MealTicket":15,"Black Star":5,"Chemical X":[3],"obtain_stats":[{"Regal Pillow":7,"Gremlin Horn":22,"CeramicFish":40,"Snake Skull":22,"Bottled Tornado":39,"Ancient Tea Set":37,"Centennial Puzzle":27,"Nunchaku":41,"Mummified Hand":7,"Strawberry":43,"MealTicket":23,"Chemical X":47,"InkBottle":37,"Ring of the Snake":0,"Golden Idol":3,"Dead Branch":45,"Pen Nib":42,"Orichalcum":42,"MawBank":26,"Akabeko":20,"SlaversCollar":17,"Anchor":39,"Bronze Scales":9,"Black Star":34,"Bottled Lightning":45,"Toy Ornithopter":40},{"Regal Pillow":3,"Gremlin Horn":12,"CeramicFish":22,"Snake Skull":12,"Bottled Tornado":21,"Ancient Tea Set":20,"Centennial Puzzle":14,"Nunchaku":22,"Mummified Hand":3,"Strawberry":23,"MealTicket":13,"Chemical X":25,"InkBottle":20,"Ring of the Snake":0,"Golden Idol":1,"Dead Branch":25,"Pen Nib":23,"Orichalcum":23,"MawBank":14,"Akabeko":11,"SlaversCollar":9,"Anchor":21,"Bronze Scales":4,"Black Star":18,"Bottled Lightning":25,"Toy Ornithopter":22},{"Regal Pillow":6,"Gremlin Horn":25,"CeramicFish":53,"Snake Skull":25,"Bottled Tornado":51,"Ancient Tea Set":46,"Centennial Puzzle":30,"Nunchaku":53,"Mummified Hand":2,"Strawberry":56,"MealTicket":28,"Chemical X":61,"InkBottle":46,"Ring of the Snake":0,"Golden Idol":1,"Dead Branch":61,"Pen Nib":56,"Orichalcum":56,"MawBank":30,"Akabeko":21,"SlaversCollar":17,"Anchor":51,"Bronze Scales":8,"Black Star":40,"Bottled Lightning":61,"Toy Ornithopter":53}],"InkBottle":[16],"Toy Ornithopter":5,"Ring of the Snake":[54]},"card_choices":[{"not_picked":["Carnage","Dagger Throw","Infernal Blade"],"picked":"SKIP","floor":1.0},{"not_picked":["Wild Strike","Spot Weakness"],"picked":"Armaments","floor":5.0},{"not_picked":["Dagger Spray","Backstab","Infinite Blades"],"picked":"SKIP","floor":7.0},{"not_picked":["Warcry","Reckless Charge","Cleave"],"picked":"SKIP","floor":8.0},{"not_picked":["Body Slam","Flying Knee","Headbutt"],"picked":"SKIP","floor":10.0},{"not_picked":["Caltrops","Perfected Strike"],"picked":"Thunderclap","floor":12.0},{"not_picked":["Catalyst","Blur"],"picked":"Shrug It Off","floor":13.0},{"not_picked":["Havoc","Clothesline","Thunderclap"],"picked":"SKIP","floor":14.0},{"not_picked":["Storm of Steel","Fiend Fire"],"picked":"Adrenaline","floor":16.0},{"not_picked":["All Out Attack","Dagger Throw","Dodge and Roll+1"],"picked":"SKIP","floor":18.0},{"not_picked":["Clothesline","Rupture+1"],"picked":"Twin Strike+1","floor":20.0},{"not_picked":["Dual Wield","Flying Knee"],"picked":"Dagger Spray+1","floor":21.0},{"not_picked":["Sword Boomerang","Flying Knee"],"picked":"Accuracy","floor":23.0},{"not_picked":["Clash","Combust"],"picked":"Whirlwind","floor":24.0},{"not_picked":["Seeing Red","Dodge and Roll","Dash+1"],"picked":"SKIP","floor":29.0},{"not_picked":["Dagger Throw","Warcry","Iron Wave"],"picked":"SKIP","floor":30.0},{"not_picked":["Flex","Anger"],"picked":"Armaments+1","floor":31.0},{"not_picked":["Glass Knife","Corpse Explosion"],"picked":"Juggernaut","floor":33.0},{"not_picked":["Backflip+1","Catalyst+1","Acrobatics"],"picked":"SKIP","floor":35.0},{"not_picked":["Phantasmal Killer","Tactician+1"],"picked":"Infernal Blade+1","floor":37.0},{"not_picked":["Underhanded Strike","Backflip"],"picked":"Adrenaline","floor":39.0},{"not_picked":["Shockwave+1","Flying Knee","Calculated Gamble"],"picked":"SKIP","floor":40.0},{"not_picked":["Cloak And Dagger","Battle Trance","Shrug It Off"],"picked":"SKIP","floor":42.0},{"not_picked":["Shrug It Off+1","Body Slam+1","Clash"],"picked":"SKIP","floor":44.0},{"not_picked":["Prepared","Deadly Poison","Outmaneuver+1"],"picked":"SKIP","floor":45.0},{"not_picked":["Underhanded Strike","True Grit","Bullet Time"],"picked":"SKIP","floor":48.0}],"player_experience":258299,"relics_obtained":[{"floor":7.0,"key":"Regal Pillow"},{"floor":9.0,"key":"Bronze Scales"},{"floor":20.0,"key":"Akabeko"},{"floor":23.0,"key":"MealTicket"},{"floor":26.0,"key":"MawBank"},{"floor":37.0,"key":"InkBottle"},{"floor":37.0,"key":"Ancient Tea Set"},{"floor":39.0,"key":"Bottled Tornado"},{"floor":39.0,"key":"Anchor"},{"floor":40.0,"key":"CeramicFish"},{"floor":40.0,"key":"Toy Ornithopter"},{"floor":41.0,"key":"Nunchaku"},{"floor":42.0,"key":"Pen Nib"},{"floor":42.0,"key":"Orichalcum"},{"floor":43.0,"key":"Strawberry"},{"floor":45.0,"key":"Bottled Lightning"},{"floor":45.0,"key":"Dead Branch"}],"event_choices":[{"damage_healed":0.0,"max_hp_gain":0.0,"max_hp_loss":0.0,"gold_gain":0.0,"event_name":"Shining Light","player_choice":"Entered Light","floor":2.0,"gold_loss":0.0,"damage_taken":14.0,"cards_upgraded":["Wraith Form v2","Grand Finale"]},{"damage_healed":0.0,"max_hp_gain":0.0,"max_hp_loss":0.0,"gold_gain":0.0,"event_name":"Golden Idol","player_choice":"Take Damage","floor":3.0,"gold_loss":0.0,"damage_taken":17.0,"relics_obtained":["Golden Idol"]},{"cards_removed":["Brutality"],"damage_healed":0.0,"max_hp_gain":0.0,"max_hp_loss":0.0,"gold_gain":0.0,"event_name":"The Cleric","player_choice":"Card Removal","floor":4.0,"gold_loss":50.0,"damage_taken":0.0},{"damage_healed":0.0,"max_hp_gain":0.0,"max_hp_loss":0.0,"gold_gain":0.0,"cards_transformed":["Exhume"],"event_name":"Transmorgrifier","player_choice":"Transformed","floor":19.0,"gold_loss":0.0,"damage_taken":0.0,"cards_obtained":["Berserk"]},{"cards_removed":["Venomology"],"damage_healed":0.0,"max_hp_gain":0.0,"max_hp_loss":0.0,"gold_gain":0.0,"event_name":"WeMeetAgain","player_choice":"Gave Card","floor":27.0,"gold_loss":0.0,"damage_taken":0.0,"relics_obtained":["Centennial Puzzle"]},{"damage_healed":0.0,"max_hp_gain":0.0,"max_hp_loss":0.0,"gold_gain":0.0,"event_name":"Duplicator","player_choice":"Copied","floor":36.0,"gold_loss":0.0,"damage_taken":0.0,"cards_obtained":["Adrenaline"]},{"damage_healed":0.0,"max_hp_gain":0.0,"max_hp_loss":0.0,"gold_gain":0.0,"event_name":"Upgrade Shrine","player_choice":"Upgraded","floor":38.0,"gold_loss":0.0,"damage_taken":0.0,"cards_upgraded":["Offering"]}],"is_beta":false,"boss_relics":[{"not_picked":["Tiny House","Runic Pyramid"],"picked":"SlaversCollar"},{"not_picked":["Velvet Choker","Fusion Hammer"],"picked":"Black Star"}],"items_purged_floors":[47],"is_endless":false,"potions_floor_spawned":[1,5,7,12,14,24,30,31,35,44,48],"ascension_level":0}}