{"host":"g8ufh7m4frdlkxwv","time":1611262151,"event":{"mods":["AchievementEnabler","BaseMod","Colored Map","Dark Map","Minty Spire (QoL Compilation)","Relic Stats","StSLib","ojb\u0027s Info Mod"],"gold_per_floor":[117,117,127,140,215,215,215],"floor_reached":6,"language":"ENG","playtime":295,"items_purged":[],"score":72,"play_id":"eea3605e-2d6f-43df-aff8-0bf5438abe3d","local_time":"20210121214911","is_ascension_mode":true,"campfire_choices":[],"circlet_count":0,"master_deck":["AscendersBane","Strike_G","Strike_G","Strike_G","Strike_G","Strike_G","Defend_G","Defend_G","Defend_G","Defend_G","Defend_G","Survivor","Neutralize","Skewer"],"relics":["Black Star","Du-Vu Doll"],"acts_visited":["Exordium"],"potions_floor_usage":[6],"damage_taken":[{"damage":0.0,"enemies":"2 Louse","floor":1.0,"turns":4.0},{"damage":8,"enemies":"Small Slimes","floor":3,"turns":4},{"damage":1,"enemies":"Cultist","floor":4,"turns":3},{"damage":29,"enemies":"3 Sentries","floor":6,"turns":10}],"seed_played":"4245945061049254312","potions_obtained":[{"floor":1.0,"key":"GhostInAJar"}],"is_trial":false,"path_per_floor":["M","?","M","M","?","E"],"character_chosen":"THE_SILENT","items_purchased":[],"campfire_rested":0,"item_purchase_floors":[],"current_hp_per_floor":[59,41,33,32,21,0,0],"gold":215,"neow_bonus":"BOSS_RELIC","is_daily":false,"chose_seed":false,"campfire_upgraded":0,"win_rate":0.0,"timestamp":1611262151,"path_taken":["M","?","M","M","?","E"],"items_purchased_type":[],"build_version":"2020-12-22","purchased_purges":0,"victory":false,"max_hp_per_floor":[66,66,66,66,66,66,66],"relic_stats":{"counters":[4,21],"Black Star":0,"obtain_stats":[{"Du-Vu Doll":2,"Black Star":0,"Ring of the Snake":0},{"Du-Vu Doll":1,"Black Star":0,"Ring of the Snake":0},{"Du-Vu Doll":4,"Black Star":0,"Ring of the Snake":0}]},"card_choices":[{"not_picked":["Dodge and Roll","Bane"],"picked":"Skewer","floor":1.0},{"not_picked":["Deadly Poison","Infinite Blades","Outmaneuver"],"picked":"SKIP","floor":3},{"not_picked":["Flechettes","Catalyst","Acrobatics"],"picked":"SKIP","floor":4},{"not_picked":["Flechettes","Catalyst","Acrobatics"],"picked":"SKIP","floor":4},{"not_picked":["Flechettes","Catalyst","Acrobatics"],"picked":"SKIP","floor":4}],"player_experience":1062574,"relics_obtained":[],"event_choices":[{"damage_healed":0.0,"max_hp_gain":0.0,"max_hp_loss":0.0,"gold_gain":0.0,"event_name":"Scrap Ooze","player_choice":"Success","floor":2.0,"gold_loss":0.0,"damage_taken":18.0,"relics_obtained":["Du-Vu Doll"]},{"damage_healed":0,"gold_gain":75,"player_choice":"Gather Gold","damage_taken":11,"max_hp_gain":0,"max_hp_loss":0,"event_name":"World of Goop","floor":5,"gold_loss":0}],"is_beta":false,"boss_relics":[],"items_purged_floors":[],"is_endless":false,"potions_floor_spawned":[1],"killed_by":"3 Sentries","ascension_level":20}}