{"host":"dfkyfs40szv6n8ol","time":1611251186,"event":{"mods":["BaseMod","BetterRewards","Card Forge","Downfall","Halation","Hermit","Hubris","Infinite Spire","Marisa????????","Minty Spire (QoL Compilation)","Quick Restart","Shop Mod","StSLib","The Bug Knight","The Necromancer","The Runesmith","The Servant 0.9.4","everything is the same but u backflip on backflip"],"gold_per_floor":[116,116,132,145,158,158,175,203,250,260,26,26,38,38,38,133,133,149,71,71,90,102,114,114,114,114,132,162,9,9,9,9,114,114,132,146,163,163,186,186,199,199,199,199,199,219,259,272,272,276,276,276,14,50,108],"floor_reached":56,"language":"ENG","playtime":2582,"items_purged":[],"score":1503,"play_id":"30b1ac5a-c7af-44ec-86fe-c2ed6a2f5953","local_time":"20210121124626","is_ascension_mode":false,"campfire_choices":[{"floor":6,"key":"REST"},{"data":"Noxious Fumes","floor":12,"key":"SMITH"},{"floor":15,"key":"RECALL"},{"floor":25,"key":"REST"},{"data":"Finisher","floor":32,"key":"SMITH"},{"data":"A Thousand Cuts","floor":40,"key":"SMITH"},{"data":"Neutralize","floor":42,"key":"SMITH"},{"floor":49,"key":"REST"},{"floor":52,"key":"REST"}],"circlet_count":0,"master_deck":["Defend_G+1","Defend_G+1","Survivor+1","Neutralize+1","Deadly Poison+1","Catalyst+1","Crippling Poison+1","Bouncing Flask+1","Bullet Time+1","Night Terror+1","infinitespire:Neurotoxin+1","Aggregate+1","infinitespire:UltimateForm+1","infinitespire:FutureSight+1","infinitespire:Punishment+1","infinitespire:Execution+1","infinitespire:Collect+1","A Thousand Cuts+1","After Image+1","Bouncing Flask+1","Catalyst+1","Crippling Poison+1","Deadly Poison+1","Envenom+1","Flying Knee+1","Noxious Fumes+1","Aggregate+1","Poisoned Stab+1","Noxious Fumes+1","infinitespire:Neurotoxin+1","Deadly Poison+1","Catalyst+1","infinitespire:Collect+1","infinitespire:NeuralNetwork+1","Catalyst+1","Acrobatics+1","After Image+1","Adrenaline+1","Venomology+1","Bouncing Flask+1","Catalyst+1","Deadly Poison+1","Envenom+1","Neutralize+1","Noxious Fumes+1","hubris:TrickCloak+1","Noxious Fumes+1","Night Terror+1","Catalyst+1","Bouncing Flask+1","Backflip+1","Deflect+1","PiercingWail+1","Distraction+1","Aggregate+1","Aggregate+1","A Thousand Cuts+1","Deflect+1","Catalyst+1","Deadly Poison+1","infinitespire:Oblivion+1","infinitespire:FutureSight+1","Noxious Fumes+1","Aggregate+1","Backflip+1","Deflect+1"],"relics":["Ring of the Snake","Hammer of Thor","Seething Fire","Anvil of the Gods","Toxic Egg 2","Eternal Feather","Akabeko","Pen Nib","WristBlade","halation:IllGainedPizza","HollowMod:StagPassRelic","halation:Jellyphish","halation:EternalFortune","MutagenicStrength","hubris:ScarierMask","Question Card","Torii","Toolbox","Omamori","Shuriken","Strawberry"],"acts_visited":["Exordium","TheCity","TheBeyond","TheEnding"],"potions_floor_usage":[16,16,23,28,36,37,37,41,46,50,50,50,55],"damage_taken":[{"damage":7,"enemies":"2 Louse","floor":1,"turns":2},{"damage":0,"enemies":"Cultist","floor":3,"turns":2},{"damage":10,"enemies":"Jaw Worm","floor":4,"turns":2},{"damage":0,"enemies":"Looter","floor":5,"turns":2},{"damage":7,"enemies":"Red Slaver","floor":7,"turns":3},{"damage":5,"enemies":"3 Sentries","floor":8,"turns":5},{"damage":0,"enemies":"Exordium Thugs","floor":10,"turns":2},{"damage":0,"enemies":"Looter","floor":13,"turns":1},{"damage":2,"enemies":"The Guardian","floor":16,"turns":3},{"damage":2,"enemies":"3 Byrds","floor":18,"turns":3},{"damage":2,"enemies":"Shell Parasite","floor":21,"turns":3},{"damage":19,"enemies":"Snake Plant","floor":22,"turns":2},{"damage":0,"enemies":"3 Cultists","floor":23,"turns":3},{"damage":0,"enemies":"Snecko","floor":27,"turns":1},{"damage":0,"enemies":"HollowMod:Nosk","floor":28,"turns":3},{"damage":30,"enemies":"Collector","floor":33,"turns":5},{"damage":0,"enemies":"Orb Walker","floor":35,"turns":2},{"damage":0,"enemies":"3 Darklings","floor":36,"turns":3},{"damage":0,"enemies":"Transient","floor":37,"turns":5},{"damage":20,"enemies":"Spire Growth","floor":39,"turns":3},{"damage":0,"enemies":"Sphere and 2 Shapes","floor":41,"turns":3},{"damage":21,"enemies":"Jaw Worm Horde","floor":46,"turns":3},{"damage":0,"enemies":"Nemesis","floor":47,"turns":3},{"damage":23,"enemies":"Writhing Mass","floor":48,"turns":4},{"damage":0,"enemies":"hubris:GrandSnecko","floor":50,"turns":4},{"damage":8,"enemies":"Shield and Spear","floor":54,"turns":3},{"damage":81,"enemies":"The Heart","floor":55,"turns":6}],"seed_played":"-3359110195331534290","potions_obtained":[{"floor":1,"key":"GhostInAJar"},{"floor":4,"key":"PowerPotion"},{"floor":16,"key":"BlessingOfTheForge"},{"floor":21,"key":"Regen Potion"},{"floor":33,"key":"Fire Potion"},{"floor":36,"key":"EssenceOfSteel"},{"floor":37,"key":"ColorlessPotion"},{"floor":47,"key":"Ancient Potion"}],"is_trial":false,"path_per_floor":["M","?","M","M","M","R","M","E","T","M","$","R","M","T","R","B",null,"M","$","?","M","M","M","?","R","T","M","E","$","?","?","R","B",null,"M","M","M","?","M","R","M","R","T","T","AVR","M","E","M","R","B",null,"R","$","E","B",null],"character_chosen":"THE_SILENT","items_purchased":["Toxic Egg 2","Pen Nib","Noxious Fumes","Bouncing Flask+1","halation:Jellyphish","Shuriken"],"campfire_rested":4,"item_purchase_floors":[0,11,11,19,29,53],"current_hp_per_floor":[55,55,55,45,45,66,59,54,54,54,54,70,70,70,70,68,70,68,68,68,66,47,56,61,70,70,70,70,70,73,73,73,43,73,73,73,73,73,53,73,73,73,73,73,73,52,67,44,73,73,73,73,73,86,5],"gold":108,"neow_bonus":"","is_daily":false,"chose_seed":false,"campfire_upgraded":4,"win_rate":0.0,"timestamp":1611251186,"path_taken":["M","?","?","M","M","R","M","E","T","?","$","R","?","?","R","BOSS","M","$","?","M","M","M","?","R","T","?","E","?","?","?","R","BOSS","M","M","M","?","M","R","M","R","T","?","AVR","M","E","M","R","BOSS","R","$","E","BOSS"],"items_purchased_type":["Relic","Relic","Card","Card","Relic","Relic"],"build_version":"2020-12-22","purchased_purges":0,"victory":true,"max_hp_per_floor":[70,70,70,70,70,70,70,70,70,70,70,70,70,70,70,70,70,70,70,70,70,70,70,70,70,70,70,70,70,73,73,73,73,73,73,73,73,73,73,73,73,73,73,73,73,73,73,73,73,73,73,73,73,94,94],"card_choices":[{"not_picked":["Sucker Punch","Skewer"],"picked":"Expertise+1","floor":1},{"not_picked":["Dash","hubris:Sniper+1"],"picked":"Catalyst+1","floor":3},{"not_picked":["Quick Slash","Dodge and Roll+1"],"picked":"Acrobatics+1","floor":4},{"not_picked":["All Out Attack","Cloak And Dagger+1"],"picked":"hubris:SlightOfHand+1","floor":5},{"not_picked":["Heel Hook","Predator","Masterful Stab"],"picked":"SKIP","floor":7},{"not_picked":["Prepared+1","Predator"],"picked":"hubris:TrickCloak+1","floor":8},{"not_picked":["PiercingWail+1","hubris:Sniper+1"],"picked":"Poisoned Stab","floor":10},{"not_picked":["Tactician+1","Quick Slash"],"picked":"Phantasmal Killer+1","floor":13},{"not_picked":["Unload","Corpse Explosion+1"],"picked":"Night Terror+1","floor":16},{"not_picked":["Dagger Throw","Deflect+1"],"picked":"Catalyst+1","floor":18},{"not_picked":["Deadly Poison+1","Crippling Poison+1"],"picked":"Backflip+1","floor":21},{"not_picked":["Poisoned Stab","Calculated Gamble+1"],"picked":"Deflect+1","floor":22},{"not_picked":["Bane","Predator"],"picked":"PiercingWail+1","floor":23},{"not_picked":["Skewer","Infinite Blades"],"picked":"Distraction+1","floor":27},{"not_picked":["Dagger Throw","All Out Attack+1"],"picked":"Finisher","floor":28},{"not_picked":["Wraith Form v2","infinitespire:Neurotoxin+1"],"picked":"A Thousand Cuts","floor":33},{"not_picked":["Cloak And Dagger+1","Crippling Poison+1"],"picked":"Deflect+1","floor":35},{"not_picked":["Sucker Punch","Poisoned Stab"],"picked":"Catalyst+1","floor":36},{"not_picked":["Dagger Spray","Skewer","Dodge and Roll+1"],"picked":"SKIP","floor":37},{"not_picked":["Endless Agony","Blade Dance+1"],"picked":"Deadly Poison+1","floor":39},{"not_picked":["Sucker Punch+1","Dagger Throw","Quick Slash"],"picked":"SKIP","floor":41},{"not_picked":["Infinite Blades+1","PiercingWail+1","Corpse Explosion+1"],"picked":"Noxious Fumes+1","floor":46},{"not_picked":["Sucker Punch","Accuracy","Blade Dance+1","Bane"],"picked":"SKIP","floor":47},{"not_picked":["PiercingWail+1","Reflex+1","Flying Knee+1"],"picked":"Backflip+1","floor":48},{"not_picked":["Sucker Punch","Backstab","Distraction+1"],"picked":"Deflect+1","floor":54}],"player_experience":92640,"relics_obtained":[{"floor":8,"key":"Eternal Feather"},{"floor":9,"key":"Akabeko"},{"floor":26,"key":"halation:IllGainedPizza"},{"floor":28,"key":"HollowMod:StagPassRelic"},{"floor":43,"key":"Question Card"},{"floor":44,"key":"Torii"},{"floor":47,"key":"Omamori"},{"floor":54,"key":"Strawberry"}],"event_choices":[{"damage_healed":0,"gold_gain":0,"cards_transformed":["Defend_G"],"player_choice":"Transformed","damage_taken":0,"max_hp_gain":0,"max_hp_loss":0,"event_name":"Transmorgrifier","floor":2,"gold_loss":0,"cards_obtained":["Poisoned Stab"]},{"cards_removed":["hubris:SlightOfHand"],"damage_healed":5,"gold_gain":0,"player_choice":"Offered Common","damage_taken":0,"max_hp_gain":0,"max_hp_loss":0,"event_name":"Bonfire Elementals","floor":24,"gold_loss":0},{"cards_removed":["hubris:SlightOfHand"],"damage_healed":5,"gold_gain":0,"player_choice":"Offered Special","damage_taken":0,"max_hp_gain":0,"max_hp_loss":0,"event_name":"Bonfire Elementals","floor":24,"gold_loss":0},{"damage_healed":0,"gold_gain":0,"player_choice":"Inject Mutagens","damage_taken":0,"relics_obtained":["MutagenicStrength"],"max_hp_gain":0,"max_hp_loss":0,"event_name":"Drug Dealer","floor":31,"gold_loss":0}],"is_beta":false,"boss_relics":[{"not_picked":["halation:CatFaceCupcake","halation:HeavySnake"],"picked":"WristBlade"},{"not_picked":["Runic Dome","Pandora\u0027s Box"],"picked":"hubris:ScarierMask"}],"items_purged_floors":[],"is_endless":false,"potions_floor_spawned":[1,4,13,16,21,22,33,36,37,39,47],"ascension_level":0}}