{"host":"dhlnk6yox2l1s6up","time":1611246053,"event":{"mods":["BaseMod","Colored Map","Highlight Path","Minty Spire (QoL Compilation)","Relic Stats","StSLib"],"gold_per_floor":[109,128,128,128,148,148,158,172,172,172,172],"floor_reached":10,"language":"ENG","playtime":897,"items_purged":[],"score":84,"play_id":"f6e06cc8-ff65-4671-a430-bbcdc691f482","local_time":"20210121102053","is_ascension_mode":true,"campfire_choices":[{"data":"Electrodynamics","floor":6,"key":"SMITH"}],"circlet_count":0,"master_deck":["Strike_B","Strike_B","Strike_B","Strike_B","Defend_B","Defend_B","Defend_B","Defend_B","Zap","Dualcast","Electrodynamics+1","BootSequence","Ball Lightning","Hologram","Conserve Battery"],"relics":["Cracked Core","The Courier"],"acts_visited":["Exordium"],"potions_floor_usage":[7,10],"damage_taken":[{"damage":2,"enemies":"2 Louse","floor":1,"turns":3},{"damage":1,"enemies":"Cultist","floor":2,"turns":3},{"damage":0,"enemies":"Jaw Worm","floor":5,"turns":3},{"damage":15,"enemies":"Gremlin Gang","floor":7,"turns":3},{"damage":3,"enemies":"Blue Slaver","floor":8,"turns":3},{"damage":37,"enemies":"Gremlin Nob","floor":10,"turns":3}],"seed_played":"2176303739673443624","potions_obtained":[{"floor":1,"key":"FocusPotion"},{"floor":3,"key":"LiquidBronze"},{"floor":3,"key":"Dexterity Potion"},{"floor":7,"key":"BlessingOfTheForge"},{"floor":8,"key":"ColorlessPotion"}],"is_trial":false,"path_per_floor":["M","M","?","$","M","R","M","M","T","E"],"character_chosen":"DEFECT","items_purchased":[],"campfire_rested":0,"item_purchase_floors":[],"current_hp_per_floor":[48,47,47,47,47,47,32,29,29,0,0],"gold":172,"neow_bonus":"THREE_RARE_CARDS","is_daily":false,"chose_seed":false,"campfire_upgraded":1,"win_rate":0.0,"timestamp":1611246053,"path_taken":["M","M","?","?","M","R","M","M","T","E"],"items_purchased_type":[],"build_version":"2020-12-22","purchased_purges":0,"victory":false,"max_hp_per_floor":[75,75,75,75,75,75,75,75,75,75,75],"relic_stats":{"counters":[6,18],"obtain_stats":[{"The Courier":9,"Cracked Core":0},{"The Courier":5,"Cracked Core":0},{"The Courier":15,"Cracked Core":0}]},"card_choices":[{"not_picked":["Machine Learning","Biased Cognition"],"picked":"Electrodynamics","floor":0},{"not_picked":["Stack","Ball Lightning"],"picked":"BootSequence","floor":1},{"not_picked":["Coolheaded","Force Field"],"picked":"Ball Lightning","floor":2},{"not_picked":["Gash","Blizzard"],"picked":"Hologram","floor":5},{"not_picked":["BootSequence","Ball Lightning"],"picked":"Conserve Battery","floor":7},{"not_picked":["Auto Shields","Conserve Battery","Reprogram"],"picked":"SKIP","floor":8}],"player_experience":5896033,"relics_obtained":[{"floor":9,"key":"The Courier"}],"event_choices":[{"damage_healed":0,"gold_gain":0,"player_choice":"Got Potions","damage_taken":0,"max_hp_gain":0,"max_hp_loss":0,"event_name":"Lab","floor":3,"gold_loss":0}],"is_beta":false,"boss_relics":[],"items_purged_floors":[],"is_endless":false,"potions_floor_spawned":[1,7,8],"killed_by":"Gremlin Nob","ascension_level":8}}