{"host":"foq4mrde4mssg7vt","time":1611220250,"event":{"mods":["AchievementEnabler","BaseMod","Colored Map","Colored Powertips","Highlight Path","Minty Spire (QoL Compilation)","Relic Stats","everything is the same but u backflip on backflip"],"gold_per_floor":[109,119,138,148,148,187,112,112,139,183,183,198,239,264,264,264,264],"floor_reached":16,"language":"ENG","playtime":465,"items_purged":["Strike_R"],"score":238,"play_id":"62adfb2d-3f6d-4e07-be94-f6cc5e1c7498","local_time":"20210121171050","is_ascension_mode":true,"campfire_choices":[{"data":"Bash","floor":8.0,"key":"SMITH"},{"floor":15.0,"key":"REST"}],"circlet_count":0,"master_deck":["AscendersBane","Strike_R","Strike_R","Strike_R","Strike_R","Defend_R","Defend_R","Defend_R","Defend_R","Bash+1","Anger","Cleave","Combust","Pommel Strike","Ghostly Armor","True Grit","Blood for Blood"],"relics":["Burning Blood","Blood Vial","Golden Idol","PreservedInsect","MealTicket","Ancient Tea Set"],"acts_visited":["Exordium"],"potions_floor_usage":[16,16],"damage_taken":[{"damage":21.0,"enemies":"Small Slimes","floor":1.0,"turns":3.0},{"damage":4.0,"enemies":"2 Louse","floor":2.0,"turns":3.0},{"damage":1.0,"enemies":"Cultist","floor":3.0,"turns":3.0},{"damage":9.0,"enemies":"Looter","floor":4.0,"turns":3.0},{"damage":24.0,"enemies":"3 Sentries","floor":6.0,"turns":4.0},{"damage":34.0,"enemies":"Lagavulin","floor":10.0,"turns":7.0},{"damage":10.0,"enemies":"Red Slaver","floor":12.0,"turns":3.0},{"damage":11.0,"enemies":"3 Sentries","floor":13.0,"turns":4.0},{"damage":39.0,"enemies":"Exordium Wildlife","floor":14.0,"turns":5.0},{"damage":35,"enemies":"The Guardian","floor":16,"turns":5}],"seed_played":"-4403928255089563665","potions_obtained":[{"floor":1.0,"key":"BloodPotion"},{"floor":4.0,"key":"Weak Potion"},{"floor":10.0,"key":"Weak Potion"},{"floor":12.0,"key":"BloodPotion"},{"floor":13.0,"key":"FearPotion"}],"is_trial":false,"path_per_floor":["M","M","M","M","?","E","$","R","T","E","?","M","E","M","R","B"],"character_chosen":"IRONCLAD","items_purchased":[],"campfire_rested":1,"item_purchase_floors":[],"current_hp_per_floor":[55,59,66,65,65,49,49,49,49,36,36,34,44,13,33,0,0],"gold":264,"neow_bonus":"RANDOM_COMMON_RELIC","is_daily":false,"chose_seed":false,"campfire_upgraded":1,"win_rate":0.0,"timestamp":1611220250,"path_taken":["M","M","M","M","?","E","$","R","T","E","?","?","E","M","R","BOSS"],"items_purchased_type":[],"build_version":"2020-12-22","purchased_purges":1,"victory":false,"max_hp_per_floor":[75,75,75,75,68,68,68,68,68,68,68,68,68,68,68,68,68],"relic_stats":{"Blood Vial":20,"counters":[10,40],"Golden Idol":42,"MealTicket":0,"PreservedInsect":62,"obtain_stats":[{"Blood Vial":0,"Golden Idol":5,"MealTicket":9,"PreservedInsect":6,"Ancient Tea Set":13,"Burning Blood":0},{"Blood Vial":0,"Golden Idol":4,"MealTicket":5,"PreservedInsect":5,"Ancient Tea Set":8,"Burning Blood":0},{"Blood Vial":0,"Golden Idol":12,"MealTicket":16,"PreservedInsect":16,"Ancient Tea Set":30,"Burning Blood":0}],"Burning Blood":54},"card_choices":[{"not_picked":["Bloodletting","Flex"],"picked":"Anger","floor":1.0},{"not_picked":["Havoc","Burning Pact"],"picked":"Cleave","floor":2.0},{"not_picked":["Sentinel","Clash"],"picked":"Combust","floor":3.0},{"not_picked":["Armaments","Heavy Blade","Thunderclap"],"picked":"SKIP","floor":4.0},{"not_picked":["Metallicize","Havoc"],"picked":"Pommel Strike","floor":6.0},{"not_picked":["Sword Boomerang","Iron Wave"],"picked":"Ghostly Armor","floor":10.0},{"not_picked":["Dual Wield","Corruption"],"picked":"True Grit","floor":12.0},{"not_picked":["Double Tap","Searing Blow"],"picked":"Blood for Blood","floor":13.0},{"not_picked":["Iron Wave","Wild Strike","Perfected Strike"],"picked":"SKIP","floor":14.0}],"player_experience":524624,"relics_obtained":[{"floor":6.0,"key":"PreservedInsect"},{"floor":9.0,"key":"MealTicket"},{"floor":13.0,"key":"Ancient Tea Set"}],"event_choices":[{"damage_healed":0.0,"max_hp_gain":0.0,"max_hp_loss":7.0,"gold_gain":0.0,"event_name":"Golden Idol","player_choice":"Lose Max HP","floor":5.0,"gold_loss":0.0,"damage_taken":0.0,"relics_obtained":["Golden Idol"]},{"damage_healed":0.0,"max_hp_gain":0.0,"max_hp_loss":0.0,"gold_gain":0.0,"event_name":"Match and Keep!","player_choice":"0 cards matched","floor":11.0,"gold_loss":0.0,"damage_taken":0.0,"cards_obtained":[]}],"is_beta":false,"boss_relics":[],"items_purged_floors":[7],"is_endless":false,"potions_floor_spawned":[1,4,10,12,13],"killed_by":"The Guardian","ascension_level":19}}