{"host":"mbj2cbgnaexp1bjw","time":1611220752,"event":{"mods":["BaseMod","DNKmod","Downfall","Friendly Minions","Grow up Mod","Highlight Path","Minty Spire (QoL Compilation)","Remove Card Discount Mod","StSLib"],"gold_per_floor":[1014,1114,1114,776,876,891,922,922,922,951,966,979,1011,1025,1025,1128,1128,1146,1146,299,312,312,342,361,361,361,390,400,432,449,475,475,570,570,588,29,29,44,56,91,91,0,51,76,87,107,136,156,156,156,156,156,93,124,124],"floor_reached":56,"language":"ZHS","playtime":3717,"items_purged":["downfall:Malfunctioning","Pain","downfall:Aged","Regret","champ:Strike","champ:Strike","champ:Strike","champ:Strike","champ:Defend","champ:Defend","champ:Defend","champ:Defend","Writhe","champ:Execute","champ:Haymaker","champ:Haymaker","champ:CrookedStrike","champ:FanOfKnives","Pain","Doubt"],"score":1867,"play_id":"1920f635-9b40-49cd-aa03-6ab5854dac37","local_time":"20210121171912","is_ascension_mode":false,"campfire_choices":[{"floor":8,"key":"RECALL"},{"data":"champ:FancyFootwork","floor":15,"key":"SMITH"},{"data":"champ:ShieldWall","floor":25,"key":"SMITH"},{"data":"champ:FlashCut","floor":32,"key":"SMITH"},{"data":"champ:DancingMaster","floor":49,"key":"SMITH"},{"data":"champ:EnGarde","floor":52,"key":"SMITH"}],"circlet_count":0,"master_deck":["champ:Taunt+1","champ:EnGarde+1","CurseOfTheBell","champ:HoldFirm+1","champ:ShieldWall+1","champ:FlashCut+1","champ:SteelEdge+1","champ:Circumvent","champ:FancyFootwork+1","champ:DancingMaster+1","champ:EnGarde+1","champ:IronFortress+1","champ:IronFortress+1","champ:ShieldWall+1","champ:IronFortress+1","champ:Duel+1","champ:CalledShot+1","champ:ShieldWall+1","champ:FancyFootwork+1","champ:RapidStrikes+1","champ:TornadoPunch+1","champ:HoldFirm+1","champ:TornadoPunch+1","champ:PreemptiveStrike+1","champ:DefensiveShout+1","champ:Lariat+1","champ:FalseCounter+1","champ:IronFortress+1","champ:Lariat+1","champ:EnGarde+1","champ:StanceDance+1","champ:EnGarde+1"],"relics":["champ:ChampionCrown","NeowsBlessing","Calling Bell","Regal Pillow","Eternal Feather","Ginger","Boot","HornCleat","Matryoshka","The Courier","Gremlin Horn","Mercury Hourglass","Snecko Eye","Frozen Egg 2","Toxic Egg 2","Blue Candle","Calipers","champ:DefensiveTrainingManual","Potion Belt","War Paint","Shuriken","Nunchaku","Red Mask","Bottled Flame","Cursed Key","Membership Card","Bottled Tornado","Ice Cream","CaptainsWheel","champ:DefensiveTrainingManual","WarpedTongs","Smiling Mask","Chemical X","Strawberry","Bottled Lightning","Whetstone","Lantern","Bag of Marbles"],"acts_visited":["Exordium","TheCity","TheBeyond","TheEnding"],"potions_floor_usage":[16,16,27,27,55,55,55,55,55,55,55,55,55],"damage_taken":[{"damage":0,"enemies":"Jaw Worm","floor":1,"turns":1},{"damage":0,"enemies":"Small Slimes","floor":6,"turns":2},{"damage":0,"enemies":"Lagavulin","floor":7,"turns":2},{"damage":20,"enemies":"Gremlin Nob","floor":10,"turns":3},{"damage":0,"enemies":"Cultist","floor":11,"turns":1},{"damage":10,"enemies":"Exordium Wildlife","floor":12,"turns":2},{"damage":10,"enemies":"3 Sentries","floor":13,"turns":4},{"damage":15,"enemies":"Large Slime","floor":14,"turns":3},{"damage":10,"enemies":"Slime Boss","floor":16,"turns":4},{"damage":10,"enemies":"Spheric Guardian","floor":18,"turns":1},{"damage":16,"enemies":"Shell Parasite","floor":21,"turns":2},{"damage":21,"enemies":"Gremlin Leader","floor":23,"turns":3},{"damage":16,"enemies":"Shelled Parasite and Fungi","floor":24,"turns":3},{"damage":43,"enemies":"Slavers","floor":27,"turns":4},{"damage":6,"enemies":"Snecko","floor":28,"turns":3},{"damage":11,"enemies":"Masked Bandits","floor":29,"turns":3},{"damage":11,"enemies":"3 Cultists","floor":30,"turns":4},{"damage":16,"enemies":"Gremlin Leader","floor":31,"turns":5},{"damage":16,"enemies":"Automaton","floor":33,"turns":4},{"damage":11,"enemies":"3 Shapes","floor":35,"turns":3},{"damage":11,"enemies":"Orb Walker","floor":38,"turns":2},{"damage":7,"enemies":"Transient","floor":39,"turns":5},{"damage":8,"enemies":"Reptomancer","floor":40,"turns":3},{"damage":17,"enemies":"Giant Head","floor":44,"turns":4},{"damage":8,"enemies":"4 Shapes","floor":45,"turns":3},{"damage":2,"enemies":"Jaw Worm Horde","floor":46,"turns":3},{"damage":51,"enemies":"Reptomancer","floor":47,"turns":2},{"damage":2,"enemies":"Sphere and 2 Shapes","floor":48,"turns":2},{"damage":7,"enemies":"Time Eater","floor":50,"turns":7},{"damage":0,"enemies":"Shield and Spear","floor":54,"turns":3},{"damage":110,"enemies":"The Heart","floor":55,"turns":6}],"seed_played":"6368416827102730066","potions_obtained":[{"floor":6,"key":"Fire Potion"},{"floor":10,"key":"AttackPotion"},{"floor":12,"key":"Fire Potion"},{"floor":21,"key":"GamblersBrew"},{"floor":28,"key":"EntropicBrew"},{"floor":29,"key":"SteroidPotion"},{"floor":30,"key":"LiquidBronze"},{"floor":33,"key":"AttackPotion"},{"floor":35,"key":"SkillPotion"},{"floor":45,"key":"SneckoOil"},{"floor":47,"key":"Energy Potion"}],"is_trial":false,"path_per_floor":["M","?","?","$","?","M","E","R","T","E","M","M","E","M","R","B",null,"M","?","$","M","?","E","M","R","T","E","M","?","M","E","R","B",null,"M","$","?","M","M","E","?","$","T","E","M","M","E","M","R","B",null,"R","$","E","B",null],"character_chosen":"THE_CHAMP","items_purchased":["champ:ShieldWall","HornCleat","Toxic Egg 2","Blue Candle","Calipers","champ:IronFortress+1","champ:IronFortress+1","champ:ShieldWall+1","champ:IronFortress+1","Membership Card","Bottled Tornado","Ice Cream","CaptainsWheel","champ:PreemptiveStrike","champ:DefensiveTrainingManual","Chemical X","champ:IronFortress+1","Lantern"],"campfire_rested":0,"item_purchase_floors":[4,4,20,20,20,20,20,20,20,36,36,36,36,36,36,42,42,53],"current_hp_per_floor":[120,130,140,150,160,170,180,190,200,210,220,230,240,250,260,270,280,290,300,310,319,329,338,347,360,370,357,366,375,384,393,418,427,450,459,469,479,483,491,498,494,504,521,529,531,539,548,556,581,589,601,611,621,631,641],"gold":124,"neow_bonus":"THREE_ENEMY_KILL","is_daily":false,"chose_seed":false,"campfire_upgraded":5,"win_rate":0.0,"timestamp":1611220752,"path_taken":["M","?","?","?","?","M","E","R","T","E","M","M","E","M","R","BOSS","M","?","$","M","?","E","M","R","T","E","M","?","M","E","R","BOSS","M","$","?","?","M","E","?","$","T","E","M","M","E","M","R","BOSS","R","$","E","BOSS"],"items_purchased_type":["Card","Relic","Relic","Relic","Relic","Card","Card","Card","Card","Relic","Relic","Relic","Relic","Card","Relic","Relic","Card","Relic"],"build_version":"2020-12-22","purchased_purges":20,"victory":true,"max_hp_per_floor":[120,130,140,150,160,170,180,190,200,210,220,230,240,250,260,270,280,290,300,310,320,330,340,350,360,370,380,390,400,410,420,430,440,450,460,470,480,490,500,510,494,504,521,531,541,551,561,571,581,591,601,611,621,631,641],"card_choices":[{"not_picked":["champ:Haymaker","champ:FocusedBerserking"],"picked":"champ:EnGarde","floor":1},{"not_picked":["champ:RecklessLeap","champ:Circumvent"],"picked":"champ:FlashCut","floor":6},{"not_picked":["champ:Encircle","champ:FancyFootwork"],"picked":"champ:CrookedStrike","floor":7},{"not_picked":["champ:Backstep","champ:EnGarde"],"picked":"champ:SteelEdge","floor":10},{"not_picked":["champ:RisingSlash","champ:BladeFlurry"],"picked":"champ:Haymaker","floor":11},{"not_picked":["champ:Backstep","champ:Encircle"],"picked":"champ:FanOfKnives","floor":12},{"not_picked":["champ:LastStand","champ:AdrenalArmor"],"picked":"champ:Circumvent","floor":13},{"not_picked":["champ:RecklessLeap","champ:ArenaPreparation"],"picked":"champ:FancyFootwork","floor":14},{"not_picked":["champ:TripleStrike","champ:Devastate"],"picked":"champ:DancingMaster","floor":16},{"not_picked":["champ:Circumvent","champ:FocusedDefense"],"picked":"champ:EnGarde+1","floor":18},{"not_picked":["champ:EnGarde+1","champ:Endure+1"],"picked":"champ:Duel+1","floor":21},{"not_picked":["champ:PreciseThrust","champ:CrookedStrike+1"],"picked":"champ:CalledShot+1","floor":23},{"not_picked":["champ:GladiatorStyle+1","champ:BringItOn+1"],"picked":"champ:ShieldWall+1","floor":24},{"not_picked":["champ:CalledShot+1","champ:PreciseThrust+1"],"picked":"champ:Haymaker","floor":27},{"not_picked":["champ:GutPunch","champ:CalledShot+1"],"picked":"champ:FancyFootwork+1","floor":28},{"not_picked":["champ:AdrenalArmor+1","champ:FanOfKnives"],"picked":"champ:RapidStrikes+1","floor":30},{"not_picked":["champ:ShieldThrow","champ:ArenaPreparation+1"],"picked":"champ:TornadoPunch+1","floor":31},{"not_picked":["champ:VampiricStrike","champ:DancingMaster+1"],"picked":"champ:HoldFirm+1","floor":33},{"not_picked":["champ:GutPunch","champ:EnGarde+1"],"picked":"champ:TornadoPunch+1","floor":35},{"not_picked":["champ:Haymaker+1","champ:GladiatorStyle+1"],"picked":"champ:DefensiveShout+1","floor":38},{"not_picked":["champ:FocusedDefense+1","champ:GutPunch+1"],"picked":"champ:Lariat+1","floor":39},{"not_picked":["champ:PreciseThrust+1","champ:CrownThrow+1"],"picked":"champ:FalseCounter+1","floor":40},{"not_picked":["champ:CrownThrow","champ:PreciseThrust+1","champ:Shatter"],"picked":"SKIP","floor":44},{"not_picked":["champ:Duel+1","champ:Haymaker","champ:RecklessLeap"],"picked":"SKIP","floor":45},{"not_picked":["champ:BringItOn+1","champ:CrookedStrike"],"picked":"champ:Lariat+1","floor":46},{"not_picked":["champ:EnragedBash+1","champ:BringItOn+1"],"picked":"champ:EnGarde+1","floor":47},{"not_picked":["champ:CrookedStrike+1","champ:VampiricStrike"],"picked":"champ:StanceDance+1","floor":48},{"not_picked":["champ:Endure+1","champ:ShieldSlam+1"],"picked":"champ:EnGarde+1","floor":54}],"player_experience":96424,"relics_obtained":[{"floor":2,"key":"Regal Pillow"},{"floor":2,"key":"Eternal Feather"},{"floor":2,"key":"Ginger"},{"floor":7,"key":"Matryoshka"},{"floor":9,"key":"The Courier"},{"floor":10,"key":"Gremlin Horn"},{"floor":13,"key":"Mercury Hourglass"},{"floor":23,"key":"Potion Belt"},{"floor":26,"key":"War Paint"},{"floor":26,"key":"Shuriken"},{"floor":27,"key":"Nunchaku"},{"floor":29,"key":"Red Mask"},{"floor":31,"key":"Bottled Flame"},{"floor":40,"key":"Smiling Mask"},{"floor":43,"key":"Strawberry"},{"floor":44,"key":"Bottled Lightning"},{"floor":47,"key":"Whetstone"},{"floor":54,"key":"Bag of Marbles"}],"event_choices":[{"damage_healed":0,"gold_gain":0,"player_choice":"Box","damage_taken":0,"relics_obtained":["Boot"],"max_hp_gain":0,"max_hp_loss":0,"event_name":"Big Fish","floor":3,"gold_loss":0,"cards_obtained":["Regret"]},{"damage_healed":0,"gold_gain":100,"player_choice":"Gold","damage_taken":0,"max_hp_gain":0,"max_hp_loss":0,"event_name":"Wheel of Change","floor":5,"gold_loss":0},{"damage_healed":0,"gold_gain":0,"player_choice":"Opened","damage_taken":0,"relics_obtained":["Frozen Egg 2"],"max_hp_gain":0,"max_hp_loss":0,"event_name":"The Mausoleum","floor":19,"gold_loss":0,"cards_obtained":["Writhe"]},{"damage_healed":0,"gold_gain":0,"player_choice":"Fought Bandits","damage_taken":0,"max_hp_gain":0,"max_hp_loss":0,"event_name":"Masked Bandits","floor":29,"gold_loss":0},{"damage_healed":0,"gold_gain":0,"player_choice":"Rummage","damage_taken":0,"relics_obtained":["WarpedTongs"],"max_hp_gain":0,"max_hp_loss":0,"event_name":"Accursed Blacksmith","floor":37,"gold_loss":0,"cards_obtained":["Pain"]},{"damage_healed":0,"gold_gain":0,"player_choice":"Max HP","damage_taken":0,"max_hp_gain":0,"max_hp_loss":26,"event_name":"Winding Halls","floor":41,"gold_loss":0}],"is_beta":false,"boss_relics":[{"not_picked":["Coffee Dripper","SlaversCollar"],"picked":"Snecko Eye"},{"not_picked":["Pandora\u0027s Box","Philosopher\u0027s Stone"],"picked":"Cursed Key"}],"items_purged_floors":[4,4,4,4,4,4,4,4,4,4,4,4,20,36,36,36,36,36,42,53],"is_endless":false,"potions_floor_spawned":[6,10,12,14,21,28,29,30,33,35,45,47],"ascension_level":0}}