{"host":"w05x4i13f2m9joq1","time":1611194903,"event":{"mods":["Act Like it!","Bard","BaseMod","Better Altar","Better Match","Better Note","Better Sensory Stone","Better Skull","Better Third Choice","BetterRewards","Colored Map","Colored Powertips","Duelist Mod","GifTheSpireLib","Googly Eyes","Ironclad Rager","Lobotomy","LobotomyExtend","Marisa????????","Minty Spire (QoL Compilation)","Replay The Spire","Spire Birthday Party","StSLib","The Bug Knight","The Construct","The Hierophant","The IronCluck","The Mystic","TheBandit","everything is the same but u backflip on backflip","slay the spire mod where everything is the same but ironclad has a cowboy hat"],"gold_per_floor":[137,149,163,175,175,207,207,207,207,220,220,220,245,274,274,292,292,394,394,405,416,431,29,43,78,78,78,78,108,126,153,153,172,172,300,300,327,20,33,33,62,89,120,120,120,167,61,77,103,103,103,141,141,141,141],"floor_reached":54,"language":"ENG","playtime":2943,"items_purged":[],"score":941,"play_id":"692113ea-1320-4d8b-abd5-bcd804a2ff7b","local_time":"20210120210823","is_ascension_mode":true,"campfire_choices":[{"data":"theDuelist:AcidTrapHole","floor":7,"key":"SMITH"},{"floor":12,"key":"REST"},{"floor":15,"key":"REST"},{"floor":27,"key":"REST"},{"floor":32,"key":"REST"},{"floor":34,"key":"DIG"},{"floor":44,"key":"REST"},{"floor":53,"key":"DIG"}],"circlet_count":0,"master_deck":["theDuelist:ArchfiendSoldier","theDuelist:ArchfiendSoldier+1","theDuelist:ArchfiendSoldier","theDuelist:CastleWalls","theDuelist:CastleWalls","theDuelist:CastleWalls","theDuelist:FiendMegacyber","theDuelist:Sparks","theDuelist:Sparks","theDuelist:SummonedSkull","theDuelist:ArchfiendSoldier","theDuelist:FiendMegacyber","theDuelist:Relinkuriboh","theDuelist:AcidTrapHole+1","theDuelist:TributeDoomed","theDuelist:KingYami","theDuelist:AmbitiousGofer","theDuelist:DarkBlade","theDuelist:Lajinn","theDuelist:FabledGallabas","theDuelist:ArchfiendGeneral","theDuelist:DarklordMarie","theDuelist:UmbralHorrorWilloWisp","theDuelist:RainbowKuriboh","theDuelist:BerserkerCrush","Bandage Up","theDuelist:TributeDoomed","theDuelist:DarklordMarie","theDuelist:DarklordMarie","theDuelist:ArchfiendCommander+1","theDuelist:Relinkuriboh+1","theDuelist:UltraPolymerization","theDuelist:Relinkuriboh","theDuelist:DoomDonuts","theDuelist:SummonedSkull","theDuelist:ArchfiendSoldier","theDuelist:RedSprinter+1","theDuelist:ArchfiendCommander","theDuelist:AcidTrapHole+1","theDuelist:BeastTalwar+1"],"relics":["theDuelist:MillenniumPuzzle","theDuelist:CardPoolRelic","theDuelist:CardPoolBasicRelic","theDuelist:BoosterPackPoolRelic","theDuelist:CardPoolAddRelic","theDuelist:CardPoolMinusRelic","theDuelist:CardPoolSaveRelic","theDuelist:CardPoolOptionsRelic","LetterFromLob","theDuelist:WhiteBowlRelic","theDuelist:MetronomeRelicD","Meat on the Bone","Odd Mushroom","Fusion Hammer","Snack Pack","Replay:Rubber Ducky","theDuelist:MillenniumPeriapt","Blood Vial","Divine Protection","theDuelist:TributeEggRelic","Iron Hammer","theDuelist:KaibaToken","Busted Crown","Omamori","Shuriken","theDuelist:KaibaToken","Blue Doll","theDuelist:DuelistOrichalcum"],"acts_visited":["Exordium","TheCity","TheBeyond"],"potions_floor_usage":[16,16,25,35,35,43,48,48,48,54],"damage_taken":[{"damage":12,"enemies":"Jaw Worm","floor":1,"turns":2},{"damage":6,"enemies":"Small Slimes","floor":2,"turns":3},{"damage":7,"enemies":"2 Louse","floor":3,"turns":3},{"damage":12,"enemies":"Lots of Slimes","floor":4,"turns":4},{"damage":23,"enemies":"Gremlin Nob","floor":6,"turns":4},{"damage":5,"enemies":"Blue Slaver","floor":10,"turns":2},{"damage":17,"enemies":"Lagavulin","floor":13,"turns":6},{"damage":26,"enemies":"The Mushroom Lair","floor":14,"turns":5},{"damage":6,"enemies":"Large Slime","floor":16,"turns":2},{"damage":72,"enemies":"The Guardian","floor":18,"turns":9},{"damage":4,"enemies":"Chosen","floor":20,"turns":3},{"damage":4,"enemies":"Spheric Guardian","floor":21,"turns":2},{"damage":12,"enemies":"Shelled Parasite and Fungi","floor":22,"turns":3},{"damage":9,"enemies":"Centurion and Healer","floor":24,"turns":2},{"damage":4,"enemies":"Gremlin Leader","floor":25,"turns":2},{"damage":3,"enemies":"Slavers","floor":29,"turns":2},{"damage":0,"enemies":"Cultist and Chosen","floor":30,"turns":3},{"damage":22,"enemies":"Gremlin Leader","floor":31,"turns":5},{"damage":4,"enemies":"Chosen and Byrds","floor":33,"turns":2},{"damage":59,"enemies":"Collector","floor":35,"turns":9},{"damage":8,"enemies":"3 Shapes","floor":37,"turns":3},{"damage":0,"enemies":"Orb Walker","floor":39,"turns":2},{"damage":0,"enemies":"Spire Growth","floor":41,"turns":2},{"damage":0,"enemies":"Giant Head","floor":42,"turns":5},{"damage":0,"enemies":"Transient","floor":43,"turns":5},{"damage":7,"enemies":"4 Shapes","floor":46,"turns":3},{"damage":19,"enemies":"Jaw Worm Horde","floor":48,"turns":3},{"damage":46,"enemies":"Nemesis","floor":49,"turns":5},{"damage":0,"enemies":"Spire Growth","floor":52,"turns":2},{"damage":74,"enemies":"Replay:Hell Engine","floor":54,"turns":7}],"seed_played":"-3208481754977182943","potions_obtained":[{"floor":3,"key":"theDuelist:VoidBottle"},{"floor":10,"key":"Venom Potion"},{"floor":13,"key":"theDuelist:LavaBottle"},{"floor":14,"key":"EssenceOfSteel"},{"floor":21,"key":"SpeedPotion"},{"floor":22,"key":"theDuelist:SummonFuryPotion"},{"floor":33,"key":"Weak Potion"},{"floor":35,"key":"Energy Potion"},{"floor":42,"key":"EssenceOfDarkness"},{"floor":46,"key":"Ancient Potion"},{"floor":52,"key":"theDuelist:FreezingPotion"}],"is_trial":false,"path_per_floor":["M","M","M","M","?","E","R","PTL","PTL","M","T","R","E","?","R","M","R_BF","B",null,"M","M","M","$","M","E","?","R","T","E","M","E","R","M","R_BF","B",null,"M","$","M","?","M","E","M","R","T","M","?","M","E","PTL","PTL","M","R_BF","B"],"character_chosen":"THE_DUELIST","items_purchased":["Snack Pack","Replay:Rubber Ducky","theDuelist:UltraPolymerization","theDuelist:Relinkuriboh","theDuelist:DoomDonuts","theDuelist:SummonedSkull"],"campfire_rested":5,"item_purchase_floors":[23,23,38,38,38,38],"current_hp_per_floor":[68,62,55,43,69,46,46,46,46,41,41,65,48,34,58,52,76,16,64,60,56,44,44,49,48,27,51,51,50,64,55,79,76,76,43,71,74,74,76,76,80,80,80,80,80,79,79,65,48,48,48,50,50,0,0],"gold":141,"neow_bonus":"THREE_CARDS","is_daily":false,"chose_seed":false,"campfire_upgraded":1,"win_rate":0.0,"timestamp":1611194903,"path_taken":["M","M","M","M","?","E","R","PTL","PTL","M","T","R","E","?","R","M","R_BF","BOSS","M","M","M","$","M","E","?","R","T","E","M","E","R","M","R_BF","BOSS","M","$","M","?","M","E","M","R","T","M","?","M","E","PTL","PTL","M","R_BF","BOSS"],"items_purchased_type":["Relic","Relic","Card","Card","Card","Card"],"build_version":"2020-12-22","purchased_purges":0,"victory":false,"max_hp_per_floor":[80,80,80,80,80,80,80,80,80,80,80,80,80,80,80,80,80,80,80,80,80,80,80,80,80,80,80,80,80,80,80,80,80,80,80,80,80,80,80,80,80,80,80,80,80,80,80,80,80,80,80,80,80,80,80],"card_choices":[{"not_picked":["theDuelist:SlateWarrior","theDuelist:Zombyra"],"picked":"theDuelist:ArchfiendSoldier","floor":0},{"not_picked":["theDuelist:GiantOrc","theDuelist:ArchfiendSoldier","theDuelist:CheerfulCoffin","theDuelist:DarkBlade"],"picked":"theDuelist:FiendMegacyber","floor":1},{"not_picked":["theDuelist:UmbralHorrorGhost","theDuelist:TwinHeadedWolf","theDuelist:Lajinn","theDuelist:FabledAshenveil"],"picked":"theDuelist:Relinkuriboh","floor":2},{"not_picked":["theDuelist:TwinHeadedWolf","theDuelist:DarkFusion","theDuelist:DrivenDaredevil","theDuelist:Relinkuriboh"],"picked":"theDuelist:AcidTrapHole","floor":3},{"not_picked":["theDuelist:UmbralHorrorUniform","theDuelist:PortraitSecret","theDuelist:FiendishChain","theDuelist:CheerfulCoffin"],"picked":"theDuelist:TributeDoomed","floor":4},{"not_picked":["theDuelist:AmbitiousGofer","theDuelist:FiendMegacyber","theDuelist:CheerfulCoffin","theDuelist:DarknessNeosphere"],"picked":"theDuelist:KingYami","floor":6},{"not_picked":["theDuelist:DarkTinker","theDuelist:KingYami","theDuelist:ArchfiendSoldier","theDuelist:DoomcaliberKnight"],"picked":"theDuelist:AmbitiousGofer","floor":10},{"not_picked":["theDuelist:VanityFiend","theDuelist:SlateWarrior"],"picked":"theDuelist:DarkBlade","floor":13},{"not_picked":["theDuelist:Pumpking","theDuelist:ArchfiendHeiress","theDuelist:TerraTerrible","theDuelist:SlateWarrior"],"picked":"theDuelist:Lajinn","floor":14},{"not_picked":["theDuelist:Wildfire","theDuelist:PutridPudding","theDuelist:CallGrave","theDuelist:Tierra"],"picked":"theDuelist:FabledGallabas","floor":16},{"not_picked":["theDuelist:FeatherShot","theDuelist:ArchfiendCommander","theDuelist:CallGrave","theDuelist:Tierra"],"picked":"theDuelist:ArchfiendGeneral","floor":18},{"not_picked":["theDuelist:BeastTalwar","theDuelist:DrivenDaredevil","theDuelist:KingYami","theDuelist:AcidTrapHole"],"picked":"theDuelist:DarklordMarie","floor":20},{"not_picked":["theDuelist:ArchfiendSoldier","theDuelist:AmbitiousGofer","theDuelist:Pumpking","theDuelist:SummonedSkull"],"picked":"theDuelist:UmbralHorrorWilloWisp","floor":21},{"not_picked":["theDuelist:EarthEffigy","theDuelist:EvilswarmHeliotrope","theDuelist:MagicHoleGolem","theDuelist:WeepingIdol"],"picked":"theDuelist:RainbowKuriboh","floor":22},{"not_picked":["theDuelist:ArchfiendSoldier","theDuelist:TerraTerrible","theDuelist:DoomcaliberKnight+1","theDuelist:CyberArchfiend+1"],"picked":"theDuelist:BerserkerCrush","floor":24},{"not_picked":["Discovery+1","Jack Of All Trades","Trip"],"picked":"Bandage Up","floor":25},{"not_picked":["theDuelist:LightningRodLord","theDuelist:WormApocalypse","theDuelist:EarthquakeGiant","theDuelist:ForbiddenChalice","theDuelist:GauntletWarrior"],"picked":"SKIP","floor":29},{"not_picked":["theDuelist:BerserkerCrush","theDuelist:DarkEnergy","theDuelist:GracefulCharity","theDuelist:PotDuality"],"picked":"theDuelist:TributeDoomed","floor":30},{"not_picked":["theDuelist:WanderingKing+1","theDuelist:ArchfiendHeiress","theDuelist:GilfordLegend","theDuelist:PreventRat"],"picked":"theDuelist:DarklordMarie","floor":31},{"not_picked":["theDuelist:CyberArchfiend","theDuelist:FiendMegacyber","theDuelist:ArchfiendSoldier","theDuelist:CosmicHorrorGangiel"],"picked":"theDuelist:DarklordMarie","floor":33},{"not_picked":["theDuelist:Wildfire","theDuelist:PutridPudding","theDuelist:CallGrave","theDuelist:FabledGallabas"],"picked":"theDuelist:ArchfiendCommander+1","floor":35},{"not_picked":["theDuelist:SummonedSkull","theDuelist:DrivenDaredevil+1"],"picked":"theDuelist:Relinkuriboh+1","floor":37},{"not_picked":["theDuelist:GreyGreedOni","theDuelist:RainbowOverdragon+1","theDuelist:YellowBelliedOni+1"],"picked":"SKIP","floor":39},{"not_picked":["theDuelist:MsJudge+1","theDuelist:GrossGhost+1"],"picked":"theDuelist:ArchfiendSoldier","floor":41},{"not_picked":["theDuelist:PowerGiant+1","theDuelist:PowerWall+1","theDuelist:ShardGreed"],"picked":"SKIP","floor":42},{"not_picked":["theDuelist:GracefulCharity+1","theDuelist:BerserkerCrush+1"],"picked":"theDuelist:RedSprinter+1","floor":43},{"not_picked":["theDuelist:FeatherShot","theDuelist:Tierra+1"],"picked":"theDuelist:ArchfiendCommander","floor":46},{"not_picked":["theDuelist:GiantSoldierSteel","theDuelist:FluteKuriboh","theDuelist:Cloning"],"picked":"SKIP","floor":48},{"not_picked":["theDuelist:BerserkerCrush+1","theDuelist:PotMetronome+1"],"picked":"theDuelist:AcidTrapHole+1","floor":49},{"not_picked":["theDuelist:GiantOrc","theDuelist:KingYami"],"picked":"theDuelist:BeastTalwar+1","floor":52}],"player_experience":108593,"relics_obtained":[{"floor":1,"key":"LetterFromLob"},{"floor":6,"key":"theDuelist:WhiteBowlRelic"},{"floor":11,"key":"theDuelist:MetronomeRelicD"},{"floor":13,"key":"Meat on the Bone"},{"floor":14,"key":"Odd Mushroom"},{"floor":25,"key":"theDuelist:MillenniumPeriapt"},{"floor":28,"key":"Divine Protection"},{"floor":29,"key":"theDuelist:TributeEggRelic"},{"floor":31,"key":"Iron Hammer"},{"floor":34,"key":"theDuelist:KaibaToken"},{"floor":42,"key":"Omamori"},{"floor":45,"key":"Shuriken"},{"floor":49,"key":"Blue Doll"},{"floor":53,"key":"theDuelist:DuelistOrichalcum"}],"event_choices":[{"damage_healed":26,"gold_gain":0,"player_choice":"Banana","damage_taken":0,"max_hp_gain":0,"max_hp_loss":0,"event_name":"Big Fish","floor":5,"gold_loss":0},{"damage_healed":0,"gold_gain":0,"player_choice":"Fought Mushrooms","damage_taken":0,"max_hp_gain":0,"max_hp_loss":0,"event_name":"Mushrooms","floor":14,"gold_loss":0},{"damage_healed":0,"gold_gain":0,"player_choice":" Vial ","damage_taken":21,"relics_obtained":["Blood Vial"],"max_hp_gain":48,"max_hp_loss":27,"event_name":"betterAltar:BetterAltar","floor":26,"potions_obtained":[],"relics_lost":[],"gold_loss":0},{"damage_healed":0,"gold_gain":0,"player_choice":"Leave","duelist":true,"damage_taken":0,"max_hp_gain":0,"max_hp_loss":0,"event_name":"Egyptian Village","floor":40,"gold_loss":0},{"damage_healed":0,"gold_gain":0,"player_choice":"Duplicated Relic - Kaiba Token","duelist":true,"damage_taken":0,"max_hp_gain":0,"max_hp_loss":0,"event_name":"Relic Duplicator","floor":47,"gold_loss":0}],"is_beta":false,"boss_relics":[{"not_picked":["Runic Pyramid","Astrolabe"],"picked":"Fusion Hammer"},{"not_picked":["ChewingGum","Mark of Pain"],"picked":"Busted Crown"}],"items_purged_floors":[],"is_endless":false,"potions_floor_spawned":[3,10,13,14,21,22,33,35,42,46,52],"killed_by":"Replay:Hell Engine","ascension_level":5}}