{"host":"o7j6aatxjwpw1421","time":1611247049,"event":{"mods":["2.2 Compatiblity","AchievementEnabler","BaseMod","Colored Map","DeckTracker","Highlight Path","Keyboard Shortcuts","Minty Spire (QoL Compilation)","Permanent Neow","Quick Restart","StSLib","SuperFastMode","everything is the same but u backflip on backflip"],"gold_per_floor":[114,114,132,149,166,166,8,18,18,18,50,100,120,132,132,209,259,259,236,269,269,194,194,15,15,15,31,47,64,64,64,64],"floor_reached":31,"language":"KOR","playtime":1490,"items_purged":["Strike_P","Defend_P"],"score":442,"play_id":"79580729-032f-4b43-a9e1-d68f07e7f0b3","local_time":"20210122013729","is_ascension_mode":true,"campfire_choices":[{"data":"Eruption","floor":6.0,"key":"SMITH"},{"data":"Vault","floor":10.0,"key":"SMITH"},{"floor":15.0,"key":"REST"},{"data":"Vault","floor":23,"key":"SMITH"}],"circlet_count":0,"master_deck":["AscendersBane","Strike_P","Strike_P","Defend_P","Defend_P","Eruption+1","Vigilance","BowlingBash","EmptyFist","Vault+1","InnerPeace+1","FearNoEvil","PathToVictory","TalkToTheHand","Vault+1","EmptyMind","Adaptation+1","TalkToTheHand"],"relics":["PureWater","Orrery","TungstenRod","Torii","Tiny House","Red Mask","Art of War"],"acts_visited":["Exordium","TheCity"],"potions_floor_usage":[29],"damage_taken":[{"damage":4.0,"enemies":"Cultist","floor":1.0,"turns":3.0},{"damage":4.0,"enemies":"2 Louse","floor":3.0,"turns":4.0},{"damage":0.0,"enemies":"Small Slimes","floor":4.0,"turns":1.0},{"damage":11.0,"enemies":"Exordium Wildlife","floor":5.0,"turns":5.0},{"damage":9.0,"enemies":"Large Slime","floor":8.0,"turns":6.0},{"damage":12.0,"enemies":"Lagavulin","floor":11.0,"turns":6.0},{"damage":0.0,"enemies":"Blue Slaver","floor":13.0,"turns":3.0},{"damage":0.0,"enemies":"Exordium Wildlife","floor":14.0,"turns":6.0},{"damage":7.0,"enemies":"Hexaghost","floor":16.0,"turns":10.0},{"damage":0.0,"enemies":"Shell Parasite","floor":18.0,"turns":2.0},{"damage":20.0,"enemies":"2 Thieves","floor":19.0,"turns":5.0},{"damage":0.0,"enemies":"Masked Bandits","floor":20.0,"turns":4.0},{"damage":19,"enemies":"Cultist and Chosen","floor":27,"turns":7},{"damage":7,"enemies":"3 Cultists","floor":28,"turns":7},{"damage":5,"enemies":"Sentry and Sphere","floor":29,"turns":5},{"damage":0,"enemies":"Chosen and Byrds","floor":31,"turns":4}],"seed_played":"2996504609622003056","potions_obtained":[{"floor":4.0,"key":"FearPotion"},{"floor":8.0,"key":"EssenceOfSteel"},{"floor":11.0,"key":"PowerPotion"},{"floor":17.0,"key":"SmokeBomb"},{"floor":19.0,"key":"Strength Potion"},{"floor":28,"key":"Explosive Potion"}],"is_trial":false,"path_per_floor":["M","?","M","M","M","R","$","M","T","R","E","?","M","M","R","B",null,"M","M","?","?","$","R","$","?","T","M","M","M","?","M"],"character_chosen":"WATCHER","items_purchased":["Orrery","Adaptation"],"campfire_rested":1,"item_purchase_floors":[7,24],"current_hp_per_floor":[57,57,53,53,42,42,42,33,33,33,21,21,21,21,39,32,60,60,40,40,40,40,40,40,40,40,21,14,9,9,9,9],"gold":64,"neow_bonus":"REMOVE_TWO","is_daily":false,"chose_seed":false,"campfire_upgraded":3,"win_rate":0.0,"timestamp":1611247049,"path_taken":["M","?","M","M","M","R","$","M","T","R","E","?","?","M","R","BOSS","M","M","?","?","$","R","?","?","T","M","M","?","?","M"],"items_purchased_type":["Relic","Card"],"build_version":"2020-12-22","purchased_purges":2,"victory":false,"max_hp_per_floor":[62,62,62,62,62,62,62,62,62,62,62,62,62,62,62,62,67,67,67,67,67,67,67,67,67,67,67,67,67,67,67,67],"card_choices":[{"not_picked":["CutThroughFate","Perseverance","Protect"],"picked":"SKIP","floor":1.0},{"not_picked":["FlyingSleeves","EmptyMind"],"picked":"BowlingBash","floor":3.0},{"not_picked":["SashWhip","CrushJoints"],"picked":"EmptyFist","floor":4.0},{"not_picked":["Worship","ClearTheMind","Omniscience"],"picked":"SKIP","floor":5.0},{"not_picked":["ClearTheMind","Crescendo"],"picked":"Vault","floor":7.0},{"not_picked":["ThirdEye","Brilliance"],"picked":"InnerPeace","floor":7.0},{"not_picked":["DeceiveReality","Tantrum"],"picked":"FearNoEvil","floor":7.0},{"not_picked":["Protect","Wireheading"],"picked":"PathToVictory","floor":8.0},{"not_picked":["Conclude","FlyingSleeves","WaveOfTheHand"],"picked":"SKIP","floor":11.0},{"not_picked":["Collect","BowlingBash","Consecrate"],"picked":"SKIP","floor":13.0},{"not_picked":["Perseverance","Nirvana"],"picked":"TalkToTheHand","floor":14.0},{"not_picked":["Establishment","Wish"],"picked":"Vault","floor":16.0},{"not_picked":["Swivel","Weave","Protect"],"picked":"SKIP","floor":19.0},{"not_picked":["FlurryOfBlows","Nirvana+1"],"picked":"EmptyMind","floor":20.0},{"not_picked":["FlurryOfBlows","ClearTheMind+1"],"picked":"TalkToTheHand","floor":27},{"not_picked":["Weave","WaveOfTheHand","JustLucky"],"picked":"SKIP","floor":28},{"not_picked":["PathToVictory","SpiritShield","Indignation"],"picked":"SKIP","floor":29}],"player_experience":603111,"relics_obtained":[{"floor":9.0,"key":"TungstenRod"},{"floor":11.0,"key":"Torii"},{"floor":20.0,"key":"Red Mask"},{"floor":26,"key":"Art of War"}],"event_choices":[{"damage_healed":0.0,"max_hp_gain":0.0,"max_hp_loss":0.0,"gold_gain":0.0,"event_name":"Liars Game","player_choice":"Ignored","floor":2.0,"gold_loss":0.0,"damage_taken":0.0},{"damage_healed":0.0,"max_hp_gain":0.0,"max_hp_loss":0.0,"gold_gain":50.0,"event_name":"Golden Shrine","player_choice":"Pray","floor":12.0,"gold_loss":0.0,"damage_taken":0.0},{"damage_healed":0.0,"max_hp_gain":0.0,"max_hp_loss":0.0,"gold_gain":0.0,"event_name":"Masked Bandits","player_choice":"Fought Bandits","floor":20.0,"gold_loss":0.0,"damage_taken":0.0},{"damage_healed":0,"gold_gain":0,"player_choice":"Ignored","damage_taken":0,"max_hp_gain":0,"max_hp_loss":0,"event_name":"Cursed Tome","floor":21,"gold_loss":0},{"damage_healed":0,"gold_gain":0,"player_choice":"Forge","damage_taken":0,"max_hp_gain":0,"max_hp_loss":0,"event_name":"Accursed Blacksmith","floor":30,"gold_loss":0,"cards_upgraded":["Adaptation"]}],"is_beta":false,"boss_relics":[{"not_picked":["Sozu","Philosopher\u0027s Stone"],"picked":"Tiny House"}],"items_purged_floors":[22,24],"is_endless":false,"potions_floor_spawned":[4,8,11,18,19,28],"killed_by":"Chosen and Byrds","ascension_level":17}}