{"host":"hk3n60c9tb8azi3z","time":1611209946,"event":{"mods":["AchievementEnabler","BaseMod","Minty Spire (QoL Compilation)","Relic Sorter","Relic Stats"],"gold_per_floor":[114,114,114,33,33,33,52,71,96,134,134,55,55,93,93,218,218,237,237,252,267,282,312,312,342,367,367,367,367,367,382,382,482,482,497,512,512,527,576,606,606,606,631,646,676,691,721,736,736,736],"floor_reached":51,"language":"ENG","playtime":5344,"items_purged":[],"score":1058,"play_id":"6fcf8f90-15df-4f71-aa1a-a438dab76d29","local_time":"20210121071906","daily_mods":["Chimera","Hoarder","Binary"],"is_ascension_mode":false,"campfire_choices":[{"data":"Inflame","floor":6,"key":"SMITH"},{"data":"Inflame","floor":11,"key":"SMITH"},{"data":"Inflame","floor":15,"key":"SMITH"},{"data":"Barricade","floor":24,"key":"SMITH"},{"floor":27,"key":"REST"},{"data":"Impervious","floor":29,"key":"SMITH"},{"floor":32,"key":"REST"},{"data":"Shockwave","floor":42,"key":"SMITH"},{"data":"Shockwave","floor":49,"key":"SMITH"}],"circlet_count":0,"master_deck":["Bash+1","Survivor+1","Eruption+1","Strike_R+1","Strike_G+1","Strike_B+1","Defend_R+1","Defend_G+1","Defend_P+1","Whirlwind+1","Whirlwind+1","Whirlwind+1","Inflame+1","Inflame+1","Inflame+1","Twin Strike+1","Twin Strike+1","Twin Strike+1","Inflame+1","Inflame+1","Inflame+1","Warcry+1","Warcry+1","Warcry+1","Brutality+1","Brutality+1","Brutality+1","Impervious+1","Impervious+1","Impervious+1","Thunderclap+1","Thunderclap+1","Thunderclap+1","Barricade+1","Barricade+1","Immolate+1","Immolate+1","Immolate+1","Feed+1","Feed+1","Feed+1","Corruption+1","Corruption+1","Sword Boomerang+1","Sword Boomerang+1","Sword Boomerang+1","Burning Pact+1","Burning Pact+1","Burning Pact+1","Shockwave","Shockwave+1","Shockwave+1","Flame Barrier+1","Flame Barrier+1","Flame Barrier+1","True Grit+1","True Grit+1","True Grit+1","True Grit+1","True Grit+1","True Grit+1"],"relics":["Burning Blood","Whetstone","Bag of Preparation","Boot","SacredBark","Nloth\u0027s Gift","Singing Bowl","TungstenRod","Akabeko","Enchiridion","Runic Cube","Mark of the Bloom","Dead Branch","The Courier","Bronze Scales","Happy Flower","HornCleat"],"acts_visited":["Exordium","TheCity","TheBeyond"],"potions_floor_usage":[18,20,21,21,21,22,25,25,31,33,39,44,48,50],"damage_taken":[{"damage":3,"enemies":"Jaw Worm","floor":1,"turns":4},{"damage":3,"enemies":"Small Slimes","floor":7,"turns":4},{"damage":0,"enemies":"2 Louse","floor":8,"turns":1},{"damage":27,"enemies":"Gremlin Nob","floor":10,"turns":4},{"damage":9,"enemies":"3 Sentries","floor":14,"turns":4},{"damage":0,"enemies":"Slime Boss","floor":16,"turns":4},{"damage":3,"enemies":"3 Byrds","floor":18,"turns":4},{"damage":17,"enemies":"Shell Parasite","floor":20,"turns":4},{"damage":15,"enemies":"Snake Plant","floor":21,"turns":3},{"damage":0,"enemies":"Snecko","floor":22,"turns":3},{"damage":45,"enemies":"Slavers","floor":23,"turns":6},{"damage":48,"enemies":"Gremlin Leader","floor":25,"turns":7},{"damage":38,"enemies":"Shelled Parasite and Fungi","floor":31,"turns":7},{"damage":13,"enemies":"Collector","floor":33,"turns":9},{"damage":0,"enemies":"3 Shapes","floor":35,"turns":1},{"damage":14,"enemies":"Orb Walker","floor":36,"turns":2},{"damage":0,"enemies":"Maw","floor":38,"turns":5},{"damage":2,"enemies":"2 Orb Walkers","floor":39,"turns":2},{"damage":0,"enemies":"Nemesis","floor":40,"turns":5},{"damage":27,"enemies":"Transient","floor":44,"turns":5},{"damage":0,"enemies":"Reptomancer","floor":45,"turns":5},{"damage":2,"enemies":"Sphere and 2 Shapes","floor":46,"turns":3},{"damage":7,"enemies":"Nemesis","floor":47,"turns":3},{"damage":0,"enemies":"Jaw Worm Horde","floor":48,"turns":5},{"damage":39,"enemies":"Awakened One","floor":50,"turns":13}],"seed_played":"811174962971598332","potions_obtained":[{"floor":1,"key":"Weak Potion"},{"floor":14,"key":"PowerPotion"},{"floor":16,"key":"EntropicBrew"},{"floor":20,"key":"LiquidBronze"},{"floor":21,"key":"ColorlessPotion"},{"floor":23,"key":"Dexterity Potion"},{"floor":31,"key":"SkillPotion"},{"floor":36,"key":"DuplicationPotion"},{"floor":38,"key":"DuplicationPotion"},{"floor":44,"key":"Explosive Potion"},{"floor":46,"key":"BloodPotion"},{"floor":47,"key":"Fire Potion"}],"is_trial":false,"path_per_floor":["M","?","?","$","?","R","M","M","T","E","R","$","?","E","R","B",null,"M","?","M","M","M","E","R","E","T","R","?","R","?","M","R","B",null,"M","M","?","M","?","E","?","R","T","M","E","M","E","M","R","B",null],"character_chosen":"IRONCLAD","items_purchased":["Inflame","Inflame"],"campfire_rested":2,"item_purchase_floors":[4,12],"current_hp_per_floor":[80,80,85,85,64,64,67,73,73,52,52,52,52,49,49,55,85,85,85,74,65,71,32,32,37,37,63,63,63,51,21,47,43,92,92,87,87,87,85,85,85,85,85,58,58,56,49,49,49,10],"gold":736,"neow_bonus":"","is_daily":true,"chose_seed":false,"campfire_upgraded":7,"win_rate":0.0,"timestamp":1611209946,"path_taken":["M","?","?","$","?","R","M","M","T","E","R","$","?","E","R","BOSS","M","?","M","?","M","E","R","E","T","R","?","R","?","M","R","BOSS","M","M","?","M","?","E","?","R","T","M","E","?","E","M","R","BOSS"],"items_purchased_type":["Card","Card"],"build_version":"2020-12-22","purchased_purges":0,"victory":true,"max_hp_per_floor":[80,80,85,85,85,85,85,85,85,85,85,85,85,85,85,85,85,85,85,85,85,85,85,85,87,87,87,87,87,87,89,89,92,92,92,95,95,95,99,99,99,99,99,99,105,107,109,115,115,115],"relic_stats":{"Mark of the Bloom":74,"Singing Bowl":12,"Happy Flower":[8],"counters":[25,113],"Dead Branch":[210],"Bag of Preparation":[42],"Whetstone":["Strike_B","Whirlwind"],"Boot":[26],"Burning Blood":84,"Bronze Scales":[130],"Nloth\u0027s Gift":2,"obtain_stats":[{"Mark of the Bloom":37,"Singing Bowl":23,"Happy Flower":45,"Golden Idol":5,"SacredBark":17,"Dead Branch":39,"Enchiridion":30,"The Courier":40,"Bag of Preparation":10,"Whetstone":9,"Boot":14,"Burning Blood":0,"Akabeko":26,"HornCleat":47,"Bronze Scales":43,"Nloth\u0027s Gift":19,"TungstenRod":25,"Runic Cube":34},{"Mark of the Bloom":16,"Singing Bowl":11,"Happy Flower":21,"Golden Idol":1,"SacredBark":6,"Dead Branch":18,"Enchiridion":12,"The Courier":19,"Bag of Preparation":4,"Whetstone":3,"Boot":5,"Burning Blood":0,"Akabeko":12,"HornCleat":23,"Bronze Scales":19,"Nloth\u0027s Gift":7,"TungstenRod":12,"Runic Cube":14},{"Mark of the Bloom":67,"Singing Bowl":41,"Happy Flower":89,"Golden Idol":4,"SacredBark":21,"Dead Branch":74,"Enchiridion":48,"The Courier":79,"Bag of Preparation":13,"Whetstone":9,"Boot":17,"Burning Blood":0,"Akabeko":48,"HornCleat":95,"Bronze Scales":79,"Nloth\u0027s Gift":25,"TungstenRod":48,"Runic Cube":64}],"TungstenRod":80,"Runic Cube":[11]},"card_choices":[{"not_picked":["Burning Pact"],"picked":"Whirlwind","floor":1},{"not_picked":["Perfected Strike","Iron Wave"],"picked":"SKIP","floor":7},{"not_picked":["Body Slam","Dropkick"],"picked":"SKIP","floor":8},{"not_picked":["Brutality"],"picked":"Twin Strike","floor":10},{"not_picked":["Hemokinesis"],"picked":"Warcry","floor":14},{"not_picked":["Exhume"],"picked":"Brutality","floor":16},{"not_picked":["Clothesline","Hemokinesis"],"picked":"SKIP","floor":18},{"not_picked":["Iron Wave","Perfected Strike"],"picked":"SKIP","floor":20},{"not_picked":["Second Wind"],"picked":"Impervious","floor":21},{"not_picked":["Perfected Strike"],"picked":"Thunderclap","floor":22},{"not_picked":["Clash"],"picked":"Barricade","floor":23},{"not_picked":["Dark Embrace","Fire Breathing"],"picked":"Singing Bowl","floor":25},{"not_picked":["Armaments","Thunderclap"],"picked":"Singing Bowl","floor":31},{"not_picked":["Impervious"],"picked":"Corruption","floor":33},{"not_picked":["Thunderclap+1"],"picked":"Sword Boomerang+1","floor":35},{"not_picked":["Perfected Strike"],"picked":"Burning Pact","floor":36},{"not_picked":["Clash"],"picked":"Shockwave","floor":38},{"not_picked":["Headbutt+1"],"picked":"Flame Barrier+1","floor":39},{"not_picked":["Shrug It Off"],"picked":"True Grit+1","floor":40},{"not_picked":["Berserk"],"picked":"True Grit+1","floor":44},{"not_picked":["Berserk","Battle Trance+1"],"picked":"Singing Bowl","floor":45},{"not_picked":["Cleave","Anger+1"],"picked":"Singing Bowl","floor":46},{"not_picked":["Infernal Blade","Second Wind"],"picked":"Singing Bowl","floor":47},{"not_picked":["Pommel Strike+1","Dropkick+1"],"picked":"Singing Bowl","floor":48}],"player_experience":1551383,"relics_obtained":[{"floor":9,"key":"Whetstone"},{"floor":10,"key":"Bag of Preparation"},{"floor":14,"key":"Boot"},{"floor":23,"key":"Singing Bowl"},{"floor":25,"key":"TungstenRod"},{"floor":26,"key":"Akabeko"},{"floor":30,"key":"Enchiridion"},{"floor":39,"key":"Dead Branch"},{"floor":40,"key":"The Courier"},{"floor":43,"key":"Bronze Scales"},{"floor":45,"key":"Happy Flower"},{"floor":47,"key":"HornCleat"}],"event_choices":[{"damage_healed":0,"gold_gain":0,"player_choice":"Leave","damage_taken":0,"max_hp_gain":0,"max_hp_loss":0,"event_name":"The Cleric","floor":2,"gold_loss":0},{"damage_healed":0,"gold_gain":0,"player_choice":"Donut","damage_taken":0,"max_hp_gain":5,"max_hp_loss":0,"event_name":"Big Fish","floor":3,"gold_loss":0},{"damage_healed":0,"gold_gain":0,"player_choice":"Take Damage","damage_taken":21,"relics_obtained":["Golden Idol"],"max_hp_gain":0,"max_hp_loss":0,"event_name":"Golden Idol","floor":5,"gold_loss":0},{"damage_healed":0,"gold_gain":0,"player_choice":"Ignored","damage_taken":0,"max_hp_gain":0,"max_hp_loss":0,"event_name":"Liars Game","floor":13,"gold_loss":0},{"damage_healed":0,"gold_gain":0,"player_choice":"Traded Relic","damage_taken":0,"relics_obtained":["Nloth\u0027s Gift"],"max_hp_gain":0,"max_hp_loss":0,"event_name":"N\u0027loth","floor":19,"relics_lost":["Golden Idol"],"gold_loss":0},{"damage_healed":0,"gold_gain":0,"cards_transformed":["Zap","Barricade"],"player_choice":"Became Test Subject","damage_taken":0,"max_hp_gain":0,"max_hp_loss":0,"event_name":"Drug Dealer","floor":28,"gold_loss":0,"cards_obtained":["Immolate","Feed"]},{"damage_healed":0,"gold_gain":0,"player_choice":"Obtained Book","damage_taken":16,"max_hp_gain":0,"max_hp_loss":0,"event_name":"Cursed Tome","floor":30,"gold_loss":0},{"damage_healed":0,"gold_gain":0,"player_choice":"Upgrade","damage_taken":0,"relics_obtained":["Mark of the Bloom"],"max_hp_gain":0,"max_hp_loss":0,"event_name":"MindBloom","floor":37,"gold_loss":0,"cards_upgraded":["Bash","Survivor","Eruption","Strike_R","Strike_G","Defend_R","Defend_G","Defend_P","Whirlwind","Whirlwind","Twin Strike","Twin Strike","Twin Strike","Inflame","Inflame","Inflame","Warcry","Warcry","Warcry","Brutality","Brutality","Brutality","Impervious","Impervious","Thunderclap","Thunderclap","Thunderclap","Barricade","Immolate","Immolate","Immolate","Feed","Feed","Feed","Corruption","Corruption","Corruption","Burning Pact","Burning Pact","Burning Pact"]},{"damage_healed":0,"gold_gain":0,"player_choice":"Fight","damage_taken":0,"max_hp_gain":0,"max_hp_loss":0,"event_name":"Mysterious Sphere","floor":39,"gold_loss":0},{"cards_removed":["Corruption"],"damage_healed":0,"gold_gain":0,"player_choice":"Removed Power","damage_taken":0,"max_hp_gain":0,"max_hp_loss":0,"event_name":"Falling","floor":41,"gold_loss":0}],"is_beta":false,"boss_relics":[{"not_picked":["Sozu","Snecko Eye"],"picked":"SacredBark"},{"not_picked":["SlaversCollar","Tiny House"],"picked":"Runic Cube"}],"items_purged_floors":[],"is_endless":false,"potions_floor_spawned":[1,14,16,20,21,23,31,36,38,44,46,47],"ascension_level":0}}