{"host":"p1xsuo25udtrkbq2","time":1611212014,"event":{"mods":["BaseMod","Colored Map","Highlight Path","Minty Spire (QoL Compilation)","Quick Restart","Rare Cards Sparkle","Relic Stats","Slay the Relics Exporter","StSLib","everything is the same but u backflip on backflip"],"gold_per_floor":[115,126,126,146,24,68,68,106,131,131,145,145,166,186,186,280,280,280],"floor_reached":17,"language":"ENG","playtime":1239,"items_purged":["Strike_R"],"score":284,"play_id":"3acb4375-ae10-4bc6-898b-c108616b3cda","local_time":"20210121015334","is_ascension_mode":true,"campfire_choices":[{"floor":7.0,"key":"REST"},{"data":"Uppercut","floor":10.0,"key":"SMITH"},{"floor":15.0,"key":"REST"}],"circlet_count":0,"master_deck":["AscendersBane","Strike_R","Strike_R","Strike_R","Strike_R","Defend_R","Defend_R+1","Defend_R+1","Defend_R","Bash","Combust","Iron Wave","Uppercut+1","Armaments","Burning Pact","Seeing Red","Pommel Strike","Pain","Whirlwind","Warcry","Corruption"],"relics":["Burning Blood","NeowsBlessing","Golden Idol","War Paint","Blood Vial","Strawberry","WarpedTongs","Snecko Eye"],"acts_visited":["Exordium","TheCity"],"potions_floor_usage":[16,16],"damage_taken":[{"damage":0.0,"enemies":"Cultist","floor":1.0,"turns":1.0},{"damage":0.0,"enemies":"Jaw Worm","floor":2.0,"turns":1.0},{"damage":0.0,"enemies":"2 Louse","floor":4.0,"turns":2.0},{"damage":56.0,"enemies":"Lagavulin","floor":6.0,"turns":8.0},{"damage":33.0,"enemies":"3 Sentries","floor":8.0,"turns":7.0},{"damage":4.0,"enemies":"Exordium Thugs","floor":11.0,"turns":4.0},{"damage":6.0,"enemies":"Exordium Wildlife","floor":13.0,"turns":3.0},{"damage":11.0,"enemies":"Red Slaver","floor":14.0,"turns":4.0},{"damage":40,"enemies":"Slime Boss","floor":16,"turns":10}],"seed_played":"8524537354008063385","potions_obtained":[{"floor":1.0,"key":"ElixirPotion"},{"floor":6.0,"key":"EssenceOfSteel"},{"floor":11.0,"key":"Regen Potion"},{"floor":16,"key":"ColorlessPotion"}],"is_trial":false,"path_per_floor":["M","M","?","M","$","E","R","E","T","R","M","?","M","M","R","B",null],"character_chosen":"IRONCLAD","items_purchased":["Armaments"],"campfire_rested":2,"item_purchase_floors":[5],"current_hp_per_floor":[74,75,69,69,69,19,39,12,19,19,23,23,25,22,44,27,64,64],"gold":280,"neow_bonus":"THREE_ENEMY_KILL","is_daily":false,"chose_seed":false,"campfire_upgraded":1,"win_rate":0.0,"timestamp":1611212014,"path_taken":["M","?","?","M","$","E","R","E","T","R","M","?","M","M","R","BOSS"],"items_purchased_type":["Card"],"build_version":"2020-12-22","purchased_purges":1,"victory":false,"max_hp_per_floor":[75,75,69,69,69,69,69,69,76,76,76,76,76,76,76,76,76,76],"relic_stats":{"Blood Vial":8,"counters":[9,40],"Golden Idol":51,"Snecko Eye":[0,0,0,0],"War Paint":["Defend_R","Defend_R"],"obtain_stats":[{"Blood Vial":8,"NeowsBlessing":0,"Golden Idol":3,"Strawberry":9,"Snecko Eye":17,"War Paint":6,"Burning Blood":0,"WarpedTongs":12},{"Blood Vial":5,"NeowsBlessing":0,"Golden Idol":2,"Strawberry":5,"Snecko Eye":9,"War Paint":4,"Burning Blood":0,"WarpedTongs":6},{"Blood Vial":19,"NeowsBlessing":0,"Golden Idol":2,"Strawberry":19,"Snecko Eye":40,"War Paint":12,"Burning Blood":0,"WarpedTongs":23}],"Burning Blood":43,"WarpedTongs":[17]},"card_choices":[{"not_picked":["Battle Trance","Sword Boomerang"],"picked":"Combust","floor":1.0},{"not_picked":["Intimidate","Thunderclap"],"picked":"Iron Wave","floor":2.0},{"not_picked":["Anger","Shrug It Off"],"picked":"Uppercut","floor":4.0},{"not_picked":["Heavy Blade","Body Slam"],"picked":"Burning Pact","floor":6.0},{"not_picked":["Havoc","Combust"],"picked":"Seeing Red","floor":8.0},{"not_picked":["Sentinel","Heavy Blade"],"picked":"Pommel Strike","floor":11.0},{"not_picked":["Pummel","Cleave"],"picked":"Whirlwind","floor":13.0},{"not_picked":["Wild Strike","Anger"],"picked":"Warcry","floor":14.0},{"not_picked":["Brutality","Barricade"],"picked":"Corruption","floor":16}],"player_experience":937714,"relics_obtained":[{"floor":6.0,"key":"War Paint"},{"floor":8.0,"key":"Blood Vial"},{"floor":9.0,"key":"Strawberry"}],"event_choices":[{"damage_healed":0.0,"max_hp_gain":0.0,"max_hp_loss":6.0,"gold_gain":0.0,"event_name":"Golden Idol","player_choice":"Lose Max HP","floor":3.0,"gold_loss":0.0,"damage_taken":0.0,"relics_obtained":["Golden Idol"]},{"damage_healed":0.0,"max_hp_gain":0.0,"max_hp_loss":0.0,"gold_gain":0.0,"event_name":"Accursed Blacksmith","player_choice":"Rummage","floor":12.0,"gold_loss":0.0,"damage_taken":0.0,"relics_obtained":["WarpedTongs"],"cards_obtained":["Pain"]}],"is_beta":false,"boss_relics":[{"not_picked":["Philosopher\u0027s Stone","SacredBark"],"picked":"Snecko Eye"}],"items_purged_floors":[5],"is_endless":false,"potions_floor_spawned":[1,6,11,16],"ascension_level":14}}