{"host":"dpbezu80jg8zk7un","time":1611246479,"event":{"mods":["BaseMod","Colored Map","Colored Powertips","Custom Start","DeckTracker","Minty Spire (QoL Compilation)","Quick Restart","StSLib","SuperFastMode"],"gold_per_floor":[116,136,154,24,34,64,64,64,64],"floor_reached":8,"language":"KOR","playtime":310,"items_purged":[],"score":116,"play_id":"72cd9c99-76e0-406d-b8e1-c1e13c5478f8","local_time":"20210122012759","is_ascension_mode":true,"campfire_choices":[{"data":"Eruption","floor":7,"key":"SMITH"}],"circlet_count":0,"master_deck":["AscendersBane","Strike_P","Strike_P","Strike_P","Strike_P","Defend_P","Defend_P","Defend_P","Defend_P","Eruption+1","Vigilance","Panache","FollowUp","WheelKick","FlurryOfBlows","Adaptation","Tantrum","FearNoEvil"],"relics":["PureWater","Oddly Smooth Stone"],"acts_visited":["Exordium"],"potions_floor_usage":[6,8],"damage_taken":[{"damage":3,"enemies":"Cultist","floor":1,"turns":5},{"damage":0,"enemies":"2 Louse","floor":2,"turns":4},{"damage":2,"enemies":"Jaw Worm","floor":3,"turns":3},{"damage":0,"enemies":"2 Fungi Beasts","floor":5,"turns":1},{"damage":16,"enemies":"Lagavulin","floor":6,"turns":6},{"damage":26,"enemies":"3 Sentries","floor":8,"turns":6}],"seed_played":"-4395719160706902749","potions_obtained":[{"floor":2,"key":"SteroidPotion"},{"floor":3,"key":"SkillPotion"}],"is_trial":false,"path_per_floor":["M","M","M","$","M","E","R","E"],"character_chosen":"WATCHER","items_purchased":["Adaptation","Tantrum"],"campfire_rested":0,"item_purchase_floors":[4,4],"current_hp_per_floor":[40,40,38,38,38,22,22,0,0],"gold":64,"neow_bonus":"RANDOM_COLORLESS_2","is_daily":false,"chose_seed":false,"campfire_upgraded":1,"win_rate":0.0,"timestamp":1611246479,"path_taken":["M","M","M","$","?","E","R","E"],"items_purchased_type":["Card","Card"],"build_version":"2020-12-22","purchased_purges":0,"victory":false,"max_hp_per_floor":[68,68,68,68,68,68,68,68,68],"card_choices":[{"not_picked":["Mayhem","Violence"],"picked":"Panache","floor":0},{"not_picked":["Nirvana","ThirdEye"],"picked":"FollowUp","floor":1},{"not_picked":["ClearTheMind","EmptyMind"],"picked":"WheelKick","floor":2},{"not_picked":["SashWhip","FollowUp"],"picked":"FlurryOfBlows","floor":3},{"not_picked":["Pray","PathToVictory","Crescendo"],"picked":"SKIP","floor":5},{"not_picked":["ForeignInfluence","BattleHymn"],"picked":"FearNoEvil","floor":6}],"player_experience":2909680,"relics_obtained":[{"floor":6,"key":"Oddly Smooth Stone"}],"event_choices":[],"is_beta":false,"boss_relics":[],"items_purged_floors":[],"is_endless":false,"potions_floor_spawned":[2,3],"killed_by":"3 Sentries","ascension_level":20}}