{"host":"nbmmy2ys5j9alw05","time":1611220193,"event":{"mods":["AchievementEnabler","BaseMod","Bestiary","Better Vampires","Colored Map","Colored Powertips","Googly Eyes","Minty Spire (QoL Compilation)","Quick Restart","StSLib","The Hierophant","The IronCluck","everything is the same but u backflip on backflip"],"gold_per_floor":[113,113,113,124,51,51,85,35,335,335,335,335,368,387,387,489,489,504,504,504,519,519,519,519,519],"floor_reached":24,"language":"ENG","playtime":582,"items_purged":[],"score":338,"play_id":"908b143f-fc42-4a29-84c3-6eb65e76e2af","local_time":"20210121010953","is_ascension_mode":true,"campfire_choices":[{"data":"Infinite Blades","floor":6.0,"key":"SMITH"},{"data":"Caltrops","floor":10.0,"key":"SMITH"},{"data":"Blade Dance","floor":12.0,"key":"SMITH"},{"data":"Bouncing Flask","floor":15.0,"key":"SMITH"},{"data":"Accuracy","floor":23,"key":"SMITH"}],"circlet_count":0,"master_deck":["AscendersBane","Strike_G","Strike_G","Strike_G","Strike_G","Defend_G","Defend_G","Defend_G","Defend_G","Defend_G","Survivor","Neutralize","Escape Plan","Blade Dance+1","Infinite Blades+1","Caltrops+1","Bouncing Flask+1","Venomology","Accuracy+1","J.A.X."],"relics":["Ring of the Serpent","NeowsBlessing","MealTicket","Ice Cream","Old Coin","Sundial","Boot","Bottled Tornado"],"acts_visited":["Exordium","TheCity"],"potions_floor_usage":[21,24],"damage_taken":[{"damage":0.0,"enemies":"2 Louse","floor":1.0,"turns":1.0},{"damage":0.0,"enemies":"Jaw Worm","floor":4.0,"turns":1.0},{"damage":0.0,"enemies":"Lagavulin","floor":7.0,"turns":1.0},{"damage":24.0,"enemies":"Gremlin Nob","floor":13.0,"turns":4.0},{"damage":2.0,"enemies":"Small Slimes","floor":14.0,"turns":3.0},{"damage":33.0,"enemies":"The Guardian","floor":16.0,"turns":9.0},{"damage":4.0,"enemies":"3 Byrds","floor":18.0,"turns":4.0},{"damage":28,"enemies":"Chosen","floor":21,"turns":4},{"damage":37,"enemies":"3 Cultists","floor":24,"turns":5}],"seed_played":"-1845358323527375195","potions_obtained":[{"floor":1.0,"key":"Block Potion"},{"floor":18,"key":"Strength Potion"}],"is_trial":false,"path_per_floor":["M","?","?","M","$","R","E","?","T","R","T","R","E","M","R","B",null,"M","?","?","M","T","R","M"],"character_chosen":"THE_SILENT","items_purchased":["Infinite Blades"],"campfire_rested":0,"item_purchase_floors":[5],"current_hp_per_floor":[63,56,61,61,75,75,75,75,75,75,75,75,51,49,49,16,60,56,56,75,47,47,47,22,22],"gold":519,"neow_bonus":"THREE_ENEMY_KILL","is_daily":false,"chose_seed":false,"campfire_upgraded":5,"win_rate":0.0,"timestamp":1611220193,"path_taken":["M","?","?","M","$","R","E","?","T","R","?","R","E","M","R","BOSS","M","?","?","M","?","R","M"],"items_purchased_type":["Card"],"build_version":"2020-12-22","purchased_purges":0,"victory":false,"max_hp_per_floor":[70,70,75,75,75,75,75,75,75,75,75,75,75,75,75,75,75,75,75,75,75,75,75,75,75],"card_choices":[{"not_picked":["Slice","Prepared"],"picked":"Escape Plan","floor":1.0},{"not_picked":["Heel Hook","Outmaneuver"],"picked":"Blade Dance","floor":4.0},{"not_picked":["Prepared","Blade Dance"],"picked":"Caltrops","floor":7.0},{"not_picked":["Dodge and Roll","Backflip"],"picked":"Bouncing Flask","floor":13.0},{"not_picked":["PiercingWail","All Out Attack","Distraction"],"picked":"SKIP","floor":14.0},{"not_picked":["Bullet Time","Unload"],"picked":"Venomology","floor":16.0},{"not_picked":["Poisoned Stab","Concentrate"],"picked":"Accuracy","floor":18},{"not_picked":["All Out Attack","Outmaneuver+1","Bane+1"],"picked":"SKIP","floor":21}],"player_experience":519227,"relics_obtained":[{"floor":7.0,"key":"Ice Cream"},{"floor":9.0,"key":"Old Coin"},{"floor":11.0,"key":"Sundial"},{"floor":13.0,"key":"Boot"},{"floor":22,"key":"Bottled Tornado"}],"event_choices":[{"damage_healed":0.0,"max_hp_gain":0.0,"max_hp_loss":0.0,"gold_gain":0.0,"event_name":"Scrap Ooze","player_choice":"Success","floor":2.0,"gold_loss":0.0,"damage_taken":7.0,"relics_obtained":["MealTicket"]},{"damage_healed":0.0,"max_hp_gain":5.0,"max_hp_loss":0.0,"gold_gain":0.0,"event_name":"Big Fish","player_choice":"Donut","floor":3.0,"gold_loss":0.0,"damage_taken":0.0},{"cards_removed":["Strike_G"],"damage_healed":0.0,"max_hp_gain":0.0,"max_hp_loss":0.0,"gold_gain":0.0,"event_name":"The Cleric","player_choice":"Card Removal","floor":8.0,"gold_loss":50.0,"damage_taken":0.0},{"damage_healed":0,"gold_gain":0,"player_choice":"Obtain J.A.X.","damage_taken":0,"max_hp_gain":0,"max_hp_loss":0,"event_name":"Drug Dealer","floor":19,"gold_loss":0,"cards_obtained":["J.A.X."]},{"damage_healed":25,"gold_gain":0,"player_choice":"Heal","damage_taken":0,"max_hp_gain":0,"max_hp_loss":0,"event_name":"The Library","floor":20,"gold_loss":0}],"is_beta":false,"boss_relics":[{"not_picked":["Cursed Key","Ectoplasm"],"picked":"Ring of the Serpent"}],"items_purged_floors":[],"is_endless":false,"potions_floor_spawned":[1,18],"killed_by":"3 Cultists","ascension_level":10}}