{"host":"kh6fvhxn285ncg0o","time":1611199079,"event":{"mods":["Act Like it!","BaseMod","Colored Map","Friendly Minions","Keyboard Shortcuts","Minty Spire (QoL Compilation)","Quick Restart","Relic Stats","StSLib","SuperFastMode"],"gold_per_floor":[114,125,137,137,149,149,178,191,218,218,218,250,250,261,261,334,334,352,627,387,405,416,447,447,482,482,114,127,159,159,159],"floor_reached":30,"language":"KOR","playtime":702,"items_purged":["Regret","Strike_R"],"score":675,"play_id":"c01e45d2-b36f-4667-96bf-abe42208b22b","local_time":"20210121121759","is_ascension_mode":true,"campfire_choices":[{"data":"Perfected Strike","floor":6.0,"key":"SMITH"},{"data":"Perfected Strike","floor":10.0,"key":"SMITH"},{"data":"Bash","floor":15.0,"key":"SMITH"},{"floor":24.0,"key":"REST"}],"circlet_count":0,"master_deck":["AscendersBane","Strike_R","Strike_R","Strike_R","Defend_R","Defend_R","Bash+1","Perfected Strike+1","Inflame","Perfected Strike+1","Twin Strike","Twin Strike","Seeing Red","Feed","Corruption","Armaments","Fire Breathing","Perfected Strike","Offering","Perfected Strike","Finesse","Second Wind","True Grit+1"],"relics":["Burning Blood","Mango","Centennial Puzzle","MealTicket","Runic Pyramid","Art of War","Boot","Akabeko","Pen Nib","TheAbacus","Juzu Bracelet"],"acts_visited":["Exordium","TheCity"],"potions_floor_usage":[29,30],"damage_taken":[{"damage":10.0,"enemies":"Small Slimes","floor":1.0,"turns":3.0},{"damage":1.0,"enemies":"Cultist","floor":2.0,"turns":3.0},{"damage":6.0,"enemies":"2 Louse","floor":3.0,"turns":3.0},{"damage":29.0,"enemies":"Large Slime","floor":5.0,"turns":5.0},{"damage":8.0,"enemies":"Gremlin Nob","floor":7.0,"turns":3.0},{"damage":3.0,"enemies":"Exordium Thugs","floor":8.0,"turns":3.0},{"damage":30.0,"enemies":"3 Sentries","floor":12.0,"turns":6.0},{"damage":14.0,"enemies":"Red Slaver","floor":14.0,"turns":2.0},{"damage":23.0,"enemies":"Hexaghost","floor":16.0,"turns":7.0},{"damage":28.0,"enemies":"2 Thieves","floor":18.0,"turns":3.0},{"damage":6.0,"enemies":"Spheric Guardian","floor":21.0,"turns":3.0},{"damage":14.0,"enemies":"Centurion and Healer","floor":22.0,"turns":5.0},{"damage":54.0,"enemies":"Slavers","floor":23.0,"turns":5.0},{"damage":36.0,"enemies":"Book of Stabbing","floor":25.0,"turns":3.0},{"damage":34,"enemies":"Cultist and Chosen","floor":28,"turns":6},{"damage":27,"enemies":"Slavers","floor":29,"turns":4},{"damage":25,"enemies":"Colosseum Slavers","floor":30,"turns":3},{"damage":16,"enemies":"Colosseum Nobs","floor":30,"turns":2}],"seed_played":"-5137013282192979699","potions_obtained":[{"floor":1.0,"key":"SkillPotion"},{"floor":3.0,"key":"Fruit Juice"},{"floor":14.0,"key":"DuplicationPotion"},{"floor":16.0,"key":"ColorlessPotion"},{"floor":22.0,"key":"BloodPotion"},{"floor":23.0,"key":"Fruit Juice"},{"floor":29,"key":"Strength Potion"}],"is_trial":false,"path_per_floor":["M","M","M","?","M","R","E","M","T","R","?","E","?","M","R","B",null,"M","?","$","M","M","E","R","E","T","$","M","E","?"],"character_chosen":"IRONCLAD","items_purchased":["Art of War","TheAbacus","Finesse"],"campfire_rested":1,"item_purchase_floors":[20,27,27],"current_hp_per_floor":[64,69,69,83,60,60,58,61,61,61,54,30,30,22,22,10,73,54,54,69,73,68,23,61,31,31,46,21,26,0,0],"gold":159,"neow_bonus":"TRANSFORM_CARD","is_daily":false,"chose_seed":false,"campfire_upgraded":3,"win_rate":0.0,"timestamp":1611199079,"path_taken":["M","M","M","?","?","R","E","M","T","R","?","E","?","?","R","BOSS","M","?","$","?","M","E","R","E","T","$","M","E","?"],"items_purchased_type":["Relic","Relic","Card"],"build_version":"2020-12-22","purchased_purges":2,"victory":false,"max_hp_per_floor":[75,75,75,89,89,89,89,89,89,89,89,89,89,89,89,94,94,97,97,97,101,104,107,112,112,112,112,115,118,121,121],"relic_stats":{"Centennial Puzzle":[39],"TheAbacus":[0],"counters":[19,70],"MealTicket":30,"Pen Nib":[2],"Art of War":[5],"Juzu Bracelet":0,"Boot":[0],"obtain_stats":[{"Centennial Puzzle":7,"TheAbacus":27,"Mango":4,"MealTicket":12,"Pen Nib":26,"Art of War":20,"Juzu Bracelet":29,"Boot":23,"Burning Blood":0,"Akabeko":25,"Runic Pyramid":17},{"Centennial Puzzle":5,"TheAbacus":15,"Mango":3,"MealTicket":7,"Pen Nib":15,"Art of War":10,"Juzu Bracelet":17,"Boot":13,"Burning Blood":0,"Akabeko":15,"Runic Pyramid":9},{"Centennial Puzzle":17,"TheAbacus":55,"Mango":9,"MealTicket":26,"Pen Nib":55,"Art of War":38,"Juzu Bracelet":65,"Boot":51,"Burning Blood":0,"Akabeko":54,"Runic Pyramid":35}],"Burning Blood":102},"card_choices":[{"not_picked":["Warcry","Dark Embrace"],"picked":"Inflame","floor":1.0},{"not_picked":["Whirlwind","Thunderclap"],"picked":"Perfected Strike","floor":2.0},{"not_picked":["Thunderclap","Uppercut"],"picked":"Wild Strike","floor":3.0},{"not_picked":["Rupture","Shrug It Off"],"picked":"Twin Strike","floor":5.0},{"not_picked":["Cleave","Sword Boomerang","Entrench"],"picked":"SKIP","floor":7.0},{"not_picked":["Anger","Clothesline"],"picked":"Twin Strike","floor":8.0},{"not_picked":["Sword Boomerang","Havoc"],"picked":"Seeing Red","floor":12.0},{"not_picked":["Cleave","Metallicize"],"picked":"Feed","floor":14.0},{"not_picked":["Brutality","Berserk"],"picked":"Corruption","floor":16.0},{"not_picked":["Body Slam","Intimidate"],"picked":"Armaments","floor":18.0},{"not_picked":["Spot Weakness","Anger"],"picked":"Fire Breathing","floor":21.0},{"not_picked":["Heavy Blade","Havoc"],"picked":"Perfected Strike","floor":22.0},{"not_picked":["Exhume","Sever Soul"],"picked":"Offering","floor":23.0},{"not_picked":["Shrug It Off","Rampage"],"picked":"Perfected Strike","floor":25},{"not_picked":["Clothesline","Armaments"],"picked":"Second Wind","floor":28},{"not_picked":["Juggernaut","Cleave"],"picked":"True Grit+1","floor":29}],"player_experience":3484198,"relics_obtained":[{"floor":7.0,"key":"Centennial Puzzle"},{"floor":12.0,"key":"MealTicket"},{"floor":23.0,"key":"Boot"},{"floor":25,"key":"Akabeko"},{"floor":26,"key":"Pen Nib"},{"floor":29,"key":"Juzu Bracelet"}],"event_choices":[{"cards_removed":["Wild Strike"],"damage_healed":0.0,"max_hp_gain":0.0,"max_hp_loss":0.0,"gold_gain":0.0,"event_name":"WeMeetAgain","player_choice":"Gave Card","floor":4.0,"gold_loss":0.0,"damage_taken":0.0,"relics_obtained":["Mango"]},{"cards_removed":["Defend_R"],"damage_healed":0.0,"max_hp_gain":0.0,"max_hp_loss":0.0,"gold_gain":0.0,"event_name":"Golden Wing","player_choice":"Card Removal","floor":11.0,"gold_loss":0.0,"damage_taken":7.0},{"cards_removed":["Defend_R"],"damage_healed":0.0,"max_hp_gain":0.0,"max_hp_loss":0.0,"gold_gain":0.0,"event_name":"Purifier","player_choice":"Purged","floor":13.0,"gold_loss":0.0,"damage_taken":0.0},{"damage_healed":0.0,"max_hp_gain":0.0,"max_hp_loss":0.0,"gold_gain":275.0,"event_name":"Golden Shrine","player_choice":"Desecrate","floor":19.0,"gold_loss":0.0,"damage_taken":0.0,"cards_obtained":["Regret"]},{"damage_healed":0,"gold_gain":0,"player_choice":"Fight","damage_taken":0,"max_hp_gain":0,"max_hp_loss":0,"event_name":"Colosseum","floor":30,"gold_loss":0},{"damage_healed":0,"gold_gain":0,"player_choice":"Fought Nobs","damage_taken":0,"max_hp_gain":0,"max_hp_loss":0,"event_name":"Colosseum","floor":30,"gold_loss":0}],"is_beta":false,"boss_relics":[{"not_picked":["Pandora\u0027s Box","Tiny House"],"picked":"Runic Pyramid"}],"items_purged_floors":[20,27],"is_endless":false,"potions_floor_spawned":[1,3,14,16,22,23,29,30],"killed_by":"Colosseum Nobs","ascension_level":20}}