{"host":"c3lc60y5x60jlt1y","time":1611262296,"event":{"mods":["AchievementEnabler","BaseMod","Bestiary","Colored Map","Minty Spire (QoL Compilation)","Quick Restart","StSLib","ojb\u0027s Info Mod"],"gold_per_floor":[117,48,48,63,75,115,138,182,182,182,182,193,193,213,213,213,213],"floor_reached":16,"language":"ENG","playtime":995,"items_purged":[],"score":196,"play_id":"fd79b660-49ba-487f-9723-504c4d54957f","local_time":"20210121225136","is_ascension_mode":true,"campfire_choices":[{"data":"Skim","floor":10,"key":"SMITH"},{"data":"Glacier","floor":13,"key":"SMITH"},{"data":"Coolheaded","floor":15,"key":"SMITH"}],"circlet_count":0,"master_deck":["AscendersBane","Strike_B+1","Strike_B+1","Strike_B","Strike_B","Defend_B","Defend_B","Defend_B","Defend_B","Zap","Dualcast","Auto Shields","FTL","Coolheaded+1","Cold Snap","Glacier+1","Hologram","Skim+1","Barrage+1"],"relics":["Cracked Core","FossilizedHelix","CeramicFish","The Courier","Singing Bowl","Molten Egg 2"],"acts_visited":["Exordium"],"potions_floor_usage":[7,8,16],"damage_taken":[{"damage":0,"enemies":"Cultist","floor":1,"turns":3},{"damage":0,"enemies":"Small Slimes","floor":4,"turns":3},{"damage":0,"enemies":"Jaw Worm","floor":5,"turns":4},{"damage":8,"enemies":"Gremlin Nob","floor":6,"turns":4},{"damage":0,"enemies":"Exordium Thugs","floor":7,"turns":5},{"damage":3,"enemies":"Lagavulin","floor":8,"turns":10},{"damage":0,"enemies":"Blue Slaver","floor":12,"turns":5},{"damage":12,"enemies":"Large Slime","floor":14,"turns":6},{"damage":25,"enemies":"Hexaghost","floor":16,"turns":10}],"seed_played":"-6612100711494014336","potions_obtained":[{"floor":1,"key":"PotionOfCapacity"},{"floor":4,"key":"SpeedPotion"},{"floor":6,"key":"FocusPotion"},{"floor":14,"key":"PowerPotion"}],"is_trial":false,"path_per_floor":["M","$","?","M","M","E","M","E","T","R","T","M","R","M","R","B"],"character_chosen":"DEFECT","items_purchased":["FTL"],"campfire_rested":0,"item_purchase_floors":[2],"current_hp_per_floor":[64,64,45,45,45,37,37,34,34,34,34,36,36,24,24,0,0],"gold":213,"neow_bonus":"ONE_RARE_RELIC","is_daily":false,"chose_seed":false,"campfire_upgraded":3,"win_rate":0.0,"timestamp":1611262296,"path_taken":["M","?","?","M","M","E","M","E","T","R","?","M","R","M","R","BOSS"],"items_purchased_type":["Card"],"build_version":"2020-12-22","purchased_purges":0,"victory":false,"max_hp_per_floor":[64,64,64,64,64,64,64,64,64,64,64,66,66,66,66,66,66],"card_choices":[{"not_picked":["Loop","Sweeping Beam"],"picked":"Auto Shields","floor":1},{"not_picked":["Reprogram","Streamline"],"picked":"Coolheaded","floor":4},{"not_picked":["Conserve Battery","Barrage"],"picked":"Cold Snap","floor":5},{"not_picked":["Skim","Reinforced Body"],"picked":"Glacier","floor":6},{"not_picked":["Auto Shields","Sweeping Beam"],"picked":"Hologram","floor":7},{"not_picked":["Coolheaded","Turbo"],"picked":"Skim","floor":8},{"not_picked":["Cold Snap+1","Heatsinks","Gash+1"],"picked":"Singing Bowl","floor":12},{"not_picked":["Sweeping Beam+1","Leap"],"picked":"Barrage+1","floor":14}],"player_experience":8282014,"relics_obtained":[{"floor":6,"key":"CeramicFish"},{"floor":8,"key":"The Courier"},{"floor":9,"key":"Singing Bowl"},{"floor":11,"key":"Molten Egg 2"}],"event_choices":[{"damage_healed":0,"gold_gain":0,"player_choice":"Entered Light","damage_taken":19,"max_hp_gain":0,"max_hp_loss":0,"event_name":"Shining Light","floor":3,"gold_loss":0,"cards_upgraded":["Strike_B","Strike_B"]}],"is_beta":false,"boss_relics":[],"items_purged_floors":[],"is_endless":false,"potions_floor_spawned":[1,4,6,14],"killed_by":"Hexaghost","ascension_level":15}}