{"host":"867cnhxguf2bzj4x","time":1611270464,"event":{"mods":["BaseMod","BetterRewards","Duelist Mod","GifTheSpireLib","Lobotomy","Minty Spire (QoL Compilation)","StSLib","The Bug Knight","The Cursed","The Necromancer"],"gold_per_floor":[110,110,128,146,157,192,192,192,192,44,44,58,58,58,58,58,58,58,58],"floor_reached":16,"language":"ENG","playtime":554,"items_purged":[],"score":100,"play_id":"a46ed99c-2cd2-46f9-9354-00702dff5b46","local_time":"20210122000744","is_ascension_mode":false,"campfire_choices":[{"floor":8,"key":"REST"},{"data":"Crippling Poison","floor":11,"key":"SMITH"},{"data":"Poisoned Stab","floor":13,"key":"SMITH"},{"data":"Deadly Poison","floor":15,"key":"SMITH"}],"circlet_count":0,"master_deck":["Strike_G","Strike_G","Strike_G","Strike_G","Strike_G","Defend_G","Defend_G","Defend_G","Defend_G","Defend_G","Survivor","Neutralize","RedShoes","Deadly Poison+1","Laetitia","Dagger Throw","Murderer","Escape Plan","LongBird","Crippling Poison+1","PunishingBird","Poisoned Stab+1"],"relics":["Ring of the Snake","CogitoBucket","Nunchaku","Pantograph","NlothsMask","Sling","ResearcherNote"],"acts_visited":[],"potions_floor_usage":[5,12,16],"damage_taken":[{"damage":5,"enemies":"Small Slimes","floor":1,"turns":5},{"damage":4,"enemies":"Cultist","floor":3,"turns":4},{"damage":2,"enemies":"2 Louse","floor":4,"turns":2},{"damage":27,"enemies":"Gremlin Gang","floor":5,"turns":6},{"damage":41,"enemies":"Gremlin Nob","floor":6,"turns":4},{"damage":9,"enemies":"Exordium Wildlife","floor":12,"turns":4},{"damage":54,"enemies":"The Guardian","floor":16,"turns":7},{"damage":62,"enemies":"The Guardian","floor":16,"turns":7}],"seed_played":"6450755050683954803","potions_obtained":[{"floor":3,"key":"EntropicBrew"},{"floor":12,"key":"Dexterity Potion"}],"is_trial":false,"path_per_floor":["M","?","M","M","M","E","?","R","T","$","R","M","R","$","R","B"],"character_chosen":"THE_SILENT","items_purchased":["Sling"],"campfire_rested":1,"item_purchase_floors":[10],"current_hp_per_floor":[65,65,61,59,32,21,21,42,42,42,42,33,33,33,33,4,4,0,0],"gold":58,"neow_bonus":"","is_daily":false,"chose_seed":false,"campfire_upgraded":3,"win_rate":0.0,"timestamp":1611270464,"path_taken":["M","?","?","M","?","E","?","R","T","$","R","M","R","?","R","BOSS"],"items_purchased_type":["Relic"],"build_version":"2020-12-22","purchased_purges":0,"victory":false,"max_hp_per_floor":[70,70,70,70,70,70,70,70,70,70,70,70,70,70,70,70,70,70,70],"card_choices":[{"not_picked":["VoidDream","SpiderBud"],"picked":"OSAHOGD","floor":1},{"not_picked":["PiercingWail","Riddle With Holes","Setup"],"picked":"SKIP","floor":1},{"not_picked":["Wellcheers","LittleHelper"],"picked":"RedShoes","floor":3},{"not_picked":["Skewer","Wraith Form v2"],"picked":"Deadly Poison","floor":3},{"not_picked":["Wellcheers","CrumblingArmor"],"picked":"Laetitia","floor":4},{"not_picked":["Expertise","Endless Agony"],"picked":"Dagger Throw","floor":4},{"not_picked":["PunishingBird","QueenBee"],"picked":"Murderer","floor":5},{"not_picked":["Quick Slash","All Out Attack"],"picked":"Escape Plan","floor":5},{"not_picked":["WallGazer","Wellcheers"],"picked":"LongBird","floor":6},{"not_picked":["Bouncing Flask","Sucker Punch"],"picked":"Crippling Poison","floor":6},{"not_picked":["BeautyBeast","Scorched"],"picked":"PunishingBird","floor":12},{"not_picked":["Setup","Endless Agony"],"picked":"Poisoned Stab","floor":12}],"player_experience":122306,"relics_obtained":[{"floor":6,"key":"Pantograph"}],"event_choices":[{"cards_removed":["OSAHOGD"],"damage_healed":0,"gold_gain":0,"player_choice":"Gave Card","damage_taken":0,"relics_obtained":["Nunchaku"],"max_hp_gain":0,"max_hp_loss":0,"event_name":"WeMeetAgain","floor":2,"gold_loss":0},{"damage_healed":0,"gold_gain":0,"player_choice":"Trade","damage_taken":0,"relics_obtained":["NlothsMask"],"max_hp_gain":0,"max_hp_loss":0,"event_name":"FaceTrader","floor":7,"gold_loss":0}],"is_beta":false,"boss_relics":[],"items_purged_floors":[],"is_endless":false,"potions_floor_spawned":[3,12],"killed_by":"The Guardian","ascension_level":0}}