{"host":"s5d39dhq0ddhxhke","time":1611255720,"event":{"mods":["AchievementEnabler","BaseMod","Colored Map","Minty Spire (QoL Compilation)","SuperFastMode"],"gold_per_floor":[115,115,130,130,130,161,173,173,173,193,204,235,249,266,266,345,345,355,295,314,229,245,245,271,191,191,281,314,28,44,144,144,221,221,233,260,260,285,300,300,31,0,0,33,33,44,44,58,58,58],"floor_reached":51,"language":"ENG","playtime":2195,"items_purged":["Strike_R","Strike_R","Strike_R"],"score":1205,"play_id":"559c72a6-0a4a-4236-90f8-480a6da6931e","local_time":"20210121210200","is_ascension_mode":true,"campfire_choices":[{"floor":8.0,"key":"REST"},{"floor":15.0,"key":"REST"},{"data":"Body Slam","floor":23.0,"key":"SMITH"},{"floor":32.0,"key":"REST"},{"data":"Demon Form","floor":40,"key":"SMITH"},{"floor":45,"key":"REST"},{"data":"Limit Break","floor":49,"key":"SMITH"}],"circlet_count":0,"master_deck":["AscendersBane","Strike_R+1","Defend_R+1","Defend_R","Defend_R","Defend_R","Bash","Clothesline","Flame Barrier","Body Slam+1","Flame Barrier","Demon Form+1","Shrug It Off+1","Limit Break+1","Metallicize","Seeing Red"],"relics":["Philosopher\u0027s Stone","White Beast Statue","The Courier","Art of War","Oddly Smooth Stone","Velvet Choker","Pocketwatch","Strawberry","Pantograph","Ornamental Fan","Paper Frog","Pen Nib","Unceasing Top","Membership Card","Bronze Scales","Red Mask","Self Forming Clay","Question Card"],"acts_visited":["Exordium","TheCity","TheBeyond"],"potions_floor_usage":[44,50],"damage_taken":[{"damage":8.0,"enemies":"Jaw Worm","floor":1.0,"turns":3.0},{"damage":3.0,"enemies":"2 Louse","floor":3.0,"turns":2.0},{"damage":23.0,"enemies":"Gremlin Nob","floor":6.0,"turns":4.0},{"damage":0.0,"enemies":"Cultist","floor":7.0,"turns":3.0},{"damage":1.0,"enemies":"Blue Slaver","floor":10.0,"turns":3.0},{"damage":0.0,"enemies":"Red Slaver","floor":11.0,"turns":2.0},{"damage":32.0,"enemies":"3 Sentries","floor":12.0,"turns":8.0},{"damage":11.0,"enemies":"Exordium Wildlife","floor":13.0,"turns":5.0},{"damage":0.0,"enemies":"Looter","floor":14.0,"turns":3.0},{"damage":21.0,"enemies":"The Guardian","floor":16.0,"turns":14.0},{"damage":0.0,"enemies":"Spheric Guardian","floor":18.0,"turns":4.0},{"damage":0.0,"enemies":"Shell Parasite","floor":20.0,"turns":5.0},{"damage":15.0,"enemies":"Centurion and Healer","floor":22.0,"turns":4.0},{"damage":17.0,"enemies":"Slavers","floor":24.0,"turns":7.0},{"damage":19.0,"enemies":"Gremlin Leader","floor":28.0,"turns":5.0},{"damage":0.0,"enemies":"Chosen and Byrds","floor":30.0,"turns":4.0},{"damage":12.0,"enemies":"Champ","floor":33.0,"turns":12.0},{"damage":8.0,"enemies":"Orb Walker","floor":35.0,"turns":4.0},{"damage":3.0,"enemies":"Mind Bloom Boss Battle","floor":38.0,"turns":7.0},{"damage":33,"enemies":"3 Shapes","floor":39,"turns":7},{"damage":39,"enemies":"Giant Head","floor":44,"turns":9},{"damage":5,"enemies":"3 Darklings","floor":46,"turns":5},{"damage":7,"enemies":"Jaw Worm Horde","floor":48,"turns":5},{"damage":68,"enemies":"Awakened One","floor":50,"turns":9}],"seed_played":"-238783907271855657","potions_obtained":[{"floor":3.0,"key":"Dexterity Potion"},{"floor":6.0,"key":"ElixirPotion"},{"floor":7.0,"key":"Fire Potion"},{"floor":10.0,"key":"Explosive Potion"},{"floor":11.0,"key":"Regen Potion"},{"floor":12.0,"key":"Regen Potion"},{"floor":13.0,"key":"Block Potion"},{"floor":14.0,"key":"Block Potion"},{"floor":16.0,"key":"CultistPotion"},{"floor":18.0,"key":"Weak Potion"},{"floor":20.0,"key":"SneckoOil"},{"floor":22.0,"key":"Dexterity Potion"},{"floor":24.0,"key":"Strength Potion"},{"floor":28.0,"key":"LiquidMemories"},{"floor":30.0,"key":"BloodPotion"},{"floor":44,"key":"PowerPotion"}],"is_trial":false,"path_per_floor":["M","?","M","?","?","E","M","R","T","M","M","E","M","M","R","B",null,"M","$","M","?","M","R","E","$","T","?","E","$","M","?","R","B",null,"M","T","?","?","M","R","$","?","T","E","R","M","?","M","R","B",null],"character_chosen":"IRONCLAD","items_purchased":["Paper Frog","FairyPotion","Membership Card","Bronze Scales","Metallicize"],"campfire_rested":4,"item_purchase_floors":[29,29,41,41,41],"current_hp_per_floor":[64,57,54,38,31,8,8,32,32,31,31,14,17,17,41,20,65,65,65,65,65,50,50,40,40,40,28,9,9,9,9,35,48,77,69,69,69,84,51,51,51,51,51,29,55,50,50,43,43,26],"gold":58,"neow_bonus":"BOSS_RELIC","is_daily":false,"chose_seed":false,"campfire_upgraded":3,"win_rate":0.0,"timestamp":1611255720,"path_taken":["M","?","M","?","?","E","M","R","T","M","M","E","?","M","R","BOSS","M","$","M","?","M","R","E","$","T","?","E","$","?","?","R","BOSS","M","?","?","?","M","R","$","?","T","E","R","M","?","M","R","BOSS"],"items_purchased_type":["Relic","Potion","Relic","Relic","Card"],"build_version":"2020-12-22","purchased_purges":3,"victory":true,"max_hp_per_floor":[80,80,80,80,80,80,80,80,80,80,80,80,80,80,80,80,80,80,80,80,80,80,80,87,87,87,87,87,87,87,87,87,87,87,87,87,87,87,87,87,87,87,87,87,87,87,87,87,87,87],"card_choices":[{"not_picked":["Heavy Blade","Dual Wield"],"picked":"Clothesline","floor":1.0},{"not_picked":["Cleave","Hemokinesis","Iron Wave"],"picked":"SKIP","floor":3.0},{"not_picked":["Wild Strike","Limit Break","Hemokinesis"],"picked":"SKIP","floor":6.0},{"not_picked":["Entrench","Iron Wave","Thunderclap"],"picked":"SKIP","floor":7.0},{"not_picked":["Heavy Blade","Metallicize"],"picked":"Flame Barrier","floor":10.0},{"not_picked":["Headbutt","Pummel"],"picked":"Body Slam","floor":11.0},{"not_picked":["Perfected Strike","Clothesline"],"picked":"Flame Barrier","floor":12.0},{"not_picked":["Body Slam","Evolve","Rage"],"picked":"SKIP","floor":13.0},{"not_picked":["Iron Wave","Anger","Flex"],"picked":"SKIP","floor":14.0},{"not_picked":["Offering","Exhume"],"picked":"Demon Form","floor":16.0},{"not_picked":["Warcry","Havoc","Sever Soul"],"picked":"SKIP","floor":18.0},{"not_picked":["Headbutt","Pommel Strike","Clash"],"picked":"SKIP","floor":20.0},{"not_picked":["Flex+1","Evolve"],"picked":"Shrug It Off+1","floor":22.0},{"not_picked":["Headbutt","Fiend Fire","Intimidate"],"picked":"SKIP","floor":24.0},{"not_picked":["Cleave","Pommel Strike+1","Shrug It Off"],"picked":"SKIP","floor":28.0},{"not_picked":["Entrench","Pommel Strike","Intimidate"],"picked":"SKIP","floor":30.0},{"not_picked":["Offering","Bludgeon"],"picked":"Limit Break","floor":33.0},{"not_picked":["Clothesline","Rampage+1","Infernal Blade"],"picked":"SKIP","floor":35.0},{"not_picked":["Reckless Charge","Twin Strike","Sword Boomerang+1"],"picked":"SKIP","floor":39},{"not_picked":["Rampage","Cleave"],"picked":"Seeing Red","floor":44},{"not_picked":["Cleave+1","Body Slam","Sentinel","Pommel Strike"],"picked":"SKIP","floor":46},{"not_picked":["Metallicize","Combust+1","Headbutt+1","Shrug It Off"],"picked":"SKIP","floor":48}],"player_experience":453316,"relics_obtained":[{"floor":6.0,"key":"The Courier"},{"floor":9.0,"key":"Art of War"},{"floor":12.0,"key":"Oddly Smooth Stone"},{"floor":24.0,"key":"Strawberry"},{"floor":26.0,"key":"Pantograph"},{"floor":28.0,"key":"Ornamental Fan"},{"floor":36.0,"key":"Pen Nib"},{"floor":38.0,"key":"Unceasing Top"},{"floor":43,"key":"Self Forming Clay"},{"floor":44,"key":"Question Card"}],"event_choices":[{"cards_removed":["Strike_R"],"damage_healed":0.0,"max_hp_gain":0.0,"max_hp_loss":0.0,"gold_gain":0.0,"event_name":"Golden Wing","player_choice":"Card Removal","floor":2.0,"gold_loss":0.0,"damage_taken":7.0},{"damage_healed":0.0,"max_hp_gain":0.0,"max_hp_loss":0.0,"gold_gain":0.0,"event_name":"Shining Light","player_choice":"Entered Light","floor":4.0,"gold_loss":0.0,"damage_taken":16.0,"cards_upgraded":["Strike_R","Defend_R"]},{"damage_healed":0.0,"max_hp_gain":0.0,"max_hp_loss":0.0,"gold_gain":0.0,"event_name":"Scrap Ooze","player_choice":"Success","floor":5.0,"gold_loss":0.0,"damage_taken":7.0,"relics_obtained":["White Beast Statue"]},{"damage_healed":0.0,"max_hp_gain":0.0,"max_hp_loss":0.0,"gold_gain":0.0,"event_name":"Addict","player_choice":"Obtained Relic","floor":21.0,"gold_loss":85.0,"damage_taken":0.0,"relics_obtained":["Pocketwatch"]},{"damage_healed":0.0,"max_hp_gain":0.0,"max_hp_loss":0.0,"gold_gain":90.0,"event_name":"Knowing Skull","player_choice":"GOLD ","floor":27.0,"potions_obtained":[],"gold_loss":0.0,"damage_taken":12.0,"cards_obtained":[]},{"damage_healed":0.0,"max_hp_gain":0.0,"max_hp_loss":0.0,"gold_gain":100.0,"event_name":"Golden Shrine","player_choice":"Pray","floor":31.0,"gold_loss":0.0,"damage_taken":0.0},{"damage_healed":0.0,"max_hp_gain":0.0,"max_hp_loss":0.0,"gold_gain":0.0,"event_name":"SensoryStone","player_choice":"Memory 1","floor":37.0,"gold_loss":0.0,"damage_taken":0.0},{"damage_healed":0.0,"max_hp_gain":0.0,"max_hp_loss":0.0,"gold_gain":0.0,"event_name":"MindBloom","player_choice":"Fight","floor":38.0,"gold_loss":0.0,"damage_taken":0.0},{"damage_healed":0,"gold_gain":0,"player_choice":"Paid","damage_taken":0,"relics_obtained":["Red Mask"],"max_hp_gain":0,"max_hp_loss":0,"event_name":"Tomb of Lord Red Mask","floor":42,"gold_loss":31},{"damage_healed":0,"gold_gain":0,"player_choice":"Ignored","damage_taken":0,"max_hp_gain":0,"max_hp_loss":0,"event_name":"Mysterious Sphere","floor":47,"gold_loss":0}],"is_beta":false,"boss_relics":[{"not_picked":["Tiny House","Empty Cage"],"picked":"Velvet Choker"},{"not_picked":["Fusion Hammer","Pandora\u0027s Box","Runic Dome"]}],"items_purged_floors":[19,25,41],"is_endless":false,"potions_floor_spawned":[3,6,7,10,11,12,13,14,16,18,20,22,24,28,30,33,35,38,39,44,46,48],"ascension_level":13}}