{"host":"xx5zt3jtdyh8iun7","time":1611231671,"event":{"mods":["AchievementEnabler","Act Like it!","BaseMod","Downfall","Minty Spire (QoL Compilation)","StSLib","The Marked"],"gold_per_floor":[99,115,132,146,161,180,180,80,107,121,121,21,21,40,51,150,150,150,168,10,27,27,27,51,51,62,93,93,104,130,143,143,245,245,245,257,257,257,257],"floor_reached":37,"language":"ENG","playtime":5261,"items_purged":["bronze:Strike"],"score":690,"play_id":"df62b8ea-f523-41fb-b274-30228f81fea3","local_time":"20210121132111","is_ascension_mode":false,"campfire_choices":[{"floor":1,"key":"RECALL"},{"data":"bronze:Optimize","floor":8,"key":"SMITH"},{"floor":12,"key":"REST"},{"data":"bronze:CloningBeam","floor":18,"key":"SMITH"},{"data":"bronze:Boost","floor":25,"key":"SMITH"},{"floor":28,"key":"REST"},{"data":"bronze:AlphaBuild","floor":35,"key":"SMITH"}],"circlet_count":0,"master_deck":["bronze:Strike","bronze:Strike","bronze:Defend","bronze:Defend","bronze:Defend","bronze:Defend","bronze:Replicate","bronze:Goto","bronze:Optimize+1","bronze:GetLatest","bronze:Iterate","bronze:ForLoop","bronze:CutThrough","bronze:HyperBeam","bronze:FineTuning","bronze:DelayedGuard","bronze:CloningBeam+1","bronze:ForceShield","bronze:HardenedForm+1","bronze:Deprecate","bronze:GetLatest+1","bronze:ClassDefault+1","bronze:Boost+1","bronze:HardenedForm+1","bronze:Shield+1","bronze:AlphaBuild+1","bronze:Allocate","bronze:CleanCode+1","CurseOfTheBell","bronze:ForceShield"],"relics":["bronze:BronzeCore","Pear","downfall:HeartBlessingRed","Frozen Egg 2","downfall:HeartBlessingGreen","SlaversCollar","Boot","Tiny Chest","Nunchaku","Calling Bell","Pen Nib","Letter Opener","Du-Vu Doll"],"acts_visited":["Exordium","TheCity","TheBeyond"],"potions_floor_usage":[6,9,16,16,19,26,32,36,37],"damage_taken":[{"damage":1,"enemies":"Cultist","floor":2,"turns":4},{"damage":0,"enemies":"2 Louse","floor":3,"turns":3},{"damage":2,"enemies":"Small Slimes","floor":4,"turns":2},{"damage":9,"enemies":"2 Fungi Beasts","floor":5,"turns":4},{"damage":0,"enemies":"3 Louse","floor":6,"turns":4},{"damage":36,"enemies":"3 Sentries","floor":9,"turns":4},{"damage":6,"enemies":"Red Slaver","floor":10,"turns":4},{"damage":0,"enemies":"2 Fungi Beasts","floor":14,"turns":1},{"damage":4,"enemies":"Gremlin Gang","floor":15,"turns":4},{"damage":13,"enemies":"DF_ARCHETYPE_STREAMLINE","floor":16,"turns":9},{"damage":12,"enemies":"Shell Parasite","floor":19,"turns":3},{"damage":0,"enemies":"downfall:FleeingMerchant","floor":20,"turns":4},{"damage":15,"enemies":"3 Byrds","floor":21,"turns":5},{"damage":10,"enemies":"Sentry and Sphere","floor":26,"turns":7},{"damage":12,"enemies":"Gremlin Leader","floor":27,"turns":5},{"damage":0,"enemies":"3 Cultists","floor":29,"turns":5},{"damage":10,"enemies":"Slavers","floor":30,"turns":3},{"damage":4,"enemies":"Chosen and Byrds","floor":31,"turns":6},{"damage":0,"enemies":"Centurion and Healer","floor":32,"turns":1},{"damage":0,"enemies":"WA_ARCHETYPE_CALM","floor":33,"turns":4},{"damage":60,"enemies":"Orb Walker","floor":36,"turns":7},{"damage":32,"enemies":"Orb Walker","floor":37,"turns":5}],"seed_played":"3889196244084069126","potions_obtained":[{"floor":4,"key":"ColorlessPotion"},{"floor":6,"key":"ColorlessPotion"},{"floor":9,"key":"SteroidPotion"},{"floor":14,"key":"SkillPotion"},{"floor":15,"key":"SpeedPotion"},{"floor":19,"key":"CultistPotion"},{"floor":21,"key":"DistilledChaos"},{"floor":29,"key":"SmokeBomb"},{"floor":33,"key":"Swift Potion"},{"floor":36,"key":"Guardian:BlockOnCardUsePotion"}],"is_trial":false,"path_per_floor":["R","M","M","M","M","M","T","R","E","M","?","R","?","M","M","B",null,"R","M","$","M","?","?","T","R","M","E","R","M","E","M","M","B",null,"R","M","?"],"character_chosen":"THE_AUTOMATON","items_purchased":["bronze:ClassDefault+1"],"campfire_rested":2,"item_purchase_floors":[20],"current_hp_per_floor":[77,76,76,74,65,65,75,75,39,33,33,59,59,59,55,42,87,87,75,75,60,60,60,60,60,50,38,64,64,54,50,50,50,87,87,27,0,0,0],"gold":257,"neow_bonus":"TEN_PERCENT_HP_BONUS","is_daily":false,"chose_seed":false,"campfire_upgraded":4,"win_rate":0.0,"timestamp":1611231671,"path_taken":["R","M","M","M","M","M","T","R","E","?","?","R","?","M","M","BOSS","R","M","$","M","?","?","T","R","M","E","R","M","E","M","M","BOSS","R","M","?"],"items_purchased_type":["Card"],"build_version":"2020-12-22","purchased_purges":1,"victory":false,"max_hp_per_floor":[77,77,77,77,77,77,87,87,87,87,87,87,87,87,87,87,87,87,87,87,87,87,87,87,87,87,87,87,87,87,87,87,87,87,87,87,87,87,87],"card_choices":[{"not_picked":["bronze:Deprecate","bronze:FollowUp"],"picked":"bronze:Optimize","floor":2},{"not_picked":["bronze:BugBarrage","bronze:Repair"],"picked":"bronze:GetLatest","floor":3},{"not_picked":["bronze:DelayedGuard","bronze:BronzeArmor"],"picked":"bronze:Iterate","floor":4},{"not_picked":["bronze:Backtrace","bronze:Turbo"],"picked":"bronze:ForLoop","floor":5},{"not_picked":["bronze:Deprecate","bronze:NullPointer"],"picked":"bronze:CutThrough","floor":6},{"not_picked":["bronze:ForLoop","bronze:Invalidate"],"picked":"bronze:HyperBeam","floor":9},{"not_picked":["bronze:Shield","bronze:DarkDash"],"picked":"bronze:FineTuning","floor":10},{"not_picked":["bronze:Deprecate","bronze:Return"],"picked":"bronze:CloningBeam","floor":14},{"not_picked":["bronze:OilSpill","bronze:CutThrough"],"picked":"bronze:ForceShield","floor":15},{"not_picked":["bronze:CleanCode+1","bronze:Format"],"picked":"bronze:HardenedForm+1","floor":16},{"not_picked":["bronze:OilSpill","bronze:Philosophize"],"picked":"bronze:Deprecate","floor":19},{"not_picked":["bronze:Overheat+1","bronze:FineTuning"],"picked":"bronze:GetLatest+1","floor":20},{"not_picked":["bronze:DelayedSlice","bronze:Overheat+1"],"picked":"bronze:Boost","floor":21},{"not_picked":["bronze:WildBeam","bronze:Shell+1"],"picked":"bronze:HardenedForm+1","floor":26},{"not_picked":["bronze:BitShift","bronze:Overheat"],"picked":"bronze:Shield+1","floor":27},{"not_picked":["bronze:DelayedSlice","bronze:CutThrough","bronze:Deprecate"],"picked":"SKIP","floor":29},{"not_picked":["bronze:HyperBeam","bronze:Optimize+1"],"picked":"bronze:AlphaBuild","floor":30},{"not_picked":["bronze:WildBeam","bronze:BugBarrage"],"picked":"bronze:Allocate","floor":31},{"not_picked":["bronze:BurnOut","bronze:HyperBeam"],"picked":"bronze:CleanCode+1","floor":33},{"not_picked":["bronze:WhirlingStrike","bronze:OilSpill+1"],"picked":"bronze:ForceShield","floor":36}],"player_experience":850072,"relics_obtained":[{"floor":7,"key":"Pear"},{"floor":9,"key":"Frozen Egg 2"},{"floor":24,"key":"Boot"},{"floor":27,"key":"Tiny Chest"},{"floor":30,"key":"Nunchaku"},{"floor":34,"key":"Pen Nib"},{"floor":34,"key":"Letter Opener"},{"floor":34,"key":"Du-Vu Doll"}],"event_choices":[{"damage_healed":0,"gold_gain":0,"player_choice":"Ignored","damage_taken":0,"max_hp_gain":0,"max_hp_loss":0,"event_name":"Vampires","floor":23,"gold_loss":0}],"is_beta":false,"boss_relics":[{"not_picked":["Velvet Choker","Snecko Eye"],"picked":"SlaversCollar"},{"not_picked":["Empty Cage","Fusion Hammer"],"picked":"Calling Bell"}],"items_purged_floors":[20],"is_endless":false,"potions_floor_spawned":[4,6,9,14,15,19,21,29,33,36],"killed_by":"Orb Walker","ascension_level":0}}