{"host":"hzinic87vu8p95wn","time":1611232861,"event":{"mods":["BaseMod","Minty Spire (QoL Compilation)"],"gold_per_floor":[116,116,116,136,152,181,191,191,216,216,244,244,264,50,50,50,50],"floor_reached":16,"language":"ENG","playtime":547,"items_purged":[],"score":209,"play_id":"d1ad8370-5330-4212-858d-88557d0bad29","local_time":"20210121234101","is_ascension_mode":true,"campfire_choices":[{"data":"True Grit","floor":8,"key":"SMITH"},{"data":"Anger","floor":12,"key":"SMITH"},{"data":"Armaments","floor":15,"key":"SMITH"}],"circlet_count":0,"master_deck":["AscendersBane","Strike_R","Strike_R","Strike_R","Strike_R","Strike_R","Defend_R","Defend_R","Defend_R","Defend_R","Battle Trance","Anger+1","True Grit+1","Iron Wave","Limit Break","Armaments+1"],"relics":["Burning Blood","Singing Bowl","PreservedInsect","Centennial Puzzle","Blue Candle","Oddly Smooth Stone"],"acts_visited":["Exordium"],"potions_floor_usage":[4,6,7,11,13],"damage_taken":[{"damage":4,"enemies":"Small Slimes","floor":1,"turns":5},{"damage":8,"enemies":"Jaw Worm","floor":4,"turns":7},{"damage":2,"enemies":"2 Louse","floor":5,"turns":3},{"damage":30,"enemies":"3 Sentries","floor":6,"turns":10},{"damage":12,"enemies":"Gremlin Gang","floor":7,"turns":6},{"damage":2,"enemies":"Gremlin Nob","floor":11,"turns":3},{"damage":2,"enemies":"Exordium Wildlife","floor":13,"turns":3},{"damage":0,"enemies":"Slime Boss","floor":16,"turns":3}],"seed_played":"-6239543523143360114","potions_obtained":[{"floor":1,"key":"GamblersBrew"},{"floor":5,"key":"Fire Potion"},{"floor":6,"key":"DuplicationPotion"},{"floor":10,"key":"Fire Potion"},{"floor":10,"key":"SteroidPotion"}],"is_trial":false,"path_per_floor":["M","?","T","M","M","E","M","R","T","?","E","R","M","$","R","B"],"character_chosen":"IRONCLAD","items_purchased":["Armaments","Oddly Smooth Stone"],"campfire_rested":0,"item_purchase_floors":[14,14],"current_hp_per_floor":[70,70,70,68,72,48,44,44,44,44,48,48,54,54,54,54,54],"gold":50,"neow_bonus":"REMOVE_CARD","is_daily":false,"chose_seed":false,"campfire_upgraded":3,"win_rate":0.0,"timestamp":1611232861,"path_taken":["M","?","?","M","M","E","M","R","T","?","E","R","?","$","R","BOSS"],"items_purchased_type":["Card","Relic"],"build_version":"2020-12-22","purchased_purges":0,"victory":false,"max_hp_per_floor":[75,75,75,75,75,75,77,77,77,77,77,77,79,79,79,79,79],"card_choices":[{"not_picked":["Pommel Strike","Bloodletting"],"picked":"Battle Trance","floor":1},{"not_picked":["Heavy Blade","Iron Wave"],"picked":"Anger","floor":4},{"not_picked":["Thunderclap","Heavy Blade"],"picked":"True Grit","floor":5},{"not_picked":["Dual Wield","Intimidate"],"picked":"Iron Wave","floor":6},{"not_picked":["True Grit","Havoc","Shrug It Off"],"picked":"Singing Bowl","floor":7},{"not_picked":["Seeing Red","True Grit"],"picked":"Limit Break","floor":11},{"not_picked":["Wild Strike","Sever Soul","Iron Wave"],"picked":"Singing Bowl","floor":13}],"player_experience":1589558,"relics_obtained":[{"floor":3,"key":"Singing Bowl"},{"floor":6,"key":"PreservedInsect"},{"floor":9,"key":"Centennial Puzzle"},{"floor":11,"key":"Blue Candle"}],"event_choices":[{"damage_healed":0,"gold_gain":0,"player_choice":"Leave","damage_taken":0,"max_hp_gain":0,"max_hp_loss":0,"event_name":"The Cleric","floor":2,"gold_loss":0},{"damage_healed":0,"gold_gain":0,"player_choice":"Got Potions","damage_taken":0,"max_hp_gain":0,"max_hp_loss":0,"event_name":"Lab","floor":10,"gold_loss":0}],"is_beta":false,"boss_relics":[],"items_purged_floors":[],"is_endless":false,"potions_floor_spawned":[1,5,6],"killed_by":"Slime Boss","ascension_level":18}}