{"host":"h9c2ptiayi21rmia","time":1611265787,"event":{"mods":["AchievementEnabler","Aspiration","BaseMod","Better Altar","Better Match","Better Note","Better Sensory Stone","Better Skull","Better Third Choice","Better Vampires","Block Reminder","ChefMod","Dio Mod","Evolution","Hermit","Hubris","JesterMod","Jorbs\u0027s Wanderer Trilogy","Kratos Character Expansion","Minty Spire (QoL Compilation)","Permanent Neow","Relic Stats","Replay The Spire","Shade Mod","Small Relic Pack","Spicy Shops","StS++","StSLib","The Dragon Tamer","The Marked","TheSwordswoman"],"gold_per_floor":[113,131,28,41,51,77,77,107,154,154,154,154],"floor_reached":11,"language":"ENG","playtime":901,"items_purged":[],"score":83,"play_id":"d825f53f-2899-419c-b9bc-880bd463cc11","local_time":"20210121164947","is_ascension_mode":false,"campfire_choices":[{"floor":7,"key":"REST"}],"circlet_count":0,"master_deck":["hermit:Strike_Hermit","hermit:Strike_Hermit","hermit:Strike_Hermit","hermit:Strike_Hermit","hermit:Defend_Hermit","hermit:Defend_Hermit","hermit:Defend_Hermit","hermit:Defend_Hermit","hermit:Snapshot","hermit:Covet","DTMod:Strike","stsjorbsmod:Defend_Wanderer","hermit:Dissolve","hermit:CalledShot","hermit:Vantage","hermit:BigShot","hermit:NoHoldsBarred","hermit:Headshot","hermit:RoundhouseKick","hermit:Determination","Amnesia"],"relics":["hermit:Momento","EVO:Axolotl","Bottled Lightning","Peace Pipe","Juzu Bracelet","Ring of Peace"],"acts_visited":["Exordium"],"potions_floor_usage":[6,6,8],"damage_taken":[{"damage":15,"enemies":"Jaw Worm","floor":1,"turns":4},{"damage":5,"enemies":"2 Louse","floor":2,"turns":3},{"damage":0,"enemies":"Cultist","floor":4,"turns":3},{"damage":0,"enemies":"Lots of Slimes","floor":5,"turns":1},{"damage":14,"enemies":"Gremlin Nob","floor":6,"turns":4},{"damage":52,"enemies":"Lagavulin","floor":8,"turns":8},{"damage":0,"enemies":"Gremlin Nob","floor":11,"turns":2}],"seed_played":"371107694388273787","potions_obtained":[{"floor":4,"key":"PowerPotion"},{"floor":5,"key":"SteroidPotion"},{"floor":6,"key":"Explosive Potion"}],"is_trial":false,"path_per_floor":["M","M","$","M","M","E","R","E","T","?","E"],"character_chosen":"HERMIT","items_purchased":["hermit:BigShot"],"campfire_rested":1,"item_purchase_floors":[3],"current_hp_per_floor":[60,55,55,55,55,41,63,11,11,11,11,11],"gold":154,"neow_bonus":"THREE_RARE_CARDS","is_daily":false,"chose_seed":false,"campfire_upgraded":0,"win_rate":0.0,"timestamp":1611265787,"path_taken":["M","M","$","M","M","E","R","E","T","?","E"],"items_purchased_type":["Card"],"build_version":"2020-12-22","purchased_purges":0,"victory":false,"max_hp_per_floor":[75,75,75,75,75,75,75,75,75,75,75,75],"relic_stats":{"Peace Pipe":0,"counters":[7,25],"Juzu Bracelet":0,"obtain_stats":[{"Peace Pipe":8,"Ring of Peace":10,"Juzu Bracelet":9,"EVO:Axolotl":0,"Bottled Lightning":6,"hermit:Momento":0},{"Peace Pipe":6,"Ring of Peace":6,"Juzu Bracelet":6,"EVO:Axolotl":0,"Bottled Lightning":5,"hermit:Momento":0},{"Peace Pipe":23,"Ring of Peace":23,"Juzu Bracelet":23,"EVO:Axolotl":0,"Bottled Lightning":15,"hermit:Momento":0}]},"card_choices":[{"not_picked":["hermit:Roughhouse","hermit:Magnum"],"picked":"hermit:Dissolve","floor":0},{"not_picked":["hermit:Vantage","hermit:SprayPray"],"picked":"hermit:CalledShot","floor":1},{"not_picked":["hermit:Manifest","hermit:Quickdraw"],"picked":"hermit:Vantage","floor":2},{"not_picked":["hermit:DeadMansHand","hermit:BodyArmor"],"picked":"hermit:NoHoldsBarred","floor":4},{"not_picked":["hermit:BodyArmor","hermit:Glare"],"picked":"hermit:Headshot","floor":5},{"not_picked":["hermit:Scavenge","hermit:Malice"],"picked":"hermit:RoundhouseKick","floor":6},{"not_picked":["hermit:Scavenge","hermit:ItchyTrigger"],"picked":"hermit:Determination","floor":8}],"player_experience":242829,"relics_obtained":[{"floor":6,"key":"Bottled Lightning"},{"floor":8,"key":"Peace Pipe"},{"floor":9,"key":"Juzu Bracelet"},{"floor":10,"key":"Ring of Peace"}],"event_choices":[],"is_beta":false,"boss_relics":[],"items_purged_floors":[],"is_endless":false,"potions_floor_spawned":[4,5,6],"killed_by":"Gremlin Nob","ascension_level":0}}