{"host":"zrg8yzdwi219jxzu","time":1611208696,"event":{"mods":["BaseMod","Minty Spire (QoL Compilation)"],"gold_per_floor":[116,41,41,57,74,99,99,199,222,235,235,269,269,283,283,383,383,397,103,116,215,215,243,168,203,229,229,229],"floor_reached":27,"language":"ENG","playtime":706,"items_purged":["Defend_R"],"score":311,"play_id":"d55fb3d0-0c15-4f83-87ea-ab5bbc68fd47","local_time":"20210121005816","is_ascension_mode":true,"campfire_choices":[{"data":"Berserk","floor":7,"key":"SMITH"},{"data":"Perfected Strike","floor":11,"key":"SMITH"},{"data":"Clash","floor":15,"key":"SMITH"}],"circlet_count":0,"master_deck":["Strike_R","Strike_R","Strike_R","Strike_R","Strike_R","Defend_R","Defend_R","Bash","Perfected Strike+1","Deep Breath+1","Berserk+1","Wild Strike","Twin Strike","Clash+1","Rage","Demon Form","Inflame","Perfected Strike+1","Twin Strike+1"],"relics":["Burning Blood","NeowsBlessing","Red Skull","Potion Belt","Happy Flower","Velvet Choker","Brimstone","Juzu Bracelet","MutagenicStrength","Art of War","Pen Nib","Bronze Scales"],"acts_visited":["Exordium","TheCity"],"potions_floor_usage":[12,12,12,18,18,20,23,23,25,25,27],"damage_taken":[{"damage":0,"enemies":"Cultist","floor":1,"turns":1},{"damage":0,"enemies":"Jaw Worm","floor":4,"turns":1},{"damage":0,"enemies":"Small Slimes","floor":5,"turns":1},{"damage":40,"enemies":"3 Sentries","floor":6,"turns":8},{"damage":15,"enemies":"Gremlin Gang","floor":10,"turns":3},{"damage":10,"enemies":"Lagavulin","floor":12,"turns":3},{"damage":0,"enemies":"2 Fungi Beasts","floor":14,"turns":2},{"damage":26,"enemies":"Hexaghost","floor":16,"turns":5},{"damage":7,"enemies":"Chosen","floor":18,"turns":2},{"damage":29,"enemies":"Shell Parasite","floor":20,"turns":4},{"damage":28,"enemies":"Slavers","floor":23,"turns":4},{"damage":18,"enemies":"Book of Stabbing","floor":25,"turns":3},{"damage":30,"enemies":"Gremlin Leader","floor":27,"turns":1}],"seed_played":"-4070582126345098751","potions_obtained":[{"floor":4,"key":"Dexterity Potion"},{"floor":6,"key":"Strength Potion"},{"floor":10,"key":"ColorlessPotion"},{"floor":16,"key":"EntropicBrew"},{"floor":18,"key":"DuplicationPotion"},{"floor":23,"key":"LiquidMemories"}],"is_trial":false,"path_per_floor":["M","$","?","M","M","E","R","?","T","M","R","E","?","M","R","B",null,"M","$","M","?","?","E","?","E","T","E"],"character_chosen":"IRONCLAD","items_purchased":["Brimstone","Juzu Bracelet"],"campfire_rested":0,"item_purchase_floors":[19,19],"current_hp_per_floor":[80,80,80,80,80,46,46,46,46,37,37,33,33,39,39,19,80,79,79,56,56,56,34,34,22,22,0,0],"gold":229,"neow_bonus":"THREE_ENEMY_KILL","is_daily":false,"chose_seed":false,"campfire_upgraded":3,"win_rate":0.0,"timestamp":1611208696,"path_taken":["M","?","?","M","?","E","R","?","T","?","R","E","?","M","R","BOSS","M","$","M","?","?","E","?","E","T","E"],"items_purchased_type":["Relic","Relic"],"build_version":"2020-12-22","purchased_purges":1,"victory":false,"max_hp_per_floor":[80,80,80,80,80,80,80,80,80,80,80,80,80,80,80,80,80,80,80,80,80,80,80,80,80,80,80,80],"card_choices":[{"not_picked":["Clothesline","Hemokinesis"],"picked":"Perfected Strike","floor":1},{"not_picked":["Sword Boomerang","Anger"],"picked":"Wild Strike","floor":4},{"not_picked":["Headbutt","Searing Blow","Bludgeon"],"picked":"SKIP","floor":5},{"not_picked":["Seeing Red","Disarm"],"picked":"Twin Strike","floor":6},{"not_picked":["Heavy Blade","Infernal Blade"],"picked":"Clash","floor":10},{"not_picked":["Shrug It Off","Second Wind"],"picked":"Rage","floor":12},{"not_picked":["Entrench","Sword Boomerang","Heavy Blade"],"picked":"SKIP","floor":14},{"not_picked":["Fiend Fire","Brutality"],"picked":"Demon Form","floor":16},{"not_picked":["Seeing Red","Anger"],"picked":"Inflame","floor":18},{"not_picked":["Iron Wave","Thunderclap","Disarm"],"picked":"SKIP","floor":20},{"not_picked":["Seeing Red","Sentinel"],"picked":"Perfected Strike+1","floor":23},{"not_picked":["Spot Weakness+1","Wild Strike"],"picked":"Twin Strike+1","floor":25}],"player_experience":115194,"relics_obtained":[{"floor":6,"key":"Red Skull"},{"floor":9,"key":"Potion Belt"},{"floor":12,"key":"Happy Flower"},{"floor":23,"key":"Art of War"},{"floor":25,"key":"Pen Nib"},{"floor":26,"key":"Bronze Scales"}],"event_choices":[{"damage_healed":0,"gold_gain":0,"player_choice":"2 cards matched","damage_taken":0,"max_hp_gain":0,"max_hp_loss":0,"event_name":"Match and Keep!","floor":3,"gold_loss":0,"cards_obtained":["Deep Breath","Berserk"]},{"damage_healed":0,"gold_gain":100,"player_choice":"Gold","damage_taken":0,"max_hp_gain":0,"max_hp_loss":0,"event_name":"Wheel of Change","floor":8,"gold_loss":0},{"damage_healed":0,"gold_gain":0,"player_choice":"Upgraded","damage_taken":0,"max_hp_gain":0,"max_hp_loss":0,"event_name":"Upgrade Shrine","floor":13,"gold_loss":0,"cards_upgraded":["Deep Breath"]},{"damage_healed":0,"gold_gain":99,"player_choice":"Stole From Cult","damage_taken":0,"max_hp_gain":0,"max_hp_loss":0,"event_name":"Nest","floor":21,"gold_loss":0},{"damage_healed":0,"gold_gain":0,"player_choice":"Inject Mutagens","damage_taken":0,"relics_obtained":["MutagenicStrength"],"max_hp_gain":0,"max_hp_loss":0,"event_name":"Drug Dealer","floor":22,"gold_loss":0},{"cards_removed":["Defend_R"],"damage_healed":0,"gold_gain":0,"player_choice":"Gave Gold","damage_taken":0,"max_hp_gain":0,"max_hp_loss":0,"event_name":"Beggar","floor":24,"gold_loss":75}],"is_beta":false,"boss_relics":[{"not_picked":["Fusion Hammer","Astrolabe"],"picked":"Velvet Choker"}],"items_purged_floors":[2],"is_endless":false,"potions_floor_spawned":[4,6,10,16,18,23],"killed_by":"Gremlin Leader","ascension_level":4}}