{"host":"cxvb37eaaiijvrl4","time":1611230210,"event":{"mods":["ATMod(阿瑾Mod)","BaseMod","Better Third Choice","Minty Spire (QoL Compilation)","MostiFishMod","Quick Restart","Rare Cards Sparkle","Shop Mod","Spicy Shops","StSLib","TestMod","Uncapped","残留之物"],"gold_per_floor":[109,109,125,50,61,92,112,112,112,123,136,136,154,185,185,258,258,277,291,291,310,328,358,376,402,476,509,509,535,546,578,578,656,656,670,670,690,405,405,431,431,445,527,527,402,430,830,860,860,860,860,860,860,388,413,413],"floor_reached":57,"language":"ZHS","playtime":1628,"items_purged":["Strike_R","Dark Embrace+1","Feel No Pain+1","Defend_R"],"score":3639,"play_id":"deb8d979-c106-48d8-82f1-796e93addc78","local_time":"20210121035650","is_ascension_mode":true,"campfire_choices":[{"data":"Evolve","floor":8,"key":"SMITH"},{"data":"MostiFishMod:HellRitual","floor":12,"key":"SMITH"},{"data":"MostiFishMod:404NotFound","floor":15,"key":"SMITH"},{"data":"Berserk","floor":28,"key":"SMITH"},{"data":"Dark Embrace","floor":32,"key":"SMITH"},{"data":"Barricade","floor":41,"key":"SMITH"},{"data":"Burning Pact","floor":44,"key":"SMITH"},{"floor":49,"key":"RECALL"},{"data":"testmod-BackupPower","floor":53,"key":"SMITH"}],"circlet_count":0,"master_deck":["AscendersBane","Defend_R","Defend_R","Defend_R","AT_EssenceShift+1","Evolve+1","Shrug It Off","Burning Pact+1","MostiFishMod:404NotFound+1","Barricade+1","testmod-BackupPower+1","Flash of Steel"],"relics":["Burning Blood","DaveBox","AT_ATBox","FeatherPendant","testmod-TimeTraveler","SynthV:TestCard","Bronze Scales","HornCleat","DaCapo","ShadowXiaoBlade","Omamori","Potion Belt","Akabeko","ThornShield","Red Mask","MerchantsRug","Medical Kit","HandDrill","Matryoshka","Mercury Hourglass","AT_ImmortalShieldbow","Blue Candle","PlaceholderMod:DaolothFragment","AT_BellowingDragoncrestRing"],"acts_visited":["Exordium","TheCity","TheBeyond","TheEnding"],"potions_floor_usage":[25,29,29,54,54,56,56,56],"damage_taken":[{"damage":11,"enemies":"Cultist","floor":1,"turns":4},{"damage":12,"enemies":"Jaw Worm","floor":3,"turns":2},{"damage":4,"enemies":"Small Slimes","floor":5,"turns":3},{"damage":29,"enemies":"3 Sentries","floor":6,"turns":7},{"damage":0,"enemies":"Red Slaver","floor":7,"turns":2},{"damage":0,"enemies":"Exordium Thugs","floor":10,"turns":4},{"damage":0,"enemies":"Blue Slaver","floor":11,"turns":2},{"damage":0,"enemies":"3 Louse","floor":13,"turns":3},{"damage":0,"enemies":"Lagavulin","floor":14,"turns":4},{"damage":22,"enemies":"The Guardian","floor":16,"turns":5},{"damage":5,"enemies":"Shell Parasite","floor":18,"turns":3},{"damage":0,"enemies":"3 Byrds","floor":19,"turns":1},{"damage":0,"enemies":"Snake Plant","floor":21,"turns":1},{"damage":0,"enemies":"Snecko","floor":22,"turns":1},{"damage":30,"enemies":"Gremlin Leader","floor":23,"turns":3},{"damage":0,"enemies":"Centurion and Healer","floor":24,"turns":1},{"damage":22,"enemies":"Slavers","floor":25,"turns":2},{"damage":4,"enemies":"Gremlin Leader","floor":27,"turns":4},{"damage":22,"enemies":"Slavers","floor":29,"turns":4},{"damage":0,"enemies":"3 Cultists","floor":30,"turns":3},{"damage":0,"enemies":"Masked Bandits","floor":31,"turns":1},{"damage":0,"enemies":"Collector","floor":33,"turns":1},{"damage":0,"enemies":"Orb Walker","floor":35,"turns":3},{"damage":0,"enemies":"3 Darklings","floor":37,"turns":3},{"damage":29,"enemies":"Reptomancer","floor":40,"turns":3},{"damage":0,"enemies":"Spire Growth","floor":42,"turns":2},{"damage":0,"enemies":"Giant Head","floor":46,"turns":1},{"damage":0,"enemies":"Reptomancer","floor":48,"turns":1},{"damage":0,"enemies":"Time Eater","floor":50,"turns":2},{"damage":0,"enemies":"Donu and Deca","floor":51,"turns":3},{"damage":0,"enemies":"Shield and Spear","floor":55,"turns":1},{"damage":0,"enemies":"The Heart","floor":56,"turns":5}],"seed_played":"2129802112195746747","potions_obtained":[{"floor":1,"key":"Dexterity Potion"},{"floor":10,"key":"BloodPotion"},{"floor":25,"key":"AttackPotion"},{"floor":27,"key":"testmod-TimePotion"},{"floor":29,"key":"SpeedPotion"},{"floor":35,"key":"DuplicationPotion"},{"floor":42,"key":"Block Potion"}],"is_trial":false,"path_per_floor":["M","?","M","$","M","E","M","R","T","M","M","R","M","E","R","B",null,"M","M","?","M","M","E","M","E","T","E","R","E","M","?","R","B",null,"M","?","M","$","?","E","R","M","T","R","$","E","?","E","R","B","B",null,"R","$","E","B",null],"character_chosen":"IRONCLAD","items_purchased":["MerchantsRug","Medical Kit","HandDrill","Fruit Juice","SkillPotion"],"campfire_rested":0,"item_purchase_floors":[38,38,38,54,54],"current_hp_per_floor":[63,63,57,57,59,36,42,42,42,48,54,54,60,66,66,50,69,70,75,75,75,75,51,57,41,41,43,43,42,48,54,54,60,71,75,75,75,75,65,42,42,48,48,48,48,54,54,60,60,66,72,74,74,84,85,85],"gold":413,"neow_bonus":"TRANSFORM_CARD","is_daily":false,"chose_seed":false,"campfire_upgraded":8,"win_rate":0.0,"timestamp":1611230210,"path_taken":["M","?","M","$","M","E","M","R","T","M","?","R","M","E","R","BOSS","M","M","?","M","M","E","M","E","T","E","R","E","?","?","R","BOSS","M","?","?","$","?","E","R","M","T","R","?","E","?","E","R","BOSS","BOSS","R","$","E","BOSS"],"items_purchased_type":["Relic","Relic","Relic","Potion","Potion"],"build_version":"2020-12-22","purchased_purges":4,"victory":true,"max_hp_per_floor":[75,75,75,75,75,75,75,75,75,75,75,75,75,75,75,75,75,75,75,75,75,75,75,75,75,75,75,75,75,75,75,75,75,75,75,75,75,75,75,75,75,75,75,75,75,75,75,75,75,75,75,75,75,85,85,85],"card_choices":[{"not_picked":["Flame Barrier","Rampage","Power Through"],"picked":"SKIP","floor":1},{"not_picked":["Armaments","Iron Wave","Clothesline","Headbutt","Twin Strike"],"picked":"SKIP","floor":3},{"not_picked":["Havoc","Clash","Pummel","AT_CaressingTears","Sever Soul"],"picked":"SKIP","floor":5},{"not_picked":["Metallicize","Blood for Blood","Havoc","Twin Strike"],"picked":"Evolve","floor":6},{"not_picked":["Infernal Blade","Heavy Blade","Iron Wave","Rampage"],"picked":"Shrug It Off","floor":7},{"not_picked":["Sever Soul","Flame Barrier","Flex","Thunderclap","Cleave"],"picked":"SKIP","floor":10},{"not_picked":["AT_GerminateFire","Clash","MostiFishMod:BrandingRite","Armaments"],"picked":"MostiFishMod:HellRitual","floor":11},{"not_picked":["Headbutt","Warcry","Sword Boomerang","True Grit"],"picked":"Burning Pact","floor":13},{"not_picked":["Twin Strike","AT_ManFootWork","True Grit","Second Wind"],"picked":"MostiFishMod:404NotFound","floor":14},{"not_picked":["Impervious","MostiFishMod:Mania","MostiFishMod:RacingGame","MostiFishMod:WingOfPhoenix"],"picked":"Berserk","floor":16},{"not_picked":["Clothesline","Metallicize","Dual Wield","Cleave","AT_BodySlamDance"],"picked":"SKIP","floor":18},{"not_picked":["Shrug It Off","Rage","Perfected Strike","Wild Strike","AT_ShrugMaster"],"picked":"SKIP","floor":19},{"not_picked":["AT_DiedThrough","Headbutt","Anger","Body Slam","Whirlwind"],"picked":"SKIP","floor":21},{"not_picked":["Wild Strike+1","Iron Wave","Carnage","AT_CaressingTears","Heavy Blade"],"picked":"SKIP","floor":22},{"not_picked":["Battle Trance","Dropkick","Bloodletting","Twin Strike","Dual Wield"],"picked":"SKIP","floor":23},{"not_picked":["AT_CaressingTears","Seeing Red","MostiFishMod:RainCloud","Sentinel","True Grit"],"picked":"SKIP","floor":24},{"not_picked":["Shrug It Off","Second Wind","Feel No Pain","Dropkick"],"picked":"Dark Embrace","floor":25},{"not_picked":["Dropkick","Armaments","Iron Wave","Spot Weakness+1","Perfected Strike"],"picked":"SKIP","floor":27},{"not_picked":["Body Slam+1","Headbutt+1","AT_BodySlamDance","Hemokinesis"],"picked":"Feel No Pain+1","floor":29},{"not_picked":["Bloodletting","Flex","True Grit","Flame Barrier+1","Havoc"],"picked":"SKIP","floor":30},{"not_picked":["MostiFishMod:WingOfPhoenix","Juggernaut","Exhume","Bludgeon"],"picked":"Barricade","floor":33},{"not_picked":["True Grit+1","Havoc+1","Iron Wave","Heavy Blade+1","Spot Weakness"],"picked":"SKIP","floor":35},{"not_picked":["Iron Wave","Twin Strike","Infernal Blade+1","Ghostly Armor","Dark Embrace+1"],"picked":"SKIP","floor":37},{"not_picked":["testmod-Wormhole","Secret Weapon","testmod-Provocation","Good Instincts"],"picked":"testmod-BackupPower","floor":39},{"not_picked":["Mind Blast","testmod-RabbitOfFibonacci","Impatience","testmod-PerfectCombo"],"picked":"Flash of Steel","floor":39},{"not_picked":["MostiFishMod:ChineseTea","AT_IchimonjiDouble","Havoc","Dark Embrace","Iron Wave"],"picked":"SKIP","floor":40},{"not_picked":["Armaments+1","Dropkick","Clash","Twin Strike+1","Headbutt"],"picked":"SKIP","floor":42},{"not_picked":["AT_CaressingTears","MostiFishMod:CullingBlade","Rampage+1","Blood for Blood","AT_IchimonjiDouble+1"],"picked":"SKIP","floor":46},{"not_picked":["Searing Blow","AT_IchimonjiDouble","Dark Embrace","Second Wind+1","Metallicize"],"picked":"SKIP","floor":48},{"not_picked":["Reckless Charge+1","Iron Wave","Combust+1","Metallicize+1","MostiFishMod:Mania"],"picked":"SKIP","floor":55}],"player_experience":710253,"relics_obtained":[{"floor":1,"key":"SynthV:TestCard"},{"floor":6,"key":"Bronze Scales"},{"floor":9,"key":"HornCleat"},{"floor":14,"key":"DaCapo"},{"floor":23,"key":"Omamori"},{"floor":25,"key":"Potion Belt"},{"floor":27,"key":"Akabeko"},{"floor":29,"key":"ThornShield"},{"floor":31,"key":"Red Mask"},{"floor":40,"key":"Matryoshka"},{"floor":43,"key":"Mercury Hourglass"},{"floor":43,"key":"AT_ImmortalShieldbow"},{"floor":46,"key":"Blue Candle"},{"floor":48,"key":"PlaceholderMod:DaolothFragment"},{"floor":55,"key":"AT_BellowingDragoncrestRing"}],"event_choices":[{"damage_healed":0,"gold_gain":0,"player_choice":"Forge","damage_taken":0,"max_hp_gain":0,"max_hp_loss":0,"event_name":"Accursed Blacksmith","floor":2,"gold_loss":0,"cards_upgraded":["AT_EssenceShift"]},{"damage_healed":0,"gold_gain":0,"player_choice":"Cursed","damage_taken":0,"max_hp_gain":0,"max_hp_loss":0,"event_name":"Wheel of Change","floor":20,"gold_loss":0,"cards_obtained":["Decay"]},{"damage_healed":0,"gold_gain":0,"player_choice":"Fought Bandits","damage_taken":0,"max_hp_gain":0,"max_hp_loss":0,"event_name":"Masked Bandits","floor":31,"gold_loss":0},{"damage_healed":0,"gold_gain":0,"cards_transformed":["Bash"],"player_choice":"Transformed","damage_taken":0,"max_hp_gain":0,"max_hp_loss":0,"event_name":"Transmorgrifier","floor":36,"gold_loss":0,"cards_obtained":["Warcry"]},{"damage_healed":0,"gold_gain":0,"player_choice":"Memory 3","damage_taken":10,"max_hp_gain":0,"max_hp_loss":0,"event_name":"SensoryStone","floor":39,"gold_loss":0},{"damage_healed":0,"gold_gain":400,"player_choice":"Sell","damage_taken":0,"max_hp_gain":0,"max_hp_loss":0,"event_name":"恩洛斯的盘子","floor":47,"relics_lost":["testmod-TestBox"],"gold_loss":0}],"is_beta":false,"boss_relics":[{"not_picked":["Busted Crown","testmod-Prudence"],"picked":"ShadowXiaoBlade"},{"not_picked":["HereWithMe","ExusiaiGun"],"picked":"testmod-KeyOfTheVoid"}],"items_purged_floors":[4,38,45,54],"is_endless":false,"potions_floor_spawned":[1,10,13,14,18,19,25,27,29,35,42,46],"ascension_level":20}}