{"host":"bxd97rc2ofc6op20","time":1611270425,"event":{"mods":["BaseMod","Googly Eyes","Minty Spire (QoL Compilation)"],"gold_per_floor":[116,131,11,28,46,46,46,72,72,72,82,96,123,134,134,233,233,243,261,280,290,290,290,319,24,73,104,116,116,126,159,159,264,264,283,283,283,300,349,349,383,383,451,464,497,497,497,22,22,22,22,22,22,47,47],"floor_reached":56,"language":"ENG","playtime":6452,"items_purged":["Strike_B","Strike_B","Strike_B+1"],"score":1485,"play_id":"4e155632-ee8b-4a15-935f-47b7761166fb","local_time":"20210121150705","is_ascension_mode":true,"campfire_choices":[{"data":"Go for the Eyes","floor":6.0,"key":"SMITH"},{"floor":10.0,"key":"REST"},{"floor":15.0,"key":"REST"},{"data":"Machine Learning","floor":23.0,"key":"SMITH"},{"floor":29.0,"key":"REST"},{"data":"Undo","floor":32,"key":"SMITH"},{"data":"Defragment","floor":40,"key":"SMITH"},{"data":"Recycle","floor":42,"key":"SMITH"},{"floor":49,"key":"RECALL"}],"circlet_count":0,"master_deck":["Strike_B+1","Defend_B+1","Defend_B+1","Defend_B+1","Defend_B+1","Zap+1","Dualcast+1","Ball Lightning+1","Coolheaded+1","Cold Snap+1","Go for the Eyes+1","Undo+1","Conserve Battery+1","Sunder+1","Steam Power+1","Skim+1","Machine Learning+1","Loop+1","Turbo+1","Recycle+1","FTL+1","Ghostly+1","Ghostly+1","Ghostly+1","Ghostly+1","Ghostly+1","Melter+1","Ghostly+1","Sweeping Beam+1","Static Discharge+1","Compile Driver+1","Go for the Eyes+1","Thunder Strike+1","Glacier+1","Panacea+1","Madness+1","Madness+1","Gash+1","Defragment+1","Force Field+1","Swift Strike+1","Gash+1"],"relics":["Cracked Core","NlothsMask","Molten Egg 2","PreservedInsect","Inserter","FossilizedHelix","DollysMirror","Strawberry","Shuriken","MealTicket","Coffee Dripper","Mango","Torii","Ancient Tea Set","Mark of the Bloom","Ornamental Fan","Turnip"],"acts_visited":["Exordium","TheCity","TheBeyond","TheEnding"],"potions_floor_usage":[33,35,45,45,55,55],"damage_taken":[{"damage":1.0,"enemies":"Cultist","floor":1.0,"turns":3.0},{"damage":2.0,"enemies":"Jaw Worm","floor":2.0,"turns":3.0},{"damage":0.0,"enemies":"2 Louse","floor":4.0,"turns":2.0},{"damage":15.0,"enemies":"Exordium Thugs","floor":5.0,"turns":3.0},{"damage":23.0,"enemies":"3 Sentries","floor":8.0,"turns":9.0},{"damage":11.0,"enemies":"Lots of Slimes","floor":11.0,"turns":4.0},{"damage":0.0,"enemies":"2 Fungi Beasts","floor":12.0,"turns":3.0},{"damage":24.0,"enemies":"Gremlin Nob","floor":13.0,"turns":4.0},{"damage":0.0,"enemies":"Large Slime","floor":14.0,"turns":4.0},{"damage":19.0,"enemies":"Hexaghost","floor":16.0,"turns":10.0},{"damage":10.0,"enemies":"Spheric Guardian","floor":18.0,"turns":4.0},{"damage":13.0,"enemies":"3 Byrds","floor":19.0,"turns":9.0},{"damage":9.0,"enemies":"Shelled Parasite and Fungi","floor":20.0,"turns":8.0},{"damage":21.0,"enemies":"Centurion and Healer","floor":21.0,"turns":7.0},{"damage":8.0,"enemies":"Book of Stabbing","floor":24.0,"turns":8.0},{"damage":11.0,"enemies":"Gremlin Leader","floor":27.0,"turns":9.0},{"damage":1.0,"enemies":"Cultist and Chosen","floor":28.0,"turns":8.0},{"damage":0.0,"enemies":"Snecko","floor":30.0,"turns":5.0},{"damage":0,"enemies":"Book of Stabbing","floor":31,"turns":7},{"damage":27,"enemies":"Champ","floor":33,"turns":16},{"damage":0,"enemies":"3 Darklings","floor":35,"turns":6},{"damage":0,"enemies":"Orb Walker","floor":38,"turns":5},{"damage":0,"enemies":"2 Orb Walkers","floor":39,"turns":8},{"damage":0,"enemies":"Reptomancer","floor":41,"turns":6},{"damage":0,"enemies":"Jaw Worm Horde","floor":44,"turns":7},{"damage":0,"enemies":"Giant Head","floor":45,"turns":12},{"damage":0,"enemies":"Time Eater","floor":50,"turns":12},{"damage":2,"enemies":"Shield and Spear","floor":54,"turns":5},{"damage":21,"enemies":"The Heart","floor":55,"turns":11}],"seed_played":"-7734760264149852968","potions_obtained":[{"floor":1.0,"key":"AttackPotion"},{"floor":5.0,"key":"Ancient Potion"},{"floor":12.0,"key":"Fire Potion"},{"floor":14.0,"key":"AttackPotion"},{"floor":24.0,"key":"Fire Potion"},{"floor":27.0,"key":"LiquidBronze"},{"floor":28.0,"key":"SneckoOil"},{"floor":33,"key":"EssenceOfSteel"},{"floor":38,"key":"SneckoOil"},{"floor":41,"key":"SpeedPotion"},{"floor":45,"key":"Dexterity Potion"}],"is_trial":false,"path_per_floor":["M","M","$","M","M","R","?","E","T","R","M","M","E","M","R","B",null,"M","M","M","M","?","R","E","$","T","E","M","R","M","E","R","B",null,"M","?","?","M","?","R","E","R","T","M","E","?","?","$","R","B",null,"R","$","E","B",null],"character_chosen":"DEFECT","items_purchased":["Cold Snap","DollysMirror","Weak Potion","Ornamental Fan","Swift Strike+1"],"campfire_rested":3,"item_purchase_floors":[3,25,25,48,48],"current_hp_per_floor":[67,65,65,65,50,50,50,27,27,53,42,42,18,18,44,25,89,79,66,57,36,36,36,28,28,35,24,23,38,38,38,38,11,51,51,51,45,45,59,59,59,59,59,59,59,59,59,59,59,59,59,59,59,57,36],"gold":47,"neow_bonus":"TWENTY_PERCENT_HP_BONUS","is_daily":false,"chose_seed":false,"campfire_upgraded":5,"win_rate":0.0,"timestamp":1611270425,"path_taken":["M","M","$","M","?","R","?","E","T","R","M","M","E","M","R","BOSS","M","?","M","M","?","R","E","?","T","E","?","R","M","E","R","BOSS","M","?","?","M","?","R","E","R","T","M","E","?","?","$","R","BOSS","R","$","E","BOSS"],"items_purchased_type":["Card","Relic","Potion","Relic","Card"],"build_version":"2020-12-22","purchased_purges":3,"victory":true,"max_hp_per_floor":[89,89,89,89,89,89,89,89,89,89,89,89,89,89,89,89,89,89,89,89,89,44,44,44,44,51,51,51,51,51,51,51,51,51,51,51,51,51,65,65,65,65,65,65,65,65,65,65,65,65,65,65,65,65,65],"card_choices":[{"not_picked":["Consume","Stack"],"picked":"Ball Lightning","floor":1.0},{"not_picked":["Consume","Blizzard"],"picked":"Coolheaded","floor":2.0},{"not_picked":["Storm","Steam"],"picked":"Go for the Eyes","floor":4.0},{"not_picked":["Go for the Eyes","Beam Cell"],"picked":"Undo","floor":5.0},{"not_picked":["Loop","Consume"],"picked":"Conserve Battery","floor":8.0},{"not_picked":["Sweeping Beam+1","Redo"],"picked":"Sunder+1","floor":11.0},{"not_picked":["Stack","Rip and Tear+1"],"picked":"Steam Power","floor":12.0},{"not_picked":["Storm","Turbo"],"picked":"Skim","floor":14.0},{"not_picked":["Meteor Strike+1","Biased Cognition"],"picked":"Machine Learning","floor":16.0},{"not_picked":["Rebound+1","Redo"],"picked":"Loop","floor":18.0},{"not_picked":["All For One+1","Rip and Tear+1"],"picked":"Turbo+1","floor":19.0},{"not_picked":["Fusion","Leap"],"picked":"Recycle","floor":20.0},{"not_picked":["Turbo","Heatsinks"],"picked":"FTL+1","floor":21.0},{"not_picked":["BootSequence+1","Hologram"],"picked":"Melter+1","floor":24.0},{"not_picked":["Redo","Rebound+1"],"picked":"Sweeping Beam+1","floor":27.0},{"not_picked":["Recycle","Turbo"],"picked":"Static Discharge","floor":28.0},{"not_picked":["Rebound+1","Storm"],"picked":"Compile Driver+1","floor":30.0},{"not_picked":["Streamline+1","Reinforced Body"],"picked":"Go for the Eyes+1","floor":31},{"not_picked":["Creative AI","Fission"],"picked":"Thunder Strike+1","floor":33},{"not_picked":["Hologram","Gash+1"],"picked":"Glacier+1","floor":35},{"not_picked":["Finesse","Jack Of All Trades"],"picked":"Panacea","floor":36},{"not_picked":["Sweeping Beam+1","Rebound+1"],"picked":"Gash+1","floor":38},{"not_picked":["Leap","Static Discharge+1"],"picked":"Defragment","floor":39},{"not_picked":["Go for the Eyes+1","Glacier"],"picked":"Force Field","floor":41},{"not_picked":["Chill+1","Turbo","Redo"],"picked":"SKIP","floor":44},{"not_picked":["Darkness+1","Hologram+1"],"picked":"Gash+1","floor":54}],"player_experience":343348,"relics_obtained":[{"floor":8.0,"key":"Molten Egg 2"},{"floor":13.0,"key":"PreservedInsect"},{"floor":24.0,"key":"FossilizedHelix"},{"floor":26.0,"key":"Strawberry"},{"floor":27.0,"key":"Shuriken"},{"floor":31,"key":"MealTicket"},{"floor":39,"key":"Mango"},{"floor":41,"key":"Torii"},{"floor":45,"key":"Ancient Tea Set"},{"floor":54,"key":"Turnip"}],"event_choices":[{"damage_healed":0.0,"max_hp_gain":0.0,"max_hp_loss":0.0,"gold_gain":0.0,"event_name":"FaceTrader","player_choice":"Trade","floor":7.0,"gold_loss":0.0,"damage_taken":0.0,"relics_obtained":["NlothsMask"]},{"damage_healed":0.0,"max_hp_gain":0.0,"max_hp_loss":45.0,"gold_gain":0.0,"event_name":"Ghosts","player_choice":"Became a Ghost","floor":22.0,"gold_loss":0.0,"damage_taken":0.0,"cards_obtained":["Ghostly","Ghostly","Ghostly","Ghostly","Ghostly"]},{"damage_healed":0,"gold_gain":0,"player_choice":"Memory 1","damage_taken":0,"max_hp_gain":0,"max_hp_loss":0,"event_name":"SensoryStone","floor":36,"gold_loss":0},{"damage_healed":0,"gold_gain":0,"player_choice":"Embrace Madness","damage_taken":6,"max_hp_gain":0,"max_hp_loss":0,"event_name":"Winding Halls","floor":37,"gold_loss":0,"cards_obtained":["Madness","Madness"]},{"damage_healed":0,"gold_gain":0,"player_choice":"Fight","damage_taken":0,"max_hp_gain":0,"max_hp_loss":0,"event_name":"Mysterious Sphere","floor":39,"gold_loss":0},{"damage_healed":0,"gold_gain":0,"player_choice":"Ignored","damage_taken":0,"max_hp_gain":0,"max_hp_loss":0,"event_name":"Tomb of Lord Red Mask","floor":46,"gold_loss":0},{"damage_healed":0,"gold_gain":0,"player_choice":"Upgrade","damage_taken":0,"relics_obtained":["Mark of the Bloom"],"max_hp_gain":0,"max_hp_loss":0,"event_name":"MindBloom","floor":47,"gold_loss":0,"cards_upgraded":["Strike_B","Strike_B","Defend_B","Defend_B","Defend_B","Defend_B","Zap","Dualcast","Ball Lightning","Coolheaded","Cold Snap","Conserve Battery","Steam Power","Skim","Loop","Ghostly","Ghostly","Ghostly","Ghostly","Ghostly","Ghostly","Static Discharge","Panacea","Madness","Madness","Force Field"]}],"is_beta":false,"boss_relics":[{"not_picked":["FrozenCore","Velvet Choker"],"picked":"Inserter"},{"not_picked":["Pandora\u0027s Box","SlaversCollar"],"picked":"Coffee Dripper"}],"items_purged_floors":[3,25,48],"is_endless":false,"potions_floor_spawned":[1,5,12,14,24,27,28,33,38,41,45],"ascension_level":2}}