{"host":"6he3f0ic6yesrium","time":1611266665,"event":{"mods":["BaseMod","Better Altar","Better Match","Better Note","Better Sensory Stone","Better Skull","Better Third Choice","Colored Map","Conspire","Duelist Mod","Hermit","Hubris","Marisa????????","Mimic Mod","Minty Spire (QoL Compilation)","Replay The Spire","Shade Mod","Somnambulant","Spire Arcade","Spire Birthday Party","StSLib","The Alterego","The Disciple","The Forsaken","The Hierophant","The Mystic","The Necromancer","The Runesmith","The Servant 0.9.4","The Valiant","TheVacant"],"gold_per_floor":[118,152,169,169,20,48,48,62,62,62,75,75,75,75,75,196,196,211,211,171,192,192,192,192,215,256,292,311,311,346,200,200,323,323,339,339,362,84,109,148,164,178,178,178,178,201,219,169,169,169],"floor_reached":51,"language":"ENG","playtime":2278,"items_purged":["theForsaken:TheForsaken_Strike","theForsaken:TheForsaken_Strike","Parasite"],"score":865,"play_id":"9ce9a8f0-1e14-4335-97d5-37789b0995b1","local_time":"20210121170425","is_ascension_mode":false,"campfire_choices":[{"data":"theForsaken:Penitence","floor":7.0,"key":"SMITH"},{"data":"theForsaken:QuickAttack","floor":13.0,"key":"SMITH"},{"floor":15.0,"key":"REST"},{"data":"theForsaken:FuryStrikes","floor":23.0,"key":"SMITH"},{"data":"theForsaken:SacredOath","floor":29.0,"key":"SMITH"},{"floor":32.0,"key":"REST"},{"data":"theForsaken:FuryStrikes","floor":49.0,"key":"SMITH"}],"circlet_count":0,"master_deck":["theForsaken:TheForsaken_Defend","theForsaken:TheForsaken_Defend","theForsaken:TheForsaken_Defend+1","theForsaken:Smite","theForsaken:Penitence+1","theForsaken:BlindFaith+1","theForsaken:DarkBargain","theForsaken:FuryStrikes+1","theForsaken:BlessedWeapon","theForsaken:DivineGuidance+1","theForsaken:QuickAttack+1","theForsaken:TearsOfSunlight","theForsaken:HymnOfPatience+1","theForsaken:DesperatePlea+1","theForsaken:FuryStrikes+1","theForsaken:SacredOath+1","theForsaken:FuryStrikes+1","theForsaken:FuryStrikes+1","theForsaken:Preservation","theForsaken:HymnOfPatience+1","theForsaken:Parry"],"relics":["theForsaken:JudgementScales","Smiling Mask","Bronze Scales","War Paint","hubris:Metronome","Golden Idol","Mummified Hand","ReplayTheSpireMod:DimensionalGlitch","Blue Candle","Nunchaku","Pear","hubris:Backtick","hubris:IronBody","hubris:Reverence","Blood Vial","Meat on the Bone","theForsaken:ScaryMask"],"acts_visited":["Exordium","TheCity","TheBeyond"],"potions_floor_usage":[50,50,50],"damage_taken":[{"damage":9.0,"enemies":"2 Louse","floor":1.0,"turns":3.0},{"damage":15.0,"enemies":"conspire:MimicChest","floor":2.0,"turns":6.0},{"damage":0.0,"enemies":"Cultist","floor":3.0,"turns":5.0},{"damage":19.0,"enemies":"Lagavulin","floor":6.0,"turns":8.0},{"damage":0.0,"enemies":"conspire:RoseBush","floor":8.0,"turns":1.0},{"damage":4.0,"enemies":"Blue Slaver","floor":11.0,"turns":4.0},{"damage":53.0,"enemies":"Fading Forest","floor":16.0,"turns":11.0},{"damage":1.0,"enemies":"Spheric Guardian","floor":18.0,"turns":3.0},{"damage":1.0,"enemies":"2 Thieves","floor":21.0,"turns":3.0},{"damage":0.0,"enemies":"Snake Plant","floor":25.0,"turns":2.0},{"damage":16.0,"enemies":"Shelled Parasite and Fungi","floor":26.0,"turns":4.0},{"damage":25.0,"enemies":"theDuelist:KaibaA2","floor":27.0,"turns":4.0},{"damage":1.0,"enemies":"Shelled Parasite and Fungi","floor":28.0,"turns":2.0},{"damage":24.0,"enemies":"conspire:Head Lice","floor":30.0,"turns":3.0},{"damage":0.0,"enemies":"Champ","floor":33.0,"turns":2.0},{"damage":26.0,"enemies":"3 Shapes","floor":35.0,"turns":7.0},{"damage":0.0,"enemies":"3 Darklings","floor":37.0,"turns":2.0},{"damage":14.0,"enemies":"4 Shapes","floor":39.0,"turns":5.0},{"damage":0.0,"enemies":"Giant Head","floor":40.0,"turns":7.0},{"damage":0.0,"enemies":"Writhing Mass","floor":41.0,"turns":2.0},{"damage":0.0,"enemies":"Sphere and 2 Shapes","floor":42.0,"turns":4.0},{"damage":0.0,"enemies":"4 Shapes","floor":46.0,"turns":4.0},{"damage":16.0,"enemies":"Writhing Mass","floor":47.0,"turns":5.0},{"damage":13,"enemies":"Awakened One","floor":50,"turns":6}],"seed_played":"-208329100792313069","potions_obtained":[{"floor":1.0,"key":"Block Potion"},{"floor":6.0,"key":"Regen Potion"},{"floor":8.0,"key":"Adrenaline Potion"},{"floor":11.0,"key":"Weak Potion"},{"floor":16.0,"key":"Block Potion"},{"floor":21.0,"key":"Strength Potion"},{"floor":25.0,"key":"Doom Potion"},{"floor":33.0,"key":"SpeedPotion"},{"floor":40.0,"key":"EntropicBrew"},{"floor":44.0,"key":"Cursed Concoction"},{"floor":44.0,"key":"LifebloodPotion"}],"is_trial":false,"path_per_floor":["M","?","M","?","$","E","R","M","T","?","M","?","R","T","R_BF","B",null,"M","?","?","M","?","R","?","M","MIM","E","M","R","E","$","R","B",null,"M","T","M","$","M","E","M","M","T","?","?","M","M","$","R","B",null],"character_chosen":"THE_FORSAKEN","items_purchased":["Bronze Scales","SteroidPotion","theForsaken:FuryStrikes","Blood Vial","Venom Potion"],"campfire_rested":2,"item_purchase_floors":[5,31,31,38,38],"current_hp_per_floor":[64,54,56,56,56,43,43,43,43,26,24,24,24,24,45,34,71,70,70,70,69,69,69,69,70,56,31,30,30,17,17,41,41,81,57,57,58,58,48,52,53,56,56,36,36,43,36,36,36,30],"gold":169,"neow_bonus":"TEN_PERCENT_HP_BONUS","is_daily":false,"chose_seed":false,"campfire_upgraded":5,"win_rate":0.0,"timestamp":1611266665,"path_taken":["M","?","M","?","$","E","R","?","T","?","M","?","R","?","R_BF","BOSS","M","?","?","M","?","R","?","?","MIM","E","?","R","E","$","R","BOSS","M","?","M","$","?","E","M","?","T","?","?","?","M","$","R","BOSS"],"items_purchased_type":["Relic","Potion","Card","Relic","Potion"],"build_version":"2020-12-22","purchased_purges":3,"victory":true,"max_hp_per_floor":[71,71,71,71,71,71,71,71,71,71,71,71,71,71,71,71,71,71,71,71,71,71,71,71,71,71,71,71,71,81,81,81,81,81,81,81,81,81,81,81,81,81,81,81,81,81,81,78,78,78],"card_choices":[{"not_picked":["theForsaken:Thunderbolt","theForsaken:NobleSacrifice"],"picked":"theForsaken:BlindFaith","floor":1.0},{"not_picked":["theForsaken:WordOfPower","theForsaken:Thunderbolt"],"picked":"theForsaken:DarkBargain","floor":2.0},{"not_picked":["theForsaken:QuickAttack","theForsaken:Tranquility"],"picked":"theForsaken:FuryStrikes","floor":3.0},{"not_picked":["theForsaken:Backlash","theForsaken:PanicDive"],"picked":"theForsaken:BlessedWeapon","floor":6.0},{"not_picked":["theForsaken:Enfeeble","theForsaken:Parry"],"picked":"theForsaken:DivineGuidance","floor":8.0},{"not_picked":["theForsaken:CreepingInfection","theForsaken:StoreUp"],"picked":"theForsaken:QuickAttack","floor":11.0},{"not_picked":["theForsaken:Retribution","theForsaken:Prudence"],"picked":"theForsaken:TearsOfSunlight","floor":16.0},{"not_picked":["theForsaken:BindingThorns+1","theForsaken:FatRoll"],"picked":"theForsaken:HymnOfPatience+1","floor":18.0},{"not_picked":["theForsaken:Eulogy","theForsaken:InspiringBlow"],"picked":"theForsaken:FuryStrikes","floor":21.0},{"not_picked":["theForsaken:BlindFaith","theForsaken:BindingThorns+1","theForsaken:HorrifyingStrike"],"picked":"SKIP","floor":25.0},{"not_picked":["theForsaken:CreepingInfection","theForsaken:HymnOfRest+1"],"picked":"theForsaken:SacredOath","floor":27.0},{"not_picked":["theForsaken:CleansingLight","theForsaken:QuickAttack","theForsaken:WardingHymn"],"picked":"SKIP","floor":28.0},{"not_picked":["theForsaken:QuickAttack","theForsaken:HymnOfRest+1","theForsaken:Mantra"],"picked":"SKIP","floor":30.0},{"not_picked":["theForsaken:PreciseStrike+1","theForsaken:Devotion+1","theForsaken:BountifulSunlight+1"],"picked":"SKIP","floor":35.0},{"not_picked":["theForsaken:RainingSunlight+1","theForsaken:ShieldBash"],"picked":"theForsaken:FuryStrikes+1","floor":37.0},{"not_picked":["theForsaken:HymnOfRest","theForsaken:Terrorize"],"picked":"theForsaken:Preservation","floor":39.0},{"not_picked":["theForsaken:SpinAttack","theForsaken:LightRoll","theForsaken:ShieldBash+1"],"picked":"SKIP","floor":40.0},{"not_picked":["theForsaken:HorrifyingStrike","theForsaken:PowerUp+1","theForsaken:BlessedWeapon"],"picked":"SKIP","floor":41.0},{"not_picked":["theForsaken:CreepingInfection","theForsaken:PowerUp+1","theForsaken:Eulogy+1"],"picked":"SKIP","floor":42.0},{"not_picked":["theForsaken:Mantra","theForsaken:Thunderbolt"],"picked":"theForsaken:HymnOfPatience+1","floor":44.0},{"not_picked":["theForsaken:ScorchingSunlight+1","theForsaken:DarkBarrier","theForsaken:NobleSacrifice+1"],"picked":"SKIP","floor":46.0},{"not_picked":["theForsaken:ScorchingSunlight+1","theForsaken:BattleHymn","theForsaken:Parry+1"],"picked":"SKIP","floor":47.0}],"player_experience":364587,"relics_obtained":[{"floor":2.0,"key":"Smiling Mask"},{"floor":6.0,"key":"War Paint"},{"floor":9.0,"key":"hubris:Metronome"},{"floor":14.0,"key":"Mummified Hand"},{"floor":26.0,"key":"Blue Candle"},{"floor":27.0,"key":"Nunchaku"},{"floor":30.0,"key":"Pear"},{"floor":36.0,"key":"hubris:Reverence"},{"floor":40.0,"key":"Meat on the Bone"},{"floor":43.0,"key":"theForsaken:ScaryMask"}],"event_choices":[{"damage_healed":0.0,"max_hp_gain":0.0,"max_hp_loss":0.0,"gold_gain":0.0,"event_name":"Upgrade Shrine","player_choice":"Upgraded","floor":4.0,"gold_loss":0.0,"damage_taken":0.0,"cards_upgraded":["theForsaken:FuryStrikes"]},{"damage_healed":0.0,"max_hp_gain":0.0,"max_hp_loss":0.0,"gold_gain":0.0,"event_name":"Golden Idol","player_choice":"Take Damage","floor":10.0,"gold_loss":0.0,"damage_taken":17.0,"relics_obtained":["Golden Idol"]},{"damage_healed":0.0,"max_hp_gain":0.0,"max_hp_loss":0.0,"gold_gain":0.0,"event_name":"Living Wall","player_choice":"Grow","floor":12.0,"gold_loss":0.0,"damage_taken":0.0,"cards_upgraded":["theForsaken:DivineGuidance"]},{"damage_healed":0.0,"max_hp_gain":0.0,"max_hp_loss":0.0,"gold_gain":0.0,"cards_transformed":["theForsaken:TheForsaken_Defend"],"event_name":"Transmorgrifier","player_choice":"Transformed","floor":19.0,"gold_loss":0.0,"damage_taken":0.0,"cards_obtained":["theForsaken:DesperatePlea"]},{"damage_healed":0.0,"max_hp_gain":0.0,"max_hp_loss":0.0,"gold_gain":0.0,"event_name":"Designer","player_choice":"Upgrade","floor":20.0,"gold_loss":40.0,"damage_taken":0.0,"cards_upgraded":["theForsaken:DesperatePlea"]},{"cards_removed":["theForsaken:TheForsaken_Strike"],"damage_healed":0.0,"max_hp_gain":0.0,"max_hp_loss":0.0,"gold_gain":0.0,"event_name":"betterNote:BetterNote","player_choice":"Give","floor":22.0,"gold_loss":0.0,"damage_taken":0.0,"cards_obtained":["Regret"]},{"cards_removed":["theForsaken:TheForsaken_Strike"],"damage_healed":0.0,"max_hp_gain":0.0,"max_hp_loss":0.0,"gold_gain":0.0,"event_name":"Bonfire Elementals","player_choice":"Offered Basic","floor":24.0,"gold_loss":0.0,"damage_taken":0.0},{"damage_healed":0.0,"max_hp_gain":0.0,"max_hp_loss":0.0,"gold_gain":0.0,"cards_transformed":["theForsaken:TheForsaken_Strike"],"event_name":"Transmorgrifier","player_choice":"Transformed","floor":45.0,"gold_loss":0.0,"damage_taken":0.0,"cards_obtained":["theForsaken:Parry"]}],"is_beta":false,"boss_relics":[{"not_picked":["conspire:RunicOctahedron","hubris:VirtuousBlindfold"],"picked":"ReplayTheSpireMod:DimensionalGlitch"},{"not_picked":["Replay:Grab Bag","Sozu"],"picked":"hubris:Backtick"}],"items_purged_floors":[31,38,48],"is_endless":false,"potions_floor_spawned":[1,6,8,11,16,21,25,33,40,42,47],"ascension_level":0}}