{"host":"oz0i1fpezyhy8r2h","time":1611231146,"event":{"mods":["ATMod(∞¢Ë™Mod)","Act Like it!","Arknights The Spire","BaseMod","CapriCore","GifTheSpireLib","Hallownest","KinomotoSakuraMod(ƒæ÷Æ±æ”£)","Luminous","Minty Spire (QoL Compilation)","Reimu£®≤©¿ˆ¡È√Œ£©","Remilia£®¿Ÿ√◊¿Ú—«£©","StSLib","The Bug Knight","The Construct","The Cursed","The Immortal","The Marked","Yakumo Yukari mod","°æ“≈ŒÔø®≈∆°øREMEMod"],"gold_per_floor":[110,125,143,32,42,74,74,91,114,140,195,195,206,221,221,316,316,331,350,369,128,139,171,171,204,229,243,262,275,306,324,324,424,424,437,448,458,158,158,191,206,206,206,53,140,175,220,220,220,270],"floor_reached":51,"language":"ZHS","playtime":2701,"items_purged":["HollowMod:QuickDashStart","HollowMod:NailStrikeStart"],"score":1084,"play_id":"47b47e2c-debd-47b9-ba79-335ae1651087","local_time":"20210121201226","is_ascension_mode":false,"campfire_choices":[{"data":"HollowMod:GreatSlash","floor":12.0,"key":"SMITH"},{"data":"HollowMod:SiblingsSouls","floor":15.0,"key":"SMITH"},{"data":"HollowMod:AwokenDreamNail","floor":24.0,"key":"SMITH"},{"data":"AT_EmpoweredMortalDraw","floor":32.0,"key":"SMITH"},{"data":"HollowMod:PureNailStrike","floor":42,"key":"SMITH"},{"data":"HollowMod:FastStrike","floor":49,"key":"SMITH"}],"circlet_count":0,"master_deck":["HollowMod:NailStrikeStart","HollowMod:NailStrikeStart","HollowMod:NailStrikeStart","HollowMod:QuickDashStart","HollowMod:QuickDashStart","HollowMod:QuickDashStart","HollowMod:FocusHealStart","HollowMod:PogoStrike","HollowMod:GreatSlash+1","HollowMod:PerfectDash","HollowMod:SiblingsSouls+1","HollowMod:FastStrike+1","AT_EmpoweredMortalDraw+1","HollowMod:AwokenDreamNail+1","HollowMod:PureNailStrike+1","Parasite","HollowMod:NewLastStag"],"relics":["HollowMod:VesselMask","AT_ATBox","REME_ComplimentaryCards","Strawberry","REME_HandOfSuture","AT_EbonyIvory","AT_MortalBlade","Happy Flower","AT_ImmortalShieldbow","Potion Belt","Eternal Feather","Busted Crown","AntiCross","Bottled Lightning","AT_MibuBalloonWealth"],"acts_visited":["Exordium","TheCity","TheBeyond"],"potions_floor_usage":[41,50,50,50,50],"damage_taken":[{"damage":1.0,"enemies":"Cultist","floor":1.0,"turns":3.0},{"damage":3.0,"enemies":"Jaw Worm","floor":2.0,"turns":5.0},{"damage":0.0,"enemies":"2 Louse","floor":3.0,"turns":2.0},{"damage":19.0,"enemies":"Large Slime","floor":5.0,"turns":6.0},{"damage":14.0,"enemies":"Gremlin Nob","floor":6.0,"turns":3.0},{"damage":11.0,"enemies":"Red Slaver","floor":8.0,"turns":4.0},{"damage":35.0,"enemies":"3 Sentries","floor":10.0,"turns":8.0},{"damage":4.0,"enemies":"HollowMod:HuskWarrior","floor":13.0,"turns":3.0},{"damage":0.0,"enemies":"2 Fungi Beasts","floor":14.0,"turns":1.0},{"damage":22.0,"enemies":"Hexaghost","floor":16.0,"turns":8.0},{"damage":0.0,"enemies":"Spheric Guardian","floor":18.0,"turns":1.0},{"damage":27.0,"enemies":"Shell Parasite","floor":19.0,"turns":4.0},{"damage":11.0,"enemies":"Snecko","floor":20.0,"turns":3.0},{"damage":7.0,"enemies":"Snake Plant","floor":22.0,"turns":2.0},{"damage":67.0,"enemies":"REME_1_Revenger","floor":23.0,"turns":5.0},{"damage":35.0,"enemies":"HollowMod:Nosk","floor":25.0,"turns":6.0},{"damage":5.0,"enemies":"Centurion and Healer","floor":27.0,"turns":3.0},{"damage":0.0,"enemies":"Sentry and Sphere","floor":28.0,"turns":2.0},{"damage":21.0,"enemies":"Snake Plant","floor":29.0,"turns":3.0},{"damage":47.0,"enemies":"Gremlin Leader","floor":30.0,"turns":4.0},{"damage":0.0,"enemies":"3 Cultists","floor":31.0,"turns":2.0},{"damage":41.0,"enemies":"Automaton","floor":33.0,"turns":7.0},{"damage":0,"enemies":"3 Darklings","floor":35,"turns":2},{"damage":0,"enemies":"3 Shapes","floor":36,"turns":1},{"damage":18,"enemies":"Writhing Mass","floor":37,"turns":4},{"damage":0,"enemies":"HollowMod:StalkingDevout","floor":40,"turns":4},{"damage":37,"enemies":"HollowMod:SlobberingHusk","floor":41,"turns":3},{"damage":0,"enemies":"Sphere and 2 Shapes","floor":45,"turns":1},{"damage":26,"enemies":"Maw","floor":46,"turns":3},{"damage":16,"enemies":"Transient","floor":47,"turns":5},{"damage":54,"enemies":"Donu and Deca","floor":50,"turns":6}],"seed_played":"201630152580560452","potions_obtained":[{"floor":2.0,"key":"GrandPatriotsElixir:ReiMu"},{"floor":5.0,"key":"BlessingOfTheForge"},{"floor":14.0,"key":"Energy Potion"},{"floor":16.0,"key":"SpeedPotion"},{"floor":19.0,"key":"LiquidBronze"},{"floor":27.0,"key":"SkillPotion"},{"floor":29.0,"key":"LiquidBronze"},{"floor":31.0,"key":"SmokeBomb"},{"floor":33.0,"key":"Regen Potion"},{"floor":41,"key":"Fruit Juice"},{"floor":45,"key":"CultistPotion"}],"is_trial":false,"path_per_floor":["M","M","M","$","M","E","?","M","T","E","T","R","M","M","R","B",null,"M","M","M","$","M","E","R","E","T","M","M","M","E","M","R","B",null,"M","M","M","?","?","E","M","R","T","$","M","M","M","?","R","B",null],"character_chosen":"THE_BUGKNIGHT","items_purchased":["HollowMod:PerfectDash","HollowMod:AwokenDreamNail","AT_MibuBalloonWealth"],"campfire_rested":0,"item_purchase_floors":[4,21,44],"current_hp_per_floor":[81,82,82,82,69,62,62,57,57,28,28,28,24,24,24,8,89,89,71,75,75,68,21,21,32,32,33,39,42,33,33,42,35,89,89,89,71,71,99,99,67,76,76,76,76,50,34,34,43,17],"gold":270,"neow_bonus":"TEN_PERCENT_HP_BONUS","is_daily":false,"chose_seed":false,"campfire_upgraded":6,"win_rate":0.0,"timestamp":1611231146,"path_taken":["M","M","M","?","M","E","?","M","T","E","?","R","M","?","R","BOSS","M","M","M","$","M","E","R","E","T","M","M","M","E","M","R","BOSS","M","M","?","?","?","E","?","R","T","$","?","M","M","?","R","BOSS"],"items_purchased_type":["Card","Card","Relic"],"build_version":"2020-12-22","purchased_purges":2,"victory":true,"max_hp_per_floor":[82,82,82,82,82,89,89,89,89,89,89,89,89,89,89,89,89,89,89,89,89,89,89,89,89,89,89,89,89,89,89,89,89,89,89,89,89,89,99,99,104,104,104,104,104,104,104,104,104,104],"card_choices":[{"not_picked":["HollowMod:InfectedAttack","HollowMod:ShadowDash","HollowMod:SoulStrike"],"picked":"SKIP","floor":1.0},{"not_picked":["HollowMod:DoubleDash","HollowMod:SharpenedNail"],"picked":"HollowMod:GreatSlash","floor":2.0},{"not_picked":["HollowMod:HeavyBlow","HollowMod:DoubleDash","HollowMod:ShapeofUnn"],"picked":"SKIP","floor":3.0},{"not_picked":["HollowMod:GreatSlash","HollowMod:ShapeofUnn","HollowMod:CornifersMapStart"],"picked":"SKIP","floor":5.0},{"not_picked":["HollowMod:SoulSplash","HollowMod:SoulShaman","HollowMod:FallenFury"],"picked":"SKIP","floor":6.0},{"not_picked":["HollowMod:CornifersMapStart","HollowMod:QuirrelsAssistance"],"picked":"HollowMod:SiblingsSouls","floor":8.0},{"not_picked":["HollowMod:PerfectDash","HollowMod:NewGlowingWomb","HollowMod:DescendingDark"],"picked":"SKIP","floor":10.0},{"not_picked":["HollowMod:InfectionAssault","HollowMod:CornifersMapStart","HollowMod:TaintedHusks"],"picked":"SKIP","floor":13.0},{"not_picked":["HollowMod:ShadowDash","HollowMod:SiblingsSouls"],"picked":"HollowMod:FastStrike","floor":14.0},{"not_picked":["HollowMod:ElderbugsWisdom","HollowMod:theNailsmith"],"picked":"HollowMod:Hiveblood","floor":16.0},{"not_picked":["HollowMod:SoulEater","HollowMod:NewJinnsSoul","HollowMod:SharpenedShadows"],"picked":"SKIP","floor":18.0},{"not_picked":["HollowMod:ChannelNail","HollowMod:SiblingsSouls","HollowMod:DesolateDive"],"picked":"SKIP","floor":19.0},{"not_picked":["HollowMod:BlackTendrils","HollowMod:NewGlowingWomb","HollowMod:CloakDash"],"picked":"SKIP","floor":20.0},{"not_picked":["HollowMod:LifebloodCocoon","HollowMod:HowlingWraiths","HollowMod:MonarchWings"],"picked":"SKIP","floor":22.0},{"not_picked":["HollowMod:NewJinnsSoul+1","HollowMod:DreamGate","HollowMod:SoulMaster"],"picked":"SKIP","floor":23.0},{"not_picked":["HollowMod:DashSlash","HollowMod:VengefulVoid","HollowMod:DreamGate"],"picked":"SKIP","floor":25.0},{"not_picked":["HollowMod:WraithStrike","HollowMod:HeavyBlow"],"picked":"HollowMod:PureNailStrike","floor":27.0},{"not_picked":["HollowMod:CornifersMapStart+1","HollowMod:NewGlowingWomb","HollowMod:FastStrike"],"picked":"SKIP","floor":28.0},{"not_picked":["HollowMod:AwokenDreamNail","HollowMod:CycloneSlash","HollowMod:QuirrelsAssistance+1"],"picked":"SKIP","floor":29.0},{"not_picked":["HollowMod:InfectedCysts","HollowMod:SharpenedNail","HollowMod:DesolateDive"],"picked":"SKIP","floor":30.0},{"not_picked":["HollowMod:GreatSlash","HollowMod:SiblingsSouls","HollowMod:CloakDash"],"picked":"SKIP","floor":31.0},{"not_picked":["HollowMod:BlackTendrils"],"picked":"SKIP","floor":35},{"not_picked":["HollowMod:SoulSplash"],"picked":"SKIP","floor":36},{"not_picked":["HollowMod:CornifersMapStart"],"picked":"SKIP","floor":37},{"not_picked":["HollowMod:CycloneSlash"],"picked":"SKIP","floor":40},{"not_picked":["HollowMod:VengefulVoid+1"],"picked":"SKIP","floor":41},{"not_picked":["HollowMod:Grubsong"],"picked":"SKIP","floor":45},{"not_picked":["HollowMod:NewLittleFool"],"picked":"SKIP","floor":46},{"not_picked":["HollowMod:HeavyBlow+1"],"picked":"SKIP","floor":47}],"player_experience":177564,"relics_obtained":[{"floor":6.0,"key":"Strawberry"},{"floor":9.0,"key":"REME_HandOfSuture"},{"floor":11.0,"key":"AT_EbonyIvory"},{"floor":23.0,"key":"Happy Flower"},{"floor":25.0,"key":"AT_ImmortalShieldbow"},{"floor":26.0,"key":"Potion Belt"},{"floor":30.0,"key":"Eternal Feather"},{"floor":40,"key":"AntiCross"},{"floor":43,"key":"Bottled Lightning"}],"event_choices":[{"cards_removed":["HollowMod:Hiveblood"],"damage_healed":18,"gold_gain":0,"player_choice":"Offered Rare","damage_taken":0,"max_hp_gain":10,"max_hp_loss":0,"event_name":"Bonfire Elementals","floor":39,"gold_loss":0},{"damage_healed":0,"gold_gain":0,"player_choice":"Ignored","damage_taken":0,"max_hp_gain":0,"max_hp_loss":0,"event_name":"Mysterious Sphere","floor":48,"gold_loss":0}],"is_beta":false,"boss_relics":[{"not_picked":["Coffee Dripper","Cursed Key"],"picked":"AT_MortalBlade"},{"not_picked":["REME_LowDesire","Tiny House"],"picked":"Busted Crown"}],"items_purged_floors":[4,21],"is_endless":false,"potions_floor_spawned":[2,5,14,16,19,22,27,29,31,33,36,41,45,47],"ascension_level":0}}