{"host":"n605f8gctjc87d7h","time":1611208651,"event":{"mods":["Aspiration","Bard","BaseMod","Better Match","Better Note","Better Skull","Better Third Choice","Conspire","Halation","Hermit","Infinite Spire","Minty Spire (QoL Compilation)","Replay The Spire","Retaliation","Shade Mod","Spicy Shops","StS++","StSLib","The IronCluck"],"gold_per_floor":[117,42,42,42,62,62,92,92,92,106,106,119,134,162,162,261,261,273,273,291,306,306,306,339,339,339,357,357,301,314,389,389,484,484,499,279,279,292,343,343,343],"floor_reached":40,"language":"ENG","playtime":3987,"items_purged":["Defend_P"],"score":563,"play_id":"f1c17752-143c-4caf-9edc-7ac36eb6934f","local_time":"20210120215731","is_ascension_mode":true,"campfire_choices":[{"data":"WindmillStrike","floor":6.0,"key":"SMITH"},{"floor":8.0,"key":"REST"},{"data":"Consecrate","floor":11.0,"key":"SMITH"},{"floor":15.0,"key":"REST"},{"floor":23,"key":"REST"},{"floor":25,"key":"REST"},{"floor":28,"key":"REST"},{"floor":32,"key":"REST"}],"circlet_count":0,"master_deck":["Strike_P","Strike_P","Strike_P","Strike_P","Defend_P","Defend_P","Defend_P","Eruption","Vigilance+1","PathToVictory+1","WindmillStrike+1","ThirdEye","Consecrate+1","CutThroughFate","FlyingSleeves","PathToVictory","DeusExMachina","ThirdEye+1","infinitespire:Menacing","Consecrate+1","LikeWater","Fasting2","Replay:AtTheReady","Devotion","Nirvana","PathToVictory+1","CutThroughFate+1"],"relics":["PureWater","aspiration:DSix","Happy Flower","ReplayTheSpireMod:Lightbulb","Replay:Grab Bag","Philosopher\u0027s Stone","Sozu","conspire:SpecialSausage","halation:EternalFortune","Darkstone Periapt","Matryoshka","Lee\u0027s Waffle","aspiration:Lifesprig","PreservedInsect"],"acts_visited":["Exordium","TheCity","TheBeyond"],"potions_floor_usage":[],"damage_taken":[{"damage":0.0,"enemies":"Jaw Worm","floor":1.0,"turns":3.0},{"damage":3.0,"enemies":"Small Slimes","floor":5.0,"turns":4.0},{"damage":30.0,"enemies":"Gremlin Nob","floor":7.0,"turns":4.0},{"damage":0.0,"enemies":"Cultist","floor":10.0,"turns":3.0},{"damage":6.0,"enemies":"3 Louse","floor":12.0,"turns":2.0},{"damage":0.0,"enemies":"2 Fungi Beasts","floor":13.0,"turns":3.0},{"damage":8.0,"enemies":"Lagavulin","floor":14.0,"turns":5.0},{"damage":64.0,"enemies":"Fading Forest","floor":16.0,"turns":11.0},{"damage":0,"enemies":"3 Byrds","floor":18,"turns":5},{"damage":16,"enemies":"Shell Parasite","floor":20,"turns":4},{"damage":19,"enemies":"Centurion and Healer","floor":21,"turns":6},{"damage":9,"enemies":"Gremlin Leader","floor":24,"turns":6},{"damage":14,"enemies":"Cultist and Chosen","floor":27,"turns":6},{"damage":0,"enemies":"conspire:HollyBat","floor":30,"turns":6},{"damage":64,"enemies":"conspire:MysteriousRune","floor":33,"turns":10},{"damage":14,"enemies":"3 Shapes","floor":35,"turns":5},{"damage":13,"enemies":"Orb Walker","floor":38,"turns":4},{"damage":87,"enemies":"Nightmare","floor":40,"turns":7}],"seed_played":"-4989889369484770168","potions_obtained":[{"floor":7.0,"key":"Weak Potion"},{"floor":14.0,"key":"DistilledChaos"}],"is_trial":false,"path_per_floor":["M","$","?","?","M","R","E","R","T","M","R","M","M","E","R","B",null,"M","?","M","M","?","R","E","R","T","M","R","?","M","?","R","B",null,"M","$","?","M","T","NM"],"character_chosen":"WATCHER","items_purchased":["Lee\u0027s Waffle","Nirvana"],"campfire_rested":6,"item_purchase_floors":[36,36],"current_hp_per_floor":[72,72,72,72,69,69,39,62,62,62,62,56,56,48,71,7,61,61,41,25,6,9,33,24,48,48,34,58,58,58,50,74,10,64,53,92,92,79,79,0,0],"gold":343,"neow_bonus":"TEN_PERCENT_HP_BONUS","is_daily":false,"chose_seed":false,"campfire_upgraded":2,"win_rate":0.0,"timestamp":1611208651,"path_taken":["M","$","?","?","M","R","E","R","T","M","R","M","?","E","R","BOSS","M","?","M","M","?","R","E","R","T","M","R","?","?","?","R","BOSS","M","$","?","?","?","NM"],"items_purchased_type":["Relic","Card"],"build_version":"2020-12-22","purchased_purges":1,"victory":false,"max_hp_per_floor":[79,79,79,79,79,79,79,79,79,79,79,79,79,79,79,79,79,79,79,79,79,82,82,82,82,82,82,82,82,82,82,82,82,82,85,92,92,92,92,92,92],"card_choices":[{"not_picked":["BowlingBash","Pray"],"picked":"PathToVictory","floor":1.0},{"not_picked":["Replay:Hum","Halt"],"picked":"WindmillStrike","floor":5.0},{"not_picked":["Indignation","BowlingBash"],"picked":"ThirdEye","floor":7.0},{"not_picked":["ReachHeaven","Protect"],"picked":"Consecrate","floor":10.0},{"not_picked":["PathToVictory","WaveOfTheHand"],"picked":"CutThroughFate","floor":12.0},{"not_picked":["Evaluate","Consecrate"],"picked":"FlyingSleeves","floor":13.0},{"not_picked":["Blasphemy","FlurryOfBlows"],"picked":"PathToVictory","floor":14.0},{"not_picked":["Blasphemy","StSpp:Faith"],"picked":"DeusExMachina","floor":16.0},{"not_picked":["CarveReality","CrushJoints"],"picked":"ThirdEye+1","floor":18},{"not_picked":["ReplayTheSpireMod:Echoes of Time","ReplayTheSpireMod:Haul"],"picked":"infinitespire:Menacing","floor":19},{"not_picked":["StSpp:Chanting","SashWhip+1"],"picked":"Consecrate+1","floor":20},{"not_picked":["EmptyBody","Judgement"],"picked":"LikeWater","floor":21},{"not_picked":["Collect","EmptyMind"],"picked":"Fasting2","floor":24},{"not_picked":["Crescendo","SashWhip"],"picked":"Replay:AtTheReady","floor":27},{"not_picked":["EmptyBody","StSpp:Renounce","Collect"],"picked":"SKIP","floor":30},{"not_picked":["StSpp:VitalPoint","Ragnarok"],"picked":"Devotion","floor":33},{"not_picked":["StSpp:LatentStrike","Protect","Evaluate"],"picked":"SKIP","floor":35},{"not_picked":["Conclude","Replay:BluntJabs+1"],"picked":"CutThroughFate+1","floor":38}],"player_experience":623635,"relics_obtained":[{"floor":7.0,"key":"aspiration:DSix"},{"floor":9.0,"key":"Happy Flower"},{"floor":14.0,"key":"ReplayTheSpireMod:Lightbulb"},{"floor":24,"key":"Darkstone Periapt"},{"floor":35,"key":"halation:EternalFortune"},{"floor":39,"key":"aspiration:Lifesprig"},{"floor":39,"key":"PreservedInsect"}],"event_choices":[{"damage_healed":0.0,"max_hp_gain":0.0,"max_hp_loss":0.0,"gold_gain":0.0,"event_name":"Living Wall","player_choice":"Grow","floor":3.0,"gold_loss":0.0,"damage_taken":0.0,"cards_upgraded":["PathToVictory"]},{"damage_healed":0.0,"max_hp_gain":0.0,"max_hp_loss":0.0,"gold_gain":0.0,"event_name":"Accursed Blacksmith","player_choice":"Forge","floor":4.0,"gold_loss":0.0,"damage_taken":0.0,"cards_upgraded":["Vigilance"]},{"damage_healed":0,"gold_gain":0,"player_choice":"Paid Gold","damage_taken":0,"relics_obtained":["Matryoshka"],"max_hp_gain":0,"max_hp_loss":0,"event_name":"WeMeetAgain","floor":29,"gold_loss":56},{"damage_healed":0,"gold_gain":75,"player_choice":"Touch","damage_taken":8,"max_hp_gain":0,"max_hp_loss":0,"event_name":"FaceTrader","floor":31,"gold_loss":0},{"damage_healed":0,"gold_gain":0,"player_choice":"Copied","damage_taken":0,"max_hp_gain":0,"max_hp_loss":0,"event_name":"Duplicator","floor":37,"gold_loss":0,"cards_obtained":["PathToVictory"]}],"is_beta":false,"boss_relics":[{"not_picked":["Coffee Dripper","halation:Risk"],"picked":"Replay:Grab Bag"},{"not_picked":["Runic Dome","conspire:SlowCooker"],"picked":"Philosopher\u0027s Stone"},{"not_picked":["Abe\u0027s Treasure","Fusion Hammer"],"picked":"Sozu"},{"not_picked":["Replay:Drink Me","halation:MonkeysPaw"],"picked":"conspire:SpecialSausage"},{"not_picked":["ReplayTheSpireMod:SealedPack","SacredBark","StSpp:Magatama"]}],"items_purged_floors":[2],"is_endless":false,"potions_floor_spawned":[7,14,20,21,24,30,38],"killed_by":"Nightmare","ascension_level":6}}