{"host":"urvvf8749ekcxo1a","time":1611260051,"event":{"mods":["AchievementEnabler","BaseMod","Better Sensory Stone","BetterRewards","Colored Powertips","Evolution","Gold Saver","Marisa????????","Minty Spire (QoL Compilation)","Quick Restart","StSLib","SuperFastMode","The Cursed","The Hierophant","The Saiyan","The Servant 0.9.4","The Wild Card"],"gold_per_floor":[115,115,415,340,340,340,340,340,340,340,340,340,340,367,367,463,513,494,409,409,255,273,273,273,125,152,185,185,220,220,220,220,320,320,331,331,342,392,407,407,407,407,487,521,537,566,566,422,422,422],"floor_reached":51,"language":"ENG","playtime":1363,"items_purged":["Saiyan:SuperSaiyanThree"],"score":829,"play_id":"36ca148b-9e13-49e3-a766-78344e25cdd2","local_time":"20210121151411","daily_mods":["SealedDeck","Heirloom","Flight","DeadlyEvents","Elite Swarm"],"is_ascension_mode":false,"campfire_choices":[{"data":"Echo Form","floor":6.0,"key":"SMITH"},{"data":"DevaForm","floor":7.0,"key":"SMITH"},{"data":"Demon Form","floor":8.0,"key":"SMITH"},{"data":"FlawlessForm","floor":10.0,"key":"SMITH"},{"data":"Noxious Fumes","floor":11.0,"key":"SMITH"},{"data":"theWildCard:Metatron","floor":12.0,"key":"SMITH"},{"data":"Caltrops","floor":13.0,"key":"SMITH"},{"floor":15.0,"key":"REST"},{"data":"Backstab","floor":23.0,"key":"SMITH"},{"data":"Phantasmal Killer","floor":24.0,"key":"SMITH"},{"data":"Wraith Form v2","floor":30,"key":"SMITH"},{"data":"Dash","floor":32,"key":"SMITH"},{"data":"Adrenaline","floor":41,"key":"SMITH"},{"data":"Madness","floor":42,"key":"SMITH"},{"floor":47,"key":"REST"},{"floor":49,"key":"REST"}],"circlet_count":0,"master_deck":["Demon Form+1","Wraith Form v2+1","Echo Form+1","DevaForm+1","FlawlessForm+1","Well Laid Plans","Caltrops+1","Bane+1","Flying Knee","Flying Knee","Backstab+1","Deadly Poison","Poisoned Stab","Deadly Poison","Noxious Fumes+1","Dash+1","theWildCard:Metatron+1","Phantasmal Killer+1","Necronomicurse","Acrobatics","Envenom+1","Adrenaline+1","AscendersBane","Madness+1","Footwork+1","After Image+1","Grand Finale+1"],"relics":["Ring of the Snake","EVO:Axolotl","Du-Vu Doll","Old Coin","Strawberry","Vajra","Tiny House","Toy Ornithopter","Necronomicon","TwistedFunnel","Lee\u0027s Waffle","Happy Flower","Turnip","Frozen Egg 2","HornCleat","SlaversCollar","Ice Cream","Pear","Sundial","Molten Egg 2","Regal Pillow"],"acts_visited":["Exordium","TheCity","TheBeyond"],"potions_floor_usage":[29,29,29,46],"damage_taken":[{"damage":27.0,"enemies":"Small Slimes","floor":1.0,"turns":4.0},{"damage":36.0,"enemies":"Lagavulin","floor":14.0,"turns":6.0},{"damage":19.0,"enemies":"Slime Boss","floor":16.0,"turns":6.0},{"damage":40.0,"enemies":"2 Thieves","floor":18.0,"turns":5.0},{"damage":0.0,"enemies":"Chosen","floor":22.0,"turns":5.0},{"damage":38.0,"enemies":"Gremlin Leader","floor":27.0,"turns":6.0},{"damage":13,"enemies":"Book of Stabbing","floor":29,"turns":5},{"damage":16,"enemies":"Champ","floor":33,"turns":7},{"damage":18,"enemies":"3 Shapes","floor":35,"turns":2},{"damage":13,"enemies":"Orb Walker","floor":37,"turns":4},{"damage":0,"enemies":"Mind Bloom Boss Battle","floor":38,"turns":3},{"damage":18,"enemies":"4 Shapes","floor":39,"turns":3},{"damage":0,"enemies":"Giant Head","floor":44,"turns":5},{"damage":18,"enemies":"Sphere and 2 Shapes","floor":45,"turns":4},{"damage":32,"enemies":"Reptomancer","floor":46,"turns":4},{"damage":37,"enemies":"Awakened One","floor":50,"turns":10}],"seed_played":"8167396353476014631","potions_obtained":[{"floor":16.0,"key":"ColorlessPotion"},{"floor":17.0,"key":"Fruit Juice"},{"floor":18.0,"key":"SpeedPotion"},{"floor":27,"key":"Fire Potion"},{"floor":33,"key":"SpeedPotion"},{"floor":37,"key":"SteroidPotion"},{"floor":39,"key":"AttackPotion"},{"floor":46,"key":"SteroidPotion"}],"is_trial":true,"path_per_floor":["M","?","?","$","?","R","R","R","T","R","R","R","R","E","R","B",null,"M","?","?","$","M","R","R","$","T","E","$","E","R","T","R","B",null,"M","?","M","?","M","$","R","R","T","E","M","E","R","$","R","B",null],"character_chosen":"THE_SILENT","items_purchased":["TwistedFunnel","Lee\u0027s Waffle","Regal Pillow"],"campfire_rested":3,"item_purchase_floors":[21,25,48],"current_hp_per_floor":[51,51,48,48,78,78,78,78,85,85,85,85,85,49,74,55,90,50,50,34,44,44,44,44,102,102,64,64,66,66,66,66,50,102,84,84,71,71,53,53,53,53,63,63,45,18,51,51,99,62],"gold":422,"neow_bonus":"","is_daily":false,"chose_seed":false,"campfire_upgraded":13,"win_rate":0.0,"timestamp":1611260051,"path_taken":["M","?","?","$","?","R","R","R","T","R","R","R","R","E","R","BOSS","M","?","?","$","?","R","R","$","T","E","?","?","R","?","R","BOSS","M","?","?","?","M","$","R","R","T","E","?","?","R","$","R","BOSS"],"items_purchased_type":["Relic","Relic","Relic"],"build_version":"2020-12-22","purchased_purges":1,"victory":true,"max_hp_per_floor":[78,78,78,78,78,78,78,78,85,85,85,85,85,85,85,85,90,90,90,90,95,95,95,95,102,102,102,102,102,102,102,102,102,102,102,102,102,102,102,102,102,102,112,112,112,112,112,112,112,112],"card_choices":[{"not_picked":["Prepared","Underhanded Strike"],"picked":"Dash","floor":1.0},{"not_picked":["Malaise","Unload","Venomology"],"picked":"SKIP","floor":14.0},{"not_picked":["Doppelganger","Die Die Die"],"picked":"Phantasmal Killer","floor":16.0},{"not_picked":["All Out Attack","Concentrate","Reflex"],"picked":"SKIP","floor":18.0},{"not_picked":["Infinite Blades","Poisoned Stab"],"picked":"Acrobatics","floor":22.0},{"not_picked":["Malaise","Night Terror","Wraith Form v2"],"picked":"SKIP","floor":27},{"not_picked":["Night Terror","Unload"],"picked":"Envenom+1","floor":29},{"not_picked":["A Thousand Cuts+1","Tools of the Trade+1"],"picked":"Adrenaline","floor":33},{"not_picked":["Dagger Throw","Deadly Poison+1","All Out Attack+1"],"picked":"SKIP","floor":35},{"not_picked":["Dodge and Roll+1","Choke","Crippling Poison+1"],"picked":"SKIP","floor":37},{"not_picked":["Sucker Punch+1","Eviscerate"],"picked":"Footwork+1","floor":38},{"not_picked":["Eviscerate","Night Terror","Tactician"],"picked":"SKIP","floor":39},{"not_picked":["Die Die Die","Tools of the Trade+1"],"picked":"After Image+1","floor":44},{"not_picked":["Deadly Poison","Bane","Blade Dance+1"],"picked":"SKIP","floor":45},{"not_picked":["Night Terror","Burst"],"picked":"Grand Finale+1","floor":46}],"player_experience":128395,"relics_obtained":[{"floor":9.0,"key":"Strawberry"},{"floor":14.0,"key":"Vajra"},{"floor":20.0,"key":"Necronomicon"},{"floor":26.0,"key":"Happy Flower"},{"floor":27,"key":"Turnip"},{"floor":29,"key":"Frozen Egg 2"},{"floor":31,"key":"HornCleat"},{"floor":38,"key":"Ice Cream"},{"floor":43,"key":"Pear"},{"floor":44,"key":"Sundial"},{"floor":46,"key":"Molten Egg 2"}],"event_choices":[{"damage_healed":0.0,"max_hp_gain":0.0,"max_hp_loss":0.0,"gold_gain":0.0,"event_name":"Scrap Ooze","player_choice":"Success","floor":3.0,"gold_loss":0.0,"damage_taken":3.0,"relics_obtained":["Old Coin"]},{"cards_removed":["Saiyan:SuperSaiyanForm"],"damage_healed":30.0,"max_hp_gain":0.0,"max_hp_loss":0.0,"gold_gain":0.0,"event_name":"Bonfire Elementals","player_choice":"Offered Uncommon","floor":5.0,"gold_loss":0.0,"damage_taken":0.0},{"damage_healed":0.0,"max_hp_gain":0.0,"max_hp_loss":0.0,"gold_gain":0.0,"event_name":"Addict","player_choice":"Obtained Relic","floor":19.0,"gold_loss":85.0,"damage_taken":0.0,"relics_obtained":["Toy Ornithopter"]},{"damage_healed":0.0,"max_hp_gain":0.0,"max_hp_loss":0.0,"gold_gain":0.0,"event_name":"Cursed Tome","player_choice":"Obtained Book","floor":20.0,"gold_loss":0.0,"damage_taken":16.0},{"damage_healed":0,"gold_gain":3,"player_choice":"3","damage_taken":0,"max_hp_gain":0,"max_hp_loss":0,"event_name":"betterStone:BetterStone","floor":36,"gold_loss":0,"cards_obtained":["Madness"]},{"damage_healed":0,"gold_gain":0,"player_choice":"Fight","damage_taken":0,"max_hp_gain":0,"max_hp_loss":0,"event_name":"MindBloom","floor":38,"gold_loss":0}],"is_beta":false,"boss_relics":[{"not_picked":["Sozu","WristBlade"],"picked":"Tiny House"},{"not_picked":["Fusion Hammer","HoveringKite"],"picked":"SlaversCollar"}],"items_purged_floors":[4],"is_endless":false,"potions_floor_spawned":[16,18,27,33,37,39,44,46],"ascension_level":0}}