{"host":"w9njud19qyl0lpz1","time":1611249785,"event":{"mods":["BaseMod","Minty Spire (QoL Compilation)","StSLib"],"gold_per_floor":[110,120,50,50,66,66,93,93,93,93,111,38,213,213,213,313,313,324,249,249,98,98,126,126,155,180,197,21,21,44,8,8,111,111,126,140,65,83,83,83,83,83,83,83,99,111,111,125,125,125],"floor_reached":51,"language":"ENG","playtime":7703,"items_purged":["Strike_B+1"],"score":629,"play_id":"f15230c4-513e-426d-a80e-3a7da5da70dd","local_time":"20210121122305","is_ascension_mode":false,"campfire_choices":[{"data":"Compile Driver","floor":6.0,"key":"SMITH"},{"data":"Hello World","floor":8.0,"key":"SMITH"},{"data":"Undo","floor":10.0,"key":"SMITH"},{"data":"Barrage","floor":15.0,"key":"SMITH"},{"floor":24.0,"key":"REST"},{"floor":29.0,"key":"REST"},{"floor":32.0,"key":"REST"},{"floor":40.0,"key":"REST"},{"data":"Electrodynamics","floor":44.0,"key":"SMITH"},{"data":"Chrysalis","floor":47.0,"key":"SMITH"},{"floor":49.0,"key":"REST"}],"circlet_count":0,"master_deck":["Strike_B+1","Defend_B+1","Defend_B+1","Defend_B+1","Zap","Dualcast","Hello World+1","Capacitor","Core Surge","Compile Driver+1","Undo+1","Barrage+1","Streamline","Hologram","Multi-Cast","Hyperbeam+1","Streamline+1","White Noise+1","Leap","FTL","Chill","Chrysalis+1","Defragment","Electrodynamics+1","Stack+1","FTL+1","Jack Of All Trades","Ball Lightning+1","Conserve Battery"],"relics":["Cracked Core","Lantern","Letter Opener","InkBottle","Astrolabe","PreservedInsect","Singing Bowl","Happy Flower","Vajra","Inserter","Eternal Feather"],"acts_visited":["Exordium","TheCity","TheBeyond"],"potions_floor_usage":[50,50],"damage_taken":[{"damage":0.0,"enemies":"Small Slimes","floor":1.0,"turns":3.0},{"damage":1.0,"enemies":"Cultist","floor":2.0,"turns":4.0},{"damage":0.0,"enemies":"2 Louse","floor":5.0,"turns":1.0},{"damage":21.0,"enemies":"Lagavulin","floor":7.0,"turns":6.0},{"damage":0.0,"enemies":"Blue Slaver","floor":11.0,"turns":3.0},{"damage":1.0,"enemies":"The Mushroom Lair","floor":14.0,"turns":2.0},{"damage":22.0,"enemies":"Hexaghost","floor":16.0,"turns":10.0},{"damage":5.0,"enemies":"2 Thieves","floor":18.0,"turns":3.0},{"damage":77.0,"enemies":"Slavers","floor":23.0,"turns":7.0},{"damage":8.0,"enemies":"Book of Stabbing","floor":25.0,"turns":4.0},{"damage":0.0,"enemies":"Chosen","floor":27.0,"turns":4.0},{"damage":42.0,"enemies":"Collector","floor":33.0,"turns":7.0},{"damage":6.0,"enemies":"3 Darklings","floor":35.0,"turns":4.0},{"damage":7.0,"enemies":"3 Shapes","floor":36.0,"turns":5.0},{"damage":10.0,"enemies":"Jaw Worm Horde","floor":38.0,"turns":2.0},{"damage":19.0,"enemies":"Sphere and 2 Shapes","floor":45.0,"turns":4.0},{"damage":0.0,"enemies":"3 Darklings","floor":46.0,"turns":4.0},{"damage":33.0,"enemies":"Writhing Mass","floor":48.0,"turns":6.0},{"damage":74,"enemies":"Time Eater","floor":50,"turns":11}],"seed_played":"-6221349071182442478","potions_obtained":[{"floor":4.0,"key":"EssenceOfSteel"},{"floor":4.0,"key":"SmokeBomb"},{"floor":4.0,"key":"CultistPotion"},{"floor":5.0,"key":"PowerPotion"},{"floor":11.0,"key":"Fire Potion"},{"floor":23.0,"key":"EssenceOfDarkness"},{"floor":25.0,"key":"SteroidPotion"},{"floor":27.0,"key":"Swift Potion"},{"floor":33.0,"key":"PotionOfCapacity"},{"floor":45.0,"key":"Fire Potion"},{"floor":46.0,"key":"Explosive Potion"}],"is_trial":false,"path_per_floor":["M","M","$","?","M","R","E","R","T","R","M","$","?","?","R","B",null,"M","?","?","$","?","E","R","E","T","M","$","R","T","$","R","B",null,"M","M","$","M","?","R","?","$","T","R","M","M","R","M","R","B",null],"character_chosen":"DEFECT","items_purchased":["Core Surge","Streamline","Hologram","FTL","Regen Potion","Chrysalis","Defragment"],"campfire_rested":5,"item_purchase_floors":[3,12,12,21,21,28,31],"current_hp_per_floor":[75,74,74,74,74,74,53,53,53,53,53,53,53,52,52,30,75,70,70,70,70,70,8,30,24,24,26,26,49,49,49,72,30,79,73,66,66,58,55,79,79,79,79,79,62,62,77,44,81,7],"gold":125,"neow_bonus":"RANDOM_COMMON_RELIC","is_daily":false,"chose_seed":false,"campfire_upgraded":6,"win_rate":0.0,"timestamp":1611249785,"path_taken":["M","M","$","?","?","R","E","R","T","R","M","$","?","?","R","BOSS","M","?","?","$","?","E","R","E","T","M","$","R","?","?","R","BOSS","M","?","$","M","?","R","?","$","T","R","M","M","R","M","R","BOSS"],"items_purchased_type":["Card","Card","Card","Card","Potion","Card","Card"],"build_version":"2020-12-22","purchased_purges":1,"victory":true,"max_hp_per_floor":[75,75,75,75,75,75,75,75,75,75,75,75,75,75,75,75,75,75,75,75,75,75,75,75,77,77,79,79,79,79,79,79,79,79,79,79,79,81,83,83,79,79,79,79,81,81,81,81,81,81],"card_choices":[{"not_picked":["Compile Driver","Leap"],"picked":"Hello World","floor":1.0},{"not_picked":["Go for the Eyes","Stack"],"picked":"Capacitor","floor":2.0},{"not_picked":["Reprogram","Steam"],"picked":"Compile Driver","floor":5.0},{"not_picked":["Compile Driver","Thunder Strike"],"picked":"Undo","floor":7.0},{"not_picked":["Redo","Gash"],"picked":"Barrage","floor":11.0},{"not_picked":["Seek","Thunder Strike"],"picked":"Multi-Cast","floor":16.0},{"not_picked":["Barrage+1","Consume+1"],"picked":"Leap","floor":18.0},{"not_picked":["Storm","Creative AI"],"picked":"Chill","floor":23.0},{"not_picked":["Turbo","Beam Cell","Steam"],"picked":"Singing Bowl","floor":25.0},{"not_picked":["Compile Driver","Sweeping Beam","Heatsinks"],"picked":"Singing Bowl","floor":27.0},{"not_picked":["Hyperbeam","Machine Learning"],"picked":"Electrodynamics","floor":33.0},{"not_picked":["Reprogram+1","Conserve Battery"],"picked":"Stack+1","floor":35.0},{"not_picked":["Beam Cell","Rebound+1"],"picked":"FTL+1","floor":36.0},{"not_picked":["Stack","Rebound","Beam Cell"],"picked":"Singing Bowl","floor":38.0},{"not_picked":["Deep Breath","Sadistic Nature","Purity"],"picked":"Singing Bowl","floor":39.0},{"not_picked":["Thinking Ahead","Impatience"],"picked":"Jack Of All Trades","floor":39.0},{"not_picked":["Skim","Force Field","Beam Cell"],"picked":"Singing Bowl","floor":45.0},{"not_picked":["White Noise","Loop+1"],"picked":"Ball Lightning+1","floor":46.0},{"not_picked":["Consume","Defragment"],"picked":"Conserve Battery","floor":48.0}],"player_experience":2244940,"relics_obtained":[{"floor":7.0,"key":"Letter Opener"},{"floor":9.0,"key":"InkBottle"},{"floor":23.0,"key":"PreservedInsect"},{"floor":25.0,"key":"Singing Bowl"},{"floor":26.0,"key":"Happy Flower"},{"floor":30.0,"key":"Vajra"},{"floor":43.0,"key":"Eternal Feather"}],"event_choices":[{"damage_healed":0.0,"max_hp_gain":0.0,"max_hp_loss":0.0,"gold_gain":0.0,"event_name":"Lab","player_choice":"Got Potions","floor":4.0,"gold_loss":0.0,"damage_taken":0.0},{"damage_healed":0.0,"max_hp_gain":0.0,"max_hp_loss":0.0,"gold_gain":175.0,"event_name":"Liars Game","player_choice":"AGREE","floor":13.0,"gold_loss":0.0,"damage_taken":0.0,"cards_obtained":["Doubt"]},{"damage_healed":0.0,"max_hp_gain":0.0,"max_hp_loss":0.0,"gold_gain":0.0,"event_name":"Mushrooms","player_choice":"Fought Mushrooms","floor":14.0,"gold_loss":0.0,"damage_taken":0.0},{"cards_removed":["Doubt"],"damage_healed":0.0,"max_hp_gain":0.0,"max_hp_loss":0.0,"gold_gain":0.0,"event_name":"Beggar","player_choice":"Gave Gold","floor":19.0,"gold_loss":75.0,"damage_taken":0.0},{"damage_healed":0.0,"max_hp_gain":0.0,"max_hp_loss":0.0,"gold_gain":0.0,"event_name":"Back to Basics","player_choice":"Simplicity","floor":20.0,"gold_loss":0.0,"damage_taken":0.0,"cards_upgraded":["Strike_B","Strike_B","Defend_B","Defend_B","Defend_B"]},{"damage_healed":0.0,"max_hp_gain":0.0,"max_hp_loss":0.0,"gold_gain":0.0,"event_name":"Ghosts","player_choice":"Ignored","floor":22.0,"gold_loss":0.0,"damage_taken":0.0},{"damage_healed":0.0,"max_hp_gain":0.0,"max_hp_loss":0.0,"gold_gain":0.0,"event_name":"SensoryStone","player_choice":"Memory 2","floor":39.0,"gold_loss":0.0,"damage_taken":5.0},{"damage_healed":0.0,"max_hp_gain":0.0,"max_hp_loss":4.0,"gold_gain":0.0,"event_name":"Winding Halls","player_choice":"Max HP","floor":41.0,"gold_loss":0.0,"damage_taken":0.0}],"is_beta":false,"boss_relics":[{"not_picked":["Cursed Key","Pandora\u0027s Box"],"picked":"Astrolabe"},{"not_picked":["Busted Crown","Philosopher\u0027s Stone"],"picked":"Inserter"}],"items_purged_floors":[37],"is_endless":false,"potions_floor_spawned":[5,11,14,23,25,27,33,35,45,46],"ascension_level":0}}