{"host":"mi0eibewekhugwl1","time":1611234867,"event":{"mods":["AchievementEnabler","BaseMod","Colored Map","Colored Powertips","DeckTracker","Keyboard Shortcuts","Minty Spire (QoL Compilation)","Quick Restart","Rare Cards Sparkle","Relic Stats","StSLib","SuperFastMode","everything is the same but u backflip on backflip"],"gold_per_floor":[218,233,249,17,17,17,33,33,78,228,9,23,23,23,23,122,122,142,162,186,14,14,14],"floor_reached":22,"language":"KOR","playtime":351,"items_purged":["Strike_G","Doubt"],"score":352,"play_id":"9937e79a-7b64-4a16-a0b0-9a2f2e418920","local_time":"20210121221427","is_ascension_mode":true,"campfire_choices":[{"data":"Masterful Stab","floor":6,"key":"SMITH"},{"data":"Dagger Spray","floor":8,"key":"SMITH"},{"data":"Dash","floor":15,"key":"SMITH"}],"circlet_count":0,"master_deck":["AscendersBane","Strike_G","Strike_G","Strike_G","Strike_G","Defend_G","Defend_G","Defend_G","Defend_G","Survivor+1","Neutralize","Masterful Stab+1","Poisoned Stab","Dagger Spray+1","Adrenaline+1","Noxious Fumes","Dash+1","Reflex","Corpse Explosion","Crippling Poison","Backflip+1"],"relics":["Ring of the Snake","Toy Ornithopter","Golden Idol","Cursed Key","War Paint"],"acts_visited":["Exordium","TheCity"],"potions_floor_usage":[16,19],"damage_taken":[{"damage":1,"enemies":"Cultist","floor":1,"turns":5},{"damage":0,"enemies":"Jaw Worm","floor":2,"turns":5},{"damage":9,"enemies":"2 Louse","floor":3,"turns":2},{"damage":10,"enemies":"Exordium Thugs","floor":7,"turns":3},{"damage":0,"enemies":"Blue Slaver","floor":12,"turns":3},{"damage":27,"enemies":"Slime Boss","floor":16,"turns":10},{"damage":0,"enemies":"3 Byrds","floor":18,"turns":2},{"damage":9,"enemies":"2 Thieves","floor":19,"turns":2},{"damage":31,"enemies":"Sentry and Sphere","floor":20,"turns":5},{"damage":13,"enemies":"Snecko","floor":22,"turns":2}],"seed_played":"3685466132859238686","potions_obtained":[{"floor":1,"key":"Explosive Potion"},{"floor":16,"key":"DistilledChaos"},{"floor":18,"key":"Explosive Potion"},{"floor":19,"key":"Fire Potion"}],"is_trial":false,"path_per_floor":["M","M","M","$","?","R","M","R","T","?","$","M","?","?","R","B",null,"M","M","M","$","M"],"character_chosen":"THE_SILENT","items_purchased":["Adrenaline","Noxious Fumes","Dash","War Paint"],"campfire_rested":0,"item_purchase_floors":[4,11,11,21],"current_hp_per_floor":[58,58,49,49,42,42,32,32,32,32,32,32,32,32,32,10,48,48,44,13,13,0,0],"gold":14,"neow_bonus":"HUNDRED_GOLD","is_daily":false,"chose_seed":false,"campfire_upgraded":3,"win_rate":0.0,"timestamp":1611234867,"path_taken":["M","M","M","$","?","R","M","R","T","?","$","?","?","?","R","BOSS","M","?","M","$","?"],"items_purchased_type":["Card","Card","Card","Relic"],"build_version":"2020-12-22","purchased_purges":2,"victory":false,"max_hp_per_floor":[66,66,66,66,66,66,66,66,66,66,66,66,60,60,60,60,60,60,60,60,60,60,60],"relic_stats":{"counters":[10,39],"Golden Idol":33,"War Paint":["Survivor","Backflip"],"Cursed Key":0,"obtain_stats":[{"Golden Idol":13,"War Paint":21,"Cursed Key":17,"Toy Ornithopter":9,"Ring of the Snake":0},{"Golden Idol":5,"War Paint":9,"Cursed Key":6,"Toy Ornithopter":4,"Ring of the Snake":0},{"Golden Idol":18,"War Paint":37,"Cursed Key":28,"Toy Ornithopter":15,"Ring of the Snake":0}],"Toy Ornithopter":10,"Ring of the Snake":[20]},"card_choices":[{"not_picked":["Caltrops","Dagger Spray"],"picked":"Masterful Stab","floor":1},{"not_picked":["Slice","Prepared"],"picked":"Poisoned Stab","floor":2},{"not_picked":["Blade Dance","Eviscerate"],"picked":"Dagger Spray","floor":3},{"not_picked":["Cloak And Dagger","Dagger Spray","Prepared"],"picked":"SKIP","floor":7},{"not_picked":["Quick Slash","Prepared"],"picked":"Reflex","floor":12},{"not_picked":["Burst","Adrenaline"],"picked":"Corpse Explosion","floor":16},{"not_picked":["PiercingWail+1","Deadly Poison"],"picked":"Crippling Poison","floor":18},{"not_picked":["Eviscerate","Prepared"],"picked":"Backflip","floor":19},{"not_picked":["Choke+1","Dagger Throw","Setup"],"picked":"SKIP","floor":20}],"player_experience":1747691,"relics_obtained":[{"floor":9,"key":"Toy Ornithopter"}],"event_choices":[{"cards_removed":["Defend_G"],"damage_healed":0,"gold_gain":0,"player_choice":"Card Removal","damage_taken":7,"max_hp_gain":0,"max_hp_loss":0,"event_name":"Golden Wing","floor":5,"gold_loss":0},{"damage_healed":0,"gold_gain":150,"player_choice":"AGREE","damage_taken":0,"max_hp_gain":0,"max_hp_loss":0,"event_name":"Liars Game","floor":10,"gold_loss":0,"cards_obtained":["Doubt"]},{"damage_healed":0,"gold_gain":0,"player_choice":"Lose Max HP","damage_taken":0,"relics_obtained":["Golden Idol"],"max_hp_gain":0,"max_hp_loss":6,"event_name":"Golden Idol","floor":13,"gold_loss":0},{"damage_healed":0,"gold_gain":0,"player_choice":"Forge","damage_taken":0,"max_hp_gain":0,"max_hp_loss":0,"event_name":"Accursed Blacksmith","floor":14,"gold_loss":0,"cards_upgraded":["Adrenaline"]}],"is_beta":false,"boss_relics":[{"not_picked":["Velvet Choker","Sozu"],"picked":"Cursed Key"}],"items_purged_floors":[4,11],"is_endless":false,"potions_floor_spawned":[1,16,18,19],"killed_by":"Snecko","ascension_level":20}}