{"host":"zxkjcgzis4pm3za5","time":1611255050,"event":{"mods":["AchievementEnabler","Act Like it!","BaseMod","Colored Map","Colored Powertips","Friendly Minions","GifTheSpireLib","Minty Spire (QoL Compilation)","Quick Restart","RNG Fix","Random Character Button","Relic Sorter","Relic Stats","StSLib"],"gold_per_floor":[118,132,2,22,22,22,55,55,100,100,100,100],"floor_reached":11,"language":"ENG","playtime":229,"items_purged":["Strike_B"],"score":128,"play_id":"c12403b6-4f00-4053-b560-a005db5946a3","local_time":"20210122002050","is_ascension_mode":true,"campfire_choices":[{"data":"Zap","floor":6,"key":"SMITH"}],"circlet_count":0,"master_deck":["AscendersBane","Strike_B","Strike_B","Strike_B","Defend_B","Defend_B","Defend_B","Defend_B","Zap+1","Dualcast","All For One","Go for the Eyes","Streamline","Gash"],"relics":["Cracked Core","CeramicFish","Shovel","DataDisk","Golden Idol"],"acts_visited":[],"potions_floor_usage":[7,11],"damage_taken":[{"damage":0,"enemies":"Small Slimes","floor":1,"turns":3},{"damage":1,"enemies":"Cultist","floor":2,"turns":3},{"damage":14,"enemies":"2 Louse","floor":4,"turns":2},{"damage":26,"enemies":"3 Sentries","floor":7,"turns":7},{"damage":16,"enemies":"Gremlin Nob","floor":11,"turns":2}],"seed_played":"4097260104981078542","potions_obtained":[{"floor":0,"key":"FocusPotion"},{"floor":0,"key":"BlessingOfTheForge"},{"floor":7,"key":"BlessingOfTheForge"}],"is_trial":false,"path_per_floor":["M","M","$","M","?","R","E","?","T","?","E"],"character_chosen":"DEFECT","items_purchased":["Streamline"],"campfire_rested":0,"item_purchase_floors":[3],"current_hp_per_floor":[64,63,63,49,49,49,23,5,5,5,0,0],"gold":100,"neow_bonus":"THREE_SMALL_POTIONS","is_daily":false,"chose_seed":false,"campfire_upgraded":1,"win_rate":0.0,"timestamp":1611255050,"path_taken":["M","M","$","M","?","R","E","?","T","?","E"],"items_purchased_type":["Card"],"build_version":"2020-12-22","purchased_purges":1,"victory":false,"max_hp_per_floor":[71,71,71,71,71,71,71,71,71,64,64,64],"relic_stats":{"Shovel":0,"counters":[5,17],"Golden Idol":0,"CeramicFish":0,"obtain_stats":[{"DataDisk":9,"Shovel":8,"Golden Idol":10,"CeramicFish":7,"Cracked Core":0},{"DataDisk":4,"Shovel":4,"Golden Idol":4,"CeramicFish":4,"Cracked Core":0},{"DataDisk":15,"Shovel":15,"Golden Idol":15,"CeramicFish":15,"Cracked Core":0}]},"card_choices":[{"not_picked":["Turbo","Barrage"],"picked":"All For One","floor":1},{"not_picked":["Static Discharge","Coolheaded"],"picked":"Go for the Eyes","floor":2},{"not_picked":["Redo","Rebound"],"picked":"Gash","floor":4},{"not_picked":["Redo","Thunder Strike","Loop"],"picked":"SKIP","floor":7}],"player_experience":251824,"relics_obtained":[{"floor":7,"key":"CeramicFish"},{"floor":9,"key":"DataDisk"}],"event_choices":[{"damage_healed":0,"gold_gain":0,"player_choice":"Ignored","damage_taken":0,"max_hp_gain":0,"max_hp_loss":0,"event_name":"Liars Game","floor":5,"gold_loss":0},{"damage_healed":0,"gold_gain":0,"player_choice":"Success","damage_taken":18,"relics_obtained":["Shovel"],"max_hp_gain":0,"max_hp_loss":0,"event_name":"Scrap Ooze","floor":8,"gold_loss":0},{"damage_healed":0,"gold_gain":0,"player_choice":"Lose Max HP","damage_taken":0,"relics_obtained":["Golden Idol"],"max_hp_gain":0,"max_hp_loss":7,"event_name":"Golden Idol","floor":10,"gold_loss":0}],"is_beta":false,"boss_relics":[],"items_purged_floors":[3],"is_endless":false,"potions_floor_spawned":[1,7],"killed_by":"Gremlin Nob","ascension_level":16}}