{"host":"pec1bvkeldr5yzx1","time":1611243643,"event":{"mods":["ATMod(°¢èªMod)","AchievementEnabler","Act Like it!","Aspiration","BaseMod","Better Altar","Better Match","Better Sensory Stone","Better Skull","Better Vampires","BetterRewards","Conspire","Dota2Spire","Energized Spire","Friendly Minions","GifTheSpireLib","Hubris","Minty Spire (QoL Compilation)","Replay The Spire","Spicy Shops","StSLib","Stuff the Spire","SuperFastMode","vexMod","óô»ðÖ¸ÄÏ"],"gold_per_floor":[137,137,201,201,201,201,201,255,255,324,427,487,526,592,592,764,764,854,914,914,914,914,914,1015,1015,1015,1081,1168,1234,1234,194,194,323,323,364,0,25,25,162,162,274,274,274,314,414,97,188,248,248,373,373,373,38,119,144],"floor_reached":56,"language":"ZHS","playtime":2010,"items_purged":["Pain","hubris:Compulsion","StuffTheSpire:WarCurse"],"score":2025,"play_id":"1db429cb-006a-431b-a7ad-78adfa81831f","local_time":"20210121234043","is_ascension_mode":true,"campfire_choices":[{"floor":6,"key":"REST"},{"floor":15,"key":"DIG"},{"floor":23,"key":"RECALL"},{"floor":25,"key":"DIG"},{"floor":32,"key":"DIG"},{"floor":40,"key":"DIG"},{"floor":42,"key":"DIG"},{"floor":49,"key":"DIG"},{"floor":52,"key":"DIG"}],"circlet_count":0,"master_deck":["Strike_G+1","Strike_G+1","Strike_G+1","Strike_G+1","Strike_G+1","Defend_G+1","Defend_G+1","Defend_G+1","Defend_G","Defend_G","Survivor","Neutralize","Footwork","Backstab+1","AT_FamilyPortrait","Sucker Punch","Sucker Punch","Dagger Spray","Regret","AT_WomanClash","Regret","ReplayTheSpireMod:The Works","Caltrops","AT_KneejerkReflex","Dodge and Roll+1","StuffTheSpire:Injection","Acrobatics+1","aspiration:Lunge","StuffTheSpire:ReptileScales+1","Endless Agony","RitualDagger","StuffTheSpire:WarGroove","Poisoned Stab+1","StuffTheSpire:MirrorStance+1","StuffTheSpire:Incantation+1","StuffTheSpire:WarCurse","Leg Sweep+1","StuffTheSpire:CelestialWarden","Backflip+1","Tools of the Trade","AT_EmpoweredMortalDraw","Dash","Midas Touch+1","Purity+1","StuffTheSpire:WarCurse","Hidden Blade+1","Concentrate+1","PiercingWail+1","ReplayTheSpireMod:Speed Training+1","StuffTheSpire:Innocence","Endless Agony","Dagger Spray+1","StuffTheSpire:WarCurse","StuffTheSpire:CelestialWarden","StuffTheSpire:BumpUp+1","StuffTheSpire:Rapture","Injury","StuffTheSpire:Vigor","Backstab+1","Tactician+1"],"relics":["Ring of the Snake","AT_ATBox","Shovel","AT_MibuBalloonWealth","Dota2Spire:Mjollnir","StuffTheSpire:RedRose","StuffTheSpire:Nightcore","Toxic Egg 2","TungstenRod","Pear","StuffTheSpire:RunicHypercube","Ring of Hypnosis","Ring of Fury","AT_BellowingDragoncrestRing","AT_LudenTempest","StuffTheSpire:Saxophone","Potion Belt","Replay:Bottled Eggs","Orichalcum","Toolbox","StuffTheSpire:WitherSkull","Snake Skull","AT_MortalBlade","Red Mask","vexMod:FocusSash","Dota2Spire:ArcaneBoots","Strawberry","Torii","hubris:AstralHammer","ReplayTheSpireMod:CursedCoin","Iron Hammer","Blood Vial","Dota2Spire:Vanguard","ReplayTheSpireMod:Shallot","Nunchaku","DollysMirror","Art of War"],"acts_visited":["Exordium","TheCity","TheBeyond","TheEnding"],"potions_floor_usage":[11,16,39],"damage_taken":[{"damage":11,"enemies":"Jaw Worm","floor":1,"turns":2},{"damage":0,"enemies":"Small Slimes","floor":3,"turns":2},{"damage":4,"enemies":"Lagavulin","floor":8,"turns":5},{"damage":0,"enemies":"2 Louse","floor":10,"turns":1},{"damage":3,"enemies":"3 Sentries","floor":11,"turns":2},{"damage":0,"enemies":"Exordium Thugs","floor":12,"turns":2},{"damage":0,"enemies":"Blue Slaver","floor":13,"turns":1},{"damage":0,"enemies":"Large Slime","floor":14,"turns":2},{"damage":15,"enemies":"Fading Forest","floor":16,"turns":11},{"damage":0,"enemies":"3 Byrds","floor":18,"turns":2},{"damage":11,"enemies":"2 Thieves","floor":19,"turns":2},{"damage":15,"enemies":"Gremlin Leader","floor":24,"turns":2},{"damage":0,"enemies":"Centurion and Healer","floor":27,"turns":2},{"damage":0,"enemies":"3 Cultists","floor":28,"turns":2},{"damage":6,"enemies":"Shelled Parasite and Fungi","floor":29,"turns":2},{"damage":11,"enemies":"hubris:MusketHawk","floor":33,"turns":5},{"damage":0,"enemies":"Orb Walker","floor":35,"turns":1},{"damage":18,"enemies":"3 Darklings","floor":39,"turns":3},{"damage":1,"enemies":"4 Shapes","floor":41,"turns":1},{"damage":0,"enemies":"Spire Growth","floor":44,"turns":2},{"damage":4,"enemies":"2 Orb Walkers","floor":45,"turns":2},{"damage":0,"enemies":"Sphere and 2 Shapes","floor":47,"turns":2},{"damage":0,"enemies":"Giant Head","floor":48,"turns":3},{"damage":20,"enemies":"Awakened One","floor":50,"turns":8},{"damage":0,"enemies":"Shield and Spear","floor":54,"turns":1},{"damage":0,"enemies":"The Heart","floor":55,"turns":3}],"seed_played":"8483492184363080093","potions_obtained":[{"floor":8,"key":"BlessingOfTheForge"},{"floor":10,"key":"CunningPotion"},{"floor":12,"key":"Block Potion"},{"floor":13,"key":"Dota2Spire:HealingSalve"},{"floor":24,"key":"Elixir"},{"floor":27,"key":"SkillPotion"},{"floor":30,"key":"PowerPotion"},{"floor":33,"key":"Languid Potion"},{"floor":35,"key":"BlessingOfTheForge"},{"floor":44,"key":"Energy Potion"}],"is_trial":false,"path_per_floor":["M","?","M","?","?","R","?","E","T","M","E","M","M","M","R","B",null,"M","M","?","?","?","R","E","R","T","M","M","M","?","$","R","B",null,"M","?","T","?","M","R","M","R","T","M","?","$","M","E","R","B",null,"R","$","E","B",null],"character_chosen":"THE_SILENT","items_purchased":["Footwork","Backstab","AT_MibuBalloonWealth","Sucker Punch","StuffTheSpire:Saxophone","Potion Belt","Replay:Bottled Eggs","Orichalcum","Backflip+1","Toolbox","StuffTheSpire:WitherSkull","ReplayTheSpireMod:CursedCoin","Iron Hammer","Endless Agony","Nunchaku","DollysMirror"],"campfire_rested":1,"item_purchase_floors":[0,0,0,0,31,31,31,31,31,31,31,46,46,46,53,53],"current_hp_per_floor":[27,27,27,27,27,48,48,44,44,44,41,41,41,41,51,36,80,80,69,64,47,47,47,32,32,32,32,32,26,26,26,26,15,80,80,80,80,80,62,62,61,68,68,68,64,64,64,64,64,46,87,87,87,87,87],"gold":144,"neow_bonus":"","is_daily":false,"chose_seed":false,"campfire_upgraded":0,"win_rate":0.0,"timestamp":1611243643,"path_taken":["M","?","M","?","?","R","?","E","T","M","E","?","M","M","R","BOSS","M","M","?","?","?","R","E","R","T","M","M","?","?","?","R","BOSS","M","?","?","?","?","R","M","R","T","M","?","?","M","E","R","BOSS","R","$","E","BOSS"],"items_purchased_type":["Card","Card","Relic","Card","Relic","Relic","Relic","Relic","Card","Relic","Relic","Relic","Relic","Card","Relic","Relic"],"build_version":"2020-12-22","purchased_purges":3,"victory":true,"max_hp_per_floor":[70,70,70,70,70,70,70,70,70,70,70,70,70,70,80,80,80,80,80,80,80,80,80,80,80,80,80,80,80,80,80,80,80,80,80,80,80,80,80,80,80,87,87,87,87,87,87,87,87,87,87,87,87,87,87],"card_choices":[{"not_picked":["hubris:SlightOfHand","StuffTheSpire:Python"],"picked":"Dagger Spray","floor":1},{"not_picked":["StuffTheSpire:Injection","Dagger Throw"],"picked":"AT_WomanClash","floor":3},{"not_picked":["Draining Mist","StuffTheSpire:Injection"],"picked":"ReplayTheSpireMod:The Works","floor":8},{"not_picked":["Masterful Stab","AT_TinkerSharpsword+1"],"picked":"Caltrops","floor":10},{"not_picked":["AT_WindFlip","Finisher"],"picked":"AT_KneejerkReflex","floor":11},{"not_picked":["Crippling Poison+1","Blur+1"],"picked":"Dodge and Roll+1","floor":12},{"not_picked":["Atom Bomb","Blur+1"],"picked":"StuffTheSpire:Injection","floor":13},{"not_picked":["Hidden Blade+1","StuffTheSpire:Sprint+1"],"picked":"Acrobatics+1","floor":14},{"not_picked":["ReplayTheSpireMod:Necrosis+1","A Thousand Cuts"],"picked":"aspiration:Lunge","floor":16},{"not_picked":["Expertise+1","Quick Slash"],"picked":"StuffTheSpire:ReptileScales+1","floor":18},{"not_picked":["Deadly Poison+1","StuffTheSpire:Fury+1"],"picked":"Endless Agony","floor":19},{"not_picked":["Die Die Die","Footwork"],"picked":"Poisoned Stab","floor":24},{"not_picked":["Skewer","PiercingWail+1"],"picked":"StuffTheSpire:MirrorStance+1","floor":27},{"not_picked":["AT_TwilightShroud+1","Acrobatics+1"],"picked":"StuffTheSpire:Incantation+1","floor":28},{"not_picked":["Fluid Movement","StuffTheSpire:DoubleShiv+1"],"picked":"Leg Sweep+1","floor":29},{"not_picked":["Corpse Explosion+1","Venomology+1"],"picked":"Tools of the Trade","floor":33},{"not_picked":["Backflip+1","Slice"],"picked":"Dash","floor":35},{"not_picked":["Deep Breath+1","Replay:Sssssssssstrike"],"picked":"Midas Touch+1","floor":38},{"not_picked":["ReplayTheSpireMod:Trickstab","Forethought+1"],"picked":"Purity+1","floor":38},{"not_picked":["Prepared+1","Acrobatics+1"],"picked":"Hidden Blade+1","floor":39},{"not_picked":["AT_FocusSwordFire+1","StuffTheSpire:BumpUp"],"picked":"Concentrate+1","floor":41},{"not_picked":["Fluid Movement+1","StuffTheSpire:ClusterCrunch"],"picked":"PiercingWail+1","floor":44},{"not_picked":["Dodge and Roll+1","AT_WindFlip"],"picked":"ReplayTheSpireMod:Speed Training+1","floor":45},{"not_picked":["Catalyst+1","PiercingWail+1"],"picked":"Dagger Spray+1","floor":47},{"not_picked":["Glass Knife","StuffTheSpire:FinalStruggle"],"picked":"StuffTheSpire:BumpUp+1","floor":48},{"not_picked":["Deflect+1","Masterful Stab"],"picked":"Tactician+1","floor":54}],"player_experience":91521,"relics_obtained":[{"floor":8,"key":"StuffTheSpire:Nightcore"},{"floor":9,"key":"Toxic Egg 2"},{"floor":11,"key":"TungstenRod"},{"floor":15,"key":"Pear"},{"floor":22,"key":"Ring of Hypnosis"},{"floor":22,"key":"Ring of Fury"},{"floor":24,"key":"AT_BellowingDragoncrestRing"},{"floor":25,"key":"AT_LudenTempest"},{"floor":32,"key":"Snake Skull"},{"floor":37,"key":"vexMod:FocusSash"},{"floor":40,"key":"Dota2Spire:ArcaneBoots"},{"floor":42,"key":"Strawberry"},{"floor":43,"key":"Torii"},{"floor":45,"key":"hubris:AstralHammer"},{"floor":48,"key":"Blood Vial"},{"floor":49,"key":"Dota2Spire:Vanguard"},{"floor":52,"key":"ReplayTheSpireMod:Shallot"},{"floor":54,"key":"Art of War"}],"event_choices":[{"damage_healed":0,"gold_gain":0,"player_choice":"Box","damage_taken":0,"relics_obtained":["Dota2Spire:Mjollnir"],"max_hp_gain":0,"max_hp_loss":0,"event_name":"Big Fish","floor":2,"gold_loss":0,"cards_obtained":["Regret"]},{"damage_healed":0,"gold_gain":0,"player_choice":"Joined the Cult","damage_taken":6,"max_hp_gain":0,"max_hp_loss":0,"event_name":"Nest","floor":20,"gold_loss":0,"cards_obtained":["RitualDagger"]},{"damage_healed":0,"gold_gain":0,"player_choice":"Got Potions","damage_taken":0,"max_hp_gain":0,"max_hp_loss":0,"event_name":"Lab","floor":30,"gold_loss":0},{"damage_healed":0,"gold_gain":0,"player_choice":"Paid","damage_taken":0,"relics_obtained":["Red Mask"],"max_hp_gain":0,"max_hp_loss":0,"event_name":"Tomb of Lord Red Mask","floor":36,"gold_loss":364},{"damage_healed":0,"gold_gain":3,"player_choice":"1","damage_taken":0,"max_hp_gain":0,"max_hp_loss":0,"event_name":"betterStone:BetterStone","floor":38,"gold_loss":0},{"damage_healed":0,"gold_gain":0,"player_choice":"Fight","damage_taken":0,"max_hp_gain":0,"max_hp_loss":0,"event_name":"Mysterious Sphere","floor":45,"gold_loss":0}],"is_beta":false,"boss_relics":[{"not_picked":["aspiration:DefectSkillbook","Velvet Choker"],"picked":"StuffTheSpire:RunicHypercube"},{"not_picked":["energizedSpire:MagnifyingGlass","aspiration:RitualDagger"],"picked":"AT_MortalBlade"}],"items_purged_floors":[31,46,53],"is_endless":false,"potions_floor_spawned":[8,10,12,13,24,27,28,33,35,44,54],"ascension_level":1}}