{"host":"dn75ecfuf46shptz","time":1611225742,"event":{"mods":["AchievementEnabler","Arknights The Spire","BaseMod","Bestiary","Better Match","Better Note","Better Sensory Stone","Better Third Choice","Better Vampires","Card Forge","Colored Powertips","Custom Start","Defuse TimeMaze Blight","Displayed Cursed Tome","Ekko","Emptier Cage","Hermit","Highlight Path","Jorbs\u0027s Wanderer Trilogy","Minty Spire (QoL Compilation)","Potionbrewer","Rare Cards Sparkle","Relic Filter","Shade Mod","Spicy Shops","StSLib","The Blue Laboratory","The Disciple","The Dragon Tamer","The Hayseed","The Hierophant","The Judge","The Marked","The Mystic","The Necromancer","The Runesmith","The Valiant","TheFirefly","TheWitcher","Unceasing Turn Reminder"],"gold_per_floor":[221,73,73,162,162,400,400,534,534,662,732,821,907,1029,1029,1349,1349,1411,1476,1559,1642,1728,1847,1847,1985,1985,2095,1454,1588,1680,1766,1766,2095,2095,2157,1562,1661,1745,1745,1882,1882,2002,2002,2109,2279,1904,1904,1990,1990,1990],"floor_reached":51,"language":"ENG","playtime":24343,"items_purged":[],"score":1272,"play_id":"f043f184-0ced-4d37-9542-22abac21ee7b","local_time":"20210121044222","daily_mods":["Diverse","Elite Swarm","Midas"],"is_ascension_mode":false,"campfire_choices":[{"floor":7.0,"key":"REST"},{"floor":15,"key":"REST"},{"floor":24,"key":"REST"},{"floor":32,"key":"REST"},{"floor":41,"key":"REST"},{"floor":47,"key":"REST"},{"floor":49,"key":"REST"}],"circlet_count":0,"master_deck":["thefirefly:RecollectionSubroutine+1","hierophant:RustyCrate+1","hierophant:RustyCrate+1","potionbrewer:Contingency+1","potionbrewer:IronHeart+1","SnafuTest:ConciliatoryPresence+1","Siphon_Strength+1","Shade:ScuttlingHand+1","Shade:ClawBack+1","Shade:Awaken+1","Shade:UnbarTheGrave+1","Shade:UnbarTheGrave+1","stsjorbsmod:TinyHut+1","stsjorbsmod:OakLeaf+1","stsjorbsmod:GatherPower+1","stsjorbsmod:Withdraw+1","stsjorbsmod:Channel+1","stsjorbsmod:MageArmor+1","stsjorbsmod:WanderingMind+1","stsjorbsmod:Message+1","stsjorbsmod:EnergyBulb+1","stsjorbsmod:EyeOfTheStorm+1","ekkoTheBoyWhoShatteredTime:ItemsAfterimage+1","ekkoTheBoyWhoShatteredTime:TimeMaster+1","WordoMod:WillOWisp+1","WordoMod:IllWill+1","ats:Roar Of Ursus+1","DTMod:Prediction+1","DTMod:Prediction+1","DTMod:Observe+1","DTMod:BalancedStrike+1","Scrawl+1","Establishment+1","DevaForm+1","Deflect+1","Adrenaline+1","Burst+1","After Image+1","Dual Wield+1","Force Field+1","Double Energy+1","Rebound+1","stsjorbsmod:IvoryTower+1","DTMod:Adaptation+1","Shade:ScuttlingHand+1"],"relics":["hierophant:PropheticMaskRelic","Hammer of Thor","Seething Fire","Anvil of the Gods","Membership Card","WarpedTongs","MealTicket","Akabeko","Eternal Feather","Kunai","InkBottle","Black Star","White Beast Statue","Shuriken","Darkstone Periapt","Singing Bowl","Mercury Hourglass","Meat on the Bone","Ancient Tea Set","Turnip","Strange Spoon","Pear","Molten Egg 2","Medical Kit","Juzu Bracelet","Art of War","Busted Crown","Gremlin Horn","Potion Belt","HornCleat","potionbrewer:AlchemistFlask","Lee\u0027s Waffle","DollysMirror","Anchor","Pen Nib","Omamori","Bronze Scales","Ornamental Fan","CeramicFish","Bottled Tornado","Archangels Feather","Regal Pillow","Strawberry","Frozen Eye","Happy Flower","TheAbacus"],"acts_visited":["Exordium","TheCity","TheBeyond"],"potions_floor_usage":[42,48],"damage_taken":[{"damage":0.0,"enemies":"Jaw Worm","floor":1.0,"turns":4.0},{"damage":0.0,"enemies":"2 Louse","floor":4.0,"turns":2.0},{"damage":18.0,"enemies":"Lagavulin","floor":6.0,"turns":4.0},{"damage":0.0,"enemies":"3 Sentries","floor":8.0,"turns":8.0},{"damage":7.0,"enemies":"Lagavulin","floor":10.0,"turns":6.0},{"damage":0,"enemies":"Small Slimes","floor":11,"turns":4},{"damage":0,"enemies":"3 Louse","floor":12,"turns":2},{"damage":0,"enemies":"2 Fungi Beasts","floor":13,"turns":3},{"damage":0,"enemies":"Gremlin Nob","floor":14,"turns":3},{"damage":2,"enemies":"The Guardian","floor":16,"turns":6},{"damage":0,"enemies":"Shell Parasite","floor":18,"turns":4},{"damage":0,"enemies":"Spheric Guardian","floor":19,"turns":5},{"damage":3,"enemies":"Snecko","floor":20,"turns":10},{"damage":0,"enemies":"Centurion and Healer","floor":21,"turns":8},{"damage":0,"enemies":"Shelled Parasite and Fungi","floor":22,"turns":2},{"damage":0,"enemies":"Book of Stabbing","floor":23,"turns":5},{"damage":9,"enemies":"Gremlin Leader","floor":25,"turns":8},{"damage":0,"enemies":"Book of Stabbing","floor":27,"turns":4},{"damage":0,"enemies":"Slavers","floor":29,"turns":2},{"damage":0,"enemies":"Chosen and Byrds","floor":30,"turns":7},{"damage":5,"enemies":"Sentry and Sphere","floor":31,"turns":4},{"damage":14,"enemies":"Collector","floor":33,"turns":8},{"damage":0,"enemies":"3 Shapes","floor":35,"turns":7},{"damage":0,"enemies":"3 Darklings","floor":37,"turns":3},{"damage":5,"enemies":"Spire Growth","floor":38,"turns":3},{"damage":0,"enemies":"Reptomancer","floor":40,"turns":3},{"damage":0,"enemies":"Nemesis","floor":42,"turns":5},{"damage":0,"enemies":"Giant Head","floor":44,"turns":5},{"damage":0,"enemies":"2 Orb Walkers","floor":45,"turns":3},{"damage":0,"enemies":"Transient","floor":48,"turns":4},{"damage":0,"enemies":"Awakened One","floor":50,"turns":4}],"seed_played":"8112252698071152966","potions_obtained":[{"floor":6.0,"key":"potionbrewer:HastePotion"},{"floor":8.0,"key":"blueLaboratory:FrostheartPotion"},{"floor":10,"key":"SpeedPotion"},{"floor":37,"key":"blueLaboratory:PhilterOfMotion"},{"floor":38,"key":"blueLaboratory:FruitPunch"},{"floor":42,"key":"potionbrewer:MidasPotion"},{"floor":45,"key":"DistilledChaos"},{"floor":48,"key":"blueLaboratory:FrostheartPotion"}],"is_trial":true,"path_per_floor":["M","$","?","M","?","E","R","E","T","E","M","M","M","E","R","B",null,"M","M","M","M","M","E","R","E","T","E","$","E","M","M","R","B",null,"M","$","M","M","?","E","R","E","T","E","?","$","R","M","R","B",null],"character_chosen":"HIEROPHANT","items_purchased":["Membership Card","Ancient Tea Set","Turnip","Strange Spoon","Pear","Molten Egg 2","Medical Kit","Gremlin Horn","Potion Belt","HornCleat","potionbrewer:AlchemistFlask","Lee\u0027s Waffle","DollysMirror","Regal Pillow","Strawberry","Frozen Eye","Happy Flower","TheAbacus"],"campfire_rested":7,"item_purchase_floors":[2,28,28,28,28,28,28,36,36,36,36,36,36,46,46,46,46,46],"current_hp_per_floor":[75,75,75,77,77,61,79,83,83,86,91,91,101,101,101,105,105,111,135,143,155,155,179,179,200,200,216,235,265,297,298,303,307,321,347,360,370,373,373,411,416,430,430,436,438,445,445,453,453,453],"gold":1990,"neow_bonus":"","is_daily":false,"chose_seed":false,"campfire_upgraded":0,"win_rate":0.0,"timestamp":1611225742,"path_taken":["M","$","?","M","?","E","R","E","T","E","M","M","M","E","R","BOSS","M","M","M","M","?","E","R","E","T","E","$","E","M","M","R","BOSS","M","$","M","M","?","E","R","E","T","E","?","$","R","M","R","BOSS"],"items_purchased_type":["Relic","Relic","Relic","Relic","Relic","Relic","Relic","Relic","Relic","Relic","Relic","Relic","Relic","Relic","Relic","Relic","Relic","Relic"],"build_version":"2020-12-22","purchased_purges":0,"victory":true,"max_hp_per_floor":[75,75,75,77,77,79,79,83,83,87,91,91,101,101,101,105,105,111,135,143,155,155,179,179,209,209,225,235,265,297,303,303,321,321,347,360,370,378,378,416,416,430,430,436,438,445,445,453,453,453],"card_choices":[{"not_picked":["Bane","Acrobatics","potionbrewer:TimeBomb"],"picked":"SKIP","floor":1.0},{"not_picked":["potionbrewer:ExothermicReaction","Shade:FleshToFlesh","hermit:CalledShot"],"picked":"SKIP","floor":4.0},{"not_picked":["ekkoTheBoyWhoShatteredTime:Chronobreak","potionbrewer:Transmute","mysticmod:SpellRecall"],"picked":"SKIP","floor":6.0},{"not_picked":["Wish","hermit:Purgatory"],"picked":"stsjorbsmod:IvoryTower","floor":8.0},{"not_picked":["ats:Soul Rend","OverTime","theMarked:SummonStrength"],"picked":"SKIP","floor":10},{"not_picked":["Runesmith:EarthShield","ats:Chain Hook","ekkoTheBoyWhoShatteredTime:SpHit"],"picked":"SKIP","floor":11},{"not_picked":["theMarked:RogueSparks","Shade:ExtraLimbs","Shade:CoffinDance"],"picked":"SKIP","floor":12},{"not_picked":["theMarked:DeterminationOfTheMarked","ThirdEye","thefirefly:SoulStrike"],"picked":"SKIP","floor":13},{"not_picked":["Malaise","theMarked:Defy","theMarked:SummonStrength"],"picked":"SKIP","floor":14},{"not_picked":["Uprising+1","JustLucky","stsjorbsmod:LocateObject+1"],"picked":"SKIP","floor":18},{"not_picked":["Flame Barrier","SnafuTest:Meditation","thefirefly:PotentAmmunition"],"picked":"SKIP","floor":19},{"not_picked":["SnafuTest:Offering","theMarked:Parkour","TheSimpletonMod:CullingStrike"],"picked":"SKIP","floor":20},{"not_picked":["ats:Explosion Area Strengthen+1","LockedAnchor+1","Wild Strike"],"picked":"SKIP","floor":21},{"not_picked":["EmpoweringForce","ekkoTheBoyWhoShatteredTime:SneakHit","hermit:BodyArmor"],"picked":"SKIP","floor":22},{"not_picked":["Shade:Tombstone","hierophant:Determination","Impervious"],"picked":"SKIP","floor":23},{"not_picked":["hermit:Dissolve","hermit:Purgatory","ats:Dogmatic Field"],"picked":"SKIP","floor":25},{"not_picked":["SnafuTest:PayExoticTreasure","DTMod:SealedStrike","After Image"],"picked":"SKIP","floor":27},{"not_picked":["stsjorbsmod:Entangle","stsjorbsmod:ArcaneForm","Shade:MadHubris"],"picked":"Singing Bowl","floor":29},{"not_picked":["Runesmith:EnergizedChisel+1","ekkoTheBoyWhoShatteredTime:WaitForKeyTiming","Break+1"],"picked":"Singing Bowl","floor":30},{"not_picked":["Clothesline+1","DTMod:MagicField","ats:Explosion Area Strengthen+1"],"picked":"Singing Bowl","floor":31},{"not_picked":["Salvation","ats:Soul Rend","hierophant:Batter+1"],"picked":"Singing Bowl","floor":33},{"not_picked":["Second Wind"],"picked":"Singing Bowl","floor":35},{"not_picked":["TheSimpletonMod:Swelter"],"picked":"Singing Bowl","floor":37},{"not_picked":["WordoMod:Unchained+1"],"picked":"Singing Bowl","floor":38},{"not_picked":["ekkoTheBoyWhoShatteredTime:GrandeFinale+1"],"picked":"Singing Bowl","floor":40},{"not_picked":["Detonate_Bones+1"],"picked":"Singing Bowl","floor":42},{"not_picked":["Thunder Strike+1"],"picked":"SKIP","floor":44},{"not_picked":["TheSimpletonMod:StockTheCellar+1"],"picked":"Singing Bowl","floor":45},{"not_picked":["Flying Knee+1"],"picked":"Singing Bowl","floor":48}],"player_experience":173695,"relics_obtained":[{"floor":6.0,"key":"MealTicket"},{"floor":8.0,"key":"Akabeko"},{"floor":9.0,"key":"Eternal Feather"},{"floor":10,"key":"Kunai"},{"floor":14,"key":"InkBottle"},{"floor":23,"key":"White Beast Statue"},{"floor":25,"key":"Shuriken"},{"floor":25,"key":"Darkstone Periapt"},{"floor":26,"key":"Singing Bowl"},{"floor":27,"key":"Mercury Hourglass"},{"floor":27,"key":"Meat on the Bone"},{"floor":29,"key":"Juzu Bracelet"},{"floor":29,"key":"Art of War"},{"floor":40,"key":"Anchor"},{"floor":40,"key":"Pen Nib"},{"floor":42,"key":"Omamori"},{"floor":42,"key":"Bronze Scales"},{"floor":43,"key":"Ornamental Fan"},{"floor":44,"key":"CeramicFish"},{"floor":44,"key":"Bottled Tornado"},{"floor":45,"key":"Archangels Feather"}],"event_choices":[{"damage_healed":0.0,"max_hp_gain":0.0,"max_hp_loss":0.0,"gold_gain":1.0,"event_name":"betterStone:BetterStone","player_choice":"1","floor":3.0,"gold_loss":0.0,"damage_taken":0.0},{"damage_healed":0.0,"max_hp_gain":0.0,"max_hp_loss":0.0,"gold_gain":0.0,"event_name":"Accursed Blacksmith","player_choice":"Rummage","floor":5.0,"gold_loss":0.0,"damage_taken":0.0,"relics_obtained":["WarpedTongs"],"cards_obtained":["Pain"]},{"cards_removed":["stsjorbsmod:IvoryTower"],"damage_healed":0,"gold_gain":0,"player_choice":"Removed Skill","damage_taken":0,"max_hp_gain":0,"max_hp_loss":0,"event_name":"Falling","floor":39,"gold_loss":0},{"damage_healed":0,"gold_gain":0,"player_choice":"Fight","damage_taken":0,"max_hp_gain":0,"max_hp_loss":0,"event_name":"Mysterious Sphere","floor":45,"gold_loss":0}],"is_beta":false,"boss_relics":[{"not_picked":["SlaversCollar","Tiny House"],"picked":"Black Star"},{"not_picked":["Runic Pyramid","Pandora\u0027s Box"],"picked":"Busted Crown"}],"items_purged_floors":[],"is_endless":false,"potions_floor_spawned":[6,8,10,11,16,18,19,23,25,27,29,30,31,33,35,37,38,40,42,44,45,48],"ascension_level":0}}