{"host":"ssahdsoo349p0ms1","time":1611254181,"event":{"mods":["AchievementEnabler","BaseMod","Colored Powertips","Filter the Spire","Minty Spire (QoL Compilation)","StSLib"],"gold_per_floor":[119,294,32,62,93,93,123,160,186,219,289,289,33,59,59,180,180,240,240,279,79,122,182,182,232,314,314,357,417,452,219,219,340,340,377,201,221,239,239,239,273,273,298,298,309,325,325,325,325,325,325,325,43,72,72],"floor_reached":56,"language":"ENG","playtime":1343,"items_purged":["Doubt","Reckless Charge","Battle Trance","HandOfGreed+1"],"score":1442,"play_id":"fa1f191b-d307-4ac3-aa81-1412f3b65fde","local_time":"20210121123621","is_ascension_mode":false,"campfire_choices":[{"data":"HandOfGreed","floor":6.0,"key":"SMITH"},{"floor":12.0,"key":"REST"},{"data":"Bash","floor":15.0,"key":"SMITH"},{"data":"Dropkick","floor":24.0,"key":"SMITH"},{"data":"Dual Wield","floor":27.0,"key":"SMITH"},{"data":"Dropkick","floor":32.0,"key":"SMITH"},{"floor":40.0,"key":"RECALL"},{"floor":42.0,"key":"REST"},{"floor":49.0,"key":"REST"},{"floor":52.0,"key":"REST"}],"circlet_count":0,"master_deck":["Bash+1","Dropkick+1","Dual Wield+1","Dropkick+1","Blasphemy","Flex"],"relics":["Pandora\u0027s Box","Strawberry","Toy Ornithopter","Gremlin Horn","Smiling Mask","Sozu","TheAbacus","Singing Bowl","The Courier","Pear","Lee\u0027s Waffle","Busted Crown","ClockworkSouvenir","Vajra","Medical Kit","Bag of Marbles","Anchor"],"acts_visited":["Exordium","TheCity","TheBeyond","TheEnding"],"potions_floor_usage":[],"damage_taken":[{"damage":14.0,"enemies":"2 Louse","floor":1.0,"turns":5.0},{"damage":11.0,"enemies":"Jaw Worm","floor":4.0,"turns":2.0},{"damage":0.0,"enemies":"Cultist","floor":5.0,"turns":2.0},{"damage":12.0,"enemies":"Blue Slaver","floor":8.0,"turns":2.0},{"damage":36.0,"enemies":"3 Sentries","floor":10.0,"turns":6.0},{"damage":6.0,"enemies":"Exordium Thugs","floor":11.0,"turns":3.0},{"damage":40.0,"enemies":"Hexaghost","floor":16.0,"turns":7.0},{"damage":16.0,"enemies":"2 Thieves","floor":18.0,"turns":2.0},{"damage":6.0,"enemies":"Spheric Guardian","floor":20.0,"turns":2.0},{"damage":6.0,"enemies":"Snecko","floor":22.0,"turns":1.0},{"damage":6.0,"enemies":"Book of Stabbing","floor":23.0,"turns":2.0},{"damage":6.0,"enemies":"Slavers","floor":25.0,"turns":2.0},{"damage":6.0,"enemies":"Snake Plant","floor":28.0,"turns":1.0},{"damage":6.0,"enemies":"Centurion and Healer","floor":29.0,"turns":2.0},{"damage":6.0,"enemies":"Snecko","floor":30.0,"turns":1.0},{"damage":6.0,"enemies":"Champ","floor":33.0,"turns":1.0},{"damage":0.0,"enemies":"Orb Walker","floor":35.0,"turns":1.0},{"damage":6.0,"enemies":"3 Shapes","floor":37.0,"turns":1.0},{"damage":0.0,"enemies":"Transient","floor":38.0,"turns":5.0},{"damage":0.0,"enemies":"Reptomancer","floor":41.0,"turns":1.0},{"damage":0.0,"enemies":"Writhing Mass","floor":45.0,"turns":1.0},{"damage":18.0,"enemies":"Sphere and 2 Shapes","floor":46.0,"turns":4.0},{"damage":6.0,"enemies":"Time Eater","floor":50.0,"turns":3.0},{"damage":0,"enemies":"Shield and Spear","floor":54,"turns":1},{"damage":94,"enemies":"The Heart","floor":55,"turns":4}],"seed_played":"3989446716933581210","potions_obtained":[{"floor":4.0,"key":"Strength Potion"},{"floor":5.0,"key":"Strength Potion"},{"floor":8.0,"key":"Strength Potion"},{"floor":10.0,"key":"Weak Potion"}],"is_trial":false,"path_per_floor":["M","?","$","M","M","R","?","M","T","E","M","R","$","T","R","B",null,"M","?","M","$","M","E","R","E","T","R","M","M","M","$","R","B",null,"M","$","M","M","?","R","E","R","T","$","M","M","$","?","R","B",null,"R","$","E","B",null],"character_chosen":"IRONCLAD","items_purchased":["HandOfGreed","Gremlin Horn","TheAbacus","Lee\u0027s Waffle","Dropkick","ClockworkSouvenir","Medical Kit","Bag of Marbles","Flex"],"campfire_rested":4,"item_purchase_floors":[3,13,21,31,31,36,53,53,53],"current_hp_per_floor":[66,66,66,55,55,55,55,43,50,14,8,34,34,34,34,4,87,71,54,48,48,42,38,38,34,44,44,40,36,32,119,119,115,121,123,123,119,121,121,121,123,129,129,129,131,115,115,117,135,129,135,135,135,137,43],"gold":72,"neow_bonus":"BOSS_RELIC","is_daily":false,"chose_seed":false,"campfire_upgraded":5,"win_rate":0.0,"timestamp":1611254181,"path_taken":["M","?","$","M","M","R","?","M","T","E","M","R","$","?","R","BOSS","M","?","M","$","M","E","R","E","T","R","M","M","M","$","R","BOSS","M","$","M","M","?","R","E","R","T","$","M","M","?","?","R","BOSS","R","$","E","BOSS"],"items_purchased_type":["Card","Relic","Relic","Relic","Card","Relic","Relic","Relic","Card"],"build_version":"2020-12-22","purchased_purges":4,"victory":true,"max_hp_per_floor":[80,80,80,80,80,80,80,80,87,87,87,87,87,87,87,87,87,87,92,92,92,92,94,94,96,106,106,108,110,112,119,119,121,121,123,123,125,127,127,127,129,129,129,129,131,133,133,135,135,135,135,135,135,137,137],"card_choices":[{"not_picked":["Heavy Blade","Warcry"],"picked":"Reckless Charge","floor":1.0},{"not_picked":["Entrench","Inflame","Flex"],"picked":"SKIP","floor":4.0},{"not_picked":["Anger","Thunderclap","Flex"],"picked":"SKIP","floor":5.0},{"not_picked":["Clothesline","Sword Boomerang","Flex"],"picked":"SKIP","floor":8.0},{"not_picked":["Warcry","Sentinel","Havoc"],"picked":"SKIP","floor":10.0},{"not_picked":["Flex","Armaments","Cleave"],"picked":"SKIP","floor":11.0},{"not_picked":["Corruption","Exhume"],"picked":"Offering","floor":16.0},{"not_picked":["Pommel Strike","Rampage"],"picked":"Dropkick","floor":18.0},{"not_picked":["Heavy Blade+1","Hemokinesis"],"picked":"Dual Wield","floor":20.0},{"not_picked":["Entrench","Power Through"],"picked":"Battle Trance","floor":22.0},{"not_picked":["Blood for Blood+1","Perfected Strike","Reaper"],"picked":"Singing Bowl","floor":23.0},{"not_picked":["Pommel Strike","Headbutt","Infernal Blade"],"picked":"Singing Bowl","floor":25.0},{"not_picked":["True Grit","Thunderclap","Sword Boomerang"],"picked":"Singing Bowl","floor":28.0},{"not_picked":["Clash","Uppercut","Feel No Pain"],"picked":"Singing Bowl","floor":29.0},{"not_picked":["Shrug It Off","Searing Blow","Dark Embrace"],"picked":"Singing Bowl","floor":30.0},{"not_picked":["Exhume","Feed","Berserk"],"picked":"Singing Bowl","floor":33.0},{"not_picked":["Cleave+1"],"picked":"Singing Bowl","floor":35.0},{"not_picked":["Burning Pact+1"],"picked":"Singing Bowl","floor":37.0},{"not_picked":["Clothesline"],"picked":"Singing Bowl","floor":38.0},{"not_picked":["Body Slam"],"picked":"Singing Bowl","floor":41.0},{"not_picked":["Pummel+1"],"picked":"Singing Bowl","floor":45.0},{"not_picked":["Sentinel"],"picked":"Singing Bowl","floor":46.0},{"not_picked":["Apotheosis"],"picked":"Singing Bowl","floor":48.0},{"not_picked":["Iron Wave+1"],"picked":"Singing Bowl","floor":54}],"player_experience":588493,"relics_obtained":[{"floor":9.0,"key":"Strawberry"},{"floor":10.0,"key":"Toy Ornithopter"},{"floor":14.0,"key":"Smiling Mask"},{"floor":23.0,"key":"Singing Bowl"},{"floor":25.0,"key":"The Courier"},{"floor":26.0,"key":"Pear"},{"floor":41.0,"key":"Vajra"},{"floor":54,"key":"Anchor"}],"event_choices":[{"damage_healed":0.0,"max_hp_gain":0.0,"max_hp_loss":0.0,"gold_gain":175.0,"event_name":"Liars Game","player_choice":"AGREE","floor":2.0,"gold_loss":0.0,"damage_taken":0.0,"cards_obtained":["Doubt"]},{"damage_healed":0.0,"max_hp_gain":0.0,"max_hp_loss":0.0,"gold_gain":30.0,"event_name":"Dead Adventurer","player_choice":"Searched \u00272\u0027 times","floor":7.0,"gold_loss":0.0,"damage_taken":0.0},{"damage_healed":0.0,"max_hp_gain":5.0,"max_hp_loss":0.0,"gold_gain":0.0,"event_name":"Forgotten Altar","player_choice":"Shed Blood","floor":19.0,"gold_loss":0.0,"damage_taken":22.0},{"cards_removed":["Offering"],"damage_healed":0.0,"max_hp_gain":0.0,"max_hp_loss":0.0,"gold_gain":0.0,"event_name":"NoteForYourself","player_choice":"Took Card","floor":39.0,"gold_loss":0.0,"damage_taken":0.0,"cards_obtained":["Blasphemy"]},{"damage_healed":0.0,"max_hp_gain":0.0,"max_hp_loss":0.0,"gold_gain":0.0,"event_name":"SensoryStone","player_choice":"Memory 1","floor":48.0,"gold_loss":0.0,"damage_taken":0.0}],"is_beta":false,"boss_relics":[{"not_picked":["Mark of Pain","Ectoplasm"],"picked":"Sozu"},{"not_picked":["Fusion Hammer","Philosopher\u0027s Stone"],"picked":"Busted Crown"}],"items_purged_floors":[3,21,31,36],"is_endless":false,"potions_floor_spawned":[4,5,8,10,22,23,25,30,37,41,46,54],"ascension_level":0}}