{"host":"01t6jpmmvexppwnf","time":1611245471,"event":{"mods":["AchievementEnabler","Act Like it!","BaseMod","Better-Laid Plans","BetterRewards","Colored Map","Colored Powertips","Conspire","Hallownest","Minty Spire (QoL Compilation)","Permanent Neow","Quick Restart","Rare Cards Sparkle","Remove Card Discount Mod","Replay The Spire","Shop Mod","StSLib","Transform Curses","óô»ðÖ¸ÄÏ"],"gold_per_floor":[116,34,0,0,16,42,42,69,93,107,121,141,153,178,178,278,278,298,298,318,330,112,146,146,171,244,270,270,140,169,200,200,296,296,315,315,230,263,280,310,310,338,338,369,387,421,439,472,472,472,472,472,73,105,105],"floor_reached":56,"language":"ZHS","playtime":7040,"items_purged":["Strike_B","Strike_B","Defend_B","Defend_B","Defend_B","Strike_B","Strike_B","Dualcast","Defend_B","Time Bomb","Gash","Zap","Leap","Scrape","Self Repair","Storm","Gash","Hello World","Cold Snap"],"score":1905,"play_id":"57522ffe-c88b-4300-80b5-7562c923a9b1","local_time":"20210122001111","is_ascension_mode":true,"campfire_choices":[{"floor":7.0,"key":"RECALL"},{"data":"Double Energy","floor":15.0,"key":"SMITH"},{"data":"Defragment","floor":24.0,"key":"SMITH"},{"floor":28.0,"key":"DIG"},{"floor":32.0,"key":"DIG"},{"data":"Turbo","floor":41,"key":"SMITH"},{"floor":49,"key":"DIG"},{"floor":52,"key":"DIG"}],"circlet_count":0,"master_deck":["Capacitor+1","White Noise+1","Defragment+1","White Noise+1","BootSequence","Chaos+1","Double Energy+1","Conserve Battery","Auto Shields+1","Rainbow","Coolheaded+1","Self Repair","White Noise+1","Coolheaded+1","Master of Strategy","Panic Button","Creative AI","Finesse","Turbo+1","ReplayTheSpireMod:System Scan+1","White Noise+1","Core Surge","Replay:Bootleg Shield Generator"],"relics":["Cracked Core","OrangePellets","Dead Branch","Lantern","Regal Pillow","Peace Pipe","Replay:Antivirus Software","Pet Ghost","conspire:RunicOctahedron","Prayer Wheel","Ring of Hypnosis","Replay:Frozen Program","Pen Nib","WingedGreaves","Blue Candle","Shovel","War Paint","MerchantsRug","Counterbalance","Mango","Cables","conspire:RoyalGoblet","Bronze Scales","Juzu Bracelet","Replay:PocketPolymizer","ReplayTheSpireMod:Lightbulb","Replay:Bottled Steam","Prayer Wheel","Prayer Wheel","Omamori","Bag of Marbles","Replay:Bottled Eggs","Replay:Baseball","Symbiotic Virus"],"acts_visited":["Hallownest:Greenpath","Hallownest:CityofTears","Hallownest:KingdomsEdge","TheEnding"],"potions_floor_usage":[55,55,55],"damage_taken":[{"damage":0.0,"enemies":"Hallownest:2_Baldur","floor":1.0,"turns":1.0},{"damage":0.0,"enemies":"Hallownest:monsterHuskGuard","floor":5.0,"turns":2.0},{"damage":9.0,"enemies":"Hallownest:eliteVengeflyKing","floor":6.0,"turns":5.0},{"damage":18.0,"enemies":"Hallownest:eliteCrystalGuardian","floor":8.0,"turns":4.0},{"damage":4.0,"enemies":"Hallownest:monsterHuskWarrior","floor":10.0,"turns":3.0},{"damage":13.0,"enemies":"Hallownest:monsterFoolEater","floor":11.0,"turns":3.0},{"damage":0.0,"enemies":"Hallownest:1_Ooma_and_2_Uuma","floor":12.0,"turns":1.0},{"damage":0.0,"enemies":"Hallownest:Guard_and_Warrior","floor":13.0,"turns":5.0},{"damage":0.0,"enemies":"Hallownest:eliteVengeflyKing","floor":14.0,"turns":4.0},{"damage":6.0,"enemies":"Hallownest:BossFalseKnight","floor":16.0,"turns":6.0},{"damage":0.0,"enemies":"Hallownest:Guard_and_Sentry","floor":18.0,"turns":3.0},{"damage":0.0,"enemies":"Hallownest:3_Youths","floor":20.0,"turns":3.0},{"damage":18.0,"enemies":"Hallownest:3_Mistakes","floor":21.0,"turns":8.0},{"damage":11.0,"enemies":"Hallownest:eliteWatcherKnight","floor":23.0,"turns":9.0},{"damage":8.0,"enemies":"Hallownest:eliteSoulWarrior","floor":25.0,"turns":6.0},{"damage":1.0,"enemies":"Hallownest:eliteWatcherKnight","floor":27.0,"turns":11.0},{"damage":0.0,"enemies":"Hallownest:Nosk","floor":30.0,"turns":4.0},{"damage":2.0,"enemies":"Hallownest:eliteSoulWarrior","floor":31.0,"turns":7.0},{"damage":4.0,"enemies":"Hallownest:BossSoulMaster","floor":33.0,"turns":8.0},{"damage":1.0,"enemies":"Hallownest:Shield_Heavy","floor":35.0,"turns":4.0},{"damage":0.0,"enemies":"conspire:MimicChest","floor":38.0,"turns":10.0},{"damage":0.0,"enemies":"Hallownest:3_Siblings","floor":39.0,"turns":4.0},{"damage":5.0,"enemies":"Hallownest:eliteHiveKnight","floor":40.0,"turns":6.0},{"damage":0,"enemies":"Hallownest:StalkingDevout","floor":42,"turns":3},{"damage":0,"enemies":"Hallownest:eliteCollector","floor":44,"turns":3},{"damage":7,"enemies":"Hallownest:2_Soldiers_and_1_Guardian","floor":45,"turns":2},{"damage":0,"enemies":"Hallownest:eliteHiveKnight","floor":46,"turns":3},{"damage":0,"enemies":"Hallownest:2_Great","floor":47,"turns":1},{"damage":5,"enemies":"Hallownest:StalkingDevout","floor":48,"turns":4},{"damage":21,"enemies":"Hallownest:BossHollowKnight","floor":50,"turns":8},{"damage":0,"enemies":"Shield and Spear","floor":54,"turns":5},{"damage":13,"enemies":"The Heart","floor":55,"turns":4}],"seed_played":"3858069058368884281","potions_obtained":[{"floor":8.0,"key":"SteroidPotion"},{"floor":10.0,"key":"Adrenaline Potion"},{"floor":13.0,"key":"Energy Potion"},{"floor":16.0,"key":"AttackPotion"},{"floor":18.0,"key":"Adrenaline Potion"},{"floor":21.0,"key":"Dexterity Potion"},{"floor":30.0,"key":"SkillPotion"},{"floor":31.0,"key":"FocusPotion"},{"floor":38.0,"key":"DistilledChaos"},{"floor":46,"key":"Ancient Potion"}],"is_trial":false,"path_per_floor":["M","$","?","?","M","E","R","E","T","M","M","M","M","E","R","B",null,"M","?","M","M","$","E","R","E","T","E","R","$","E","E","R","B",null,"M","?","$","?","M","E","R","E","T","E","M","E","M","E","R_BF","B",null,"R","$","E","B",null],"character_chosen":"DEFECT","items_purchased":["OrangePellets","Capacitor+1","Dead Branch","White Noise","Time Bomb","Defragment","Gash","White Noise","Self Repair","Replay:Frozen Program","MerchantsRug","Master of Strategy","Finesse","Replay:Baseball","PowerPotion","Core Surge","Replay:Bootleg Shield Generator"],"campfire_rested":0,"item_purchase_floors":[0,0,0,0,0,0,0,2,22,22,29,29,37,53,53,53,53],"current_hp_per_floor":[68,68,68,68,68,59,59,41,41,37,24,24,24,24,24,18,61,61,61,61,43,43,46,46,52,52,72,72,72,75,89,89,89,89,89,89,89,89,89,89,89,89,89,89,89,89,89,89,89,75,86,86,86,89,83],"gold":105,"neow_bonus":"","is_daily":false,"chose_seed":false,"campfire_upgraded":3,"win_rate":0.0,"timestamp":1611245471,"path_taken":["M","$","?","?","M","E","R","E","T","M","M","M","M","E","R","BOSS","M","?","M","?","$","E","R","E","T","E","R","$","E","E","R","BOSS","M","?","$","?","M","E","R","E","T","E","M","E","M","E","R_BF","BOSS","R","$","E","BOSS"],"items_purchased_type":["Relic","Card","Relic","Card","Card","Card","Card","Card","Card","Relic","Relic","Card","Card","Relic","Potion","Card","Card"],"build_version":"2020-12-22","purchased_purges":19,"victory":true,"max_hp_per_floor":[75,75,75,75,75,75,75,75,75,75,75,75,75,75,75,75,75,75,75,75,75,75,75,75,75,75,75,75,75,75,89,89,89,89,89,89,89,89,89,89,89,89,89,89,89,89,89,89,89,89,89,89,89,89,89],"card_choices":[{"not_picked":["Leap","Streamline"],"picked":"Cold Snap","floor":1.0},{"not_picked":["Ball Lightning","Go for the Eyes"],"picked":"BootSequence","floor":5.0},{"not_picked":["Undo","Barrage"],"picked":"Storm","floor":6.0},{"not_picked":["Coolheaded","Aggregate"],"picked":"Chaos","floor":8.0},{"not_picked":["Cold Snap","Redo","FTL"],"picked":"SKIP","floor":10.0},{"not_picked":["Turbo","Redo"],"picked":"Leap","floor":11.0},{"not_picked":["Melter","Hello World"],"picked":"Double Energy","floor":12.0},{"not_picked":["Gash","Turbo"],"picked":"Conserve Battery","floor":13.0},{"not_picked":["Recycle","Turbo"],"picked":"Auto Shields","floor":14.0},{"not_picked":["Meteor Strike","Hyperbeam"],"picked":"Rainbow","floor":16.0},{"not_picked":["ReplayTheSpireMod:Reroute Power","Loop+1"],"picked":"Hello World","floor":18.0},{"not_picked":["Rip and Tear","Streamline+1"],"picked":"Scrape","floor":18.0},{"not_picked":["Recycle","Ball Lightning+1","Coolheaded"],"picked":"SKIP","floor":20.0},{"not_picked":["Hyperbeam","Scrape","Tempest"],"picked":"SKIP","floor":20.0},{"not_picked":["Cold Snap","conspire:SharedLibrary"],"picked":"Coolheaded+1","floor":21.0},{"not_picked":["ReplaySort+1","Steam","ReplaySolidLightProjector"],"picked":"SKIP","floor":21.0},{"not_picked":["Barrage","Doom and Gloom","Rip and Tear"],"picked":"SKIP","floor":23.0},{"not_picked":["Self Repair+1","ReplayTheSpireMod:Dual Polarity"],"picked":"White Noise","floor":25.0},{"not_picked":["Darkness","Undo+1"],"picked":"Coolheaded+1","floor":27.0},{"not_picked":["ReplaySort","ReplaySolidLightProjector"],"picked":"Panic Button","floor":30.0},{"not_picked":["Redo","Steam+1","Go for the Eyes"],"picked":"SKIP","floor":31.0},{"not_picked":["Multi-Cast","Electrodynamics"],"picked":"Creative AI","floor":33.0},{"not_picked":["Cold Snap","BasicCrystalCard+1","Leap"],"picked":"SKIP","floor":35.0},{"not_picked":["Stack","Go for the Eyes","Barrage+1"],"picked":"SKIP","floor":35.0},{"not_picked":["Panic Button+1","Tempest"],"picked":"Turbo","floor":38.0},{"not_picked":["Compile Driver","Leap+1"],"picked":"ReplayTheSpireMod:System Scan+1","floor":39.0},{"not_picked":["Stack+1","conspire:SharedLibrary","Ball Lightning+1"],"picked":"SKIP","floor":39.0},{"not_picked":["ReplayGash","Auto Shields+1"],"picked":"White Noise+1","floor":40.0},{"not_picked":["Thunder Strike","Meteor Strike","Capacitor+1"],"picked":"SKIP","floor":42},{"not_picked":["Auto Shields+1","ReplaySort","ReplayTheSpireMod:Repulse+1"],"picked":"SKIP","floor":44},{"not_picked":["Aggregate+1","ReplaySolidLightProjector","Coolheaded"],"picked":"SKIP","floor":45},{"not_picked":["Conserve Battery+1","Go for the Eyes+1","Turbo"],"picked":"SKIP","floor":45},{"not_picked":["Gash","Coolheaded+1","Go for the Eyes+1"],"picked":"SKIP","floor":46},{"not_picked":["Compile Driver+1","Blizzard+1","Reprogram"],"picked":"SKIP","floor":47},{"not_picked":["Scrape+1","Cold Snap","Darkness+1"],"picked":"SKIP","floor":47},{"not_picked":["Panic Button","Ball Lightning+1","Redo+1"],"picked":"SKIP","floor":48},{"not_picked":["Multi-Cast","Barrage+1","Sweeping Beam+1"],"picked":"SKIP","floor":54}],"player_experience":170813,"relics_obtained":[{"floor":6.0,"key":"Regal Pillow"},{"floor":8.0,"key":"Peace Pipe"},{"floor":9.0,"key":"Replay:Antivirus Software"},{"floor":14.0,"key":"Pet Ghost"},{"floor":19.0,"key":"Ring of Hypnosis"},{"floor":23.0,"key":"Pen Nib"},{"floor":25.0,"key":"WingedGreaves"},{"floor":26.0,"key":"Blue Candle"},{"floor":27.0,"key":"Shovel"},{"floor":28.0,"key":"War Paint"},{"floor":30.0,"key":"Counterbalance"},{"floor":31.0,"key":"Mango"},{"floor":32.0,"key":"Cables"},{"floor":38.0,"key":"Bronze Scales"},{"floor":40.0,"key":"Juzu Bracelet"},{"floor":42,"key":"Replay:PocketPolymizer"},{"floor":44,"key":"ReplayTheSpireMod:Lightbulb"},{"floor":46,"key":"Replay:Bottled Steam"},{"floor":48,"key":"Omamori"},{"floor":49,"key":"Bag of Marbles"},{"floor":52,"key":"Replay:Bottled Eggs"},{"floor":54,"key":"Symbiotic Virus"}],"event_choices":[{"damage_healed":0.0,"max_hp_gain":0.0,"max_hp_loss":0.0,"gold_gain":0.0,"event_name":"conspire:Investor","player_choice":"Leave","floor":4.0,"gold_loss":0.0,"damage_taken":0.0}],"is_beta":false,"boss_relics":[{"not_picked":["SlaversCollar","ReplayTheSpireMod:DimensionalGlitch"],"picked":"conspire:RunicOctahedron"},{"not_picked":["Snecko Eye","Replay:Ancient Bell"],"picked":"conspire:RoyalGoblet"}],"items_purged_floors":[0,0,0,0,0,0,2,2,22,22,22,22,22,22,29,29,29,37,37],"is_endless":false,"potions_floor_spawned":[8,10,13,16,18,21,30,31,33,38,40,42,45,46,47,54],"ascension_level":6}}