{"host":"x6h2w7w5b570y81k","time":1611190073,"event":{"mods":["AchievementEnabler","Act Like it!","BaseMod","Colored Map","Colored Powertips","Friendly Minions","Minty Spire (QoL Compilation)","StSLib","The Animator"],"gold_per_floor":[131,131,131,131,166,221,221,241,241,241,241,259,13,54,54,175,175,199,236,216,240,22,22,22,46,46,46,62,62,62],"floor_reached":29,"language":"DEU","playtime":2846,"items_purged":[],"score":233,"play_id":"4f8d54e1-3c48-42a6-8723-e2c2ae1ab57e","local_time":"20210121014753","is_ascension_mode":false,"campfire_choices":[{"floor":7,"key":"REST"},{"floor":11,"key":"REST"},{"data":"animator:EmiyaShirou","floor":15,"key":"SMITH"},{"data":"animator:Guren","floor":23,"key":"SMITH"},{"data":"animator:Berserker","floor":27,"key":"SMITH"}],"circlet_count":0,"master_deck":["animator:Strike_Fate","animator:Defend_Fate","animator:Strike","animator:Strike","animator:Strike","animator:Defend","animator:Defend","animator:Defend","animator:Alexander+1","animator:Rider+1","animator:Assassin","animator:DolaRiku","animator:Mitsurugi","animator:EmiyaShirou+1","animator:Mikaela","animator:SuzuneAmano","animator:Biyorigo","animator:Shuna","animator:Berserker+1","animator:Guren+1","animator:Illya","animator:Kira","animator:DolaSchwi","animator:Illya"],"relics":["animator:LivingPicture","animator:TheMissingPiece","Art of War","CloakClasp","Golden Idol","Meat on the Bone","Anchor","Bottled Lightning","Pear","SacredBark","Ornamental Fan"],"acts_visited":["Exordium","TheCity"],"potions_floor_usage":[6,18,28,28,28,29],"damage_taken":[{"damage":7,"enemies":"2 Louse","floor":1,"turns":3},{"damage":2,"enemies":"Cultist","floor":5,"turns":4},{"damage":35,"enemies":"Lagavulin","floor":6,"turns":8},{"damage":1,"enemies":"Jaw Worm","floor":8,"turns":4},{"damage":9,"enemies":"Exordium Thugs","floor":12,"turns":5},{"damage":14,"enemies":"3 Sentries","floor":14,"turns":8},{"damage":43,"enemies":"Hexaghost","floor":16,"turns":11},{"damage":25,"enemies":"Spheric Guardian","floor":18,"turns":7},{"damage":26,"enemies":"3 Byrds","floor":19,"turns":5},{"damage":12,"enemies":"Snecko","floor":21,"turns":7},{"damage":20,"enemies":"Snake Plant","floor":25,"turns":4},{"damage":19,"enemies":"Centurion and Healer","floor":28,"turns":5},{"damage":25,"enemies":"Shelled Parasite and Fungi","floor":29,"turns":3}],"seed_played":"-5151686042243129105","potions_obtained":[{"floor":1,"key":"LiquidBronze"},{"floor":14,"key":"Dexterity Potion"},{"floor":16,"key":"PowerPotion"},{"floor":19,"key":"FearPotion"},{"floor":20,"key":"animator:GrowthPotion"},{"floor":28,"key":"Dexterity Potion"}],"is_trial":false,"path_per_floor":["M","?","?","?","M","E","R","M","T","?","R","M","$","E","R","B",null,"M","M","?","M","$","R","$","M","T","R","M","M"],"character_chosen":"THE_ANIMATOR","items_purchased":["Bottled Lightning","animator:Illya","animator:Kira"],"campfire_rested":2,"item_purchase_floors":[13,22,22],"current_hp_per_floor":[59,59,56,40,38,3,22,34,34,21,41,44,44,52,52,21,77,52,38,38,38,38,38,38,31,31,31,24,0,0],"gold":62,"neow_bonus":"RANDOM_COMMON_RELIC","is_daily":false,"chose_seed":false,"campfire_upgraded":3,"win_rate":0.0,"timestamp":1611190073,"path_taken":["M","?","?","?","M","E","R","M","T","?","R","M","?","E","R","BOSS","M","M","?","M","$","R","?","M","T","R","?","M"],"items_purchased_type":["Relic","Card","Card"],"build_version":"2020-12-22","purchased_purges":0,"victory":false,"max_hp_per_floor":[66,66,66,66,66,66,66,67,67,67,67,67,67,77,77,77,77,77,77,77,77,77,77,77,78,78,78,78,78,78],"card_choices":[{"not_picked":["animator:Shichika","animator:Shigure"],"picked":"animator:Assassin","floor":1},{"not_picked":["animator:UneriGinkaku","animator:Shinoa"],"picked":"animator:DolaRiku","floor":5},{"not_picked":["animator:Shuna","animator:Millim"],"picked":"animator:Mitsurugi","floor":6},{"not_picked":["animator:ShinjiMatou","animator:Gilgamesh"],"picked":"animator:EmiyaShirou","floor":8},{"not_picked":["animator:Verdia","animator:Tet"],"picked":"animator:Mikaela","floor":12},{"not_picked":["animator:Konayuki","animator:NagisaMomoe"],"picked":"animator:SuzuneAmano","floor":14},{"not_picked":["animator:Sora","animator:Hans"],"picked":"animator:Biyorigo","floor":16},{"not_picked":["animator:ShinjiMatou","animator:GazelDwargon"],"picked":"animator:Shuna","floor":18},{"not_picked":["animator:SakuraMatou","animator:EmiyaShirou"],"picked":"animator:Berserker","floor":19},{"not_picked":["animator:Vanir","animator:Emonzaemon"],"picked":"animator:Guren","floor":21},{"not_picked":["animator:Vesta","animator:HiiragiShinya"],"picked":"animator:DolaSchwi","floor":25},{"not_picked":["animator:Kazuma","animator:YuiTsuruno"],"picked":"animator:Illya","floor":28}],"player_experience":172464,"relics_obtained":[{"floor":6,"key":"Meat on the Bone"},{"floor":9,"key":"Anchor"},{"floor":14,"key":"Pear"},{"floor":26,"key":"Ornamental Fan"}],"event_choices":[{"damage_healed":0,"gold_gain":0,"player_choice":"Ignored","damage_taken":0,"max_hp_gain":0,"max_hp_loss":0,"event_name":"Golden Wing","floor":2,"gold_loss":0},{"damage_healed":0,"gold_gain":0,"player_choice":"Success","damage_taken":3,"relics_obtained":["CloakClasp"],"max_hp_gain":0,"max_hp_loss":0,"event_name":"Scrap Ooze","floor":3,"gold_loss":0},{"damage_healed":0,"gold_gain":0,"player_choice":"Take Damage","damage_taken":16,"relics_obtained":["Golden Idol"],"max_hp_gain":0,"max_hp_loss":0,"event_name":"Golden Idol","floor":4,"gold_loss":0},{"damage_healed":0,"gold_gain":0,"player_choice":"Entered Light","damage_taken":13,"max_hp_gain":0,"max_hp_loss":0,"event_name":"Shining Light","floor":10,"gold_loss":0,"cards_upgraded":["animator:Alexander","animator:Rider"]},{"damage_healed":0,"gold_gain":0,"player_choice":"Bought 1 Potion","damage_taken":0,"max_hp_gain":0,"max_hp_loss":0,"event_name":"The Woman in Blue","floor":20,"gold_loss":0}],"is_beta":false,"boss_relics":[{"not_picked":["Fusion Hammer","Philosopher\u0027s Stone"],"picked":"SacredBark"}],"items_purged_floors":[],"is_endless":false,"potions_floor_spawned":[1,14,16,19,28],"killed_by":"Shelled Parasite and Fungi","ascension_level":0}}