{"host":"2lo6hma6kymb0g9i","time":1611194417,"event":{"mods":["BaseMod","Colored Map","DeckTracker","Minty Spire (QoL Compilation)"],"gold_per_floor":[118,133,133,181,181,106,138,155,155,169,201,201,201,211,211,211,211],"floor_reached":16,"language":"JPN","playtime":871,"items_purged":["Strike_B"],"score":270,"play_id":"a3bfb767-07b7-44ae-85a2-d4a13386251c","local_time":"20210121110017","is_ascension_mode":true,"campfire_choices":[{"data":"Go for the Eyes","floor":13,"key":"SMITH"},{"data":"Cold Snap","floor":15,"key":"SMITH"}],"circlet_count":0,"master_deck":["AscendersBane","Strike_B","Defend_B","Defend_B","Defend_B","Defend_B","Zap","Dualcast","Cold Snap+1","Cold Snap","Go for the Eyes+1","Seek","Capacitor"],"relics":["Cracked Core","NeowsBlessing","Anchor","Ancient Tea Set","Eternal Feather","Pantograph"],"acts_visited":["Exordium"],"potions_floor_usage":[11,11,11,16],"damage_taken":[{"damage":0,"enemies":"Small Slimes","floor":1,"turns":1},{"damage":0,"enemies":"Jaw Worm","floor":2,"turns":1},{"damage":0,"enemies":"Lagavulin","floor":7,"turns":1},{"damage":0,"enemies":"Cultist","floor":8,"turns":3},{"damage":10,"enemies":"Exordium Thugs","floor":10,"turns":4},{"damage":18,"enemies":"Gremlin Nob","floor":11,"turns":4},{"damage":8,"enemies":"Large Slime","floor":14,"turns":8},{"damage":70,"enemies":"Hexaghost","floor":16,"turns":14}],"seed_played":"761296915698541278","potions_obtained":[{"floor":1,"key":"Explosive Potion"},{"floor":7,"key":"EntropicBrew"}],"is_trial":false,"path_per_floor":["M","M","?","T","?","$","E","M","T","M","E","?","R","M","R","B"],"character_chosen":"DEFECT","items_purchased":[],"campfire_rested":0,"item_purchase_floors":[],"current_hp_per_floor":[64,64,64,64,64,64,64,64,64,54,36,36,42,34,40,0,0],"gold":211,"neow_bonus":"THREE_ENEMY_KILL","is_daily":false,"chose_seed":false,"campfire_upgraded":2,"win_rate":0.0,"timestamp":1611194417,"path_taken":["M","M","?","?","?","?","E","?","T","M","E","?","R","?","R","BOSS"],"items_purchased_type":[],"build_version":"2020-12-22","purchased_purges":1,"victory":false,"max_hp_per_floor":[71,71,71,71,71,71,71,71,71,71,71,71,71,71,71,71,71],"card_choices":[{"not_picked":["Double Energy","Beam Cell"],"picked":"Cold Snap","floor":1},{"not_picked":["Hologram","FTL"],"picked":"Cold Snap","floor":2},{"not_picked":["Gash","Stack","Beam Cell"],"picked":"SKIP","floor":7},{"not_picked":["Gash","Stack","Beam Cell"],"picked":"SKIP","floor":7},{"not_picked":["Steam","Rip and Tear","Ball Lightning"],"picked":"SKIP","floor":8},{"not_picked":["FTL","Undo"],"picked":"Go for the Eyes","floor":10},{"not_picked":["All For One","Rebound","Doom and Gloom"],"picked":"SKIP","floor":11},{"not_picked":["Compile Driver","Consume"],"picked":"Capacitor","floor":14}],"player_experience":1099287,"relics_obtained":[{"floor":4,"key":"Anchor"},{"floor":7,"key":"Ancient Tea Set"},{"floor":9,"key":"Eternal Feather"},{"floor":11,"key":"Pantograph"}],"event_choices":[{"cards_removed":["Strike_B"],"damage_healed":0,"gold_gain":0,"player_choice":"Forget","damage_taken":0,"max_hp_gain":0,"max_hp_loss":0,"event_name":"Living Wall","floor":3,"gold_loss":0},{"damage_healed":0,"gold_gain":0,"player_choice":"Ignored","damage_taken":0,"max_hp_gain":0,"max_hp_loss":0,"event_name":"Liars Game","floor":5,"gold_loss":0},{"damage_healed":0,"gold_gain":0,"cards_transformed":["Strike_B"],"player_choice":"Transformed","damage_taken":0,"max_hp_gain":0,"max_hp_loss":0,"event_name":"Transmorgrifier","floor":12,"gold_loss":0,"cards_obtained":["Seek"]}],"is_beta":false,"boss_relics":[],"items_purged_floors":[6],"is_endless":false,"potions_floor_spawned":[1,7],"killed_by":"Hexaghost","ascension_level":20}}