{"host":"1vfpjvae9xcvmh7u","time":1611212110,"event":{"mods":["BaseMod","Downfall","Hermit","Hubris","Minty Spire (QoL Compilation)","Robot Space Explorer","StSLib","The Cursed","The Forsaken","The Necromancer","The Servant 0.9.4"],"gold_per_floor":[99,116,116,116,116,116,116,116,131,131,141,154,154,154,171,269,269,269,288,298,298,315,315,315,148,148,160,160,160,160],"floor_reached":28,"language":"ENG","playtime":1107,"items_purged":[],"score":208,"play_id":"24f25ce3-a5fd-4cf2-85ef-4d7dffc039e4","local_time":"20210120225510","is_ascension_mode":false,"campfire_choices":[{"data":"bronze:Replicate","floor":1,"key":"SMITH"},{"data":"bronze:Goto","floor":6,"key":"SMITH"},{"data":"bronze:Defend","floor":8,"key":"SMITH"},{"data":"bronze:HyperBeam","floor":10,"key":"SMITH"},{"data":"bronze:Defend","floor":13,"key":"SMITH"},{"data":"bronze:AlphaBuild","floor":18,"key":"SMITH"},{"floor":23,"key":"REST"}],"circlet_count":0,"master_deck":["bronze:Strike","bronze:Strike","bronze:Strike","bronze:Strike","bronze:Defend+1","bronze:Defend+1","bronze:Defend","bronze:Defend","bronze:Replicate+1","bronze:Goto+1","bronze:Terminator+1","bronze:HyperBeam+1","bronze:Spike","bronze:DazingPulse","bronze:AlphaBuild+1","bronze:Turbo","bronze:Repulsor+1","bronze:Frontload+1","bronze:DelayedSlice","Pride","bronze:Optimize"],"relics":["hubris:Stopwatch","hubris:Towel","hubris:SphereOfDissonance","Philosopher\u0027s Stone","White Beast Statue","Art of War","bronze:ProtectiveGoggles"],"acts_visited":["Exordium","TheCity"],"potions_floor_usage":[16,20,27,27],"damage_taken":[{"damage":0,"enemies":"2 Louse","floor":2,"turns":2},{"damage":1,"enemies":"Jaw Worm","floor":9,"turns":3},{"damage":2,"enemies":"Small Slimes","floor":11,"turns":4},{"damage":9,"enemies":"Exordium Thugs","floor":12,"turns":4},{"damage":2,"enemies":"Exordium Thugs","floor":14,"turns":4},{"damage":4,"enemies":"2 Fungi Beasts","floor":15,"turns":3},{"damage":46,"enemies":"WA_ARCHETYPE_RETAIN","floor":16,"turns":7},{"damage":0,"enemies":"Spheric Guardian","floor":19,"turns":1},{"damage":0,"enemies":"Chosen","floor":20,"turns":1},{"damage":24,"enemies":"Snake Plant","floor":22,"turns":2},{"damage":0,"enemies":"downfall:FleeingMerchant","floor":25,"turns":4},{"damage":12,"enemies":"3 Cultists","floor":27,"turns":4},{"damage":68,"enemies":"Gremlin Leader","floor":28,"turns":4}],"seed_played":"-6006573145558993014","potions_obtained":[{"floor":2,"key":"sneckomod:MuddlingPotion"},{"floor":11,"key":"bronze:BurnAndBuffPotion"},{"floor":16,"key":"bronze:FreeFunctionsPotion"},{"floor":19,"key":"AttackPotion"},{"floor":25,"key":"Strength Potion"},{"floor":27,"key":"FairyPotion"}],"is_trial":false,"path_per_floor":["R","M","?","?","?","R","T","R","M","R","M","M","R","?","M","B",null,"R","M","M","?","M","R","T","$","?","M","E"],"character_chosen":"THE_AUTOMATON","items_purchased":["Art of War"],"campfire_rested":1,"item_purchase_floors":[25],"current_hp_per_floor":[70,70,70,70,70,70,70,70,69,69,67,58,58,56,52,6,70,70,70,70,57,33,55,55,55,55,43,0,0,0],"gold":160,"neow_bonus":"BOSS_RELIC","is_daily":false,"chose_seed":false,"campfire_upgraded":6,"win_rate":0.0,"timestamp":1611212110,"path_taken":["R","M","?","?","?","R","T","R","M","R","M","M","R","?","M","BOSS","R","M","M","?","M","R","T","$","?","M","E"],"items_purchased_type":["Relic"],"build_version":"2020-12-22","purchased_purges":0,"victory":false,"max_hp_per_floor":[70,70,70,70,70,70,70,70,70,70,70,70,70,70,70,70,70,70,70,70,75,75,75,75,75,75,75,75,75,75],"card_choices":[{"not_picked":["bronze:Shield","bronze:Branch"],"picked":"bronze:Terminator","floor":2},{"not_picked":["bronze:Turbo","bronze:WhirlingStrike"],"picked":"bronze:HyperBeam","floor":9},{"not_picked":["bronze:Iterate","bronze:ChildClass","bronze:MaxOutput"],"picked":"SKIP","floor":11},{"not_picked":["bronze:BugBarrage","bronze:Shield","bronze:WildBeam"],"picked":"SKIP","floor":12},{"not_picked":[],"picked":"bronze:Spike","floor":14},{"not_picked":[],"picked":"bronze:DazingPulse","floor":14},{"not_picked":["bronze:OilSpill","bronze:Overload","bronze:BitShift"],"picked":"SKIP","floor":15},{"not_picked":["bronze:CleanCode","bronze:Assembly"],"picked":"bronze:AlphaBuild","floor":16},{"not_picked":["bronze:Constructor","bronze:Overheat+1"],"picked":"bronze:Turbo","floor":19},{"not_picked":["bronze:CutThrough+1","bronze:BuggyMess"],"picked":"bronze:Repulsor+1","floor":20},{"not_picked":["bronze:OilSpill","bronze:NullPointer+1"],"picked":"bronze:Frontload+1","floor":22},{"not_picked":["bronze:Invalidate","bronze:Shield"],"picked":"bronze:DelayedSlice","floor":25},{"not_picked":["bronze:BugBarrage","bronze:Shield"],"picked":"bronze:Optimize","floor":27}],"player_experience":1796373,"relics_obtained":[{"floor":7,"key":"hubris:SphereOfDissonance"},{"floor":24,"key":"White Beast Statue"}],"event_choices":[{"damage_healed":0,"gold_gain":0,"player_choice":"Stole Relic","damage_taken":0,"relics_obtained":["bronze:ProtectiveGoggles"],"max_hp_gain":0,"max_hp_loss":0,"event_name":"Addict","floor":26,"gold_loss":0,"cards_obtained":["Pride"]}],"is_beta":false,"boss_relics":[{"not_picked":["Runic Dome","Astrolabe"],"picked":"Philosopher\u0027s Stone"}],"items_purged_floors":[],"is_endless":false,"potions_floor_spawned":[2,11,16,19,25,27],"killed_by":"Gremlin Leader","ascension_level":0}}