{"host":"t4313i2190y6fz3q","time":1611193906,"event":{"mods":["2.2 Compatiblity","AchievementEnabler","Act Like it!","BaseMod","Colored Powertips","Downfall","Highlight Path","Minty Spire (QoL Compilation)","Permanent Neow","Quick Restart","Rare Cards Sparkle","StSLib"],"gold_per_floor":[117,292,311,311,311,346,358,389,454,491,503,515,545,557,569,581,581],"floor_reached":16,"language":"ENG","playtime":437,"items_purged":[],"score":178,"play_id":"6589ead1-e7d7-4273-af72-2ead3ed263ea","local_time":"20210120175146","is_ascension_mode":true,"campfire_choices":[{"data":"Masterful Stab","floor":7,"key":"SMITH"},{"floor":12,"key":"REST"},{"data":"Dagger Spray","floor":15,"key":"SMITH"}],"circlet_count":0,"master_deck":["AscendersBane","Strike_G","Strike_G","Strike_G","Strike_G","Strike_G","Defend_G","Defend_G+1","Defend_G","Defend_G","Defend_G","Survivor+1","Neutralize+1","Dagger Throw","Masterful Stab+1","Footwork","Dagger Spray+1","Heel Hook","PiercingWail"],"relics":["Ring of the Snake","MawBank","Bag of Marbles","Potion Belt","Boot"],"acts_visited":["Exordium"],"potions_floor_usage":[6],"damage_taken":[{"damage":0,"enemies":"Cultist","floor":1,"turns":4},{"damage":4,"enemies":"2 Louse","floor":3,"turns":2},{"damage":28,"enemies":"Lagavulin","floor":6,"turns":9},{"damage":0,"enemies":"Small Slimes","floor":8,"turns":2},{"damage":13,"enemies":"Gremlin Nob","floor":10,"turns":4},{"damage":0,"enemies":"3 Louse","floor":13,"turns":2},{"damage":22,"enemies":"Hexaghost","floor":16,"turns":12}],"seed_played":"-1399961101171279691","potions_obtained":[{"floor":3,"key":"GhostInAJar"},{"floor":8,"key":"Explosive Potion"},{"floor":13,"key":"Energy Potion"}],"is_trial":false,"path_per_floor":["M","?","M","?","?","E","R","M","T","E","?","R","M","?","R","B"],"character_chosen":"THE_SILENT","items_purchased":[],"campfire_rested":1,"item_purchase_floors":[],"current_hp_per_floor":[63,63,59,64,57,29,29,29,29,16,13,35,35,20,20,0,0],"gold":581,"neow_bonus":"UPGRADE_CARD","is_daily":false,"chose_seed":false,"campfire_upgraded":2,"win_rate":0.0,"timestamp":1611193906,"path_taken":["M","?","M","?","?","E","R","M","T","E","?","R","M","?","R","BOSS"],"items_purchased_type":[],"build_version":"2020-12-22","purchased_purges":0,"victory":false,"max_hp_per_floor":[70,70,70,75,75,75,75,75,75,75,75,75,75,75,75,75,75],"card_choices":[{"not_picked":["Sucker Punch","Bane"],"picked":"Dagger Throw","floor":1},{"not_picked":["Expertise","Finisher"],"picked":"Masterful Stab","floor":3},{"not_picked":["Sucker Punch","Dagger Throw"],"picked":"Footwork","floor":6},{"not_picked":["Sucker Punch","Flying Knee"],"picked":"Dagger Spray","floor":8},{"not_picked":["Concentrate","Endless Agony"],"picked":"Heel Hook","floor":10},{"not_picked":["Cloak And Dagger","Setup"],"picked":"PiercingWail","floor":13}],"player_experience":232757,"relics_obtained":[{"floor":6,"key":"MawBank"},{"floor":9,"key":"Bag of Marbles"},{"floor":10,"key":"Potion Belt"}],"event_choices":[{"damage_healed":0,"gold_gain":175,"player_choice":"AGREE","damage_taken":0,"max_hp_gain":0,"max_hp_loss":0,"event_name":"Liars Game","floor":2,"gold_loss":0,"cards_obtained":["Doubt"]},{"damage_healed":0,"gold_gain":0,"player_choice":"Donut","damage_taken":0,"max_hp_gain":5,"max_hp_loss":0,"event_name":"Big Fish","floor":4,"gold_loss":0},{"cards_removed":["Doubt"],"damage_healed":0,"gold_gain":0,"player_choice":"Card Removal","damage_taken":7,"max_hp_gain":0,"max_hp_loss":0,"event_name":"Golden Wing","floor":5,"gold_loss":0},{"damage_healed":0,"gold_gain":0,"player_choice":"Success","damage_taken":3,"relics_obtained":["Boot"],"max_hp_gain":0,"max_hp_loss":0,"event_name":"Scrap Ooze","floor":11,"gold_loss":0},{"damage_healed":0,"gold_gain":0,"player_choice":"Entered Light","damage_taken":15,"max_hp_gain":0,"max_hp_loss":0,"event_name":"Shining Light","floor":14,"gold_loss":0,"cards_upgraded":["Defend_G","Survivor"]}],"is_beta":false,"boss_relics":[],"items_purged_floors":[],"is_endless":false,"potions_floor_spawned":[3,8,13],"killed_by":"Hexaghost","ascension_level":13}}