{"host":"irrizrmw64do51k7","time":1611268999,"event":{"mods":["AchievementEnabler","BaseMod","Better Altar","Better Match","Better Note","Better Sensory Stone","Better Skull","Better Third Choice","BetterRewards","Card Forge","Colored Map","Colored Powertips","Curses Come First","DeckTracker","Good Game Mod","Infinite Spire","Minty Spire (QoL Compilation)","Quick Restart","Relic Stats","Replay The Spire","Shop Mod","StSLib"],"gold_per_floor":[117,127,141,151,151,151,183,203,203,236,254,254,267,279,279,379,379,396,409,423,523,543,578,578,607,607,634,650,650,684,695,695,798,798,798,494,539,555,555],"floor_reached":38,"language":"ENG","playtime":2792,"items_purged":["Overencumbered"],"score":1210,"play_id":"3c2ba7c9-df28-444e-aeef-4e203187c16e","local_time":"20210121144319","is_ascension_mode":true,"campfire_choices":[{"floor":6,"key":"RECALL"},{"data":"Envenom","floor":15,"key":"SMITH"},{"data":"Mayhem","floor":24,"key":"SMITH"},{"data":"infinitespire:Neurotoxin","floor":29,"key":"SMITH"},{"data":"Devotion","floor":32,"key":"SMITH"},{"data":"Mayhem","floor":35,"key":"SMITH"}],"circlet_count":0,"master_deck":["Strike_G","Strike_G","Strike_G","Strike_G","Defend_G","Defend_G","Defend_G","Defend_G","Defend_G","Survivor","Neutralize","Devotion+1","Noxious Fumes","Noxious Fumes","Burst","Mayhem+1","Mayhem+1","Envenom+1","Noxious Fumes","Poisoned Stab","PiercingWail","ReplayTheSpireMod:Tripwire","Footwork","Footwork","Bullet Time","Caltrops","Bane","Night Terror","Dagger Spray","Prepared","infinitespire:Neurotoxin+1","Poisoned Stab+1","Catalyst+1","Dagger Spray","infinitespire:UltimateForm","Flying Knee","Cloak And Dagger+1","Caltrops","PiercingWail","Catalyst","Sucker Punch+1","Blade Dance","Night Terror","Caltrops+1"],"relics":["Ring of the Serpent","Hammer of Thor","Seething Fire","Anvil of the Gods","REME:ComplimentaryCards","TwistedFunnel","Iron Hammer","Bag of Marbles","Peace Pipe","Juzu Bracelet","Tiny Chest","Replay:Towering Pillar of Hats","Divine Protection","Bird Faced Urn","infinitespire:Midas Blood","Mercury Hourglass","FossilizedHelix","Oddly Smooth Stone","Regal Pillow","Incense Burner","ReplayTheSpireMod:CursedCoin","Thread and Needle","TungstenRod","infinitespire:WardingShard","Lantern","infinitespire:Beetle Shell","Replay:Wanted Poster","Anchor","infinitespire:PuzzleCube","Pear","Gremlin Horn","Shuriken","ChewingGum","Sling","Art of War","Bottled Flame"],"acts_visited":["Exordium","TheCity","TheEnding"],"potions_floor_usage":[37,37],"damage_taken":[{"damage":0,"enemies":"Jaw Worm","floor":1,"turns":2},{"damage":0,"enemies":"Cultist","floor":2,"turns":3},{"damage":0,"enemies":"2 Louse","floor":3,"turns":2},{"damage":0,"enemies":"Looter","floor":4,"turns":3},{"damage":0,"enemies":"Replay:BlueRogue","floor":7,"turns":6},{"damage":0,"enemies":"Red Slaver","floor":8,"turns":2},{"damage":4,"enemies":"Gremlin Nob","floor":10,"turns":4},{"damage":0,"enemies":"Gremlin Gang","floor":11,"turns":3},{"damage":0,"enemies":"Large Slime","floor":13,"turns":2},{"damage":0,"enemies":"Looter","floor":14,"turns":4},{"damage":7,"enemies":"The Guardian","floor":16,"turns":8},{"damage":0,"enemies":"Chosen","floor":18,"turns":5},{"damage":0,"enemies":"Spheric Guardian","floor":19,"turns":2},{"damage":0,"enemies":"Snecko","floor":20,"turns":4},{"damage":0,"enemies":"Centurion and Healer","floor":22,"turns":3},{"damage":0,"enemies":"Nightmare","floor":23,"turns":1},{"damage":9,"enemies":"Gremlin Leader","floor":25,"turns":6},{"damage":0,"enemies":"Book of Stabbing","floor":27,"turns":5},{"damage":0,"enemies":"Shelled Parasite and Fungi","floor":28,"turns":4},{"damage":0,"enemies":"Gremlin Leader","floor":30,"turns":2},{"damage":0,"enemies":"3 Cultists","floor":31,"turns":3},{"damage":0,"enemies":"Champ","floor":33,"turns":6},{"damage":54,"enemies":"Shield and Spear","floor":37,"turns":6},{"damage":73,"enemies":"The Heart","floor":38,"turns":3}],"seed_played":"-3087726979974094032","potions_obtained":[{"floor":1,"key":"Poison Potion"},{"floor":2,"key":"BlessingOfTheForge"},{"floor":3,"key":"Venom Potion"},{"floor":18,"key":"Block Potion"},{"floor":31,"key":"Fruit Juice"}],"is_trial":false,"path_per_floor":["M","M","M","M","?","R","E","M","T","E","M","?","M","M","R","B",null,"M","M","M","AVR","M","NM","R","E","T","E","M","R","E","M","R","B",null,"R","$","E","B"],"character_chosen":"THE_SILENT","items_purchased":["TwistedFunnel","Iron Hammer","Noxious Fumes","Burst","Bag of Marbles","Juzu Bracelet","Tiny Chest","Divine Protection","Mayhem","infinitespire:Midas Blood","Mercury Hourglass","Mayhem","Envenom","Oddly Smooth Stone","Regal Pillow","ReplayTheSpireMod:CursedCoin","Noxious Fumes","TungstenRod","infinitespire:WardingShard","Sling","Art of War"],"campfire_rested":0,"item_purchase_floors":[0,0,0,0,0,0,0,0,0,0,0,0,0,0,0,0,0,0,0,36,36],"current_hp_per_floor":[69,70,70,70,75,75,75,75,75,71,75,75,75,75,75,75,75,75,75,75,75,75,75,75,72,82,85,85,85,85,85,85,85,85,85,85,46,0,0],"gold":555,"neow_bonus":"","is_daily":false,"chose_seed":false,"campfire_upgraded":5,"win_rate":0.0,"timestamp":1611268999,"path_taken":["M","M","M","M","?","R","E","M","T","E","M","?","M","M","R","BOSS","M","M","M","AVR","M","NM","R","E","T","E","M","R","E","M","R","BOSS","R","$","E","BOSS"],"items_purchased_type":["Relic","Relic","Card","Card","Relic","Relic","Relic","Relic","Card","Relic","Relic","Card","Card","Relic","Relic","Relic","Card","Relic","Relic","Relic","Relic"],"build_version":"2020-12-22","purchased_purges":1,"victory":false,"max_hp_per_floor":[70,70,70,70,75,75,75,75,75,75,75,75,75,75,75,75,75,75,75,75,75,75,75,75,75,85,85,85,85,85,85,85,85,85,85,85,90,90,90],"relic_stats":{"Peace Pipe":0,"Regal Pillow":21,"Gremlin Horn":[5,5],"counters":[176,572],"Shuriken":[7],"Bird Faced Urn":[111],"Tiny Chest":0,"Juzu Bracelet":1,"Art of War":[5],"obtain_stats":[{"TwistedFunnel":0,"Ginger":75,"Whetstone":157,"Boot":6,"Sling":36,"Old Coin":27,"Replay:Wanted Poster":121,"Blood Vial":131,"infinitespire:ShieldingShard":26,"infinitespire:Golems Mask":45,"MerchantsRug":106,"Pear":26,"Eternal Feather":43,"Pen Nib":26,"infinitespire:Magic Flask":43,"Akabeko":60,"Cables":0,"SlaversCollar":51,"infinitespire:Lychee Nut":0,"Bird Faced Urn":42,"Unceasing Top":9,"Ring of the Serpent":34,"infinitespire:PuzzleCube":25,"Regal Pillow":76,"Lantern":148,"Torii":38,"animator:TheMissingPiece":0,"Bag of Preparation":27,"Matryoshka":9,"WristBlade":87,"infinitespire:Bottled Soul":76,"WingedGreaves":40,"InkBottle":57,"Ring of the Snake":0,"Potion Belt":96,"NeowsBlessing":0,"Golden Idol":112,"Thread and Needle":90,"infinitespire:Joker Card":12,"PreservedInsect":125,"Omamori":79,"Seething Fire":0,"infinitespire:CheckeredPen":0,"infinitespire:Lucky Rock":22,"Frozen Egg 2":77,"MawBank":110,"Nuclear Battery":17,"Busted Crown":34,"animator:LivingPicture":0,"Turnip":0,"Art of War":74,"Bottled Lightning":56,"ReplayTheSpireMod:Ring of Challenge":143,"ReplayTheSpireMod:Lightbulb":142,"Toy Ornithopter":145,"infinitespire:Freezer":38,"infinitespire:Midas Blood":59,"Ice Cream":0,"Divine Protection":0,"Calipers":0,"Tiny House":17,"Gremlin Horn":27,"infinitespire:BlackEgg":154,"Hammer of Thor":0,"Centennial Puzzle":8,"infinitespire:SolderingIron":40,"Iron Hammer":116,"Happy Flower":11,"ReplayTheSpireMod:CursedCoin":0,"Astrolabe":70,"Oddly Smooth Stone":0,"infinitespire:Beetle Shell":10,"Du-Vu Doll":27,"Replay:Baseball":130,"Bottled Flame":37,"Anvil of the Gods":0,"Shuriken":30,"Bronze Scales":43,"Simple Rune":132,"infinitespire:EmpoweringShard":7,"SacredBark":138,"Snake Skull":129,"Incense Burner":80,"Juzu Bracelet":94,"Empty Cage":68,"Tough Bandages":29,"Replay:Bandana":118,"Chameleon Ring":147,"Mummified Hand":67,"Gambling Chip":0,"Tiny Chest":0,"Red Mask":21,"Cracked Core":21,"Replay:Towering Pillar of Hats":0,"Guide Book":157,"Odd Mushroom":65,"Orichalcum":6,"Mercury Hourglass":90,"Peace Pipe":0,"REME:ComplimentaryCards":0,"CaptainsWheel":0,"DataDisk":48,"Anchor":62,"infinitespire:WardingShard":0,"ChewingGum":155,"Bag of Marbles":0,"Membership Card":12,"TungstenRod":0,"FossilizedHelix":20},{"TwistedFunnel":70,"Ginger":110,"Whetstone":150,"Boot":28,"Sling":174,"Old Coin":86,"Replay:Wanted Poster":134,"Blood Vial":139,"infinitespire:ShieldingShard":40,"infinitespire:Golems Mask":96,"MerchantsRug":129,"Pear":169,"Eternal Feather":50,"Pen Nib":85,"infinitespire:Magic Flask":96,"Akabeko":104,"Cables":3,"SlaversCollar":98,"infinitespire:Lychee Nut":70,"Bird Faced Urn":96,"Unceasing Top":10,"Ring of the Serpent":91,"infinitespire:PuzzleCube":169,"Regal Pillow":111,"Lantern":147,"Torii":47,"animator:TheMissingPiece":0,"Bag of Preparation":19,"Matryoshka":29,"WristBlade":119,"infinitespire:Bottled Soul":69,"WingedGreaves":95,"InkBottle":58,"Ring of the Snake":0,"Potion Belt":124,"NeowsBlessing":0,"Golden Idol":131,"Thread and Needle":121,"infinitespire:Joker Card":12,"PreservedInsect":137,"Omamori":113,"Seething Fire":0,"infinitespire:CheckeredPen":3,"infinitespire:Lucky Rock":18,"Frozen Egg 2":69,"MawBank":131,"Nuclear Battery":34,"Busted Crown":45,"animator:LivingPicture":0,"Turnip":3,"Art of War":68,"Bottled Lightning":57,"ReplayTheSpireMod:Ring of Challenge":145,"ReplayTheSpireMod:Lightbulb":145,"Toy Ornithopter":146,"infinitespire:Freezer":47,"infinitespire:Midas Blood":104,"Ice Cream":3,"Divine Protection":152,"Calipers":3,"Tiny House":15,"Gremlin Horn":170,"infinitespire:BlackEgg":150,"Hammer of Thor":0,"Centennial Puzzle":10,"infinitespire:SolderingIron":48,"Iron Hammer":132,"Happy Flower":77,"ReplayTheSpireMod:CursedCoin":152,"Astrolabe":107,"Oddly Smooth Stone":70,"infinitespire:Beetle Shell":30,"Du-Vu Doll":41,"Replay:Baseball":139,"Bottled Flame":175,"Anvil of the Gods":0,"Shuriken":172,"Bronze Scales":50,"Simple Rune":140,"infinitespire:EmpoweringShard":10,"SacredBark":143,"Snake Skull":139,"Incense Burner":114,"Juzu Bracelet":124,"Empty Cage":63,"Tough Bandages":88,"Replay:Bandana":133,"Chameleon Ring":146,"Mummified Hand":106,"Gambling Chip":3,"Tiny Chest":152,"Red Mask":18,"Cracked Core":18,"Replay:Towering Pillar of Hats":152,"Guide Book":150,"Odd Mushroom":62,"Orichalcum":75,"Mercury Hourglass":121,"Peace Pipe":152,"REME:ComplimentaryCards":0,"CaptainsWheel":3,"DataDisk":52,"Anchor":60,"infinitespire:WardingShard":152,"ChewingGum":150,"Bag of Marbles":152,"Membership Card":77,"TungstenRod":70,"FossilizedHelix":81},{"TwistedFunnel":242,"Ginger":367,"Whetstone":476,"Boot":104,"Sling":564,"Old Coin":294,"Replay:Wanted Poster":443,"Blood Vial":450,"infinitespire:ShieldingShard":146,"infinitespire:Golems Mask":333,"MerchantsRug":428,"Pear":545,"Eternal Feather":188,"Pen Nib":292,"infinitespire:Magic Flask":333,"Akabeko":356,"Cables":5,"SlaversCollar":341,"infinitespire:Lychee Nut":242,"Bird Faced Urn":333,"Unceasing Top":25,"Ring of the Serpent":316,"infinitespire:PuzzleCube":545,"Regal Pillow":370,"Lantern":467,"Torii":175,"animator:TheMissingPiece":0,"Bag of Preparation":71,"Matryoshka":108,"WristBlade":396,"infinitespire:Bottled Soul":241,"WingedGreaves":328,"InkBottle":210,"Ring of the Snake":0,"Potion Belt":413,"NeowsBlessing":0,"Golden Idol":432,"Thread and Needle":403,"infinitespire:Joker Card":33,"PreservedInsect":447,"Omamori":376,"Seething Fire":0,"infinitespire:CheckeredPen":5,"infinitespire:Lucky Rock":63,"Frozen Egg 2":241,"MawBank":432,"Nuclear Battery":125,"Busted Crown":170,"animator:LivingPicture":0,"Turnip":5,"Art of War":236,"Bottled Lightning":208,"ReplayTheSpireMod:Ring of Challenge":462,"ReplayTheSpireMod:Lightbulb":462,"Toy Ornithopter":465,"infinitespire:Freezer":175,"infinitespire:Midas Blood":356,"Ice Cream":5,"Divine Protection":485,"Calipers":5,"Tiny House":51,"Gremlin Horn":550,"infinitespire:BlackEgg":476,"Hammer of Thor":0,"Centennial Puzzle":25,"infinitespire:SolderingIron":180,"Iron Hammer":435,"Happy Flower":266,"ReplayTheSpireMod:CursedCoin":485,"Astrolabe":363,"Oddly Smooth Stone":242,"infinitespire:Beetle Shell":111,"Du-Vu Doll":151,"Replay:Baseball":450,"Bottled Flame":569,"Anvil of the Gods":0,"Shuriken":556,"Bronze Scales":188,"Simple Rune":452,"infinitespire:EmpoweringShard":25,"SacredBark":459,"Snake Skull":450,"Incense Burner":378,"Juzu Bracelet":413,"Empty Cage":222,"Tough Bandages":303,"Replay:Bandana":436,"Chameleon Ring":465,"Mummified Hand":358,"Gambling Chip":5,"Tiny Chest":485,"Red Mask":63,"Cracked Core":63,"Replay:Towering Pillar of Hats":485,"Guide Book":476,"Odd Mushroom":218,"Orichalcum":259,"Mercury Hourglass":403,"Peace Pipe":485,"REME:ComplimentaryCards":0,"CaptainsWheel":5,"DataDisk":193,"Anchor":214,"infinitespire:WardingShard":485,"ChewingGum":476,"Bag of Marbles":485,"Membership Card":266,"TungstenRod":242,"FossilizedHelix":281}],"TungstenRod":252,"Mercury Hourglass":[560]},"card_choices":[{"not_picked":["ReplayTheSpireMod:Scrap Shanks","Leg Sweep"],"picked":"Poisoned Stab","floor":1},{"not_picked":["Prepared","Blade Dance"],"picked":"PiercingWail","floor":2},{"not_picked":["Skewer","Bane"],"picked":"ReplayTheSpireMod:Tripwire","floor":3},{"not_picked":["Outmaneuver","Dodge and Roll"],"picked":"Footwork","floor":4},{"not_picked":["Leg Sweep","Slice"],"picked":"Footwork","floor":7},{"not_picked":["Slice","Expertise"],"picked":"Bullet Time","floor":8},{"not_picked":["Deflect","Dagger Throw"],"picked":"Caltrops","floor":10},{"not_picked":["Slice","Skewer"],"picked":"Bane","floor":11},{"not_picked":["Hidden Blade","Prepared"],"picked":"Dagger Spray","floor":13},{"not_picked":["Backflip","Acrobatics"],"picked":"Prepared","floor":14},{"not_picked":["Replay:Bag of Tricks","Night Terror"],"picked":"infinitespire:Neurotoxin","floor":16},{"not_picked":["Choke","Quick Slash"],"picked":"Poisoned Stab+1","floor":18},{"not_picked":["Poisoned Stab","Skewer"],"picked":"Catalyst+1","floor":19},{"not_picked":["Outmaneuver+1","Predator"],"picked":"Dagger Spray","floor":20},{"not_picked":["Dagger Throw","Prepared"],"picked":"Flying Knee","floor":22},{"not_picked":["Slice","Blade Dance+1"],"picked":"Cloak And Dagger+1","floor":23},{"not_picked":["Deadly Poison","Reflex"],"picked":"Caltrops","floor":25},{"not_picked":["Dagger Throw","Quick Slash+1"],"picked":"PiercingWail","floor":27},{"not_picked":["Footwork+1","PiercingWail"],"picked":"Catalyst","floor":28},{"not_picked":["Escape Plan+1","Distraction+1"],"picked":"Sucker Punch+1","floor":30},{"not_picked":["Concentrate","Cloak And Dagger"],"picked":"Blade Dance","floor":31},{"not_picked":["Poison Darts","Tools of the Trade"],"picked":"Night Terror","floor":33},{"not_picked":["Bouncing Flask","Backstab"],"picked":"Caltrops+1","floor":37}],"player_experience":491294,"relics_obtained":[{"floor":7,"key":"Lantern"},{"floor":10,"key":"infinitespire:Beetle Shell"},{"floor":23,"key":"Anchor"},{"floor":25,"key":"infinitespire:PuzzleCube"},{"floor":26,"key":"Pear"},{"floor":27,"key":"Gremlin Horn"},{"floor":30,"key":"Shuriken"},{"floor":37,"key":"Bottled Flame"}],"event_choices":[{"damage_healed":0,"gold_gain":0,"player_choice":"Donut","damage_taken":0,"max_hp_gain":5,"max_hp_loss":0,"event_name":"Big Fish","floor":5,"gold_loss":0},{"damage_healed":0,"gold_gain":0,"cards_transformed":["Strike_G"],"player_choice":"Transformed","damage_taken":0,"max_hp_gain":0,"max_hp_loss":0,"event_name":"Transmorgrifier","floor":12,"gold_loss":0,"cards_obtained":["Night Terror"]}],"is_beta":false,"boss_relics":[{"not_picked":["Kintsugi","Empty Cage"],"picked":"Ring of the Serpent"},{"not_picked":["Coffee Dripper","ReplayTheSpireMod:SealedPack"],"picked":"ChewingGum"}],"items_purged_floors":[0],"is_endless":true,"potions_floor_spawned":[1,2,3,7,8,13,18,20,25,27,31],"killed_by":"The Heart","ascension_level":8}}