{"host":"z9811rt50ti81n54","time":1611238005,"event":{"mods":["BaseMod","Better Match","Better Skull","Better Third Choice","Minty Spire (QoL Compilation)","Permanent Neow","StSLib","SuperFastMode"],"gold_per_floor":[116,12,12,23,0,0,31,31,31,31,31,46,63,80,80,185,185,200,200,218,232,232,232,249,264,264,264,274,293,306,323,323,424,424,439,439,454,454,465,512,512,512],"floor_reached":41,"language":"ENG","playtime":921,"items_purged":[],"score":399,"play_id":"7a141e19-91b8-4dc9-9a80-da7652d98be9","local_time":"20210121230645","is_ascension_mode":false,"campfire_choices":[{"floor":6.0,"key":"REST"},{"data":"BattleHymn","floor":8.0,"key":"SMITH"},{"data":"EmptyFist","floor":11.0,"key":"SMITH"},{"data":"Tantrum","floor":15.0,"key":"SMITH"},{"data":"Indignation","floor":23.0,"key":"SMITH"},{"data":"Sanctity","floor":27.0,"key":"SMITH"},{"floor":32.0,"key":"REST"}],"circlet_count":0,"master_deck":["Strike_P+1","Strike_P","Strike_P","Defend_P","Defend_P","Eruption+1","Vigilance","Tantrum+1","EmptyFist+1","Prostrate","BattleHymn+1","Halt","Sanctity+1","Indignation+1","ThirdEye+1","InnerPeace","Establishment+1","ThirdEye+1","MasterReality+1"],"relics":["PureWater","Frozen Egg 2","Boot","NlothsMask","Busted Crown","SlaversCollar","Anchor"],"acts_visited":["Exordium","TheCity","TheBeyond"],"potions_floor_usage":[],"damage_taken":[{"damage":0.0,"enemies":"Cultist","floor":1.0,"turns":3.0},{"damage":0.0,"enemies":"Small Slimes","floor":4.0,"turns":1.0},{"damage":20.0,"enemies":"Gremlin Nob","floor":7.0,"turns":3.0},{"damage":0.0,"enemies":"2 Louse","floor":12.0,"turns":2.0},{"damage":0.0,"enemies":"Gremlin Gang","floor":13.0,"turns":3.0},{"damage":0.0,"enemies":"Large Slime","floor":14.0,"turns":2.0},{"damage":32.0,"enemies":"Hexaghost","floor":16.0,"turns":5.0},{"damage":0.0,"enemies":"Spheric Guardian","floor":18.0,"turns":2.0},{"damage":5.0,"enemies":"2 Thieves","floor":20.0,"turns":2.0},{"damage":1.0,"enemies":"Shelled Parasite and Fungi","floor":21.0,"turns":3.0},{"damage":0.0,"enemies":"Centurion and Healer","floor":24.0,"turns":3.0},{"damage":0.0,"enemies":"Cultist and Chosen","floor":25.0,"turns":3.0},{"damage":0.0,"enemies":"3 Cultists","floor":28.0,"turns":4.0},{"damage":15.0,"enemies":"Snake Plant","floor":29.0,"turns":3.0},{"damage":5.0,"enemies":"Centurion and Healer","floor":30.0,"turns":4.0},{"damage":3.0,"enemies":"Cultist and Chosen","floor":31.0,"turns":3.0},{"damage":9.0,"enemies":"Champ","floor":33.0,"turns":8.0},{"damage":17,"enemies":"3 Shapes","floor":35,"turns":3},{"damage":10,"enemies":"Orb Walker","floor":37,"turns":3},{"damage":54,"enemies":"Spire Growth","floor":39,"turns":5},{"damage":5,"enemies":"Nemesis","floor":41,"turns":3}],"seed_played":"-3808108814876234719","potions_obtained":[{"floor":7.0,"key":"SkillPotion"},{"floor":14.0,"key":"Swift Potion"},{"floor":16.0,"key":"Ambrosia"},{"floor":20.0,"key":"SteroidPotion"},{"floor":21.0,"key":"SkillPotion"},{"floor":24.0,"key":"Explosive Potion"},{"floor":29.0,"key":"Strength Potion"}],"is_trial":false,"path_per_floor":["M","$","?","M","$","R","E","R","T","?","R","M","M","M","R","B",null,"M","?","M","M","?","R","M","M","T","R","M","M","M","M","R","B",null,"M","?","M","?","M","T","E"],"character_chosen":"WATCHER","items_purchased":["EmptyFist","Prostrate","Halt"],"campfire_rested":2,"item_purchase_floors":[2,2,5],"current_hp_per_floor":[51,51,37,37,37,58,38,38,38,38,38,38,38,38,38,6,72,72,82,77,76,76,76,76,76,76,76,76,61,56,53,77,68,82,65,65,55,55,1,1,0,0],"gold":512,"neow_bonus":"REMOVE_TWO","is_daily":false,"chose_seed":false,"campfire_upgraded":5,"win_rate":0.0,"timestamp":1611238005,"path_taken":["M","$","?","M","$","R","E","R","T","?","R","?","M","M","R","BOSS","M","?","M","?","?","R","M","M","T","R","M","M","M","M","R","BOSS","M","?","?","?","M","?","E"],"items_purchased_type":["Card","Card","Card"],"build_version":"2020-12-22","purchased_purges":0,"victory":false,"max_hp_per_floor":[72,72,72,72,72,72,72,72,72,72,72,72,72,72,72,72,72,72,82,82,82,82,82,82,82,82,82,82,82,82,82,82,82,82,82,82,82,82,82,82,82,82],"card_choices":[{"not_picked":["Consecrate","ThirdEye"],"picked":"Tantrum","floor":1.0},{"not_picked":["Weave","ClearTheMind"],"picked":"BattleHymn","floor":4.0},{"not_picked":["Fasting2+1","FollowUp"],"picked":"Sanctity","floor":7.0},{"not_picked":["BattleHymn+1","CarveReality"],"picked":"Indignation","floor":12.0},{"not_picked":["SandsOfTime","SignatureMove"],"picked":"ThirdEye","floor":13.0},{"not_picked":["Prostrate","ForeignInfluence"],"picked":"InnerPeace","floor":14.0},{"not_picked":["Omniscience","Ragnarok"],"picked":"Scrawl","floor":16.0},{"not_picked":["PathToVictory"],"picked":"SKIP","floor":18.0},{"not_picked":["SashWhip"],"picked":"SKIP","floor":20.0},{"not_picked":["EmptyFist+1"],"picked":"SKIP","floor":21.0},{"not_picked":["FollowUp"],"picked":"SKIP","floor":24.0},{"not_picked":["Crescendo"],"picked":"SKIP","floor":25.0},{"not_picked":[],"picked":"Establishment+1","floor":28.0},{"not_picked":[],"picked":"ThirdEye+1","floor":29.0},{"not_picked":["ClearTheMind"],"picked":"SKIP","floor":30.0},{"not_picked":["BowlingBash"],"picked":"SKIP","floor":31.0},{"not_picked":[],"picked":"MasterReality+1","floor":33.0},{"not_picked":["JustLucky"],"picked":"SKIP","floor":35},{"not_picked":["BattleHymn+1"],"picked":"SKIP","floor":37},{"not_picked":["BattleHymn+1"],"picked":"SKIP","floor":37},{"not_picked":["FollowUp"],"picked":"SKIP","floor":39}],"player_experience":406607,"relics_obtained":[{"floor":7.0,"key":"Frozen Egg 2"},{"floor":9.0,"key":"Boot"},{"floor":40,"key":"Anchor"}],"event_choices":[{"damage_healed":0.0,"max_hp_gain":0.0,"max_hp_loss":0.0,"gold_gain":0.0,"event_name":"Shining Light","player_choice":"Entered Light","floor":3.0,"gold_loss":0.0,"damage_taken":14.0,"cards_upgraded":["Eruption","Strike_P"]},{"damage_healed":0.0,"max_hp_gain":0.0,"max_hp_loss":0.0,"gold_gain":0.0,"event_name":"FaceTrader","player_choice":"Trade","floor":10.0,"gold_loss":0.0,"damage_taken":0.0,"relics_obtained":["NlothsMask"]},{"cards_removed":["Scrawl"],"damage_healed":0.0,"max_hp_gain":10.0,"max_hp_loss":0.0,"gold_gain":0.0,"event_name":"Bonfire Elementals","player_choice":"Offered Rare","floor":19.0,"gold_loss":0.0,"damage_taken":0.0},{"damage_healed":0.0,"max_hp_gain":0.0,"max_hp_loss":0.0,"gold_gain":0.0,"event_name":"Vampires","player_choice":"Ignored","floor":22.0,"gold_loss":0.0,"damage_taken":0.0},{"damage_healed":0,"gold_gain":0,"player_choice":"Upgraded","damage_taken":0,"max_hp_gain":0,"max_hp_loss":0,"event_name":"Upgrade Shrine","floor":36,"gold_loss":0,"cards_upgraded":["ThirdEye"]},{"cards_removed":["Strike_P"],"damage_healed":0,"gold_gain":0,"player_choice":"Removed Attack","damage_taken":0,"max_hp_gain":0,"max_hp_loss":0,"event_name":"Falling","floor":38,"gold_loss":0}],"is_beta":false,"boss_relics":[{"not_picked":["Runic Pyramid","Tiny House"],"picked":"Busted Crown"},{"not_picked":["Coffee Dripper","Black Star"],"picked":"SlaversCollar"}],"items_purged_floors":[],"is_endless":false,"potions_floor_spawned":[7,14,16,20,21,24,29],"killed_by":"Nemesis","ascension_level":0}}