{"host":"rolltorest","time":1611210587,"event":{"mods":["BaseMod","Minty Spire (QoL Compilation)","Relic Stats","Slay the Relics Exporter","StSLib"],"gold_per_floor":[109,129,145,145,145,145,145,179,179,179,179,179,179,195,195,289,289,309,333,283,126,151,151,170,208,208,252,252,288,288,306,306,399,399,424,424,442,466,335,373,396,431,431,431,152,195,210,234,234,234,234],"floor_reached":50,"language":"ENG","playtime":2467,"items_purged":["Injury","Parasite"],"score":1275,"play_id":"ceb1eb28-8da0-4d28-af40-f726e7050fcc","local_time":"20210120222947","is_ascension_mode":true,"campfire_choices":[{"data":"Eruption","floor":6,"key":"SMITH"},{"floor":11,"key":"REST"},{"data":"ThirdEye","floor":13,"key":"SMITH"},{"data":"Vigilance","floor":15,"key":"SMITH"},{"floor":23,"key":"REST"},{"floor":28,"key":"REST"},{"floor":30,"key":"REST"},{"floor":32,"key":"REST"},{"floor":44,"key":"REST"},{"floor":49,"key":"RECALL"}],"circlet_count":0,"master_deck":["AscendersBane","Strike_P","Strike_P+1","Strike_P+1","Strike_P","Defend_P+1","Defend_P+1","Eruption+1","Vigilance+1","FlurryOfBlows+1","ThirdEye+1","Evaluate+1","FlurryOfBlows+1","ThirdEye+1","LessonLearned","ClearTheMind","Adaptation+1","Conclude+1","Vault","ForeignInfluence+1","EmptyMind","TalkToTheHand+1","Wireheading","MentalFortress","Fasting2","Omniscience+1","DeusExMachina","Halt+1","Weave+1","Meditate","Worship+1","Wallop+1","CutThroughFate+1","Devotion","WaveOfTheHand+1"],"relics":["Empty Cage","Golden Idol","Turnip","Shuriken","Regal Pillow","InkBottle","Cursed Key","Orrery","Dream Catcher","WingedGreaves","Lantern","Damaru","Runic Pyramid","Peace Pipe","PreservedInsect","Sundial"],"acts_visited":["Exordium","TheCity","TheBeyond"],"potions_floor_usage":[8,10,12,14,18,27,29,29,29,33,33,40,42,48],"damage_taken":[{"damage":7,"enemies":"Small Slimes","floor":1,"turns":4},{"damage":2,"enemies":"Jaw Worm","floor":2,"turns":4},{"damage":6,"enemies":"2 Louse","floor":3,"turns":3},{"damage":39,"enemies":"3 Sentries","floor":8,"turns":11},{"damage":0,"enemies":"Gremlin Nob","floor":10,"turns":2},{"damage":4,"enemies":"Gremlin Gang","floor":14,"turns":5},{"damage":10,"enemies":"The Guardian","floor":16,"turns":12},{"damage":18,"enemies":"3 Byrds","floor":18,"turns":2},{"damage":10,"enemies":"Spheric Guardian","floor":19,"turns":5},{"damage":10,"enemies":"Snecko","floor":22,"turns":7},{"damage":0,"enemies":"Centurion and Healer","floor":24,"turns":4},{"damage":8,"enemies":"Book of Stabbing","floor":25,"turns":5},{"damage":23,"enemies":"Gremlin Leader","floor":27,"turns":6},{"damage":46,"enemies":"Slavers","floor":29,"turns":6},{"damage":6,"enemies":"Chosen and Byrds","floor":31,"turns":8},{"damage":41,"enemies":"Automaton","floor":33,"turns":8},{"damage":6,"enemies":"3 Shapes","floor":35,"turns":5},{"damage":12,"enemies":"3 Darklings","floor":37,"turns":3},{"damage":10,"enemies":"Writhing Mass","floor":38,"turns":10},{"damage":7,"enemies":"Giant Head","floor":40,"turns":7},{"damage":0,"enemies":"Jaw Worm Horde","floor":41,"turns":4},{"damage":9,"enemies":"Nemesis","floor":42,"turns":5},{"damage":0,"enemies":"Giant Head","floor":46,"turns":6},{"damage":5,"enemies":"Maw","floor":47,"turns":6},{"damage":5,"enemies":"Sphere and 2 Shapes","floor":48,"turns":6},{"damage":23,"enemies":"Time Eater","floor":50,"turns":8}],"seed_played":"-3720367966583547489","potions_obtained":[{"floor":2,"key":"DuplicationPotion"},{"floor":3,"key":"SmokeBomb"},{"floor":8,"key":"Energy Potion"},{"floor":12,"key":"Fruit Juice"},{"floor":12,"key":"LiquidBronze"},{"floor":16,"key":"PowerPotion"},{"floor":22,"key":"BlessingOfTheForge"},{"floor":27,"key":"EntropicBrew"},{"floor":29,"key":"PowerPotion"},{"floor":38,"key":"AttackPotion"},{"floor":46,"key":"BottledMiracle"},{"floor":47,"key":"ColorlessPotion"}],"is_trial":false,"path_per_floor":["M","M","M","?","?","R","T","E","T","E","R","?","R","M","R","B",null,"M","M","?","$","M","R","M","E","T","E","R","E","R","M","R","B",null,"M","?","M","M","$","E","M","E","T","R","$","E","M","M","R","B"],"character_chosen":"WATCHER","items_purchased":["Orrery","Swift Potion","Devotion"],"campfire_rested":6,"item_purchase_floors":[21,39,45],"current_hp_per_floor":[54,52,46,46,41,41,41,2,2,2,35,40,40,36,36,26,57,39,29,29,29,19,54,54,46,46,23,58,12,47,41,67,26,57,51,51,39,29,29,22,22,13,13,47,47,47,42,37,37,14,14],"gold":234,"neow_bonus":"BOSS_RELIC","is_daily":false,"chose_seed":false,"campfire_upgraded":3,"win_rate":0.0,"timestamp":1611210587,"path_taken":["M","M","M","?","?","R","?","E","T","E","R","?","R","M","R","BOSS","M","?","?","$","M","R","M","E","T","E","R","E","R","M","R","BOSS","M","?","M","M","$","E","M","E","T","R","$","E","M","M","R","BOSS"],"items_purchased_type":["Relic","Potion","Card"],"build_version":"2020-12-18","purchased_purges":2,"victory":false,"max_hp_per_floor":[68,68,68,62,62,62,62,62,62,62,62,67,67,67,67,67,67,67,67,67,67,67,67,67,67,67,67,67,67,67,67,67,67,67,67,64,64,64,64,64,64,64,64,64,61,61,61,61,61,61,61],"relic_stats":{"Peace Pipe":0,"Regal Pillow":81,"Dream Catcher":4,"counters":[26,152],"Golden Idol":154,"Shuriken":[82],"Sundial":[2],"Turnip":[18],"PreservedInsect":130,"Cursed Key":2,"obtain_stats":[{"Regal Pillow":8,"Lantern":27,"Golden Idol":4,"Damaru":29,"PreservedInsect":42,"Empty Cage":0,"Cursed Key":17,"Peace Pipe":40,"Dream Catcher":25,"Shuriken":7,"Sundial":46,"Orrery":21,"Turnip":5,"WingedGreaves":26,"PureWater":0,"InkBottle":9,"Runic Pyramid":34},{"Regal Pillow":4,"Lantern":13,"Golden Idol":3,"Damaru":14,"PreservedInsect":22,"Empty Cage":0,"Cursed Key":7,"Peace Pipe":20,"Dream Catcher":12,"Shuriken":3,"Sundial":23,"Orrery":9,"Turnip":3,"WingedGreaves":12,"PureWater":0,"InkBottle":4,"Runic Pyramid":16},{"Regal Pillow":22,"Lantern":70,"Golden Idol":11,"Damaru":76,"PreservedInsect":126,"Empty Cage":0,"Cursed Key":41,"Peace Pipe":117,"Dream Catcher":64,"Shuriken":11,"Sundial":132,"Orrery":48,"Turnip":11,"WingedGreaves":64,"PureWater":0,"InkBottle":22,"Runic Pyramid":92}],"InkBottle":[65]},"card_choices":[{"not_picked":["FlyingSleeves","ClearTheMind"],"picked":"FlurryOfBlows","floor":1},{"not_picked":["ConjureBlade","SashWhip"],"picked":"ThirdEye","floor":2},{"not_picked":["Perseverance","LikeWater"],"picked":"Evaluate","floor":3},{"not_picked":["Study","SignatureMove"],"picked":"FlurryOfBlows","floor":8},{"not_picked":["WaveOfTheHand","Halt"],"picked":"ThirdEye","floor":14},{"not_picked":["Blasphemy","Devotion"],"picked":"LessonLearned","floor":16},{"not_picked":["Halt","Consecrate"],"picked":"ClearTheMind","floor":18},{"not_picked":["JustLucky","Prostrate","Evaluate"],"picked":"SKIP","floor":19},{"not_picked":["Prostrate","BowlingBash"],"picked":"Adaptation","floor":21},{"not_picked":["Crescendo","Ragnarok"],"picked":"Conclude","floor":21},{"not_picked":["ThirdEye","Sanctity"],"picked":"Vault","floor":21},{"not_picked":["CutThroughFate","EmptyFist"],"picked":"ForeignInfluence+1","floor":21},{"not_picked":["PathToVictory","FollowUp+1","WindmillStrike"],"picked":"SKIP","floor":22},{"not_picked":["Nirvana","ClearTheMind"],"picked":"EmptyMind","floor":24},{"not_picked":["CarveReality+1","EmptyFist"],"picked":"TalkToTheHand","floor":25},{"not_picked":["BattleHymn","Prostrate+1"],"picked":"Wireheading","floor":27},{"not_picked":["Sanctity","LikeWater"],"picked":"MentalFortress","floor":28},{"not_picked":["Perseverance","ReachHeaven","Establishment"],"picked":"SKIP","floor":29},{"not_picked":["Protect+1","CrushJoints+1"],"picked":"Fasting2","floor":30},{"not_picked":["DeceiveReality+1","PathToVictory","EmptyBody"],"picked":"SKIP","floor":31},{"not_picked":["PathToVictory","EmptyFist"],"picked":"Omniscience","floor":32},{"not_picked":["Scrawl","Judgement"],"picked":"DeusExMachina","floor":33},{"not_picked":["FlyingSleeves","SashWhip"],"picked":"Halt","floor":35},{"not_picked":["WreathOfFlame","Protect+1","SashWhip"],"picked":"SKIP","floor":37},{"not_picked":["MentalFortress","EmptyFist"],"picked":"Weave+1","floor":38},{"not_picked":["DeceiveReality+1","Sanctity"],"picked":"Meditate","floor":40},{"not_picked":["SashWhip+1","FlurryOfBlows"],"picked":"Worship+1","floor":41},{"not_picked":["CrushJoints","Study+1"],"picked":"Wallop+1","floor":42},{"not_picked":["Consecrate","Indignation+1"],"picked":"CutThroughFate+1","floor":44},{"not_picked":["Protect","BattleHymn+1","FlyingSleeves"],"picked":"SKIP","floor":46},{"not_picked":["Vengeance","Ragnarok"],"picked":"WaveOfTheHand+1","floor":47},{"not_picked":["EmptyFist","Protect","ThirdEye+1"],"picked":"SKIP","floor":48}],"player_experience":1755195,"relics_obtained":[{"floor":7,"key":"Shuriken"},{"floor":8,"key":"Regal Pillow"},{"floor":9,"key":"InkBottle"},{"floor":25,"key":"Dream Catcher"},{"floor":26,"key":"WingedGreaves"},{"floor":27,"key":"Lantern"},{"floor":29,"key":"Damaru"},{"floor":40,"key":"Peace Pipe"},{"floor":42,"key":"PreservedInsect"},{"floor":46,"key":"Sundial"}],"event_choices":[{"damage_healed":0,"gold_gain":0,"player_choice":"Lose Max HP","damage_taken":0,"relics_obtained":["Golden Idol"],"max_hp_gain":0,"max_hp_loss":6,"event_name":"Golden Idol","floor":4,"gold_loss":0},{"damage_healed":0,"gold_gain":0,"player_choice":"Success","damage_taken":5,"relics_obtained":["Turnip"],"max_hp_gain":0,"max_hp_loss":0,"event_name":"Scrap Ooze","floor":5,"gold_loss":0},{"damage_healed":0,"gold_gain":0,"player_choice":"Got Potions","damage_taken":0,"max_hp_gain":0,"max_hp_loss":0,"event_name":"Lab","floor":12,"gold_loss":0},{"damage_healed":0,"gold_gain":0,"player_choice":"Bet on Murderer","damage_taken":0,"max_hp_gain":0,"max_hp_loss":0,"event_name":"The Joust","floor":20,"gold_loss":50},{"damage_healed":0,"gold_gain":0,"player_choice":"Max HP","damage_taken":0,"max_hp_gain":0,"max_hp_loss":3,"event_name":"Winding Halls","floor":36,"gold_loss":0}],"is_beta":true,"boss_relics":[{"not_picked":["Black Star","Pandora\u0027s Box"],"picked":"Cursed Key"},{"not_picked":["SacredBark","Sozu"],"picked":"Runic Pyramid"}],"items_purged_floors":[39,45],"is_endless":false,"potions_floor_spawned":[2,3,8,16,22,27,29,38,46,47],"killed_by":"Time Eater","ascension_level":20}}