{"host":"by9nexv7bw8pfn7u","time":1611234869,"event":{"mods":["BaseMod","Colored Powertips","Downfall","GifTheSpireLib","Minty Spire (QoL Compilation)","Random Character Button","StSLib","Unceasing Turn Reminder"],"gold_per_floor":[199,219,281,456,471,497,547,562,462,497,497,497,510,510,521,521,521,521],"floor_reached":16,"language":"ENG","playtime":859,"items_purged":[],"score":116,"play_id":"e12797aa-edc6-4bfe-8f5d-6f887f918fa0","local_time":"20210121141429","is_ascension_mode":true,"campfire_choices":[{"data":"champ:Taunt","floor":1,"key":"SMITH"},{"floor":9,"key":"REST"},{"floor":12,"key":"RECALL"}],"circlet_count":0,"master_deck":["champ:Strike","champ:Strike","champ:Strike","champ:Strike","champ:Defend","champ:Defend","champ:Defend","champ:Defend","champ:Execute","champ:Taunt+1","champ:StanceDance","champ:GutPunch","champ:CrownThrow","champ:Circumvent","champ:GutPunch","champ:AdrenalArmor"],"relics":["champ:ChampionCrown","Mummified Hand","Akabeko","downfall:HeartBlessingBlue","champ:GladiatorsBookOfMartialProwess","champ:LiftRelic"],"acts_visited":["Exordium"],"potions_floor_usage":[6,16,16,16],"damage_taken":[{"damage":20,"enemies":"Cultist","floor":2,"turns":4},{"damage":47,"enemies":"Lagavulin Event","floor":3,"turns":7},{"damage":22,"enemies":"Jaw Worm","floor":5,"turns":4},{"damage":40,"enemies":"Lagavulin","floor":6,"turns":7},{"damage":10,"enemies":"Small Slimes","floor":8,"turns":2},{"damage":42,"enemies":"Gremlin Nob","floor":10,"turns":5},{"damage":12,"enemies":"Blue Slaver","floor":13,"turns":3},{"damage":28,"enemies":"Large Slime","floor":15,"turns":5},{"damage":67,"enemies":"DF_ARCHETYPE_STREAMLINE","floor":16,"turns":9}],"seed_played":"-4280315890173017302","potions_obtained":[{"floor":3,"key":"Fire Potion"},{"floor":6,"key":"champ:TechniquePotion"},{"floor":8,"key":"Ancient Potion"},{"floor":10,"key":"Swift Potion"},{"floor":15,"key":"SkillPotion"}],"is_trial":false,"path_per_floor":["R","M","?","?","M","E","T","M","R","E","?","R","M","?","M","B"],"character_chosen":"THE_CHAMP","items_purchased":[],"campfire_rested":1,"item_purchase_floors":[],"current_hp_per_floor":[90,90,53,53,41,17,17,17,57,40,40,40,38,38,35,0,0,0],"gold":521,"neow_bonus":"HUNDRED_GOLD","is_daily":false,"chose_seed":false,"campfire_upgraded":1,"win_rate":0.0,"timestamp":1611234869,"path_taken":["R","M","?","?","M","E","T","M","R","E","?","R","?","?","M","BOSS"],"items_purchased_type":[],"build_version":"2020-12-22","purchased_purges":0,"victory":false,"max_hp_per_floor":[90,90,90,90,90,90,90,90,100,100,100,100,100,100,100,100,100,100],"card_choices":[{"not_picked":["champ:EndlessRage","champ:FanOfKnives"],"picked":"champ:StanceDance","floor":2},{"not_picked":["champ:PerfectedStrike","champ:CalledShot"],"picked":"champ:GutPunch","floor":3},{"not_picked":["champ:ShieldSlam","champ:TornadoPunch"],"picked":"champ:CrownThrow","floor":5},{"not_picked":["champ:FalseCounter","champ:PerfectedStrike","champ:MurderStrike"],"picked":"SKIP","floor":6},{"not_picked":["champ:ShieldSigil","champ:BladeFlurry"],"picked":"champ:Circumvent","floor":8},{"not_picked":["champ:PerfectedStrike","champ:CrownThrow"],"picked":"champ:GutPunch","floor":10},{"not_picked":["champ:MurderStrike","champ:Shatter"],"picked":"champ:AdrenalArmor","floor":13},{"not_picked":["champ:Shatter","champ:PerfectedStrike","champ:TornadoPunch"],"picked":"SKIP","floor":15}],"player_experience":1030365,"relics_obtained":[{"floor":3,"key":"Mummified Hand"},{"floor":6,"key":"Akabeko"},{"floor":10,"key":"champ:GladiatorsBookOfMartialProwess"}],"event_choices":[{"cards_removed":["Doubt"],"damage_healed":0,"gold_gain":0,"player_choice":"Forget","damage_taken":0,"max_hp_gain":0,"max_hp_loss":0,"event_name":"Living Wall","floor":14,"gold_loss":0}],"is_beta":false,"boss_relics":[],"items_purged_floors":[],"is_endless":false,"potions_floor_spawned":[3,6,8,10,15],"killed_by":"DF_ARCHETYPE_STREAMLINE","ascension_level":1}}