{"host":"2se5dq1do2gp0x9k","time":1611199246,"event":{"mods":["AchievementEnabler","BaseMod","Block Reminder","Colored Map","Colored Powertips","Minty Spire (QoL Compilation)","Relic Stats","StSLib","SuperFastMode"],"gold_per_floor":[109,109,4,18,18,44,60,90,167,178,209,209,209,209,209,286,286,299,299,349,364,183,233,233,292,292,322,322],"floor_reached":27,"language":"ENG","playtime":803,"items_purged":["Strike_P","Strike_P+1"],"score":745,"play_id":"9ddde0de-1f3a-451e-8d85-4b1c4a2539c9","local_time":"20210120192046","is_ascension_mode":true,"campfire_choices":[{"data":"Wallop","floor":15.0,"key":"SMITH"},{"data":"Wish","floor":24.0,"key":"SMITH"}],"circlet_count":0,"master_deck":["AscendersBane","Strike_P+1","Defend_P+1","Defend_P+1","Defend_P+1","Defend_P+1","Eruption","Vigilance","ForeignInfluence+1","CutThroughFate","FearNoEvil","FearNoEvil","Consecrate","Wallop+1","Tantrum","ReachHeaven","LessonLearned","Protect+1","Protect","Indignation","Wish+1","Swivel"],"relics":["PureWater","NeowsBlessing","Torii","Akabeko","InkBottle","Prayer Wheel","Snecko Eye","Question Card","Ornamental Fan","Anchor"],"acts_visited":["Exordium","TheCity"],"potions_floor_usage":[27],"damage_taken":[{"damage":0.0,"enemies":"Cultist","floor":1.0,"turns":1.0},{"damage":0.0,"enemies":"Small Slimes","floor":4.0,"turns":1.0},{"damage":0.0,"enemies":"Lagavulin","floor":6.0,"turns":1.0},{"damage":0.0,"enemies":"2 Louse","floor":7.0,"turns":2.0},{"damage":38.0,"enemies":"3 Sentries","floor":8.0,"turns":7.0},{"damage":7.0,"enemies":"Blue Slaver","floor":10.0,"turns":4.0},{"damage":0.0,"enemies":"Gremlin Nob","floor":11.0,"turns":2.0},{"damage":0.0,"enemies":"Slime Boss","floor":16.0,"turns":3.0},{"damage":16.0,"enemies":"Shell Parasite","floor":18.0,"turns":3.0},{"damage":0.0,"enemies":"Chosen","floor":21.0,"turns":2.0},{"damage":6.0,"enemies":"Book of Stabbing","floor":23.0,"turns":3.0},{"damage":0,"enemies":"Gremlin Leader","floor":25,"turns":5},{"damage":39,"enemies":"Snake Plant","floor":27,"turns":3}],"seed_played":"4273885209375685934","potions_obtained":[{"floor":1.0,"key":"AttackPotion"},{"floor":6.0,"key":"Block Potion"},{"floor":10.0,"key":"SteroidPotion"},{"floor":11.0,"key":"BlessingOfTheForge"},{"floor":18.0,"key":"Fire Potion"}],"is_trial":false,"path_per_floor":["M","?","$","M","$","E","M","E","T","M","E","?","?","?","R","B",null,"M","?","?","M","$","E","R","E","T","M"],"character_chosen":"WATCHER","items_purchased":["CutThroughFate","Wish"],"campfire_rested":0,"item_purchase_floors":[3,22],"current_hp_per_floor":[61,66,66,66,66,66,66,28,28,21,21,14,14,14,14,14,58,42,42,42,42,42,36,36,36,36,0,0],"gold":322,"neow_bonus":"THREE_ENEMY_KILL","is_daily":false,"chose_seed":false,"campfire_upgraded":2,"win_rate":0.0,"timestamp":1611199246,"path_taken":["M","?","$","M","$","E","M","E","T","M","E","?","?","?","R","BOSS","M","?","?","M","$","E","R","E","T","M"],"items_purchased_type":["Card","Card"],"build_version":"2020-12-22","purchased_purges":2,"victory":false,"max_hp_per_floor":[68,73,73,73,73,73,73,73,73,73,73,73,73,73,73,73,73,73,73,73,73,73,73,73,73,73,73,73],"relic_stats":{"Torii":4,"counters":[13,37],"Ornamental Fan":[0],"Snecko Eye":[31,20,31,33],"Prayer Wheel":2,"Question Card":1,"obtain_stats":[{"Anchor":26,"NeowsBlessing":0,"Torii":6,"Ornamental Fan":25,"Snecko Eye":17,"Prayer Wheel":11,"PureWater":0,"Question Card":23,"Akabeko":8,"InkBottle":9},{"Anchor":12,"NeowsBlessing":0,"Torii":3,"Ornamental Fan":12,"Snecko Eye":8,"Prayer Wheel":7,"PureWater":0,"Question Card":11,"Akabeko":5,"InkBottle":5},{"Anchor":34,"NeowsBlessing":0,"Torii":3,"Ornamental Fan":34,"Snecko Eye":21,"Prayer Wheel":18,"PureWater":0,"Question Card":29,"Akabeko":12,"InkBottle":12}],"InkBottle":[7]},"card_choices":[{"not_picked":["EmptyFist","Prostrate"],"picked":"ForeignInfluence","floor":1.0},{"not_picked":["CutThroughFate","PathToVictory"],"picked":"FearNoEvil","floor":4.0},{"not_picked":["Crescendo","ClearTheMind"],"picked":"FearNoEvil","floor":6.0},{"not_picked":["Halt","Perseverance"],"picked":"Consecrate","floor":7.0},{"not_picked":["CutThroughFate","ForeignInfluence"],"picked":"Wallop","floor":8.0},{"not_picked":["Protect","EmptyFist"],"picked":"Tantrum","floor":10.0},{"not_picked":["FollowUp","DeceiveReality"],"picked":"ReachHeaven","floor":11.0},{"not_picked":["Alpha","Vault"],"picked":"LessonLearned","floor":16.0},{"not_picked":["Halt+1","FlyingSleeves+1"],"picked":"Protect","floor":18.0},{"not_picked":["FlyingSleeves","Vengeance"],"picked":"Protect","floor":18.0},{"not_picked":["JustLucky","Fasting2+1"],"picked":"Indignation","floor":21.0},{"not_picked":["Brilliance","Prostrate","Consecrate"],"picked":"SKIP","floor":21.0},{"not_picked":["SashWhip","CarveReality+1"],"picked":"Swivel","floor":23.0},{"not_picked":["Perseverance","Conclude","Protect","Devotion"],"picked":"SKIP","floor":25}],"player_experience":3921368,"relics_obtained":[{"floor":6.0,"key":"Torii"},{"floor":8.0,"key":"Akabeko"},{"floor":9.0,"key":"InkBottle"},{"floor":11.0,"key":"Prayer Wheel"},{"floor":23.0,"key":"Question Card"},{"floor":25,"key":"Ornamental Fan"},{"floor":26,"key":"Anchor"}],"event_choices":[{"damage_healed":0.0,"max_hp_gain":5.0,"max_hp_loss":0.0,"gold_gain":0.0,"event_name":"Big Fish","player_choice":"Donut","floor":2.0,"gold_loss":0.0,"damage_taken":0.0},{"cards_removed":["Strike_P"],"damage_healed":0.0,"max_hp_gain":0.0,"max_hp_loss":0.0,"gold_gain":0.0,"event_name":"Golden Wing","player_choice":"Card Removal","floor":12.0,"gold_loss":0.0,"damage_taken":7.0},{"damage_healed":0.0,"max_hp_gain":0.0,"max_hp_loss":0.0,"gold_gain":0.0,"event_name":"Shining Light","player_choice":"Ignored","floor":13.0,"gold_loss":0.0,"damage_taken":0.0},{"damage_healed":0.0,"max_hp_gain":0.0,"max_hp_loss":0.0,"gold_gain":0.0,"event_name":"Living Wall","player_choice":"Grow","floor":14.0,"gold_loss":0.0,"damage_taken":0.0,"cards_upgraded":["ForeignInfluence"]},{"damage_healed":0.0,"max_hp_gain":0.0,"max_hp_loss":0.0,"gold_gain":0.0,"event_name":"Back to Basics","player_choice":"Simplicity","floor":19.0,"gold_loss":0.0,"damage_taken":0.0,"cards_upgraded":["Strike_P","Strike_P","Defend_P","Defend_P","Defend_P","Defend_P"]},{"damage_healed":0.0,"max_hp_gain":0.0,"max_hp_loss":0.0,"gold_gain":50.0,"event_name":"Nest","player_choice":"Stole From Cult","floor":20.0,"gold_loss":0.0,"damage_taken":0.0}],"is_beta":false,"boss_relics":[{"not_picked":["Coffee Dripper","Busted Crown"],"picked":"Snecko Eye"}],"items_purged_floors":[3,22],"is_endless":false,"potions_floor_spawned":[1,6,10,11,18,23,25],"killed_by":"Snake Plant","ascension_level":18}}