{"host":"3zhcrllo23fhqv4x","time":1611188437,"event":{"mods":["AchievementEnabler","BaseMod","Downfall","Hermit","Jorbs\u0027s Wanderer Trilogy","Marisa????????","Minty Spire (QoL Compilation)","Remilia??????","StSLib","The Cursed","The Disciple","The Hierophant","The Runesmith","The Servant 0.9.4"],"gold_per_floor":[99,119,130,143,243,260,286,186,212,231,73,223,242,272,285,388,388,388,398,411,411,426,426,426,426],"floor_reached":23,"language":"ENG","playtime":1067,"items_purged":[],"score":215,"play_id":"8e27133e-d847-4c7e-ba34-b55bebe6b730","local_time":"20210120192037","is_ascension_mode":true,"campfire_choices":[{"floor":1,"key":"RECALL"},{"floor":8,"key":"REST"},{"data":"bronze:Verify","floor":18,"key":"SMITH"}],"circlet_count":0,"master_deck":["bronze:Strike","bronze:Strike","bronze:Strike","bronze:Strike","bronze:Defend","bronze:Defend","bronze:Defend","bronze:Defend","bronze:Replicate+1","bronze:Goto","bronze:WhirlingStrike","bronze:OilSpill","bronze:FineTuning","bronze:Goto","bronze:WhirlingStrike","bronze:InfiniteBeams","bronze:FindAndReplace","Impatience","downfall:Malfunctioning","bronze:Turbo","bronze:OilSpill","bronze:Boost","bronze:Optimize","bronze:ShipIt","bronze:NullPointer","bronze:FineTuning","bronze:DelayedGuard","bronze:Verify+1","bronze:OilSpill","bronze:Fortify","bronze:Separator"],"relics":["bronze:BronzeCore","downfall:GremlinSack","Lantern","downfall:HeartBlessingRed","Lee\u0027s Waffle","Blood Vial","bronze:MakeshiftBattery"],"acts_visited":["Exordium","TheCity"],"potions_floor_usage":[9,16,16,23],"damage_taken":[{"damage":0,"enemies":"2 Louse","floor":2,"turns":3},{"damage":1,"enemies":"Cultist","floor":3,"turns":3},{"damage":5,"enemies":"Small Slimes","floor":4,"turns":3},{"damage":34,"enemies":"Small Slimes","floor":5,"turns":5},{"damage":16,"enemies":"Red Slaver","floor":6,"turns":3},{"damage":13,"enemies":"Lagavulin","floor":9,"turns":4},{"damage":3,"enemies":"Large Slime","floor":10,"turns":4},{"damage":10,"enemies":"downfall:FleeingMerchant","floor":11,"turns":4},{"damage":5,"enemies":"3 Louse","floor":13,"turns":2},{"damage":11,"enemies":"Gremlin Nob","floor":14,"turns":3},{"damage":0,"enemies":"Exordium Thugs","floor":15,"turns":2},{"damage":40,"enemies":"WA_ARCHETYPE_RETAIN","floor":16,"turns":5},{"damage":5,"enemies":"Chosen","floor":19,"turns":4},{"damage":34,"enemies":"Snecko","floor":20,"turns":5},{"damage":23,"enemies":"Chosen and Byrds","floor":22,"turns":5},{"damage":28,"enemies":"Gremlin Leader","floor":23,"turns":3}],"seed_played":"-9178578917537918413","potions_obtained":[{"floor":5,"key":"champ:CounterPotion"},{"floor":6,"key":"Weak Potion"},{"floor":9,"key":"Regen Potion"},{"floor":13,"key":"BlessingOfTheForge"},{"floor":15,"key":"CultistPotion"},{"floor":19,"key":"PowerPotion"}],"is_trial":false,"path_per_floor":["R","M","M","M","?","M","T","R","E","M","$","?","M","E","M","B",null,"R","M","M","T","M","E"],"character_chosen":"THE_AUTOMATON","items_purchased":["Lee\u0027s Waffle"],"campfire_rested":1,"item_purchase_floors":[11],"current_hp_per_floor":[70,70,69,64,30,14,14,35,22,19,77,77,72,61,63,39,77,77,72,40,40,19,0,0,0],"gold":426,"neow_bonus":"UPGRADE_CARD","is_daily":false,"chose_seed":false,"campfire_upgraded":1,"win_rate":0.0,"timestamp":1611188437,"path_taken":["R","M","M","M","?","M","T","R","E","M","?","?","M","E","M","BOSS","R","M","M","?","M","E"],"items_purchased_type":["Relic"],"build_version":"2020-12-22","purchased_purges":0,"victory":false,"max_hp_per_floor":[70,70,70,70,70,70,70,70,70,70,77,77,77,77,77,77,77,77,77,77,77,77,77,77,77],"card_choices":[{"not_picked":["bronze:FineTuning","bronze:BitShift"],"picked":"bronze:WhirlingStrike","floor":2},{"not_picked":["bronze:Invalidate","bronze:FineTuning"],"picked":"bronze:OilSpill","floor":3},{"not_picked":["bronze:BugBarrage","bronze:Shield"],"picked":"bronze:FineTuning","floor":4},{"not_picked":["bronze:CloningBeam","bronze:Safeguard"],"picked":"bronze:Turbo","floor":5},{"not_picked":["bronze:DigitalCarnage","bronze:Turbo"],"picked":"bronze:OilSpill","floor":6},{"not_picked":["bronze:AlphaBuild","bronze:Fortify"],"picked":"bronze:Boost","floor":9},{"not_picked":["bronze:Separator","bronze:DelayedGuard"],"picked":"bronze:Optimize","floor":10},{"not_picked":["bronze:Deprecate","bronze:DelayedSlice"],"picked":"bronze:ShipIt","floor":11},{"not_picked":["bronze:CutThrough","bronze:Philosophize"],"picked":"bronze:NullPointer","floor":13},{"not_picked":["bronze:BuggyMess","bronze:FindAndReplace"],"picked":"bronze:FineTuning","floor":14},{"not_picked":["bronze:Backtrace","bronze:Constructor"],"picked":"bronze:DelayedGuard","floor":15},{"not_picked":["bronze:CleanCode","bronze:InfiniteLoop"],"picked":"bronze:Verify","floor":16},{"not_picked":["bronze:WhirlingStrike","bronze:BitShift+1"],"picked":"bronze:OilSpill","floor":19},{"not_picked":["bronze:Philosophize","bronze:ClassDefault"],"picked":"bronze:Fortify","floor":20},{"not_picked":["bronze:DelayedGuard","bronze:ChildClass"],"picked":"bronze:Separator","floor":22}],"player_experience":317398,"relics_obtained":[{"floor":5,"key":"downfall:GremlinSack"},{"floor":7,"key":"Lantern"},{"floor":9,"key":"Nunchaku"},{"floor":14,"key":"Blood Vial"}],"event_choices":[],"is_beta":false,"boss_relics":[{"not_picked":["Coffee Dripper","Velvet Choker"],"picked":"bronze:MakeshiftBattery"}],"items_purged_floors":[],"is_endless":false,"potions_floor_spawned":[5,6,9,13,15,19],"killed_by":"Gremlin Leader","ascension_level":1}}