{"host":"mi9s3oixpfie23oh","time":1611216048,"event":{"mods":["AchievementEnabler","BaseMod","DeckTracker","Minty Spire (QoL Compilation)","Permanent Neow","Quick Restart","StSLib"],"gold_per_floor":[109,59,77,54,72,102,102,31,31,31,44,44,62,93,93,93,93],"floor_reached":16,"language":"ENG","playtime":502,"items_purged":[],"score":116,"play_id":"637b1288-516d-430e-be0b-d9d1c30c7718","local_time":"20210121100048","is_ascension_mode":true,"campfire_choices":[{"data":"Creative AI","floor":7.0,"key":"SMITH"},{"data":"Tempest","floor":12.0,"key":"SMITH"},{"data":"Defragment","floor":15.0,"key":"SMITH"}],"circlet_count":0,"master_deck":["Strike_B","Strike_B","Strike_B","Strike_B","Defend_B","Defend_B","Defend_B","Defend_B","Zap","Dualcast","Creative AI+1","Sweeping Beam","BootSequence","Steam","Leap","Ball Lightning","Defragment+1","Tempest+1","Seek","Conserve Battery"],"relics":["Cracked Core","Question Card","Meat on the Bone","Centennial Puzzle"],"acts_visited":[],"potions_floor_usage":[],"damage_taken":[{"damage":3.0,"enemies":"2 Louse","floor":1.0,"turns":2.0},{"damage":6.0,"enemies":"Jaw Worm","floor":3.0,"turns":6.0},{"damage":1.0,"enemies":"Cultist","floor":5.0,"turns":3.0},{"damage":23.0,"enemies":"Gremlin Nob","floor":6.0,"turns":6.0},{"damage":6.0,"enemies":"3 Louse","floor":11.0,"turns":3.0},{"damage":11.0,"enemies":"Large Slime","floor":13.0,"turns":4.0},{"damage":25.0,"enemies":"Lagavulin","floor":14.0,"turns":5.0},{"damage":0,"enemies":"Hexaghost","floor":16,"turns":1}],"seed_played":"-5025168762872401412","potions_obtained":[{"floor":1.0,"key":"Energy Potion"},{"floor":13.0,"key":"AttackPotion"}],"is_trial":false,"path_per_floor":["M","?","M","$","M","E","R","$","T","?","M","R","M","E","R","B"],"character_chosen":"DEFECT","items_purchased":["Steam","Defragment"],"campfire_rested":0,"item_purchase_floors":[4,8],"current_hp_per_floor":[72,72,66,66,65,42,42,42,42,67,61,61,50,37,37,37,37],"gold":93,"neow_bonus":"THREE_RARE_CARDS","is_daily":false,"chose_seed":false,"campfire_upgraded":3,"win_rate":0.0,"timestamp":1611216048,"path_taken":["M","?","M","$","M","E","R","$","T","?","M","R","M","E","R","BOSS"],"items_purchased_type":["Card","Card"],"build_version":"2020-12-22","purchased_purges":0,"victory":false,"max_hp_per_floor":[75,75,75,75,75,75,75,75,75,75,75,75,75,75,75,75,75],"card_choices":[{"not_picked":["Reboot","Core Surge"],"picked":"Creative AI","floor":0.0},{"not_picked":["Turbo","Go for the Eyes"],"picked":"Sweeping Beam","floor":1.0},{"not_picked":["Fusion","Redo"],"picked":"BootSequence","floor":3.0},{"not_picked":["Scrape","Lockon"],"picked":"Leap","floor":5.0},{"not_picked":["Coolheaded","Go for the Eyes"],"picked":"Ball Lightning","floor":6.0},{"not_picked":["Skim","FTL","Rebound"],"picked":"Tempest","floor":11.0},{"not_picked":["Tempest","Reinforced Body","Compile Driver"],"picked":"Seek","floor":13.0},{"not_picked":["Ball Lightning","Streamline","Go for the Eyes"],"picked":"Conserve Battery","floor":14.0}],"player_experience":335503,"relics_obtained":[{"floor":6.0,"key":"Question Card"},{"floor":9.0,"key":"Meat on the Bone"},{"floor":14.0,"key":"Centennial Puzzle"}],"event_choices":[{"cards_removed":["Regret"],"damage_healed":0.0,"max_hp_gain":0.0,"max_hp_loss":0.0,"gold_gain":0.0,"event_name":"The Cleric","player_choice":"Card Removal","floor":2.0,"gold_loss":50.0,"damage_taken":0.0},{"damage_healed":25.0,"max_hp_gain":0.0,"max_hp_loss":0.0,"gold_gain":0.0,"event_name":"Big Fish","player_choice":"Banana","floor":10.0,"gold_loss":0.0,"damage_taken":0.0}],"is_beta":false,"boss_relics":[],"items_purged_floors":[],"is_endless":false,"potions_floor_spawned":[1,13],"killed_by":"Hexaghost","ascension_level":1}}