{"host":"qljq6nt1bltq73k9","time":1611216910,"event":{"mods":["BaseMod","Colored Map","Colored Powertips","Lobotomy","LobotomyExtend","Minty Spire (QoL Compilation)","Quick Restart","Replay The Spire","StSLib","[IsaacMod]ÒÔÈö¼âËþ"],"gold_per_floor":[99999,100011,98004,98004,98022,98022,97113,97125,97176,97209,97236,97251,97266,97266,97266,97363,97463,97481,97498,95814,95833,95833,95833,95853,94893,94966,94361,94372,94382,93947,93862,93862,93963,93963,93974,93989,93989,94007,94007,94007,94025,94050,94076,94109,94109,93665,93676,93695,93352,93352,93402,93433,93444,93471,93471,93471,93481,93513,93074,93086,93086,93192,93192,93192,93201,92711,92758,92779,92811,92823,92832,92832,92932,92470,92470,92470,92470,92470,92588,92588,92602,92512,92542,92192,92192,92235,92235,91956,92032,92032,92050,91767,91802,91818,91818,91818],"floor_reached":51,"language":"ZHS","playtime":4021,"items_purged":["Defend_B","Strike_B","Defend_B","Defend_B","Strike_B","Regret","Zap","Dualcast","Regret","Strike_B+1","Rebound","Voices","Hello World"],"score":1644,"play_id":"101c62c3-9b86-4cc5-bb95-bef875e21b19","local_time":"20210121161510","is_ascension_mode":false,"campfire_choices":[{"floor":6.0,"key":"RECALL"},{"data":"Crystallizer","floor":15.0,"key":"SMITH"},{"floor":23.0,"key":"DIG"},{"floor":32.0,"key":"DIG"},{"floor":6.0,"key":"DIG"},{"floor":11.0,"key":"DIG"},{"floor":15.0,"key":"DIG"},{"floor":29.0,"key":"DIG"},{"floor":32.0,"key":"DIG"},{"floor":41.0,"key":"DIG"},{"floor":49.0,"key":"DIG"}],"circlet_count":0,"master_deck":["EpicFetus+1","Scarecrow","Cancel+1","Ball Lightning","Rip and Tear","BasicCrystalCard","Self Repair+1","Melter","Compile Driver+1","FIFO Queue","Hyperbeam+1","OSAHOGD","Barrage+1","Crystallizer+1","WallGazer","Hello World","Creative AI","ReplayTheSpireMod:Brewmster","Storm","Mirror Shield","VoidDream","LongBird","Static Discharge","Self Repair","Self Repair","Buffer","Fan","Capacitor","Amplify","White Noise","Sadistic Nature","Specialist","ReplayTheSpireMod:Private Reserves","Defragment","BigBadWolf","Storm","BodiesMountain","Double Energy","ElectricPowerLearning","Heatsinks","Echo Form","FieryBird","White Noise","Thunder Strike+1","Static Discharge+1","RedShoes","Meteor Strike+1","White Noise","Amplify","SnowQueen","Crystallizer","Madness","Madness","Noxious Fumes","Rainbow"],"relics":["Cracked Core","HushsDoor","D6","CogitoBucket","RabbitCall","Turnip","Du-Vu Doll","OrangePellets","Nunchaku","Replay:Kaleidoscope","Guide Book","Mummified Hand","Strawberry","Toolbox","Blood Vial","Odd Mushroom","SkinProphecy","Replay:Wanted Poster","Blue Doll","Quantum Egg","BargainBundle","Toy Ornithopter","Shovel","Lee\u0027s Waffle","ResearcherNote","Happy Flower","FossilizedHelix","Simple Rune","Replay:Bottled Steam","Chaos","Replay:Baseball","Membership Card","Chameleon Ring","Orichalcum","ReplayTheSpireMod:TigerMarble","Replay:Frozen Program","Dead Branch","Kunai","PunchingBag","Carrot","GuppysPaw","BehaviorAdjustment","Meat on the Bone","Replay:Rubber Ducky","Replay:Accelerometer","Lantern","Boot","UnicornStump","Art of War","Leech","Cauldron","LaetitiaHeart","LetterFromLob","Molten Egg 2","ReplayTheSpireMod:ShopPack","HonorFeather","Onion Ring","Geode","Ancient Tea Set","MealTicket","Replay:Wax Seal","CeramicFish","Medical Kit","Replay:Bottled Snecko","SharpPlug","Runic Dome","Ring of Shattering","NineVolt","Replay:Mystery Machine","Replay:Bottled Flurry","Prayer Wheel","Prayer Wheel","PreservedInsect","Symbiotic Virus","Bottled Lightning","Whetstone","Runic Capacitor","Omamori","Bottled Tornado","Nilry\u0027s Codex","Bottled Flame","SlaversCollar","GuppysCollar","Singing Bowl","Replay:Antivirus Software","ClockworkSouvenir","Snack Pack","Potion Belt","ReplayTheSpireMod:Ninjato","Anchor","TheAbacus","Pear","PrismaticShard","Sundial","Bronze Scales","Centennial Puzzle","TheBean","Prayer Wheel"],"acts_visited":["Exordium","TheCity","TheBeyond","TheCity","TheBeyond"],"potions_floor_usage":[51,51],"damage_taken":[{"damage":8.0,"enemies":"Jaw Worm","floor":1.0,"turns":3.0},{"damage":3.0,"enemies":"2 Louse","floor":2.0,"turns":2.0},{"damage":0.0,"enemies":"Cultist","floor":5.0,"turns":2.0},{"damage":0.0,"enemies":"Blue Slaver","floor":8.0,"turns":2.0},{"damage":24.0,"enemies":"3 Sentries","floor":10.0,"turns":5.0},{"damage":9.0,"enemies":"The Mushroom Lair","floor":11.0,"turns":3.0},{"damage":14.0,"enemies":"2 Fungi Beasts","floor":12.0,"turns":3.0},{"damage":5.0,"enemies":"Looter","floor":13.0,"turns":3.0},{"damage":79.0,"enemies":"Fading Forest","floor":16.0,"turns":11.0},{"damage":4.0,"enemies":"Shell Parasite","floor":18.0,"turns":3.0},{"damage":0.0,"enemies":"Spheric Guardian","floor":19.0,"turns":1.0},{"damage":98.0,"enemies":"3 Cultists","floor":21.0,"turns":6.0},{"damage":0.0,"enemies":"Shelled Parasite and Fungi","floor":24.0,"turns":2.0},{"damage":0.0,"enemies":"Snake Plant","floor":28.0,"turns":1.0},{"damage":3.0,"enemies":"Centurion and Healer","floor":29.0,"turns":3.0},{"damage":0.0,"enemies":"Collector","floor":33.0,"turns":4.0},{"damage":49.0,"enemies":"Jaw Worm","floor":1.0,"turns":4.0},{"damage":0.0,"enemies":"Cultist","floor":2.0,"turns":1.0},{"damage":0.0,"enemies":"2 Louse","floor":4.0,"turns":1.0},{"damage":0.0,"enemies":"Lots of Slimes","floor":7.0,"turns":1.0},{"damage":0.0,"enemies":"Lagavulin","floor":8.0,"turns":2.0},{"damage":0.0,"enemies":"Gremlin Nob","floor":10.0,"turns":1.0},{"damage":0.0,"enemies":"Replay:BlueRogue","floor":13.0,"turns":1.0},{"damage":0.0,"enemies":"2 Louse","floor":1.0,"turns":1.0},{"damage":0.0,"enemies":"Jaw Worm","floor":2.0,"turns":1.0},{"damage":0.0,"enemies":"Jaw Worm","floor":4.0,"turns":1.0},{"damage":0.0,"enemies":"Hiden Room Battle","floor":5.0,"turns":2.0},{"damage":0.0,"enemies":"Lagavulin","floor":6.0,"turns":1.0},{"damage":0.0,"enemies":"Small Slimes","floor":7.0,"turns":1.0},{"damage":0.0,"enemies":"3 Sentries","floor":8.0,"turns":1.0},{"damage":0.0,"enemies":"Gremlin Gang","floor":11.0,"turns":1.0},{"damage":0.0,"enemies":"Gremlin Nob","floor":12.0,"turns":2.0},{"damage":0.0,"enemies":"Blue Slaver","floor":14.0,"turns":1.0},{"damage":0.0,"enemies":"Slime Boss","floor":16.0,"turns":1.0},{"damage":0.0,"enemies":"3 Byrds","floor":21.0,"turns":1.0},{"damage":0.0,"enemies":"Shell Parasite","floor":22.0,"turns":1.0},{"damage":0.0,"enemies":"Gremlin Leader","floor":23.0,"turns":1.0},{"damage":0.0,"enemies":"Centurion and Healer","floor":24.0,"turns":1.0},{"damage":0.0,"enemies":"Slavers","floor":25.0,"turns":1.0},{"damage":0.0,"enemies":"Automaton","floor":33.0,"turns":1.0},{"damage":0.0,"enemies":"Orb Walker","floor":35.0,"turns":1.0},{"damage":0.0,"enemies":"3 Darklings","floor":37.0,"turns":1.0},{"damage":0.0,"enemies":"R_Hoarder","floor":40.0,"turns":2.0},{"damage":0.0,"enemies":"Nemesis","floor":47.0,"turns":1.0},{"damage":0.0,"enemies":"Transient","floor":48.0,"turns":1.0},{"damage":0,"enemies":"FixerMidnight","floor":50,"turns":1},{"damage":0,"enemies":"Malkuth","floor":51,"turns":1},{"damage":0,"enemies":"Yesod","floor":51,"turns":1},{"damage":0,"enemies":"Chesed","floor":51,"turns":1},{"damage":6,"enemies":"Binah","floor":51,"turns":4},{"damage":0,"enemies":"Angela","floor":51,"turns":1}],"seed_played":"-3538480006467938860","potions_obtained":[{"floor":1.0,"key":"Fruit Juice"},{"floor":16.0,"key":"ColorlessPotion"},{"floor":18.0,"key":"Toxic Potion"},{"floor":24.0,"key":"Explosive Potion"},{"floor":1.0,"key":"Fire Potion"},{"floor":6.0,"key":"AttackPotion"}],"is_trial":false,"path_per_floor":["M","M","$","?","M","R","$","M","T","E","?","M","M","?","R","B",null,"M","M","$","M","?","R","M","$","T","$","M","M","$","?","R_BF","B",null,"M","M","M","?","M","?","R","M","E","T","E","R","$","E","M","M","$","?","?","E","M","E","T","?","M","E","$","M","R","B",null,"M","?","$","M","M","E","M","E","T","?","$","R","?","?","R","B",null,"M","?","M","$","?","E","R","$","T","?","?","$","E","M","R","B",null],"character_chosen":"DEFECT","items_purchased":["Turnip","Du-Vu Doll","OrangePellets","EntropicBrew","Toxic Potion","FearPotion","Rip and Tear","BasicCrystalCard","Nunchaku","Self Repair","Melter","Replay:Kaleidoscope","Guide Book","Mummified Hand","Strawberry","Toolbox","FIFO Queue","Hyperbeam","Blue Doll","Quantum Egg","BargainBundle","ReplayTheSpireMod:Brewmster","Bomb","FocusPotion","Toy Ornithopter","Shovel","Lee\u0027s Waffle","Storm","FearPotion","Mirror Shield","Self Repair","Simple Rune","ChaosCard","Replay:Bottled Steam","Chaos","Membership Card","Chameleon Ring","Orichalcum","Buffer","PowerPotion","Energy Potion","ReplayTheSpireMod:TigerMarble","Replay:Frozen Program","Dead Branch","Capacitor","GuppysPaw","Art of War","Leech","Cauldron","Molten Egg 2","ReplayTheSpireMod:ShopPack","CeramicFish","Medical Kit","Replay:Bottled Snecko","FairyPotion","NineVolt","Replay:Mystery Machine","Heatsinks","Replay:Bottled Flurry","Whetstone","Runic Capacitor","Omamori","FairyPotion","GuppysCollar","Singing Bowl","Replay:Antivirus Software","ClockworkSouvenir","ChaosCard","ReplayTheSpireMod:Ninjato","Anchor","TheAbacus","PrismaticShard","Sundial","Bronze Scales"],"campfire_rested":0,"item_purchase_floors":[3,3,3,3,3,3,3,3,3,3,3,3,3,7,7,7,7,7,20,20,20,20,20,20,20,20,20,20,20,20,25,25,25,25,25,27,27,27,27,27,27,30,30,30,30,34,12,12,12,3,3,13,13,13,17,20,20,20,20,28,28,28,28,34,38,38,38,38,42,42,42,46,46,46],"current_hp_per_floor":[72,69,69,53,57,57,64,64,64,58,69,85,89,89,89,46,91,93,95,102,51,51,51,65,65,65,65,71,100,100,100,100,114,104,104,110,110,112,112,112,110,116,116,118,118,118,122,124,124,79,128,130,132,134,134,134,136,138,138,140,140,142,138,138,138,138,140,142,144,146,148,148,148,148,148,132,100,153,155,142,144,144,146,146,146,148,148,148,158,158,138,153,160,168,168,170],"gold":91827,"neow_bonus":"","is_daily":false,"chose_seed":false,"campfire_upgraded":1,"win_rate":0.0,"timestamp":1611216910,"path_taken":["M","M","$","?","?","R","$","M","T","E","?","M","M","?","R","BOSS","M","?","$","?","?","R","M","$","T","$","M","M","?","?","R_BF","BOSS","M","M","M","?","?","?","R","?","E","T","E","R","$","E","M","M","$","?","?","E","M","E","T","?","M","E","$","M","R","BOSS","M","?","$","M","M","E","M","E","T","?","$","R","?","?","R","BOSS","M","?","?","$","?","E","R","?","T","?","?","?","E","?","R","BOSS"],"items_purchased_type":["Relic","Relic","Relic","Potion","Potion","Potion","Card","Card","Relic","Card","Card","Relic","Relic","Relic","Relic","Relic","Card","Card","Relic","Relic","Relic","Card","Card","Potion","Relic","Relic","Relic","Card","Potion","Card","Card","Relic","Card","Relic","Card","Relic","Relic","Relic","Card","Potion","Potion","Relic","Relic","Relic","Card","Relic","Relic","Relic","Relic","Relic","Relic","Relic","Relic","Relic","Potion","Relic","Relic","Card","Relic","Relic","Relic","Relic","Potion","Relic","Relic","Relic","Relic","Card","Relic","Relic","Relic","Relic","Relic","Relic"],"build_version":"2020-12-22","purchased_purges":13,"victory":true,"max_hp_per_floor":[80,80,80,80,80,80,87,87,87,87,87,87,89,89,89,91,91,93,95,102,106,106,106,108,108,108,108,110,112,112,112,112,114,104,108,110,110,112,112,112,114,116,116,118,118,118,122,124,124,126,128,130,132,134,134,134,136,138,138,140,140,142,138,138,138,138,140,142,144,146,148,148,148,148,148,148,153,153,155,142,144,144,146,146,146,148,148,148,158,158,158,158,160,168,168,170],"card_choices":[{"not_picked":[],"picked":"EpicFetus","floor":0.0},{"not_picked":["Scorched","NakedNest","MHz"],"picked":"Singing Bowl","floor":1.0},{"not_picked":["MHz","Scorched"],"picked":"Scarecrow","floor":1.0},{"not_picked":["Cold Snap","Aggregate"],"picked":"Cancel","floor":1.0},{"not_picked":["Bloodbath","Funeral","Wellcheers"],"picked":"Singing Bowl","floor":2.0},{"not_picked":["Recycle","Sunder"],"picked":"Ball Lightning","floor":2.0},{"not_picked":["WhitesApple","BeautyBeast","CrumblingArmor"],"picked":"Singing Bowl","floor":5.0},{"not_picked":["Auto Shields","Reprogram"],"picked":"Compile Driver","floor":5.0},{"not_picked":["CherryBlossoms","WallGazer"],"picked":"OSAHOGD","floor":8.0},{"not_picked":["Redo","Hologram"],"picked":"Barrage","floor":8.0},{"not_picked":["SpiderBud","Bloodbath","Freischutz"],"picked":"Singing Bowl","floor":10.0},{"not_picked":["Beam Cell","Hologram"],"picked":"Crystallizer","floor":10.0},{"not_picked":["LittlePrince","LittleHelper","Mercenary"],"picked":"Singing Bowl","floor":11.0},{"not_picked":["DespairKnight","Murderer"],"picked":"WallGazer","floor":11.0},{"not_picked":["Conserve Battery","Genetic Algorithm"],"picked":"Rebound","floor":11.0},{"not_picked":["MHz","Murderer","SpiderBud"],"picked":"Singing Bowl","floor":12.0},{"not_picked":["BootSequence","Compile Driver"],"picked":"Hello World","floor":12.0},{"not_picked":["SingingMachine","QueenOfHatred","Murderer"],"picked":"Singing Bowl","floor":13.0},{"not_picked":["Blizzard","Undo","Beam Cell"],"picked":"SKIP","floor":13.0},{"not_picked":["OldLady","Murderer","SpiderBud"],"picked":"Singing Bowl","floor":16.0},{"not_picked":["Reboot","Seek"],"picked":"Creative AI","floor":16.0},{"not_picked":["OldLady","SpiderBud","Woodsman"],"picked":"Singing Bowl","floor":18.0},{"not_picked":["Stack+1","Steam"],"picked":"Hello World","floor":18.0},{"not_picked":["Bloodbath","Laetitia","SingingMachine"],"picked":"Singing Bowl","floor":19.0},{"not_picked":["Darkness","Gash","Stack"],"picked":"SKIP","floor":19.0},{"not_picked":["Murderer","BigBadWolf"],"picked":"VoidDream","floor":21.0},{"not_picked":["Rebound+1","Ball Lightning","Beam Cell"],"picked":"SKIP","floor":21.0},{"not_picked":["Woodsman","MeatLantern","UniverseFragment"],"picked":"Singing Bowl","floor":24.0},{"not_picked":["OldLady","Mercenary"],"picked":"LongBird","floor":24.0},{"not_picked":["Cancel","Ball Lightning"],"picked":"Static Discharge","floor":24.0},{"not_picked":["FairyFestival","Funeral","BeautyBeast"],"picked":"Singing Bowl","floor":28.0},{"not_picked":["Conserve Battery","Skim"],"picked":"Fan","floor":28.0},{"not_picked":["WhiteNight","Scorched","Laetitia"],"picked":"Singing Bowl","floor":29.0},{"not_picked":["Compile Driver+1","Streamline","Turbo+1"],"picked":"SKIP","floor":29.0},{"not_picked":["FieryBird","LittlePrince","Murderer"],"picked":"Singing Bowl","floor":33.0},{"not_picked":["Electrodynamics","ReplayRNGCard"],"picked":"Amplify","floor":33.0},{"not_picked":["QueenOfHatred","MeatLantern","SpiderBud"],"picked":"Singing Bowl","floor":1.0},{"not_picked":["ReplayTheSpireMod:Reroute Power","Redo","Pulse"],"picked":"SKIP","floor":1.0},{"not_picked":["FairyFestival","BigBird","SpiderBud"],"picked":"Singing Bowl","floor":2.0},{"not_picked":["Leap","Tempest","Stack"],"picked":"SKIP","floor":2.0},{"not_picked":["LittlePrince","Woodsman","Murderer"],"picked":"Singing Bowl","floor":4.0},{"not_picked":["Rebound","Ball Lightning","Steam Power"],"picked":"SKIP","floor":4.0},{"not_picked":["BigBird","MHz","HeroicMonk"],"picked":"Singing Bowl","floor":7.0},{"not_picked":["BeautyBeast","WhitesApple"],"picked":"ShyLook","floor":7.0},{"not_picked":["Go for the Eyes","Pulse","Stack"],"picked":"SKIP","floor":7.0},{"not_picked":["BigBird","LittleHelper","MHz"],"picked":"Singing Bowl","floor":8.0},{"not_picked":["Capacitor","Ball Lightning"],"picked":"White Noise","floor":8.0},{"not_picked":["Wellcheers","PunishingBird","MHz"],"picked":"Singing Bowl","floor":10.0},{"not_picked":["ReplayTheSpireMod:Calculation Training","Conserve Battery","Sweeping Beam"],"picked":"SKIP","floor":10.0},{"not_picked":["BeautyBeast","OldLady","SpiderBud"],"picked":"Singing Bowl","floor":1.0},{"not_picked":["FTL","Lockon","Cold Snap"],"picked":"SKIP","floor":1.0},{"not_picked":["MHz","LittleHelper","SpiderBud"],"picked":"Singing Bowl","floor":2.0},{"not_picked":["Rebound","Panic Button","Genetic Algorithm"],"picked":"SKIP","floor":2.0},{"not_picked":["Magnetism","Master of Strategy"],"picked":"Sadistic Nature","floor":3.0},{"not_picked":["SuicideKing","The Bomb"],"picked":"Specialist","floor":3.0},{"not_picked":["Replay:Sssssssssshield","Bandage Up"],"picked":"ReplayTheSpireMod:Private Reserves","floor":3.0},{"not_picked":["MHz","Funeral","MeatLantern"],"picked":"Singing Bowl","floor":5.0},{"not_picked":["BigBadWolf","Rudolta","PunishingBird"],"picked":"Singing Bowl","floor":6.0},{"not_picked":["Leap","Ball Lightning+1"],"picked":"Defragment","floor":6.0},{"not_picked":["Scorched","LittlePrince"],"picked":"BigBadWolf","floor":7.0},{"not_picked":["BasicCrystalCard","Conserve Battery","Beam Cell+1"],"picked":"SKIP","floor":7.0},{"not_picked":["SpiderBud","MHz","NakedNest"],"picked":"Singing Bowl","floor":8.0},{"not_picked":["Recycle","Go for the Eyes+1"],"picked":"Storm","floor":8.0},{"not_picked":["HappyTeddy","PunishingBird"],"picked":"BodiesMountain","floor":11.0},{"not_picked":["Gash+1","Beam Cell+1","Leap"],"picked":"SKIP","floor":11.0},{"not_picked":["QueenOfHatred","FairyFestival","DreamingCurrent"],"picked":"Singing Bowl","floor":12.0},{"not_picked":["Turbo","Redo"],"picked":"Double Energy","floor":12.0},{"not_picked":["BeautyBeast","GalaxyChild","CherryBlossoms"],"picked":"Singing Bowl","floor":14.0},{"not_picked":["BasicCrystalCard","Ball Lightning+1","Redo"],"picked":"SKIP","floor":14.0},{"not_picked":["MeatLantern","MHz","Murderer"],"picked":"Singing Bowl","floor":16.0},{"not_picked":["Reboot","Multi-Cast"],"picked":"ElectricPowerLearning","floor":16.0},{"not_picked":["Rudolta","Woodsman"],"picked":"FieryBird","floor":21.0},{"not_picked":["Stack","Tempest"],"picked":"White Noise","floor":21.0},{"not_picked":["Panic Button","Barrage+1","Redo+1"],"picked":"SKIP","floor":21.0},{"not_picked":["Scorched","UniverseFragment","NothingThere"],"picked":"Singing Bowl","floor":22.0},{"not_picked":["Melter+1","Streamline+1","Go for the Eyes+1"],"picked":"SKIP","floor":22.0},{"not_picked":["Self Repair","Cold Snap+1","Stack"],"picked":"SKIP","floor":22.0},{"not_picked":["Redo","Coolheaded","Stack"],"picked":"SKIP","floor":22.0},{"not_picked":["SingingMachine","GalaxyChild","DespairKnight"],"picked":"Singing Bowl","floor":23.0},{"not_picked":["Consume+1","Panic Button","Turbo+1"],"picked":"SKIP","floor":23.0},{"not_picked":["QueenBee","Porccubus","BeautyBeast"],"picked":"Singing Bowl","floor":24.0},{"not_picked":["Panic Button","Compile Driver+1","Force Field+1"],"picked":"SKIP","floor":24.0},{"not_picked":["Chaos","Scrape+1","Cancel"],"picked":"SKIP","floor":24.0},{"not_picked":["Turbo","Stack","FTL+1"],"picked":"SKIP","floor":24.0},{"not_picked":["Bloodbath","SilentOrchestra","GreedKing"],"picked":"Singing Bowl","floor":25.0},{"not_picked":["Genetic Algorithm","ReplaySort"],"picked":"Static Discharge+1","floor":25.0},{"not_picked":["Funeral","MeltingLove","BlueStar"],"picked":"Singing Bowl","floor":33.0},{"not_picked":["SnowQueen","PunishingBird"],"picked":"RedShoes","floor":33.0},{"not_picked":["Multi-Cast","ReplayRNGCard"],"picked":"Meteor Strike+1","floor":33.0},{"not_picked":["Freischutz","Variant","QueenBee"],"picked":"Singing Bowl","floor":35.0},{"not_picked":["Tempest","Redo","Force Field"],"picked":"SKIP","floor":35.0},{"not_picked":["Steam","Rebound+1","Steam Power+1"],"picked":"SKIP","floor":35.0},{"not_picked":["Ball Lightning+1","Compile Driver+1","Skim+1"],"picked":"SKIP","floor":35.0},{"not_picked":["GreedKing","BigBird","CherryBlossoms"],"picked":"Singing Bowl","floor":37.0},{"not_picked":["Barrage+1","Chill+1"],"picked":"White Noise","floor":37.0},{"not_picked":["Coolheaded+1","Reprogram+1"],"picked":"Amplify","floor":37.0},{"not_picked":["Genetic Algorithm+1","Heatsinks","Panic Button+1"],"picked":"SKIP","floor":37.0},{"not_picked":["QueenOfHatred","MeatLantern"],"picked":"SnowQueen","floor":40.0},{"not_picked":["Leap","Stack+1"],"picked":"Crystallizer","floor":40.0},{"not_picked":["SingingMachine","Wellcheers","QueenBee"],"picked":"Singing Bowl","floor":47.0},{"not_picked":["Blind","Crescendo"],"picked":"Noxious Fumes","floor":47.0},{"not_picked":["BlackArmy","Variant","MeltingLove"],"picked":"Singing Bowl","floor":48.0},{"not_picked":["Stack","Body Slam+1","Go for the Eyes+1"],"picked":"Singing Bowl","floor":48.0},{"not_picked":["Run Through+1","Beam Cell+1","Slice+1"],"picked":"Singing Bowl","floor":48.0},{"not_picked":["Malaise","Slice+1","Blizzard+1"],"picked":"Singing Bowl","floor":48.0}],"player_experience":372121,"relics_obtained":[{"floor":1.0,"key":"LetterFromLob"},{"floor":10.0,"key":"Blood Vial"},{"floor":11.0,"key":"Odd Mushroom"},{"floor":23.0,"key":"FossilizedHelix"},{"floor":26.0,"key":"Replay:Baseball"},{"floor":32.0,"key":"PunchingBag"},{"floor":1.0,"key":"LetterFromLob"},{"floor":6.0,"key":"Replay:Rubber Ducky"},{"floor":8.0,"key":"Replay:Accelerometer"},{"floor":9.0,"key":"Lantern"},{"floor":10.0,"key":"Boot"},{"floor":11.0,"key":"UnicornStump"},{"floor":1.0,"key":"LetterFromLob"},{"floor":5.0,"key":"Onion Ring"},{"floor":5.0,"key":"Geode"},{"floor":6.0,"key":"Ancient Tea Set"},{"floor":8.0,"key":"MealTicket"},{"floor":9.0,"key":"Replay:Wax Seal"},{"floor":15.0,"key":"SharpPlug"},{"floor":19.0,"key":"Ring of Shattering"},{"floor":23.0,"key":"PreservedInsect"},{"floor":25.0,"key":"Symbiotic Virus"},{"floor":26.0,"key":"Bottled Lightning"},{"floor":29.0,"key":"Bottled Tornado"},{"floor":30.0,"key":"Nilry\u0027s Codex"},{"floor":32.0,"key":"Bottled Flame"},{"floor":40.0,"key":"Snack Pack"},{"floor":41.0,"key":"Potion Belt"},{"floor":43.0,"key":"Pear"},{"floor":47.0,"key":"Centennial Puzzle"},{"floor":49.0,"key":"TheBean"}],"event_choices":[{"damage_healed":0.0,"max_hp_gain":0.0,"max_hp_loss":0.0,"gold_gain":0.0,"event_name":"Shining Light","player_choice":"Entered Light","floor":4.0,"gold_loss":0.0,"damage_taken":16.0,"cards_upgraded":["Self Repair","Defend_B"]},{"damage_healed":0.0,"max_hp_gain":0.0,"max_hp_loss":0.0,"gold_gain":0.0,"event_name":"Mushrooms","player_choice":"Fought Mushrooms","floor":11.0,"gold_loss":0.0,"damage_taken":0.0},{"damage_healed":0.0,"max_hp_gain":0.0,"max_hp_loss":0.0,"gold_gain":0.0,"event_name":"Addict","player_choice":"Obtained Relic","floor":31.0,"gold_loss":85.0,"damage_taken":0.0,"relics_obtained":["Kunai"]},{"damage_healed":0.0,"max_hp_gain":0.0,"max_hp_loss":0.0,"gold_gain":0.0,"event_name":"Big Fish","player_choice":"Box","floor":3.0,"gold_loss":0.0,"damage_taken":0.0,"relics_obtained":["Meat on the Bone"],"cards_obtained":["Regret"]},{"damage_healed":0.0,"max_hp_gain":0.0,"max_hp_loss":0.0,"gold_gain":0.0,"event_name":"HidenRoomEvent","player_choice":"Fight","floor":5.0,"gold_loss":0.0,"damage_taken":0.0},{"damage_healed":0.0,"max_hp_gain":0.0,"max_hp_loss":0.0,"gold_gain":0.0,"event_name":"Scrap Ooze","player_choice":"Fled","floor":10.0,"gold_loss":0.0,"damage_taken":0.0},{"damage_healed":0.0,"max_hp_gain":0.0,"max_hp_loss":0.0,"gold_gain":0.0,"event_name":"Cursed Tome","player_choice":"Obtained Book","floor":30.0,"gold_loss":0.0,"damage_taken":16.0},{"damage_healed":0.0,"max_hp_gain":5.0,"max_hp_loss":0.0,"gold_gain":0.0,"event_name":"Forgotten Altar","player_choice":"Shed Blood","floor":31.0,"gold_loss":0.0,"damage_taken":37.0},{"cards_removed":["ShyLook"],"damage_healed":0.0,"max_hp_gain":0.0,"max_hp_loss":0.0,"gold_gain":0.0,"event_name":"Designer","player_choice":"Upgrade and Remove","floor":36.0,"gold_loss":90.0,"damage_taken":0.0,"cards_upgraded":["Barrage"]},{"damage_healed":0.0,"max_hp_gain":0.0,"max_hp_loss":0.0,"gold_gain":0.0,"event_name":"Wheel of Change","player_choice":"Cursed","floor":39.0,"gold_loss":0.0,"damage_taken":0.0,"cards_obtained":["Decay"]},{"damage_healed":0.0,"max_hp_gain":0.0,"max_hp_loss":0.0,"gold_gain":0.0,"event_name":"Tomb of Lord Red Mask","player_choice":"Ignored","floor":44.0,"gold_loss":0.0,"damage_taken":0.0},{"damage_healed":0.0,"max_hp_gain":0.0,"max_hp_loss":0.0,"gold_gain":0.0,"event_name":"Winding Halls","player_choice":"Embrace Madness","floor":45.0,"gold_loss":0.0,"damage_taken":20.0,"cards_obtained":["Madness","Madness"]}],"is_beta":false,"boss_relics":[{"not_picked":["Painkiller Herb","ChewingGum"],"picked":"Replay:Wanted Poster"},{"not_picked":[]},{"not_picked":["TheBible","Symbiotic Virus"],"picked":"Carrot"},{"not_picked":[]},{"not_picked":["ChewingGum","Ring of Chaos"],"picked":"Runic Dome"},{"not_picked":[]},{"not_picked":["Sozu","Replay:Ancient Bell"],"picked":"SlaversCollar"},{"not_picked":[]}],"items_purged_floors":[3,3,7,20,20,25,27,30,12,3,13,20,28],"is_endless":false,"potions_floor_spawned":[1,8,16,18,24,33,1,4,7,8,2,6,8,11,12,22,33,35,37],"ascension_level":0}}