{"host":"edk8ruzv78x6jv19","time":1611194869,"event":{"mods":["BaseMod","Better Third Choice","Energized Spire","Minty Spire (QoL Compilation)","Replay The Spire","StSLib","The Blue Laboratory"],"gold_per_floor":[113,38,38,38,38,38,38,53,53,53,53,86,105,5,5,134,134,155,30,30,49,88,88,88,88,88,88,88],"floor_reached":27,"language":"ENG","playtime":704,"items_purged":["Warcry","ReplayReversal","Sever Soul"],"score":368,"play_id":"f0f321a7-948b-4cc3-8941-78a61f2bb84f","local_time":"20210120200749","daily_mods":["SealedDeck","Heirloom","Time Dilation","Flight","DeadlyEvents","Elite Swarm","Lethality"],"is_ascension_mode":true,"campfire_choices":[{"data":"Feed","floor":6.0,"key":"SMITH"},{"data":"Clash","floor":7.0,"key":"SMITH"},{"data":"Clash","floor":10.0,"key":"SMITH"},{"data":"Whirlwind","floor":15.0,"key":"SMITH"},{"data":"Twin Strike","floor":23.0,"key":"SMITH"},{"data":"Feel No Pain","floor":25.0,"key":"SMITH"}],"circlet_count":0,"master_deck":["Clash+1","Clash+1","Twin Strike+1","Feed+1","Whirlwind+1","Dark Embrace"],"relics":["Burning Blood","Replay:PocketPolymizer","Bloody Idol","Pantograph","Self Forming Clay","Coffee Dripper","Bag of Marbles","Snack Pack"],"acts_visited":["Exordium","TheCity"],"potions_floor_usage":[],"damage_taken":[{"damage":0.0,"enemies":"2 Louse","floor":1.0,"turns":1.0},{"damage":11.0,"enemies":"Small Slimes","floor":8.0,"turns":2.0},{"damage":0.0,"enemies":"Gremlin Nob","floor":12.0,"turns":2.0},{"damage":0.0,"enemies":"Jaw Worm","floor":13.0,"turns":1.0},{"damage":36.0,"enemies":"Fading Forest","floor":16.0,"turns":11.0},{"damage":0.0,"enemies":"3 Byrds","floor":18.0,"turns":2.0},{"damage":0.0,"enemies":"Spheric Guardian","floor":21.0,"turns":2.0},{"damage":24.0,"enemies":"Replay:Snechameleon","floor":22.0,"turns":2.0}],"seed_played":"-2651784930382654472","potions_obtained":[{"floor":12.0,"key":"blueLaboratory:PhilterOfMotion"},{"floor":16.0,"key":"LiquidBronze"}],"is_trial":true,"path_per_floor":["M","$","?","?","?","R","R","M","T","R","$","E","M","$","R","B",null,"M","$","$","M","E","R","?","R","T","R"],"character_chosen":"IRONCLAD","items_purchased":[],"campfire_rested":0,"item_purchase_floors":[],"current_hp_per_floor":[80,80,60,53,53,53,53,52,52,52,52,62,68,68,68,58,88,92,92,92,92,74,74,74,74,74,74,74],"gold":88,"neow_bonus":"","is_daily":false,"chose_seed":false,"campfire_upgraded":6,"win_rate":0.0,"timestamp":1611194869,"path_taken":["M","$","?","?","?","R","R","?","T","R","?","?","?","$","R","BOSS","M","?","$","?","?","R","?","R","T","R"],"items_purchased_type":[],"build_version":"2020-12-22","purchased_purges":3,"victory":false,"max_hp_per_floor":[80,80,80,80,80,80,80,84,84,84,84,88,88,88,88,88,88,92,92,92,92,92,92,92,92,92,92,92],"card_choices":[{"not_picked":["Pummel","Clash","Flex"],"picked":"SKIP","floor":1.0},{"not_picked":["Massacre","Infernal Blade","True Grit"],"picked":"SKIP","floor":8.0},{"not_picked":["Corruption","Double Tap","Demonic Infusion"],"picked":"SKIP","floor":12.0},{"not_picked":["Cleave","Headbutt","Seeing Red"],"picked":"SKIP","floor":13.0},{"not_picked":["Pommel Strike","Cleave","ReplayReversal"],"picked":"SKIP","floor":18.0},{"not_picked":["Perfected Strike+1","Massacre","Pummel"],"picked":"SKIP","floor":21.0},{"not_picked":["Impervious","Double Tap","Berserk"],"picked":"SKIP","floor":22.0}],"player_experience":46777,"relics_obtained":[{"floor":9.0,"key":"Pantograph"},{"floor":12.0,"key":"Self Forming Clay"},{"floor":22.0,"key":"Bag of Marbles"},{"floor":26.0,"key":"Snack Pack"}],"event_choices":[{"damage_healed":0.0,"max_hp_gain":0.0,"max_hp_loss":0.0,"gold_gain":0.0,"event_name":"Golden Idol","player_choice":"Take Damage","floor":3.0,"gold_loss":0.0,"damage_taken":20.0,"relics_obtained":["Golden Idol"]},{"cards_removed":["Pommel Strike"],"damage_healed":0.0,"max_hp_gain":0.0,"max_hp_loss":0.0,"gold_gain":0.0,"event_name":"Golden Wing","player_choice":"Card Removal","floor":4.0,"gold_loss":0.0,"damage_taken":7.0},{"damage_healed":0.0,"max_hp_gain":0.0,"max_hp_loss":0.0,"gold_gain":0.0,"event_name":"The Cleric","player_choice":"Leave","floor":5.0,"gold_loss":0.0,"damage_taken":0.0},{"damage_healed":0.0,"max_hp_gain":0.0,"max_hp_loss":0.0,"gold_gain":0.0,"event_name":"Forgotten Altar","player_choice":"Gave Idol","floor":24.0,"relics_lost":["Golden Idol"],"gold_loss":0.0,"damage_taken":0.0,"relics_obtained":["Bloody Idol"]}],"is_beta":false,"boss_relics":[{"not_picked":["ReplayTheSpireMod:DimensionalGlitch","Replay:Drink Me"],"picked":"Coffee Dripper"}],"items_purged_floors":[2,14,19],"is_endless":true,"potions_floor_spawned":[12,16],"ascension_level":1}}