{"host":"och2iitg9ibgz06n","time":1611193057,"event":{"mods":["Abigail Mod","AchievementEnabler","Aspiration","BaseMod","Colored Powertips","Dio Mod","Hubris","Hyrulean Relics","Infinite Spire","Minty Spire (QoL Compilation)","Replay The Spire","Small Relic Pack","StSLib","The Animator","The Bug Knight","The Hierophant","The Jungle","The Saiyan","TheHero","Wandering Minibosses","everything is the same but u backflip on backflip","slay the spire mod where everything is the same but ironclad has a cowboy hat","vexMod"],"gold_per_floor":[117,135,135,135,135,135,168,168,168,168,197,217,59,73,73,176,176,407,427,440,489,509,509,509,540,540,573,573,573,589,624,624,720,720,739,789,789,809,825,825,837,867,894,692,692,721,739,768,768,768,768,768,156,181,181],"floor_reached":56,"language":"ENG","playtime":2291,"items_purged":["Shame"],"score":1626,"play_id":"2a3e1fda-b484-4d90-a2cf-c15840bc3d79","local_time":"20210120193737","is_ascension_mode":true,"campfire_choices":[{"data":"dioMod:DominatingPresence","floor":6,"key":"SMITH"},{"floor":8,"key":"REST"},{"floor":15,"key":"REST"},{"floor":24,"key":"REST"},{"data":"dioMod:MudaMudaMuda","floor":28,"key":"SMITH"},{"data":"dioMod:VengefulMuda","floor":32,"key":"SMITH"},{"floor":40,"key":"RECALL"},{"data":"dioMod:PhantomBlood","floor":45,"key":"SMITH"},{"data":"Bite","floor":49,"key":"SMITH"},{"data":"dioMod:Strike","floor":52,"key":"SMITH"}],"circlet_count":0,"master_deck":["dioMod:Strike+1","dioMod:Strike","dioMod:Strike","dioMod:Strike","Bite+1","dioMod:Defend","dioMod:Defend","dioMod:Defend","dioMod:Defend","dioMod:VengefulMuda+1","dioMod:DominatingPresence+1","Injury","dioMod:Muda+1","dioMod:BloodSuck+1","dioMod:StreetSign+1","dioMod:MudaMudaMuda+1","dioMod:GoodbyeJojo+1","dioMod:DoubleTime+1","dioMod:TheWalk+1","dioMod:Roundabout+1","dioMod:HeavyLifting+1","dioMod:Hiss+1","dioMod:Muda+1","dioMod:BloodSplash+1","dioMod:BloodSuck+1","dioMod:BloodSplash+1","dioMod:Despair+1","dioMod:PhantomBlood+1","dioMod:SecretPlan+1","dioMod:SadisticLaugh+1","dioMod:MudaMudaMuda+1","dioMod:SadisticLaugh+1","dioMod:ComposedMuda+1","dioMod:Muda+1","dioMod:Muda+1","dioMod:StreetSign+1","dioMod:HeavyLifting+1","dioMod:Muda+1","dioMod:TripleThreat+1","Dark Shackles+1","dioMod:DarkRebirth"],"relics":["dioMod:VampireBlood","Molten Egg 2","relicPack:DSword","vexMod:Dragonfruit","Smiling Mask","Toxic Egg 2","hubris:Backtick","Akabeko","vexMod:MemoryStick","Oddly Smooth Stone","Toy Ornithopter","Black Star","Bird Faced Urn","vexMod:ScavengeHelm","infinitespire:Satchel","Ancient Tea Set","ReplayTheSpireMod:TigerMarble","Letter Opener","Replay:WaspNest","hubris:BottledRain","Bag of Preparation","relicPack:WeightedSword","Sundial","hubris:MysteriousPyramids","Shuriken"],"acts_visited":["Exordium","TheCity","TheBeyond","TheEnding"],"potions_floor_usage":[16,33,42,47,55,55],"damage_taken":[{"damage":5,"enemies":"Small Slimes","floor":1,"turns":3},{"damage":8,"enemies":"2 Louse","floor":2,"turns":2},{"damage":32,"enemies":"Gremlin Nob","floor":7,"turns":4},{"damage":35,"enemies":"Lagavulin","floor":11,"turns":5},{"damage":2,"enemies":"Jaw Worm","floor":12,"turns":2},{"damage":26,"enemies":"Gremlin Gang","floor":14,"turns":3},{"damage":32,"enemies":"Hexaghost","floor":16,"turns":5},{"damage":27,"enemies":"Shell Parasite","floor":18,"turns":7},{"damage":12,"enemies":"3 Byrds","floor":19,"turns":4},{"damage":10,"enemies":"Snake Plant","floor":20,"turns":2},{"damage":11,"enemies":"Sentry and Sphere","floor":21,"turns":3},{"damage":40,"enemies":"Shelled Parasite and Fungi","floor":22,"turns":3},{"damage":39,"enemies":"Book of Stabbing","floor":25,"turns":4},{"damage":17,"enemies":"HollowMod:Nosk","floor":27,"turns":2},{"damage":6,"enemies":"Cultist and Chosen","floor":30,"turns":4},{"damage":15,"enemies":"Slavers","floor":31,"turns":2},{"damage":63,"enemies":"StardustCrusaders","floor":33,"turns":6},{"damage":21,"enemies":"3 Darklings","floor":35,"turns":2},{"damage":43,"enemies":"Mind Bloom Boss Battle","floor":36,"turns":8},{"damage":32,"enemies":"3 Shapes","floor":38,"turns":3},{"damage":31,"enemies":"Sphere and 2 Shapes","floor":39,"turns":3},{"damage":34,"enemies":"3 Darklings","floor":41,"turns":3},{"damage":68,"enemies":"Reptomancer","floor":42,"turns":4},{"damage":29,"enemies":"Nemesis","floor":46,"turns":5},{"damage":15,"enemies":"Transient","floor":47,"turns":4},{"damage":10,"enemies":"Giant Head","floor":48,"turns":4},{"damage":16,"enemies":"Time Eater","floor":50,"turns":3},{"damage":36,"enemies":"Shield and Spear","floor":54,"turns":3},{"damage":59,"enemies":"Kars","floor":55,"turns":4}],"seed_played":"4980287298217630218","potions_obtained":[{"floor":1,"key":"Ancient Potion"},{"floor":12,"key":"Block Potion"},{"floor":16,"key":"Reflective Coating"},{"floor":19,"key":"Block Potion"},{"floor":22,"key":"Regen Potion"},{"floor":33,"key":"Adrenaline Potion"},{"floor":41,"key":"SkillPotion"},{"floor":54,"key":"DuplicationPotion"}],"is_trial":false,"path_per_floor":["M","M","?","?","?","R","E","R","T","?","E","M","$","M","R","B",null,"M","M","M","M","M","?","R","E","T","E","R","?","M","E","R","B",null,"M","?","?","M","M","R","M","E","T","$","R","E","M","E","R","B",null,"R","$","E","B",null],"character_chosen":"THE_DEFAULT","items_purchased":["dioMod:MudaMudaMuda","dioMod:GoodbyeJojo+1","ReplayTheSpireMod:TigerMarble","relicPack:WeightedSword","dioMod:Muda+1","dioMod:TripleThreat+1","Sundial","Dark Shackles+1"],"campfire_rested":3,"item_purchase_floors":[13,13,44,53,53,53,53,53],"current_hp_per_floor":[82,79,79,44,52,52,32,58,58,61,33,34,34,22,49,42,90,90,90,90,82,56,56,83,79,79,78,78,78,90,90,90,75,90,85,79,79,84,65,65,90,64,64,64,64,67,90,84,84,85,90,90,90,66,75],"gold":181,"neow_bonus":"TEN_PERCENT_HP_BONUS","is_daily":false,"chose_seed":false,"campfire_upgraded":6,"win_rate":0.0,"timestamp":1611193057,"path_taken":["M","M","?","?","?","R","E","R","T","?","E","?","$","M","R","BOSS","M","M","?","M","M","?","R","E","T","E","R","?","M","E","R","BOSS","M","?","?","M","M","R","M","E","T","$","R","E","?","E","R","BOSS","R","$","E","BOSS"],"items_purchased_type":["Card","Card","Relic","Relic","Card","Card","Relic","Card"],"build_version":"2020-12-22","purchased_purges":1,"victory":true,"max_hp_per_floor":[82,82,82,82,82,82,87,87,87,90,90,90,90,90,90,90,90,90,90,90,90,90,90,90,90,90,90,90,90,90,90,90,90,90,90,90,90,90,90,90,90,90,90,90,90,90,90,90,90,90,90,90,90,90,90],"card_choices":[{"not_picked":["dioMod:BloodSplash","dioMod:SecretPlan"],"picked":"dioMod:VengefulMuda","floor":1},{"not_picked":["dioMod:Freeze","dioMod:ComboFever"],"picked":"dioMod:DominatingPresence","floor":2},{"not_picked":["dioMod:DaggerToss+1","dioMod:ComboFever"],"picked":"dioMod:Muda+1","floor":7},{"not_picked":["dioMod:BlendIn+1","dioMod:SevenPageMuda+1"],"picked":"dioMod:BloodSuck+1","floor":11},{"not_picked":["dioMod:CautiousMuda+1","dioMod:DaggerSpree+1"],"picked":"dioMod:StreetSign+1","floor":12},{"not_picked":["dioMod:CautiousMuda+1","dioMod:SecretPlan+1"],"picked":"dioMod:DoubleTime+1","floor":14},{"not_picked":["dioMod:UltimateSacrifice+1","dioMod:SevenPageMuda+1"],"picked":"dioMod:TheWalk+1","floor":16},{"not_picked":["dioMod:DarkRebirth","dioMod:CoffinBath+1"],"picked":"dioMod:Roundabout+1","floor":18},{"not_picked":["dioMod:BloodTransfusion+1","dioMod:CoffinBath+1"],"picked":"dioMod:HeavyLifting+1","floor":19},{"not_picked":["dioMod:VengefulMuda+1","dioMod:StreetSign+1"],"picked":"dioMod:Hiss+1","floor":20},{"not_picked":["dioMod:CutDeep","dioMod:BlendIn+1"],"picked":"dioMod:Muda+1","floor":21},{"not_picked":["dioMod:ComposedMuda+1","dioMod:VengefulMuda+1"],"picked":"dioMod:RoadRoller+1","floor":22},{"not_picked":["dioMod:ComboFever+1","dioMod:HeavyLifting+1"],"picked":"dioMod:BloodSplash+1","floor":25},{"not_picked":["dioMod:RoadRoller+1","dioMod:StreetSign+1"],"picked":"dioMod:BloodSuck+1","floor":27},{"not_picked":["dioMod:WRYYY","dioMod:ComposedMuda+1"],"picked":"dioMod:BloodSplash+1","floor":30},{"not_picked":["dioMod:CautiousMuda+1","dioMod:Roundabout+1"],"picked":"dioMod:Despair+1","floor":31},{"not_picked":["dioMod:KonoDioDa+1","dioMod:PathToHeaven+1"],"picked":"dioMod:PhantomBlood","floor":33},{"not_picked":["dioMod:DaggerSpree+1","dioMod:Minions+1"],"picked":"dioMod:SecretPlan+1","floor":35},{"not_picked":["dioMod:WRYYY","dioMod:SecretPlan+1"],"picked":"dioMod:SadisticLaugh+1","floor":36},{"not_picked":["dioMod:CautiousMuda+1","dioMod:DarkRebirth+1"],"picked":"dioMod:MudaMudaMuda+1","floor":38},{"not_picked":["dioMod:StreetSign+1","dioMod:DarkRebirth"],"picked":"dioMod:SadisticLaugh+1","floor":39},{"not_picked":["dioMod:BlendIn+1","dioMod:CautiousMuda+1"],"picked":"dioMod:ComposedMuda+1","floor":41},{"not_picked":["dioMod:StreetSign+1","dioMod:LaserVision+1"],"picked":"dioMod:Muda+1","floor":42},{"not_picked":["dioMod:BloodShield+1","dioMod:DaggerToss+1"],"picked":"dioMod:Muda+1","floor":46},{"not_picked":["dioMod:RoadRoller+1","dioMod:CutDeep"],"picked":"dioMod:StreetSign+1","floor":47},{"not_picked":["dioMod:CautiousMuda+1","dioMod:Minions"],"picked":"dioMod:HeavyLifting+1","floor":48},{"not_picked":["dioMod:FlyAway+1","dioMod:WRYYY"],"picked":"dioMod:DarkRebirth","floor":54}],"player_experience":424761,"relics_obtained":[{"floor":7,"key":"vexMod:Dragonfruit"},{"floor":9,"key":"Smiling Mask"},{"floor":11,"key":"Toxic Egg 2"},{"floor":25,"key":"vexMod:MemoryStick"},{"floor":27,"key":"Oddly Smooth Stone"},{"floor":31,"key":"Toy Ornithopter"},{"floor":36,"key":"Bird Faced Urn"},{"floor":42,"key":"vexMod:ScavengeHelm"},{"floor":42,"key":"infinitespire:Satchel"},{"floor":43,"key":"Ancient Tea Set"},{"floor":46,"key":"Letter Opener"},{"floor":46,"key":"Replay:WaspNest"},{"floor":48,"key":"hubris:BottledRain"},{"floor":48,"key":"Bag of Preparation"},{"floor":54,"key":"hubris:MysteriousPyramids"},{"floor":54,"key":"Shuriken"}],"event_choices":[{"damage_healed":0,"gold_gain":0,"player_choice":"Ignored","damage_taken":0,"max_hp_gain":0,"max_hp_loss":0,"event_name":"Vampires","floor":23,"gold_loss":0},{"damage_healed":0,"gold_gain":0,"player_choice":"Fight","damage_taken":0,"max_hp_gain":0,"max_hp_loss":0,"event_name":"MindBloom","floor":36,"gold_loss":0},{"cards_removed":["dioMod:RoadRoller"],"damage_healed":0,"gold_gain":0,"player_choice":"Removed Attack","damage_taken":0,"max_hp_gain":0,"max_hp_loss":0,"event_name":"Falling","floor":37,"gold_loss":0}],"is_beta":false,"boss_relics":[{"not_picked":["aspiration:IroncladSkillbook","Fusion Hammer"],"picked":"hubris:Backtick"},{"not_picked":["aspiration:RunicSpoon","Replay:Fungal Core"],"picked":"Black Star"}],"items_purged_floors":[44],"is_endless":false,"potions_floor_spawned":[1,12,16,19,21,22,30,33,39,41,54],"ascension_level":4}}