{"host":"utcbn1j9ebmpc40m","time":1611188300,"event":{"mods":["BaseMod","Better Altar","Better Match","GifTheSpireLib","Minty Spire (QoL Compilation)","Poor People Problems","StSLib","SuperFastMode","The IronCluck","The Servant 0.9.4"],"gold_per_floor":[110,127,202,20,37,37,37,62,138,162,185,185,26,26,26,26,26],"floor_reached":16,"language":"ENG","playtime":269,"items_purged":["Strike_G"],"score":92,"play_id":"ac472b31-cdcd-44be-80a8-b8871c13ebfc","local_time":"20210120191820","is_ascension_mode":false,"campfire_choices":[{"data":"Catalyst","floor":6,"key":"SMITH"},{"floor":15,"key":"REST"}],"circlet_count":0,"master_deck":["Strike_G","Strike_G","Strike_G","Strike_G","Defend_G","Defend_G","Defend_G","Defend_G","Defend_G","Survivor","Neutralize","Footwork","Poisoned Stab","Adrenaline+1","Catalyst+1","Injury","Poisoned Stab","Deadly Poison+1","Wraith Form v2","Enlightenment"],"relics":["SlaversCollar","Golden Idol","Question Card","Oddly Smooth Stone"],"acts_visited":["Exordium"],"potions_floor_usage":[11,16],"damage_taken":[{"damage":0,"enemies":"Small Slimes","floor":1,"turns":3},{"damage":5,"enemies":"2 Louse","floor":2,"turns":5},{"damage":0,"enemies":"Cultist","floor":5,"turns":4},{"damage":0,"enemies":"2 Fungi Beasts","floor":8,"turns":5},{"damage":5,"enemies":"Looter","floor":10,"turns":3},{"damage":4,"enemies":"3 Louse","floor":11,"turns":4},{"damage":56,"enemies":"Hexaghost","floor":16,"turns":11}],"seed_played":"8435536244563359221","potions_obtained":[{"floor":2,"key":"BlessingOfTheForge"},{"floor":8,"key":"GhostInAJar"},{"floor":10,"key":"Fire Potion"},{"floor":11,"key":"SpeedPotion"}],"is_trial":false,"path_per_floor":["M","M","?","$","M","R","?","M","T","M","M","?","$","?","R","B"],"character_chosen":"THE_SILENT","items_purchased":["Poisoned Stab","Adrenaline","Enlightenment"],"campfire_rested":1,"item_purchase_floors":[4,4,13],"current_hp_per_floor":[70,65,54,54,54,54,54,54,54,49,45,31,31,31,52,0,0],"gold":26,"neow_bonus":"BOSS_RELIC","is_daily":false,"chose_seed":false,"campfire_upgraded":1,"win_rate":0.0,"timestamp":1611188300,"path_taken":["M","M","?","$","M","R","?","M","T","M","M","?","$","?","R","BOSS"],"items_purchased_type":["Card","Card","Card"],"build_version":"2020-12-22","purchased_purges":1,"victory":false,"max_hp_per_floor":[70,70,70,70,70,70,70,70,70,70,70,70,70,70,70,70,70],"card_choices":[{"not_picked":["Prepared","Quick Slash"],"picked":"Footwork","floor":1},{"not_picked":["Flechettes","Reflex","Acrobatics"],"picked":"SKIP","floor":2},{"not_picked":["Outmaneuver","Dagger Spray"],"picked":"Catalyst","floor":5},{"not_picked":["Dagger Spray","Dodge and Roll"],"picked":"Poisoned Stab","floor":8},{"not_picked":["Dash","Dagger Spray","Leg Sweep"],"picked":"Deadly Poison","floor":10},{"not_picked":["Underhanded Strike","Finisher","Bane"],"picked":"Wraith Form v2","floor":11}],"player_experience":505033,"relics_obtained":[{"floor":9,"key":"Question Card"}],"event_choices":[{"damage_healed":0,"gold_gain":75,"player_choice":"Gather Gold","damage_taken":11,"max_hp_gain":0,"max_hp_loss":0,"event_name":"World of Goop","floor":3,"gold_loss":0},{"damage_healed":0,"gold_gain":0,"player_choice":"Take Wound","damage_taken":0,"relics_obtained":["Golden Idol"],"max_hp_gain":0,"max_hp_loss":0,"event_name":"Golden Idol","floor":7,"gold_loss":0,"cards_obtained":["Injury"]},{"damage_healed":0,"gold_gain":0,"player_choice":"Entered Light","damage_taken":14,"max_hp_gain":0,"max_hp_loss":0,"event_name":"Shining Light","floor":12,"gold_loss":0,"cards_upgraded":["Deadly Poison","Adrenaline"]},{"damage_healed":0,"gold_gain":0,"player_choice":"Gave Potion","damage_taken":0,"relics_obtained":["Oddly Smooth Stone"],"max_hp_gain":0,"max_hp_loss":0,"event_name":"WeMeetAgain","floor":14,"gold_loss":0}],"is_beta":false,"boss_relics":[],"items_purged_floors":[13],"is_endless":false,"potions_floor_spawned":[2,8,10,11],"killed_by":"Hexaghost","ascension_level":0}}