{"host":"88q0baq93r2cvn7j","time":1611250937,"event":{"mods":["AchievementEnabler","Act Like it!","BaseMod","GungeonMod","Minty Spire (QoL Compilation)","StSLib"],"gold_per_floor":[114,289,289,27,27,62,111,111,111],"floor_reached":8,"language":"ZHS","playtime":326,"items_purged":["Regret"],"score":68,"play_id":"f5ed3de7-4c3a-4bd0-a8a0-852e657a2e3e","local_time":"20210122014217","is_ascension_mode":true,"campfire_choices":[],"circlet_count":0,"master_deck":["DemoMod:Strike_Huntress","DemoMod:Strike_Huntress","DemoMod:Strike_Huntress","DemoMod:Defend_Huntress","DemoMod:Defend_Huntress","DemoMod:Defend_Huntress","DemoMod:Defend_Huntress","DemoMod:Roll","DemoMod:ManualReload","DemoMod:RustySidearm","DemoMod:CrossBow+1","DemoMod:ChanceBullets","Doubt","DemoMod:Camera","DemoMod:Rummage","DemoMod:PotionOfGunFriendShip"],"relics":["DemoMod:Dog","Art of War","DemoMod:GnawedKey","Golden Idol","Nunchaku"],"acts_visited":["Exordium"],"potions_floor_usage":[6],"damage_taken":[{"damage":2.0,"enemies":"Jaw Worm","floor":1.0,"turns":4.0},{"damage":34,"enemies":"Gremlin Nob","floor":6,"turns":4},{"damage":4,"enemies":"Small Slimes","floor":7,"turns":4},{"damage":0,"enemies":"3 Sentries","floor":8,"turns":1}],"seed_played":"-4530309845969355206","potions_obtained":[{"floor":1.0,"key":"BlessingOfTheForge"}],"is_trial":false,"path_per_floor":["M","?","?","$","?","E","M","E"],"character_chosen":"HUNTRESS","items_purchased":["DemoMod:GnawedKey","DemoMod:Camera"],"campfire_rested":0,"item_purchase_floors":[4,4],"current_hp_per_floor":[68,68,68,68,51,17,13,13,13],"gold":111,"neow_bonus":"UPGRADE_CARD","is_daily":false,"chose_seed":false,"campfire_upgraded":0,"win_rate":0.0,"timestamp":1611250937,"path_taken":["M","?","?","$","?","E","M","E"],"items_purchased_type":["Relic","Card"],"build_version":"2020-12-22","purchased_purges":1,"victory":false,"max_hp_per_floor":[70,70,70,70,70,70,70,70,70],"card_choices":[{"not_picked":["DemoMod:HuntsMan","DemoMod:GunstockTap"],"picked":"DemoMod:ChanceBullets","floor":1.0},{"not_picked":["DemoMod:MachoBrace","DemoMod:RadGun"],"picked":"DemoMod:Rummage","floor":6},{"not_picked":["DemoMod:Rummage","DemoMod:HuntsMan"],"picked":"DemoMod:PotionOfGunFriendShip","floor":7}],"player_experience":350718,"relics_obtained":[{"floor":6,"key":"Nunchaku"}],"event_choices":[{"damage_healed":0.0,"max_hp_gain":0.0,"max_hp_loss":0.0,"gold_gain":175.0,"event_name":"Liars Game","player_choice":"AGREE","floor":2.0,"gold_loss":0.0,"damage_taken":0.0,"cards_obtained":["Doubt"]},{"damage_healed":0.0,"max_hp_gain":0.0,"max_hp_loss":0.0,"gold_gain":0.0,"event_name":"Big Fish","player_choice":"Box","floor":3.0,"gold_loss":0.0,"damage_taken":0.0,"relics_obtained":["Art of War"],"cards_obtained":["Regret"]},{"damage_healed":0.0,"max_hp_gain":0.0,"max_hp_loss":0.0,"gold_gain":0.0,"event_name":"Golden Idol","player_choice":"Take Damage","floor":5.0,"gold_loss":0.0,"damage_taken":17.0,"relics_obtained":["Golden Idol"]}],"is_beta":false,"boss_relics":[],"items_purged_floors":[4],"is_endless":false,"potions_floor_spawned":[1],"killed_by":"3 Sentries","ascension_level":5}}