{"host":"Planeswalker","time":1611220795,"event":{"mods":["Act Like it!","Astrologer","BaseMod","Downfall","Friendly Minions","GifTheSpireLib","Halation","Hermit","Hubris","Jorbs\u0027s Wanderer Trilogy","Minty Spire (QoL Compilation)","Replay The Spire","SOS???????","Shop Mod","Somnambulant","StSLib","The Bladedancer","The Cursed","The Elementalist","The Hierophant","The Jungle","The Mystic","The Necromancer"],"gold_per_floor":[115,115,115,132,24,24,41,41,41,76,86,86,86,121,121,223,223,239,252,1,1,1,1,21,21,21],"floor_reached":25,"language":"ENG","playtime":1388,"items_purged":[],"score":284,"play_id":"b27d1eeb-d754-4f56-ba4b-faa28f839d5c","local_time":"20210121021955","is_ascension_mode":false,"campfire_choices":[{"data":"mysticmod:Strike_Mystic","floor":6,"key":"PURGE"},{"data":"hermit:Strike_Hermit","floor":8,"key":"PURGE"},{"data":"mysticmod:Strike_Mystic","floor":13,"key":"PURGE"},{"data":"mysticmod:Strike_Mystic","floor":15,"key":"PURGE"},{"data":"Outmaneuver","floor":23,"key":"SMITH"}],"circlet_count":0,"master_deck":["mysticmod:ArcaneDodge","mysticmod:ShockingGrasp","mysticmod:Probe","stsjorbsmod:Defend_Wanderer","Outmaneuver+1","mysticmod:EnchantedMoulinet+1","mysticmod:MagicMissile","mysticmod:Alacrity","mysticmod:RapidCaster","mysticmod:PowerSlash","mysticmod:MagicWeapon","mysticmod:EarthenWall","mysticmod:Haste","Injury","ReplayTheSpireMod:Faulty Equipment","mysticmod:MightyMagic+1","mysticmod:Disengage","ReplayTheSpireMod:IOU","mysticmod:MagicMissile+1","mysticmod:TomeOfSpells","Bite","Bite","Bite","Bite","Bite","mysticmod:Feint","mysticmod:Stoneskin+1","mysticmod:HunkerDown"],"relics":["Peace Pipe","m_BookOfShivs","Pet Ghost","Pantograph","Replay:Wax Seal","Kintsugi","Replay:Ringing Soul"],"acts_visited":["Exordium","TheCity"],"potions_floor_usage":[14,16,16,18,24],"damage_taken":[{"damage":2,"enemies":"Small Slimes","floor":1,"turns":4},{"damage":0,"enemies":"Jaw Worm","floor":4,"turns":4},{"damage":0,"enemies":"Cultist","floor":7,"turns":3},{"damage":11,"enemies":"Replay:BlueRogue","floor":10,"turns":6},{"damage":0,"enemies":"Lots of Slimes","floor":11,"turns":2},{"damage":7,"enemies":"Lagavulin","floor":14,"turns":6},{"damage":0,"enemies":"Slime Boss","floor":16,"turns":5},{"damage":3,"enemies":"Shell Parasite","floor":18,"turns":4},{"damage":34,"enemies":"3 Byrds","floor":19,"turns":5},{"damage":44,"enemies":"Snake Plant","floor":24,"turns":8},{"damage":23,"enemies":"Chosen and Byrds","floor":25,"turns":4}],"seed_played":"-9058205648422865648","potions_obtained":[{"floor":4,"key":"Flashbang"},{"floor":11,"key":"Block Potion"},{"floor":14,"key":"AttackPotion"},{"floor":16,"key":"champ:CounterPotion"},{"floor":19,"key":"Energy Potion"}],"is_trial":false,"path_per_floor":["M","?","?","M","$","R","M","R","T","E","M","?","R","E","R","B",null,"M","M","$","?","?","R","M","M"],"character_chosen":"MYSTIC_CLASS","items_purchased":["mysticmod:EnchantedMoulinet+1","Replay:Ringing Soul","mysticmod:MagicMissile+1","mysticmod:TomeOfSpells"],"campfire_rested":0,"item_purchase_floors":[5,20,20,20],"current_hp_per_floor":[75,75,75,75,75,75,75,75,75,64,64,64,64,57,57,77,77,74,40,43,46,49,49,16,0,0],"gold":21,"neow_bonus":"ONE_RARE_RELIC","is_daily":false,"chose_seed":false,"campfire_upgraded":1,"win_rate":0.0,"timestamp":1611220795,"path_taken":["M","?","?","?","$","R","M","R","T","E","?","?","R","E","R","BOSS","M","M","$","?","?","R","M","M"],"items_purchased_type":["Card","Relic","Card","Card"],"build_version":"2020-11-17","purchased_purges":0,"victory":false,"max_hp_per_floor":[77,77,77,77,77,77,77,77,77,77,77,77,77,77,77,77,77,77,77,80,59,62,62,65,65,65],"card_choices":[{"not_picked":["mysticmod:DiviningBlow","mysticmod:PureInstinct"],"picked":"mysticmod:Probe","floor":1},{"not_picked":["mysticmod:CorrosiveTouch","mysticmod:EnergizedRift"],"picked":"Outmaneuver","floor":4},{"not_picked":["mysticmod:DiviningBlow","mysticmod:Shield"],"picked":"mysticmod:Alacrity","floor":7},{"not_picked":["Expertise","mysticmod:Sideswipe"],"picked":"mysticmod:RapidCaster","floor":10},{"not_picked":["mysticmod:Alacrity","mysticmod:Daze"],"picked":"mysticmod:PowerSlash","floor":11},{"not_picked":["mysticmod:Snowball","mysticmod:Fireball"],"picked":"mysticmod:EarthenWall","floor":14},{"not_picked":["A Thousand Cuts","Adrenaline"],"picked":"mysticmod:Haste","floor":16},{"not_picked":["mysticmod:BulkUp","mysticmod:PunishingArmor"],"picked":"mysticmod:MightyMagic+1","floor":18},{"not_picked":["mysticmod:SuddenClarity","mysticmod:BladedDash+1"],"picked":"mysticmod:Disengage","floor":19},{"not_picked":["mysticmod:Snowball","mysticmod:PureInstinct"],"picked":"mysticmod:HunkerDown","floor":24}],"player_experience":32924,"relics_obtained":[{"floor":9,"key":"Pet Ghost"},{"floor":10,"key":"Pantograph"},{"floor":14,"key":"Replay:Wax Seal"}],"event_choices":[{"cards_removed":["elementalist:Crystal_Chalk"],"damage_healed":0,"gold_gain":0,"player_choice":"Took Card","damage_taken":0,"max_hp_gain":0,"max_hp_loss":0,"event_name":"NoteForYourself","floor":3,"gold_loss":0,"cards_obtained":["stsjorbsmod:Defend_Wanderer"]},{"damage_healed":0,"gold_gain":0,"player_choice":"Became a vampire","damage_taken":0,"max_hp_gain":0,"max_hp_loss":24,"event_name":"Vampires","floor":21,"gold_loss":0,"cards_obtained":["Bite","Bite","Bite","Bite","Bite"]},{"damage_healed":0,"gold_gain":0,"player_choice":"Read","damage_taken":0,"max_hp_gain":0,"max_hp_loss":0,"event_name":"The Library","floor":22,"gold_loss":0,"cards_obtained":["mysticmod:Feint"]}],"is_beta":true,"boss_relics":[{"not_picked":["Snecko Eye","hubris:Stopwatch"],"picked":"Kintsugi"}],"items_purged_floors":[],"is_endless":false,"potions_floor_spawned":[4,11,14,16,19],"killed_by":"Chosen and Byrds","ascension_level":0}}