{"host":"ctlqibkg0sskiu65","time":1611213800,"event":{"mods":["AchievementEnabler","Aspiration","BaseMod","BetterRewards","Colored Map","Colored Powertips","Conspire","Fiend Mod","Infinite Spire","Minty Spire (QoL Compilation)","Quick Restart","Replay The Spire","Shop Mod","StSLib","The Bladedancer","The Cursed","The Hierophant","The Jungle","The Kombatant","The Servant 0.9.4","TheBandit"],"gold_per_floor":[111,111,111,65,65,94,94,107,107,123,33,59,70,70,70,149,149,161,61,111,111,130,130,130],"floor_reached":23,"language":"ENG","playtime":940,"items_purged":["Strike_G","Strike_G"],"score":520,"play_id":"680a19bc-3255-4ccf-93af-9a81ea3a3aff","local_time":"20210121012320","is_ascension_mode":true,"campfire_choices":[{"data":"Poisoned Stab","floor":7.0,"key":"SMITH"},{"floor":15.0,"key":"REST"}],"circlet_count":0,"master_deck":["AscendersBane","Strike_G","Strike_G","Defend_G","Defend_G","Defend_G","Defend_G","Defend_G","Survivor","Neutralize+1","Slice","Noxious Fumes+1","Poisoned Stab+1","Setup","Deadly Poison","Slice","Crippling Poison","Dark Shackles","Catalyst","Bane","Catalyst","Footwork"],"relics":["Ring of the Snake","Pen Nib","Lee\u0027s Waffle","Regal Pillow","Prayer Wheel","Gremlin Food","aspiration:SecretTechniqueScroll","MutagenicStrength"],"acts_visited":["Exordium","TheCity"],"potions_floor_usage":[23],"damage_taken":[{"damage":2.0,"enemies":"Jaw Worm","floor":1.0,"turns":5.0},{"damage":22.0,"enemies":"Gremlin Nob","floor":6.0,"turns":4.0},{"damage":0.0,"enemies":"Small Slimes","floor":8.0,"turns":4.0},{"damage":7.0,"enemies":"Cultist","floor":10.0,"turns":4.0},{"damage":2.0,"enemies":"Lagavulin","floor":12.0,"turns":7.0},{"damage":7.0,"enemies":"2 Fungi Beasts","floor":13.0,"turns":4.0},{"damage":53.0,"enemies":"Slime Boss","floor":16.0,"turns":10.0},{"damage":22.0,"enemies":"Chosen","floor":18.0,"turns":5.0},{"damage":10.0,"enemies":"Shell Parasite","floor":22.0,"turns":3.0},{"damage":35,"enemies":"Gremlin Leader","floor":23,"turns":4}],"seed_played":"-3411639813144544866","potions_obtained":[{"floor":6.0,"key":"FearPotion"},{"floor":8.0,"key":"Venom Potion"},{"floor":18.0,"key":"Energy Potion"}],"is_trial":false,"path_per_floor":["M","?","?","$","?","E","R","M","T","M","$","E","M","?","R","B",null,"M","$","?","?","M","E"],"character_chosen":"THE_SILENT","items_purchased":["Pen Nib","Lee\u0027s Waffle","Slice","Noxious Fumes","Poisoned Stab","Dark Shackles"],"campfire_rested":1,"item_purchase_floors":[0,0,0,0,4,11],"current_hp_per_floor":[71,71,71,71,71,49,49,49,49,42,42,40,33,33,69,16,59,37,37,37,37,27,0,0],"gold":130,"neow_bonus":"","is_daily":false,"chose_seed":false,"campfire_upgraded":1,"win_rate":0.0,"timestamp":1611213800,"path_taken":["M","?","?","?","?","E","R","?","T","M","$","E","M","?","R","BOSS","M","$","?","?","?","E"],"items_purchased_type":["Relic","Relic","Card","Card","Card","Card"],"build_version":"2020-12-22","purchased_purges":2,"victory":false,"max_hp_per_floor":[73,73,73,73,73,73,73,73,73,73,73,73,73,73,73,73,73,73,73,73,73,73,73,73],"card_choices":[{"not_picked":["Dagger Throw","Acrobatics","ReplayTheSpireMod:Tripwire"],"picked":"SKIP","floor":1.0},{"not_picked":["Deflect","PiercingWail"],"picked":"Deadly Poison","floor":6.0},{"not_picked":["Outmaneuver","Blade Dance"],"picked":"Slice","floor":8.0},{"not_picked":["Cloak And Dagger","Predator"],"picked":"Crippling Poison","floor":10.0},{"not_picked":["Flechettes","Bullet Time","Acrobatics"],"picked":"SKIP","floor":10.0},{"not_picked":["Eviscerate","Sucker Punch"],"picked":"Catalyst","floor":12.0},{"not_picked":["Choke","ReplayTheSpireMod:Shiv Toss"],"picked":"Bane","floor":13.0},{"not_picked":["Slice","conspire:DoublingDagger","Dagger Throw"],"picked":"SKIP","floor":13.0},{"not_picked":["Quick Slash","Infinite Blades"],"picked":"Catalyst","floor":18.0},{"not_picked":["Skewer","Outmaneuver","Quick Slash"],"picked":"SKIP","floor":18.0},{"not_picked":["Skewer","Outmaneuver","Quick Slash"],"picked":"SKIP","floor":18.0},{"not_picked":["Catalyst","Leg Sweep"],"picked":"Footwork","floor":22.0},{"not_picked":["Bane","Sucker Punch+1","Catalyst+1"],"picked":"SKIP","floor":22.0}],"player_experience":214668,"relics_obtained":[{"floor":6.0,"key":"Regal Pillow"},{"floor":9.0,"key":"Prayer Wheel"},{"floor":12.0,"key":"Gremlin Food"}],"event_choices":[{"damage_healed":0.0,"max_hp_gain":0.0,"max_hp_loss":0.0,"gold_gain":0.0,"event_name":"Living Wall","player_choice":"Grow","floor":3.0,"gold_loss":0.0,"damage_taken":0.0,"cards_upgraded":["Noxious Fumes"]},{"damage_healed":0.0,"max_hp_gain":0.0,"max_hp_loss":0.0,"gold_gain":0.0,"cards_transformed":["Strike_G"],"event_name":"Transmorgrifier","player_choice":"Transformed","floor":5.0,"gold_loss":0.0,"damage_taken":0.0,"cards_obtained":["Setup"]},{"damage_healed":0.0,"max_hp_gain":0.0,"max_hp_loss":0.0,"gold_gain":50.0,"event_name":"Nest","player_choice":"Stole From Cult","floor":20.0,"gold_loss":0.0,"damage_taken":0.0},{"damage_healed":0.0,"max_hp_gain":0.0,"max_hp_loss":0.0,"gold_gain":0.0,"event_name":"Drug Dealer","player_choice":"Inject Mutagens","floor":21.0,"gold_loss":0.0,"damage_taken":0.0,"relics_obtained":["MutagenicStrength"]}],"is_beta":false,"boss_relics":[{"not_picked":["SacredBark","Replay:Bronze Core"],"picked":"aspiration:SecretTechniqueScroll"}],"items_purged_floors":[0,19],"is_endless":false,"potions_floor_spawned":[6,8,12,13,18],"killed_by":"Gremlin Leader","ascension_level":15}}