{"host":"xc18ixkpjvqrt8st","time":1611273155,"event":{"mods":["Act Like it!","BaseMod","Better Match","Better Third Choice","Conspire","Hallownest","Hermit","Hubris","Infinite Spire","Minty Spire (QoL Compilation)","Replay The Spire","Robot Space Explorer","Shop Mod","Spicy Shops","StSLib","The Animator","The Jungle","The Marked"],"gold_per_floor":[117,149,149,149,227,262,262,308,308,342,364,364,364,461,461,478,478,478,476,505,505,524,537,537,537,732,750,253,253,350,350,368,368,381,395,395,420,420,445,445,445,445,545,545,545,545,545,169,198,198],"floor_reached":56,"language":"ENG","playtime":2886,"items_purged":["hubris:Gluttony","Pain"],"score":1360,"play_id":"d98aa1b7-cc30-488c-a51e-744878fefc2a","local_time":"20210121175235","is_ascension_mode":true,"campfire_choices":[{"floor":7,"key":"RECALL"},{"floor":13,"key":"REST"},{"floor":15,"key":"REST"},{"floor":23,"key":"REST"},{"floor":27,"key":"REST"},{"floor":32,"key":"REST"},{"floor":40,"key":"REST"},{"data":"animator:Kaijin","floor":42,"key":"SMITH"},{"data":"animator:AcuraShin","floor":44,"key":"SMITH"},{"data":"infinitespire:Gouge","floor":46,"key":"SMITH"},{"floor":49,"key":"REST"},{"data":"infinitespire:Fortify","floor":52,"key":"SMITH"}],"circlet_count":0,"master_deck":["animator:Strike_OnePunchMan+1","animator:Defend_OnePunchMan","animator:Strike+1","animator:Strike","animator:Strike+1","animator:Defend","animator:Defend","animator:Defend","animator:Genos","animator:MumenRider","animator:IrohaTamaki","animator:Fredrika+1","animator:AcuraShin+1","Pot Of Greed","Pot Of Greed","animator:MetalKnight+1","animator:SilverFang","animator:Kaijin+1","animator:Shizu","animator:NagisaMomoe","infinitespire:Gouge+1","animator:Vesta","animator:ChaikaBohdan","animator:SuzuneAmano+1","animator:Pride+1","animator:Kaijin+1","Pot Of Greed","animator:YachiyoNanami","animator:Viivi","animator:Envy","animator:Benimaru","animator:Benimaru+1","animator:Archer","animator:ElricEdward","infinitespire:Fortify+1","animator:Hibiki","animator:Jibril+1","Pot Of Greed","animator:FielNirvalen","animator:Pride","animator:Rider"],"relics":["animator:LivingPicture","animator:TheMissingPiece","NeowsBlessing","hubris:Icosahedron","Replay:Ringing Soul","ReplayTheSpireMod:Shallot","Grinning Jar","hubris:Teleporter","hubris:Backtick","Regal Pillow","OrangePellets","Happy Flower","Membership Card","Medical Kit","Onion Ring","Whetstone","Replay:Fungal Core","Bird Faced Urn","Red Skull","hubris:EmptyBottle","Toy Ornithopter"],"acts_visited":["Exordium","TheCity","TheBeyond","TheEnding"],"potions_floor_usage":[10,31,35,50,54,55,55,55,55,55],"damage_taken":[{"damage":0,"enemies":"Cultist","floor":1,"turns":1},{"damage":0,"enemies":"2 Louse","floor":2,"turns":1},{"damage":0,"enemies":"Lagavulin","floor":6,"turns":1},{"damage":21,"enemies":"3 Sentries","floor":8,"turns":11},{"damage":49,"enemies":"Gremlin Nob","floor":10,"turns":5},{"damage":0,"enemies":"Small Slimes","floor":11,"turns":4},{"damage":2,"enemies":"Hexaghost","floor":16,"turns":11},{"damage":2,"enemies":"Chosen","floor":18,"turns":5},{"damage":8,"enemies":"2 Thieves","floor":21,"turns":4},{"damage":14,"enemies":"Snake Plant","floor":22,"turns":5},{"damage":36,"enemies":"Shelled Parasite and Fungi","floor":24,"turns":6},{"damage":17,"enemies":"Centurion and Healer","floor":25,"turns":8},{"damage":25,"enemies":"3 Cultists","floor":29,"turns":7},{"damage":36,"enemies":"hubris:MusketHawk","floor":33,"turns":9},{"damage":27,"enemies":"3 Darklings","floor":35,"turns":6},{"damage":3,"enemies":"3 Shapes","floor":38,"turns":4},{"damage":26,"enemies":"Jaw Worm Horde","floor":39,"turns":5},{"damage":20,"enemies":"Giant Head","floor":41,"turns":7},{"damage":57,"enemies":"Time Eater","floor":50,"turns":8},{"damage":56,"enemies":"Shield and Spear","floor":54,"turns":7},{"damage":68,"enemies":"The Heart","floor":55,"turns":10}],"seed_played":"-1968057454071645546","potions_obtained":[{"floor":1,"key":"DuplicationPotion"},{"floor":6,"key":"SpeedPotion"},{"floor":16,"key":"Adrenaline Potion"},{"floor":22,"key":"AttackPotion"},{"floor":33,"key":"Flashbang"},{"floor":41,"key":"animator:FalseLifePotion"}],"is_trial":false,"path_per_floor":["M","M","?","?","T","E","R","E","T","E","M","R","R","B",null,"M","AVR","?","M","M","R","M","M","T","R","?","M","$","R","B",null,"M","?","M","M","R","E","R","T","R","?","R","?","R","B",null,"R","$","E","B",null],"character_chosen":"THE_ANIMATOR","items_purchased":["Membership Card","Medical Kit","Onion Ring","Fruit Juice","Whetstone","animator:Viivi","hubris:EmptyBottle","animator:Hibiki","animator:Jibril+1","Strength Potion","animator:FielNirvalen","animator:Pride"],"campfire_rested":7,"item_purchase_floors":[31,31,31,31,31,31,53,53,53,53,53,53],"current_hp_per_floor":[66,66,66,66,66,70,70,52,52,7,10,34,58,60,84,85,88,88,83,72,96,63,49,49,94,57,35,43,92,59,119,96,99,99,76,130,113,113,113,113,116,116,116,138,89,138,138,141,98,67],"gold":198,"neow_bonus":"THREE_ENEMY_KILL","is_daily":false,"chose_seed":false,"campfire_upgraded":4,"win_rate":0.0,"timestamp":1611273155,"path_taken":["M","?","?","?","?","E","R","E","T","E","M","R","R","BOSS","M","AVR","?","M","M","R","M","?","T","R","?","M","$","R","BOSS","M","?","M","M","R","E","R","T","R","?","R","?","R","BOSS","R","$","E","BOSS"],"items_purchased_type":["Relic","Relic","Relic","Potion","Relic","Card","Relic","Card","Card","Potion","Card","Card"],"build_version":"2020-12-22","purchased_purges":2,"victory":true,"max_hp_per_floor":[66,66,66,66,66,70,70,73,73,77,80,80,80,84,84,87,90,90,93,96,96,99,102,102,102,105,108,116,116,119,119,123,126,129,132,132,135,135,135,135,138,138,138,138,138,138,138,141,144,144],"card_choices":[{"not_picked":["animator:Shion","animator:Scar"],"picked":"animator:IrohaTamaki","floor":1},{"not_picked":["animator:SakuraMatou","animator:ElricAlphonse"],"picked":"animator:Fredrika","floor":2},{"not_picked":["animator:Rider","animator:DolaSchwi"],"picked":"animator:AcuraShin","floor":6},{"not_picked":["animator:MumenRider","animator:Sonic"],"picked":"animator:MetalKnight","floor":8},{"not_picked":["animator:Alexander","animator:Shion"],"picked":"animator:SilverFang","floor":10},{"not_picked":["animator:AcuraAkari","animator:IrohaTamaki"],"picked":"animator:Kaijin","floor":11},{"not_picked":["animator:Father","animator:Saitama"],"picked":"animator:Shizu","floor":16},{"not_picked":["animator:DolaRiku+1","animator:Hakurou+1"],"picked":"animator:NagisaMomoe","floor":18},{"not_picked":["animator:GazelDwargon","animator:Souei"],"picked":"animator:Vesta","floor":21},{"not_picked":["animator:Hakurou","animator:Genos"],"picked":"animator:ChaikaBohdan","floor":22},{"not_picked":["animator:ElricAlphonse+1","animator:Souei"],"picked":"animator:SuzuneAmano+1","floor":24},{"not_picked":["animator:Berserker","animator:Archer"],"picked":"animator:Pride+1","floor":25},{"not_picked":["animator:Viivi","animator:Tet"],"picked":"animator:Kaijin+1","floor":28},{"not_picked":["animator:OrikoMikuni","animator:YuiTsuruno"],"picked":"animator:YachiyoNanami","floor":29},{"not_picked":["animator:Saber","animator:ChaikaTrabant"],"picked":"animator:Envy","floor":33},{"not_picked":["animator:ElricEdward","animator:Millim"],"picked":"animator:Benimaru","floor":35},{"not_picked":["animator:IrohaTamaki+1","animator:FielNirvalen"],"picked":"animator:Benimaru+1","floor":38},{"not_picked":["animator:Gillette","animator:MaesHughes"],"picked":"animator:Archer","floor":39},{"not_picked":["animator:Gluttony","animator:Sloth"],"picked":"animator:ElricEdward","floor":41},{"not_picked":["hubris:Rewind","hubris:InfiniteBlow+4"],"picked":"infinitespire:Fortify","floor":45},{"not_picked":["animator:Viivi+1","animator:Berserker"],"picked":"animator:Rider","floor":54}],"player_experience":576541,"relics_obtained":[{"floor":5,"key":"Replay:Ringing Soul"},{"floor":6,"key":"ReplayTheSpireMod:Shallot"},{"floor":8,"key":"Grinning Jar"},{"floor":10,"key":"hubris:Teleporter"},{"floor":26,"key":"Happy Flower"},{"floor":41,"key":"Bird Faced Urn"},{"floor":43,"key":"Red Skull"},{"floor":54,"key":"Toy Ornithopter"}],"event_choices":[{"damage_healed":0,"gold_gain":0,"player_choice":"Grow","damage_taken":0,"max_hp_gain":0,"max_hp_loss":0,"event_name":"Living Wall","floor":4,"gold_loss":0,"cards_upgraded":["animator:Fredrika"]},{"damage_healed":0,"gold_gain":0,"player_choice":"Ignored","damage_taken":0,"max_hp_gain":0,"max_hp_loss":0,"event_name":"Purifier","floor":20,"gold_loss":0},{"damage_healed":0,"gold_gain":100,"player_choice":"Pray","damage_taken":0,"max_hp_gain":0,"max_hp_loss":0,"event_name":"Golden Shrine","floor":47,"gold_loss":0}],"is_beta":false,"boss_relics":[{"not_picked":["Runic Dome","conspire:SeveredTorchhead"],"picked":"hubris:Backtick"},{"not_picked":["Replay:Wanted Poster","animator:HolyGrailRelic"],"picked":"Replay:Fungal Core"}],"items_purged_floors":[53,53],"is_endless":false,"potions_floor_spawned":[1,6,16,22,24,29,33,41],"ascension_level":1}}