{"host":"zx8rmvlb08usbkpl","time":1611273596,"event":{"mods":["BaseMod","BetterRewards","Colored Powertips","Downfall","GifTheSpireLib","Marisa????????","Minty Spire (QoL Compilation)","Quick Restart","StSLib","Stuff the Spire","The Bug Knight","The Senshi"],"gold_per_floor":[99,117,137,137,154,59,59,59,209,3,3,32,49,49,69,170,170,70,83,42,42,42,42,42,27,27,45,62,81,81,96,111,214,214,14,32,49,34,52,63,63,63,74,133,133,133,133],"floor_reached":45,"language":"ENG","playtime":6380,"items_purged":["downfall:Icky"],"score":467,"play_id":"5bf33304-4ad4-4eab-a8a7-b57bea6e473f","local_time":"20210121185956","is_ascension_mode":false,"campfire_choices":[{"data":"Guardian:CurlUp","floor":1,"key":"SMITH"},{"data":"Apotheosis","floor":11,"key":"SMITH"},{"floor":18,"key":"RECALL"},{"data":"Guardian:BaubleBeam","floor":23,"key":"SMITH"},{"floor":26,"key":"REST"},{"floor":30,"key":"REST"},{"data":"Guardian:Reroute","floor":35,"key":"SMITH"}],"circlet_count":0,"master_deck":["Guardian:Strike_Guardian","Guardian:Strike_Guardian","Guardian:Defend_Guardian","Guardian:Defend_Guardian","Guardian:Defend_Guardian","Guardian:CurlUp+1","Guardian:TwinSlam","Guardian:ChargeCore","Guardian:EvasiveProtocol","Guardian:Reroute+1","Guardian:Harden","Guardian:StasisStrike","Guardian:BronzeArmor","Apotheosis+1","Guardian:SentryBeam","Guardian:BaubleBeam+1","Parasite","Guardian:TemporalShield","Guardian:SpikerProtocol+1","Guardian:PiercingHide","Guardian:Recover+1","Guardian:ShieldCharger+1","Guardian:TimeSifter","Guardian:TemporalShield+1","Guardian:MultiBeam+1","Guardian:DecasProtection","Guardian:RollAttack","Guardian:PrimingBeam+1","Guardian:Gem_Red","Guardian:Gem_Fragmented","Guardian:Gem_Green","Guardian:Gem_Orange","Guardian:Gem_White","Guardian:Gem_Cyan","Guardian:WalkerClaw+1","Guardian:Suspension+1","Guardian:TimeCapacitor"],"relics":["Guardian:ModeShifter","Lantern","SacredBark","downfall:HeartBlessingGreen","Vajra","Astrolabe","downfall:HeartBlessingRed","downfall:HeartBlessingBlue","Guardian:SackOfGems"],"acts_visited":["Exordium","TheCity","TheBeyond"],"potions_floor_usage":[38,38,43,44,45],"damage_taken":[{"damage":1,"enemies":"Jaw Worm","floor":2,"turns":5},{"damage":3,"enemies":"2 Louse","floor":3,"turns":3},{"damage":5,"enemies":"Small Slimes","floor":5,"turns":3},{"damage":0,"enemies":"downfall:FleeingMerchant","floor":6,"turns":4},{"damage":10,"enemies":"downfall:FleeingMerchant","floor":10,"turns":4},{"damage":9,"enemies":"3 Sentries","floor":12,"turns":9},{"damage":12,"enemies":"Blue Slaver","floor":13,"turns":3},{"damage":10,"enemies":"Gremlin Gang","floor":15,"turns":4},{"damage":28,"enemies":"WA_ARCHETYPE_RETAIN","floor":16,"turns":11},{"damage":10,"enemies":"Shell Parasite","floor":19,"turns":7},{"damage":0,"enemies":"downfall:FleeingMerchant","floor":20,"turns":4},{"damage":16,"enemies":"downfall:FleeingMerchant","floor":25,"turns":4},{"damage":0,"enemies":"Sentry and Sphere","floor":27,"turns":6},{"damage":13,"enemies":"Shelled Parasite and Fungi","floor":28,"turns":5},{"damage":8,"enemies":"Cultist and Chosen","floor":29,"turns":8},{"damage":0,"enemies":"Snake Plant","floor":31,"turns":4},{"damage":0,"enemies":"Snecko","floor":32,"turns":5},{"damage":42,"enemies":"SI_MIRROR_ARCHETYPE","floor":33,"turns":12},{"damage":3,"enemies":"3 Darklings","floor":36,"turns":5},{"damage":0,"enemies":"Orb Walker","floor":37,"turns":4},{"damage":20,"enemies":"downfall:FleeingMerchant","floor":38,"turns":4},{"damage":38,"enemies":"4 Shapes","floor":39,"turns":9},{"damage":25,"enemies":"Sphere and 2 Shapes","floor":40,"turns":4},{"damage":0,"enemies":"Transient","floor":43,"turns":5},{"damage":2,"enemies":"downfall:FleeingMerchant","floor":44,"turns":4},{"damage":10,"enemies":"Spire Growth","floor":45,"turns":2}],"seed_played":"-818721895067372419","potions_obtained":[{"floor":3,"key":"Block Potion"},{"floor":12,"key":"Block Potion"},{"floor":13,"key":"sneckomod:MuddlingPotion"},{"floor":19,"key":"Fire Potion"},{"floor":27,"key":"Explosive Potion"},{"floor":36,"key":"hexamod:SoulburnPotion"},{"floor":39,"key":"Block Potion"}],"is_trial":false,"path_per_floor":["R","M","M","?","M","$","T","?","?","$","R","E","M","?","M","B",null,"R","M","$","?","?","R","T","$","R","M","M","M","R","M","M","B",null,"R","M","M","$","M","M","T","?","M","?","M"],"character_chosen":"GUARDIAN","items_purchased":["Guardian:StasisStrike","Apotheosis","Guardian:PiercingHide","Guardian:TimeCapacitor","SpeedPotion","Energy Potion","LiquidBronze"],"campfire_rested":2,"item_purchase_floors":[6,10,20,44,44,44,44],"current_hp_per_floor":[80,79,76,76,71,71,71,65,65,55,55,46,34,54,44,16,80,80,70,70,70,70,70,70,54,78,78,65,57,80,80,80,38,80,90,87,87,67,29,4,4,4,4,2,0,0,0],"gold":133,"neow_bonus":"ONE_RANDOM_RARE_CARD","is_daily":false,"chose_seed":false,"campfire_upgraded":4,"win_rate":0.0,"timestamp":1611273596,"path_taken":["R","M","M","?","M","$","T","?","?","?","R","E","M","?","M","BOSS","R","M","$","?","?","R","T","$","R","M","M","M","R","M","M","BOSS","R","M","?","$","M","M","T","?","?","?","M"],"items_purchased_type":["Card","Card","Card","Card","Potion","Potion","Potion"],"build_version":"2020-12-22","purchased_purges":1,"victory":false,"max_hp_per_floor":[80,80,80,80,80,80,80,80,80,80,80,80,80,80,80,80,80,80,80,80,80,80,80,80,80,80,80,80,80,80,80,80,80,80,90,90,90,90,90,90,90,90,90,90,90,90,90],"card_choices":[{"not_picked":["Guardian:PrismaticBeam","Guardian:VentSteam"],"picked":"Guardian:ChargeCore","floor":2},{"not_picked":["Guardian:RefractedBeam","Guardian:RollAttack"],"picked":"Guardian:EvasiveProtocol","floor":3},{"not_picked":["Guardian:MultiBeam","Guardian:FloatingOrbs"],"picked":"Guardian:Reroute","floor":5},{"not_picked":["Guardian:RollAttack","Guardian:PrimingBeam"],"picked":"Guardian:Harden","floor":6},{"not_picked":["Guardian:PrismaticBarrier","Guardian:VentSteam"],"picked":"Guardian:BronzeArmor","floor":10},{"not_picked":["Guardian:Gem_Cyan","Guardian:Reroute"],"picked":"Guardian:SentryBeam","floor":12},{"not_picked":["Guardian:VentSteam","Guardian:CrystalBeam"],"picked":"Guardian:BaubleBeam","floor":13},{"not_picked":["Guardian:CrystalBeam","Guardian:PrimingBeam"],"picked":"Guardian:TemporalShield","floor":15},{"not_picked":["Guardian:StasisStrike","Guardian:Gem_Synthetic"],"picked":"Guardian:Gem_Orange","floor":16},{"not_picked":["Guardian:ChargeCore+1","Guardian:RollAttack"],"picked":"Guardian:SpikerProtocol+1","floor":19},{"not_picked":["Guardian:ShieldSpikes","Guardian:Suspension","Guardian:PrimingBeam"],"picked":"SKIP","floor":20},{"not_picked":["Guardian:Recover","Guardian:Planning"],"picked":"Guardian:Gem_Green","floor":25},{"not_picked":["Guardian:PrismaticBeam","Guardian:Suspension+1"],"picked":"Guardian:Recover+1","floor":27},{"not_picked":["Guardian:Suspension","Guardian:SpikerProtocol"],"picked":"Guardian:ShieldCharger+1","floor":28},{"not_picked":["Guardian:PiercingHide","Guardian:BaubleBeam","Guardian:Recover"],"picked":"SKIP","floor":29},{"not_picked":["Guardian:Incinerate","Guardian:RefractedBeam","Guardian:PrimingBeam"],"picked":"SKIP","floor":31},{"not_picked":["Guardian:TemporalShield","Guardian:SpikerProtocol"],"picked":"Guardian:Gem_Red","floor":32},{"not_picked":["Guardian:HyperBeam_Guardian","Guardian:Gem_Synthetic"],"picked":"Guardian:TimeSifter","floor":33},{"not_picked":["Guardian:Gem_Green","Guardian:Reroute"],"picked":"Guardian:DecasProtection","floor":36},{"not_picked":["Guardian:Gem_Green","Guardian:PrimingBeam","Guardian:GuardianWhirl"],"picked":"SKIP","floor":37},{"not_picked":["Guardian:Gem_Green","Guardian:TimeBomb"],"picked":"Guardian:RollAttack","floor":38},{"not_picked":["Guardian:ShieldSpikes+1","Guardian:ArmoredProtocol"],"picked":"Guardian:PrimingBeam+1","floor":39},{"not_picked":["Guardian:TemporalStrike+1","Guardian:Planning"],"picked":"Guardian:Gem_Red","floor":40},{"not_picked":["Guardian:Gem_Green","Guardian:FloatingOrbs"],"picked":"Guardian:WalkerClaw+1","floor":43},{"not_picked":["Guardian:FastForward","Guardian:RefractedBeam"],"picked":"Guardian:Suspension+1","floor":44}],"player_experience":954663,"relics_obtained":[{"floor":12,"key":"Lantern"},{"floor":24,"key":"Vajra"},{"floor":41,"key":"Guardian:SackOfGems"}],"event_choices":[{"damage_healed":20,"gold_gain":0,"player_choice":"Healed and dodged fight","damage_taken":0,"max_hp_gain":0,"max_hp_loss":0,"event_name":"Mushrooms","floor":14,"gold_loss":0,"cards_obtained":["Parasite"]},{"damage_healed":0,"gold_gain":0,"player_choice":"Read","damage_taken":0,"max_hp_gain":0,"max_hp_loss":0,"event_name":"The Library","floor":21,"gold_loss":0,"cards_obtained":["Guardian:Gem_Red"]}],"is_beta":false,"boss_relics":[{"not_picked":["Fusion Hammer","StuffTheSpire:ModemDavis"],"picked":"SacredBark"},{"not_picked":["Cursed Key","Sozu"],"picked":"Astrolabe"}],"items_purged_floors":[44],"is_endless":false,"potions_floor_spawned":[3,12,13,16,19,27,32,36,39],"killed_by":"Spire Growth","ascension_level":0}}