{"host":"ELF","time":1611253167,"event":{"mods":["BaseMod","Bestiary","Minty Spire (QoL Compilation)","Relic Stats","Slay the Relics Exporter"],"gold_per_floor":[109,125,125,144,69,69,88,88,88,88,117,132,161,172,172,244,244,257,270,270,2,14,41,41,72,72,89,189,209,242,255,255,327,327,339,239,239,252,299,333,333,333,333,333,345,378,378,412,412,412,412,412,412,82,132,132],"floor_reached":57,"language":"ENG","playtime":4814,"items_purged":["Pain","Strike_B"],"score":3345,"play_id":"9931af89-8b03-4c76-bb99-1140b62bff4f","local_time":"20210121121927","is_ascension_mode":true,"campfire_choices":[{"floor":6.0,"key":"REST"},{"data":"Coolheaded","floor":8.0,"key":"SMITH"},{"data":"Recycle","floor":10.0,"key":"SMITH"},{"floor":15.0,"key":"REST"},{"data":"Creative AI","floor":24.0,"key":"SMITH"},{"floor":32,"key":"REST"},{"floor":42,"key":"RECALL"},{"data":"Doubt","floor":44,"key":"PURGE"},{"data":"Strike_B","floor":49,"key":"PURGE"},{"data":"Injury","floor":53,"key":"PURGE"}],"circlet_count":0,"master_deck":["AscendersBane","Defend_B+1","Defend_B","Defend_B","Defend_B","Zap","Dualcast","Gash","Coolheaded+1","Recycle+1","Cold Snap","Reinforced Body","Force Field","Creative AI+1","Electrodynamics","Leap+1","Genetic Algorithm","Glacier","Hyperbeam","Parasite","Chill+1","Self Repair","Glacier","Force Field","Echo Form","Barrage+1","Forethought","Magnetism","Panache","Compile Driver+1","Core Surge","Doom and Gloom","Steam+1","Meteor Strike","Redo+1"],"relics":["Cursed Key","WarpedTongs","Bird Faced Urn","HornCleat","DataDisk","Black Star","FaceOfCleric","Cables","Ornamental Fan","Nunchaku","Mango","Gremlin Horn","Bottled Tornado","Incense Burner","Mummified Hand","Pantograph","CaptainsWheel","Fusion Hammer","FossilizedHelix","Peace Pipe","Sundial","Letter Opener","Bronze Scales","Anchor","Happy Flower","Bag of Marbles","War Paint","Symbiotic Virus","Ginger"],"acts_visited":["Exordium","TheCity","TheBeyond","TheEnding"],"potions_floor_usage":[28,28,30,30,38,40,45],"damage_taken":[{"damage":7.0,"enemies":"Jaw Worm","floor":1.0,"turns":4.0},{"damage":6.0,"enemies":"Cultist","floor":2.0,"turns":4.0},{"damage":10.0,"enemies":"Small Slimes","floor":4.0,"turns":4.0},{"damage":10.0,"enemies":"Exordium Wildlife","floor":7.0,"turns":3.0},{"damage":31.0,"enemies":"Gremlin Nob","floor":11.0,"turns":4.0},{"damage":0.0,"enemies":"Large Slime","floor":12.0,"turns":7.0},{"damage":9.0,"enemies":"Lagavulin","floor":13.0,"turns":10.0},{"damage":7.0,"enemies":"3 Louse","floor":14.0,"turns":4.0},{"damage":0.0,"enemies":"The Guardian","floor":16.0,"turns":10.0},{"damage":18.0,"enemies":"Chosen","floor":18.0,"turns":6.0},{"damage":0.0,"enemies":"3 Byrds","floor":19.0,"turns":3.0},{"damage":17.0,"enemies":"Cultist and Chosen","floor":22.0,"turns":8.0},{"damage":5.0,"enemies":"Gremlin Leader","floor":23.0,"turns":7.0},{"damage":32.0,"enemies":"Book of Stabbing","floor":25.0,"turns":9.0},{"damage":25.0,"enemies":"Snake Plant","floor":27.0,"turns":5.0},{"damage":16,"enemies":"Colosseum Slavers","floor":28,"turns":4},{"damage":30,"enemies":"Colosseum Nobs","floor":28,"turns":4},{"damage":18,"enemies":"Shelled Parasite and Fungi","floor":29,"turns":10},{"damage":29,"enemies":"Gremlin Leader","floor":30,"turns":6},{"damage":9,"enemies":"Centurion and Healer","floor":31,"turns":10},{"damage":0,"enemies":"Collector","floor":33,"turns":14},{"damage":11,"enemies":"Orb Walker","floor":35,"turns":4},{"damage":0,"enemies":"3 Shapes","floor":38,"turns":5},{"damage":49,"enemies":"2 Orb Walkers","floor":39,"turns":6},{"damage":7,"enemies":"Reptomancer","floor":40,"turns":7},{"damage":0,"enemies":"Jaw Worm Horde","floor":45,"turns":4},{"damage":0,"enemies":"Nemesis","floor":46,"turns":7},{"damage":0,"enemies":"Reptomancer","floor":48,"turns":6},{"damage":71,"enemies":"Awakened One","floor":50,"turns":21},{"damage":0,"enemies":"Time Eater","floor":51,"turns":11},{"damage":48,"enemies":"Shield and Spear","floor":55,"turns":8},{"damage":72,"enemies":"The Heart","floor":56,"turns":9}],"seed_played":"8237552941930708671","potions_obtained":[{"floor":1.0,"key":"Swift Potion"},{"floor":11.0,"key":"Block Potion"},{"floor":13.0,"key":"GamblersBrew"},{"floor":16.0,"key":"Dexterity Potion"},{"floor":23.0,"key":"BlessingOfTheForge"},{"floor":25.0,"key":"Weak Potion"},{"floor":28,"key":"FocusPotion"},{"floor":29,"key":"ColorlessPotion"},{"floor":30,"key":"Ancient Potion"},{"floor":33,"key":"SneckoOil"},{"floor":39,"key":"SneckoOil"},{"floor":40,"key":"Energy Potion"},{"floor":55,"key":"SpeedPotion"}],"is_trial":false,"path_per_floor":["M","M","?","M","$","R","M","R","T","R","E","M","E","M","R","B",null,"M","M","?","$","M","E","R","E","T","M","?","M","E","M","R","B",null,"M","$","?","M","?","E","?","R","T","R","M","E","?","E","R","B","B",null,"R","$","E","B",null],"character_chosen":"DEFECT","items_purchased":["Cables","Bag of Marbles","War Paint"],"campfire_rested":3,"item_purchase_floors":[21,54,54],"current_hp_per_floor":[57,51,51,41,41,62,52,52,52,52,21,21,12,5,26,50,66,57,63,63,63,65,73,73,68,68,56,38,41,38,64,92,95,95,96,96,86,97,76,99,99,99,99,99,100,101,101,102,102,92,104,104,104,104,79,70],"gold":132,"neow_bonus":"BOSS_RELIC","is_daily":false,"chose_seed":false,"campfire_upgraded":3,"win_rate":0.0,"timestamp":1611253167,"path_taken":["M","M","?","M","$","R","M","R","T","R","E","M","E","?","R","BOSS","M","M","?","?","M","E","R","E","T","M","?","?","E","M","R","BOSS","M","$","?","M","?","E","?","R","T","R","M","E","?","E","R","BOSS","BOSS","R","$","E","BOSS"],"items_purchased_type":["Relic","Relic","Relic"],"build_version":"2020-12-18","purchased_purges":2,"victory":true,"max_hp_per_floor":[71,71,71,71,71,71,71,71,71,71,71,71,71,71,71,71,71,71,71,71,71,72,73,73,88,88,89,91,92,93,94,94,95,95,96,96,96,97,98,99,99,99,99,99,100,101,101,102,102,103,104,104,104,104,105,106],"relic_stats":{"Gremlin Horn":[28,28],"Happy Flower":[16],"counters":[32,224],"Letter Opener":[165],"Ginger":[2],"War Paint":["Chill","Defend_B"],"Cursed Key":3,"WarpedTongs":[215],"Cables":[145,47,78,6,14],"Peace Pipe":3,"Nunchaku":[20],"FaceOfCleric":21,"Ornamental Fan":[108],"Mummified Hand":[268],"Sundial":[6],"Bird Faced Urn":[345],"Pantograph":38,"Bronze Scales":[333],"Black Star":7,"obtain_stats":[{"Gremlin Horn":25,"Mango":25,"Incense Burner":28,"Ginger":55,"Bottled Tornado":26,"Cursed Key":0,"Nunchaku":23,"HornCleat":11,"FaceOfCleric":20,"Mummified Hand":28,"Sundial":40,"Pantograph":30,"Fusion Hammer":34,"Cracked Core":0,"Happy Flower":48,"Letter Opener":46,"War Paint":54,"WarpedTongs":3,"Cables":21,"Peace Pipe":40,"DataDisk":13,"CaptainsWheel":30,"Anchor":48,"Ornamental Fan":23,"Bird Faced Urn":9,"Bronze Scales":46,"Black Star":17,"Bag of Marbles":54,"Symbiotic Virus":55,"FossilizedHelix":39},{"Gremlin Horn":14,"Mango":14,"Incense Burner":17,"Ginger":31,"Bottled Tornado":14,"Cursed Key":0,"Nunchaku":13,"HornCleat":5,"FaceOfCleric":11,"Mummified Hand":17,"Sundial":25,"Pantograph":19,"Fusion Hammer":21,"Cracked Core":0,"Happy Flower":28,"Letter Opener":27,"War Paint":30,"WarpedTongs":2,"Cables":11,"Peace Pipe":25,"DataDisk":7,"CaptainsWheel":19,"Anchor":28,"Ornamental Fan":13,"Bird Faced Urn":4,"Bronze Scales":27,"Black Star":9,"Bag of Marbles":30,"Symbiotic Virus":31,"FossilizedHelix":24},{"Gremlin Horn":83,"Mango":83,"Incense Burner":96,"Ginger":215,"Bottled Tornado":83,"Cursed Key":0,"Nunchaku":74,"HornCleat":19,"FaceOfCleric":59,"Mummified Hand":96,"Sundial":158,"Pantograph":112,"Fusion Hammer":136,"Cracked Core":0,"Happy Flower":175,"Letter Opener":169,"War Paint":207,"WarpedTongs":8,"Cables":59,"Peace Pipe":158,"DataDisk":36,"CaptainsWheel":112,"Anchor":175,"Ornamental Fan":74,"Bird Faced Urn":15,"Bronze Scales":169,"Black Star":50,"Bag of Marbles":207,"Symbiotic Virus":215,"FossilizedHelix":151}]},"card_choices":[{"not_picked":["Hologram","Self Repair"],"picked":"Gash","floor":1.0},{"not_picked":["Turbo","Hologram"],"picked":"Coolheaded","floor":2.0},{"not_picked":["Sweeping Beam","Sunder"],"picked":"Recycle","floor":4.0},{"not_picked":["Turbo","Coolheaded"],"picked":"Cold Snap","floor":7.0},{"not_picked":["Heatsinks","Loop"],"picked":"Reinforced Body","floor":11.0},{"not_picked":["Cold Snap","Double Energy"],"picked":"Force Field","floor":12.0},{"not_picked":["Steam Power","Aggregate"],"picked":"Creative AI","floor":13.0},{"not_picked":["Stack","Hologram","Streamline"],"picked":"SKIP","floor":14.0},{"not_picked":["Thunder Strike","Multi-Cast"],"picked":"Electrodynamics","floor":16.0},{"not_picked":["Go for the Eyes","Reprogram"],"picked":"Leap+1","floor":18.0},{"not_picked":["Blizzard","Leap"],"picked":"Genetic Algorithm","floor":19.0},{"not_picked":["Go for the Eyes","Streamline+1"],"picked":"Glacier","floor":22.0},{"not_picked":["Redo","Hologram"],"picked":"Hyperbeam","floor":23.0},{"not_picked":["Leap","Rip and Tear","Stack"],"picked":"SKIP","floor":25.0},{"not_picked":["Gash","Barrage"],"picked":"Chill","floor":27.0},{"not_picked":["White Noise+1","Buffer"],"picked":"Self Repair","floor":29},{"not_picked":["Redo","Cold Snap+1"],"picked":"Glacier","floor":30},{"not_picked":["Steam Power+1","Beam Cell"],"picked":"Force Field","floor":31},{"not_picked":["Creative AI","Meteor Strike"],"picked":"Echo Form","floor":33},{"not_picked":["Fusion","Coolheaded"],"picked":"Barrage+1","floor":35},{"not_picked":["Finesse","Dramatic Entrance"],"picked":"Forethought","floor":37},{"not_picked":["PanicButton","Dark Shackles"],"picked":"Magnetism","floor":37},{"not_picked":["Forethought","Jack Of All Trades"],"picked":"Panache","floor":37},{"not_picked":["Melter","Recycle"],"picked":"Compile Driver+1","floor":38},{"not_picked":["BootSequence","Streamline"],"picked":"Core Surge","floor":40},{"not_picked":["Go for the Eyes","Sweeping Beam+1"],"picked":"Doom and Gloom","floor":45},{"not_picked":["Hyperbeam","Reprogram"],"picked":"Steam+1","floor":46},{"not_picked":["Chaos","Stack"],"picked":"Meteor Strike","floor":48},{"not_picked":["Coolheaded","Genetic Algorithm+1"],"picked":"Redo+1","floor":55}],"player_experience":3255204,"relics_obtained":[{"floor":9.0,"key":"Bird Faced Urn"},{"floor":11.0,"key":"HornCleat"},{"floor":13.0,"key":"DataDisk"},{"floor":23.0,"key":"Ornamental Fan"},{"floor":23.0,"key":"Nunchaku"},{"floor":25.0,"key":"Mango"},{"floor":25.0,"key":"Gremlin Horn"},{"floor":26.0,"key":"Bottled Tornado"},{"floor":28,"key":"Incense Burner"},{"floor":28,"key":"Mummified Hand"},{"floor":30,"key":"Pantograph"},{"floor":30,"key":"CaptainsWheel"},{"floor":39,"key":"FossilizedHelix"},{"floor":40,"key":"Peace Pipe"},{"floor":40,"key":"Sundial"},{"floor":46,"key":"Letter Opener"},{"floor":46,"key":"Bronze Scales"},{"floor":48,"key":"Anchor"},{"floor":48,"key":"Happy Flower"},{"floor":55,"key":"Symbiotic Virus"},{"floor":55,"key":"Ginger"}],"event_choices":[{"damage_healed":0.0,"max_hp_gain":0.0,"max_hp_loss":0.0,"gold_gain":0.0,"event_name":"Accursed Blacksmith","player_choice":"Rummage","floor":3.0,"gold_loss":0.0,"damage_taken":0.0,"relics_obtained":["WarpedTongs"],"cards_obtained":["Pain"]},{"damage_healed":0.0,"max_hp_gain":0.0,"max_hp_loss":0.0,"gold_gain":0.0,"event_name":"FaceTrader","player_choice":"Trade","floor":20.0,"gold_loss":0.0,"damage_taken":0.0,"relics_obtained":["FaceOfCleric"]},{"damage_healed":0,"gold_gain":0,"player_choice":"Fight","damage_taken":0,"max_hp_gain":0,"max_hp_loss":0,"event_name":"Colosseum","floor":28,"gold_loss":0},{"damage_healed":0,"gold_gain":0,"player_choice":"Fought Nobs","damage_taken":0,"max_hp_gain":0,"max_hp_loss":0,"event_name":"Colosseum","floor":28,"gold_loss":0},{"damage_healed":0,"gold_gain":0,"player_choice":"Memory 3","damage_taken":10,"max_hp_gain":0,"max_hp_loss":0,"event_name":"SensoryStone","floor":37,"gold_loss":0},{"damage_healed":0,"gold_gain":0,"player_choice":"Fight","damage_taken":0,"max_hp_gain":0,"max_hp_loss":0,"event_name":"Mysterious Sphere","floor":39,"gold_loss":0},{"cards_removed":["Strike_B"],"damage_healed":0,"gold_gain":0,"player_choice":"Removed Attack","damage_taken":0,"max_hp_gain":0,"max_hp_loss":0,"event_name":"Falling","floor":41,"gold_loss":0},{"cards_removed":["Strike_B"],"damage_healed":0,"gold_gain":0,"player_choice":"Offered Basic","damage_taken":0,"max_hp_gain":0,"max_hp_loss":0,"event_name":"Bonfire Elementals","floor":47,"gold_loss":0}],"is_beta":true,"boss_relics":[{"not_picked":["Busted Crown","Sozu"],"picked":"Black Star"},{"not_picked":["Coffee Dripper","Astrolabe"],"picked":"Fusion Hammer"}],"items_purged_floors":[5,36],"is_endless":false,"potions_floor_spawned":[1,11,13,16,23,25,27,28,29,30,33,35,39,40,55],"ascension_level":20}}