{"host":"k2mw1od0xoi9pcfj","time":1611233333,"event":{"mods":["Act Like it!","Aspiration","BaseMod","Downfall","Energized Spire","Hermit","Highlight Path","Minty Spire (QoL Compilation)","Permanent Neow","Relic Stats","Retaliation","StSLib","TheHeartMod"],"gold_per_floor":[217,231,241,257,275,304,304,317,317,100,119,136,148,168,168,271,271,271,271],"floor_reached":18,"language":"ENG","playtime":1601,"items_purged":[],"score":170,"play_id":"9a6a8060-3ba7-4680-a549-a23ba0130ec2","local_time":"20210121064853","is_ascension_mode":false,"campfire_choices":[{"data":"hermit:Maintenance","floor":7,"key":"SMITH"},{"floor":15,"key":"RECALL"}],"circlet_count":0,"master_deck":["hermit:Strike_Hermit","hermit:Strike_Hermit","hermit:Strike_Hermit","hermit:Strike_Hermit","hermit:Defend_Hermit","hermit:Defend_Hermit","hermit:Defend_Hermit","hermit:Defend_Hermit","hermit:Snapshot","hermit:Covet","hermit:Gestalt","hermit:BigShot","hermit:Maintenance+1","hermit:Deadeye","hermit:Maintenance","hermit:GhostlyPresence","hermit:Brawl","hermit:FromBeyond"],"relics":["hermit:Momento","Matryoshka","aspiration:Lifesprig","Pantograph","Membership Card","Orichalcum","aspiration:PoetsPen_weak"],"acts_visited":["Exordium","TheCity"],"potions_floor_usage":[6,18],"damage_taken":[{"damage":0,"enemies":"Cultist","floor":1,"turns":3},{"damage":1,"enemies":"Jaw Worm","floor":2,"turns":5},{"damage":0,"enemies":"Small Slimes","floor":3,"turns":5},{"damage":11,"enemies":"Blue Slaver","floor":4,"turns":5},{"damage":5,"enemies":"2 Fungi Beasts","floor":5,"turns":5},{"damage":2,"enemies":"Lagavulin","floor":6,"turns":7},{"damage":2,"enemies":"Looter","floor":8,"turns":4},{"damage":6,"enemies":"Large Slime","floor":11,"turns":7},{"damage":1,"enemies":"Exordium Wildlife","floor":12,"turns":6},{"damage":7,"enemies":"Exordium Thugs","floor":13,"turns":7},{"damage":0,"enemies":"Red Slaver","floor":14,"turns":4},{"damage":12,"enemies":"Slime Boss","floor":16,"turns":14},{"damage":19,"enemies":"3 Byrds","floor":18,"turns":4}],"seed_played":"-5484564839941382203","potions_obtained":[{"floor":4,"key":"SteroidPotion"},{"floor":5,"key":"SpeedPotion"},{"floor":6,"key":"LiquidBronze"},{"floor":8,"key":"PowerPotion"}],"is_trial":false,"path_per_floor":["M","M","M","M","M","E","R","M","T","$","M","M","M","M","R","B",null,"M"],"character_chosen":"HERMIT","items_purchased":["Membership Card","Orichalcum"],"campfire_rested":0,"item_purchase_floors":[10,10],"current_hp_per_floor":[75,74,74,63,58,56,56,54,54,54,48,47,40,40,40,53,75,56,56],"gold":271,"neow_bonus":"HUNDRED_GOLD","is_daily":false,"chose_seed":false,"campfire_upgraded":1,"win_rate":0.0,"timestamp":1611233333,"path_taken":["M","M","M","M","M","E","R","M","T","$","M","?","M","M","R","BOSS","M"],"items_purchased_type":["Relic","Relic"],"build_version":"2020-12-22","purchased_purges":0,"victory":false,"max_hp_per_floor":[75,75,75,75,75,75,75,75,75,75,75,75,75,75,75,75,75,75,75],"relic_stats":{"counters":[13,76],"Pantograph":25,"Orichalcum":[60],"obtain_stats":[{"aspiration:Lifesprig":9,"Matryoshka":6,"Pantograph":9,"aspiration:PoetsPen_weak":17,"Membership Card":10,"Orichalcum":10,"hermit:Momento":0},{"aspiration:Lifesprig":7,"Matryoshka":6,"Pantograph":7,"aspiration:PoetsPen_weak":12,"Membership Card":7,"Orichalcum":7,"hermit:Momento":0},{"aspiration:Lifesprig":34,"Matryoshka":30,"Pantograph":34,"aspiration:PoetsPen_weak":72,"Membership Card":34,"Orichalcum":34,"hermit:Momento":0}]},"card_choices":[{"not_picked":["hermit:ItchyTrigger","hermit:TrackingShot"],"picked":"hermit:Gestalt","floor":1},{"not_picked":["hermit:Feint","hermit:Desperado"],"picked":"hermit:BigShot","floor":2},{"not_picked":["hermit:Coalescence","hermit:HighCaliber","hermit:ItchyTrigger"],"picked":"SKIP","floor":3},{"not_picked":["hermit:Misfire","hermit:CursedWeapon"],"picked":"hermit:Maintenance","floor":4},{"not_picked":["hermit:Roulette","hermit:Coalescence"],"picked":"hermit:Deadeye","floor":5},{"not_picked":["hermit:Manifest","hermit:SprayPray"],"picked":"hermit:Maintenance","floor":6},{"not_picked":["hermit:Dive","hermit:Coalescence"],"picked":"hermit:GhostlyPresence","floor":8},{"not_picked":["hermit:BlackWind","hermit:Vantage","hermit:Snipe"],"picked":"SKIP","floor":11},{"not_picked":["hermit:Misfire","hermit:Roulette","hermit:Headshot"],"picked":"SKIP","floor":12},{"not_picked":["hermit:Glare","hermit:Manifest","hermit:Misfire"],"picked":"SKIP","floor":13},{"not_picked":["hermit:TrackingShot","hermit:Headshot"],"picked":"hermit:Brawl","floor":14},{"not_picked":["hermit:BlackWind","hermit:FinalCanter"],"picked":"hermit:FromBeyond","floor":16}],"player_experience":778183,"relics_obtained":[{"floor":6,"key":"Matryoshka"},{"floor":9,"key":"aspiration:Lifesprig"},{"floor":9,"key":"Pantograph"}],"event_choices":[],"is_beta":false,"boss_relics":[{"not_picked":["Empty Cage","Busted Crown"],"picked":"aspiration:PoetsPen_weak"}],"items_purged_floors":[],"is_endless":false,"potions_floor_spawned":[4,5,6,8,12,13],"killed_by":"3 Byrds","ascension_level":0}}