{"host":"adm2q5bvgv1mb6tu","time":1611192211,"event":{"mods":["AchievementEnabler","BaseMod","Bestiary","BetterRewards","Block Reminder","Colored Map","Colored Powertips","DeckTracker","Downfall","Highlight Path","Jorbs\u0027s Wanderer Trilogy","Minty Spire (QoL Compilation)","Quick Restart","Random Character Button","Random Character Mod","Rare Cards Sparkle","Relic Stats","Shop Mod","StSLib","Transform Curses"],"gold_per_floor":[111,111,127,138,313,313,345,360,360,360,375,375,386,396,396,493,543,562,477,488,167,186,197,210,210,237,3,3,15,15,30,30,30,30],"floor_reached":33,"language":"ENG","playtime":6197,"items_purged":[],"score":280,"play_id":"003c743e-7ea0-4641-b329-66acb6cb13db","local_time":"20210120192331","is_ascension_mode":false,"campfire_choices":[{"data":"Judgement","floor":6,"key":"SMITH"},{"data":"PathToVictory","floor":10,"key":"SMITH"},{"floor":15,"key":"REST"},{"floor":32,"key":"REST"}],"circlet_count":0,"master_deck":["Strike_P","Strike_P","Defend_P+1","Defend_P","Defend_P","Defend_P","Eruption","Vigilance","Prostrate","EmptyFist","Judgement+1","PathToVictory+1","BowlingBash","Nirvana+1","PathToVictory","Brilliance","DevaForm+1","PathToVictory","Perseverance","DeceiveReality+1","Adaptation+1","DeceiveReality+1","Indignation","EmptyMind+1","Slimebound:CheckThePlaybook","downfall:Icky","Bandage Up","SignatureMove","Iron Wave","SignatureMove","WheelKick"],"relics":["PureWater","Bottled Lightning","Frozen Egg 2","Tiny House","Kunai","Membership Card","MerchantsRug","MealTicket","Anchor","TungstenRod"],"acts_visited":["Exordium","TheCity"],"potions_floor_usage":[18,22,30,33,33],"damage_taken":[{"damage":0,"enemies":"Small Slimes","floor":1,"turns":5},{"damage":0,"enemies":"2 Louse","floor":3,"turns":2},{"damage":1,"enemies":"Cultist","floor":4,"turns":3},{"damage":8,"enemies":"3 Sentries","floor":7,"turns":6},{"damage":0,"enemies":"Looter","floor":8,"turns":1},{"damage":1,"enemies":"3 Louse","floor":11,"turns":3},{"damage":0,"enemies":"2 Fungi Beasts","floor":13,"turns":1},{"damage":3,"enemies":"Lots of Slimes","floor":14,"turns":4},{"damage":15,"enemies":"Slime Boss","floor":16,"turns":7},{"damage":6,"enemies":"Chosen","floor":18,"turns":4},{"damage":0,"enemies":"Spheric Guardian","floor":20,"turns":1},{"damage":22,"enemies":"Snake Plant","floor":22,"turns":4},{"damage":37,"enemies":"Shelled Parasite and Fungi","floor":23,"turns":5},{"damage":5,"enemies":"Chosen and Byrds","floor":24,"turns":4},{"damage":0,"enemies":"Snecko","floor":29,"turns":5},{"damage":0,"enemies":"Snake Plant","floor":30,"turns":1},{"damage":2,"enemies":"Centurion and Healer","floor":31,"turns":6},{"damage":102,"enemies":"Automaton","floor":33,"turns":6}],"seed_played":"-8742608613723142979","potions_obtained":[{"floor":1,"key":"SmokeBomb"},{"floor":3,"key":"BottledMiracle"},{"floor":7,"key":"LiquidBronze"},{"floor":16,"key":"Slimebound:ThreeZeroPotion"},{"floor":18,"key":"Fruit Juice"},{"floor":23,"key":"Regen Potion"},{"floor":24,"key":"GamblersBrew"},{"floor":31,"key":"SteroidPotion"}],"is_trial":false,"path_per_floor":["M","?","M","M","?","R","E","M","T","R","M","?","M","M","R","B",null,"M","?","M","$","M","M","M","?","T","$","?","M","M","M","R","B"],"character_chosen":"WATCHER","items_purchased":["Membership Card","MerchantsRug","Adaptation+1","MealTicket","Bandage Up","TungstenRod","SignatureMove"],"campfire_rested":2,"item_purchase_floors":[21,21,21,21,27,27,27],"current_hp_per_floor":[79,72,72,71,71,71,63,63,63,63,62,62,62,59,79,64,84,83,83,83,83,61,24,19,19,19,34,34,38,42,44,70,0,0],"gold":30,"neow_bonus":"TEN_PERCENT_HP_BONUS","is_daily":false,"chose_seed":false,"campfire_upgraded":2,"win_rate":0.0,"timestamp":1611192211,"path_taken":["M","?","M","M","?","R","E","M","T","R","M","?","?","M","R","BOSS","M","?","M","$","M","M","M","?","T","$","?","M","?","M","R","BOSS"],"items_purchased_type":["Relic","Relic","Card","Relic","Card","Relic","Card"],"build_version":"2020-12-22","purchased_purges":0,"victory":false,"max_hp_per_floor":[79,79,79,79,79,79,79,79,79,79,79,79,79,79,79,79,84,89,89,89,89,89,89,89,89,89,89,89,89,89,89,89,89,89],"relic_stats":{"counters":[18,68],"MealTicket":15,"Kunai":[3],"obtain_stats":[{"MerchantsRug":21,"Anchor":26,"Tiny House":17,"MealTicket":21,"Bottled Lightning":7,"Kunai":19,"Membership Card":21,"PureWater":0,"Frozen Egg 2":9,"TungstenRod":27},{"MerchantsRug":11,"Anchor":14,"Tiny House":9,"MealTicket":11,"Bottled Lightning":4,"Kunai":10,"Membership Card":11,"PureWater":0,"Frozen Egg 2":5,"TungstenRod":14},{"MerchantsRug":37,"Anchor":50,"Tiny House":32,"MealTicket":37,"Bottled Lightning":16,"Kunai":36,"Membership Card":37,"PureWater":0,"Frozen Egg 2":17,"TungstenRod":50}],"TungstenRod":10},"card_choices":[{"not_picked":["Meditate","WreathOfFlame"],"picked":"Prostrate","floor":1},{"not_picked":["FlurryOfBlows","SashWhip"],"picked":"EmptyFist","floor":3},{"not_picked":["BowlingBash","Tantrum"],"picked":"Judgement","floor":4},{"not_picked":["CutThroughFate","Crescendo"],"picked":"PathToVictory","floor":7},{"not_picked":["Evaluate","FlyingSleeves"],"picked":"BowlingBash","floor":8},{"not_picked":["CrushJoints","Evaluate"],"picked":"Nirvana+1","floor":11},{"not_picked":["Protect","CutThroughFate"],"picked":"PathToVictory","floor":13},{"not_picked":["Nirvana+1","Protect"],"picked":"Brilliance","floor":14},{"not_picked":["Ragnarok","Brilliance"],"picked":"DevaForm+1","floor":16},{"not_picked":["FollowUp","Evaluate"],"picked":"PathToVictory","floor":17},{"not_picked":["BowlingBash","WindmillStrike"],"picked":"Perseverance","floor":18},{"not_picked":["TalkToTheHand+1","Vengeance"],"picked":"DeceiveReality+1","floor":20},{"not_picked":["EmptyMind","Adaptation+1"],"picked":"DeceiveReality+1","floor":22},{"not_picked":["EmptyBody","Crescendo"],"picked":"Indignation","floor":23},{"not_picked":["Collect","ThirdEye"],"picked":"EmptyMind+1","floor":24},{"not_picked":["BowlingBash","FlurryOfBlows"],"picked":"SignatureMove","floor":29},{"not_picked":["Tantrum","CutThroughFate"],"picked":"WheelKick","floor":31}],"player_experience":115968,"relics_obtained":[{"floor":7,"key":"Bottled Lightning"},{"floor":9,"key":"Frozen Egg 2"},{"floor":26,"key":"Anchor"}],"event_choices":[{"cards_removed":["Strike_P"],"damage_healed":0,"gold_gain":0,"player_choice":"Card Removal","damage_taken":7,"max_hp_gain":0,"max_hp_loss":0,"event_name":"Golden Wing","floor":2,"gold_loss":0},{"damage_healed":0,"gold_gain":175,"player_choice":"AGREE","damage_taken":0,"max_hp_gain":0,"max_hp_loss":0,"event_name":"Liars Game","floor":5,"gold_loss":0,"cards_obtained":["Doubt"]},{"cards_removed":["Doubt"],"damage_healed":0,"gold_gain":0,"player_choice":"Purged","damage_taken":0,"max_hp_gain":0,"max_hp_loss":0,"event_name":"Purifier","floor":12,"gold_loss":0},{"damage_healed":0,"gold_gain":0,"player_choice":"Obtained Relic","damage_taken":0,"relics_obtained":["Kunai"],"max_hp_gain":0,"max_hp_loss":0,"event_name":"Addict","floor":19,"gold_loss":85},{"cards_removed":["Strike_P"],"damage_healed":0,"gold_gain":0,"player_choice":"Took Card","damage_taken":0,"max_hp_gain":0,"max_hp_loss":0,"event_name":"NoteForYourself","floor":28,"gold_loss":0,"cards_obtained":["Iron Wave"]}],"is_beta":false,"boss_relics":[{"not_picked":["Coffee Dripper","Empty Cage"],"picked":"Tiny House"}],"items_purged_floors":[],"is_endless":false,"potions_floor_spawned":[1,3,7,14,16,18,23,24,29,31],"killed_by":"Automaton","ascension_level":0}}