{"host":"q3lif1jtip1s8oen","time":1611192513,"event":{"mods":["2.2 Compatiblity","BaseMod","Better Note","Marisa????????","Minty Spire (QoL Compilation)","READ ME - Guardian Mod","Rare Cards Sparkle","StSLib","The Cursed","The Jungle","The Runesmith","The Servant 0.9.4"],"gold_per_floor":[112,128,146,146,164,164,177,196,196,3,178,204,214,214,214],"floor_reached":14,"language":"ENG","playtime":1395,"items_purged":[],"score":108,"play_id":"ae9fe3db-ce85-408d-9f38-323c52dd3326","local_time":"20210120172833","is_ascension_mode":true,"campfire_choices":[{"data":"LuminesStrike","floor":6,"key":"SMITH"}],"circlet_count":0,"master_deck":["Strike_MRS","Strike_MRS","Strike_MRS","Strike_MRS","Defend_MRS","Defend_MRS","Defend_MRS","Defend_MRS","MasterSpark","UpSweep","ManaRampage+1","LuminesStrike+1","StarlightTyphoon","ChargeUpSpray","CasketOfStar","OortCloud","PulseMagic","PowerUp","Doubt","EarthLightRay","AsteroidBelt","GrandCross"],"relics":["MiniHakkero","Prayer Wheel","ClockworkSouvenir","TungstenRod"],"acts_visited":["Exordium"],"potions_floor_usage":[7,12,12,14],"damage_taken":[{"damage":6,"enemies":"Cultist","floor":1,"turns":3},{"damage":0,"enemies":"Small Slimes","floor":2,"turns":2},{"damage":0,"enemies":"2 Louse","floor":3,"turns":1},{"damage":7,"enemies":"2 Fungi Beasts","floor":5,"turns":3},{"damage":11,"enemies":"Gremlin Gang","floor":7,"turns":3},{"damage":12,"enemies":"Exordium Wildlife","floor":8,"turns":4},{"damage":16,"enemies":"3 Sentries","floor":12,"turns":4},{"damage":14,"enemies":"Blue Slaver","floor":13,"turns":3},{"damage":13,"enemies":"Lagavulin","floor":14,"turns":3}],"seed_played":"6007820932668139892","potions_obtained":[{"floor":1,"key":"BlessingOfTheForge"},{"floor":7,"key":"Weak Potion"},{"floor":8,"key":"Energy Potion"},{"floor":12,"key":"Fire Potion"}],"is_trial":false,"path_per_floor":["M","M","M","?","M","R","M","M","T","$","?","E","M","E"],"character_chosen":"MARISA","items_purchased":["ClockworkSouvenir","PowerUp"],"campfire_rested":0,"item_purchase_floors":[10,10],"current_hp_per_floor":[69,69,69,69,62,62,51,39,39,39,39,23,9,0,0],"gold":214,"neow_bonus":"ONE_RANDOM_RARE_CARD","is_daily":false,"chose_seed":false,"campfire_upgraded":1,"win_rate":0.0,"timestamp":1611192513,"path_taken":["M","?","M","?","?","R","M","M","T","?","?","E","M","E"],"items_purchased_type":["Relic","Card"],"build_version":"2020-12-22","purchased_purges":0,"victory":false,"max_hp_per_floor":[75,75,75,75,75,75,75,75,75,75,75,75,75,75,75],"card_choices":[{"not_picked":["ManaConvection","ShootingEcho"],"picked":"LuminesStrike","floor":1},{"not_picked":["RefractionSpark","6A"],"picked":"StarlightTyphoon","floor":2},{"not_picked":["IllusionStar","WitchOfGreed"],"picked":"ChargeUpSpray","floor":3},{"not_picked":["WitchLeyline","ShootingEcho"],"picked":"CasketOfStar","floor":5},{"not_picked":["IllusionStar","DC"],"picked":"OortCloud","floor":7},{"not_picked":["DragonMeteor","ChargeUpSpray"],"picked":"PulseMagic","floor":8},{"not_picked":["GravityBeat","DoubleSpark"],"picked":"EarthLightRay","floor":12},{"not_picked":["PowerUp","EnergyRecoil"],"picked":"AsteroidBelt","floor":13},{"not_picked":["OortCloud","ShootingEcho"],"picked":"GrandCross","floor":13}],"player_experience":814292,"relics_obtained":[{"floor":9,"key":"Prayer Wheel"},{"floor":12,"key":"TungstenRod"}],"event_choices":[{"damage_healed":0,"gold_gain":0,"player_choice":"Upgraded","damage_taken":0,"max_hp_gain":0,"max_hp_loss":0,"event_name":"Upgrade Shrine","floor":4,"gold_loss":0,"cards_upgraded":["ManaRampage"]},{"damage_healed":0,"gold_gain":175,"player_choice":"AGREE","damage_taken":0,"max_hp_gain":0,"max_hp_loss":0,"event_name":"Liars Game","floor":11,"gold_loss":0,"cards_obtained":["Doubt"]}],"is_beta":false,"boss_relics":[],"items_purged_floors":[],"is_endless":false,"potions_floor_spawned":[1,7,8,12],"killed_by":"Lagavulin","ascension_level":3}}