{"host":"Krys","time":1611248438,"event":{"mods":["BaseMod","BetterRewards","Infinite Spire","Marisa????????","Minty Spire (QoL Compilation)","Remilia??????","Replay The Spire","Shade Mod","StSLib","The Death Knight","The Marked","The Servant 0.9.4"],"gold_per_floor":[110,120,395,407,424,424,424],"floor_reached":6,"language":"ENG","playtime":739,"items_purged":["Shade:Strike_Shade"],"score":38,"play_id":"ffcddb46-560f-4cec-b459-59f10f3c9c34","local_time":"20210121140038","is_ascension_mode":false,"campfire_choices":[],"circlet_count":0,"master_deck":["Shade:Strike_Shade","Shade:Strike_Shade","Shade:Strike_Shade","Shade:Defend_Shade","Shade:Defend_Shade","Shade:Defend_Shade","Shade:Defend_Shade","Shade:AnimateDead","Shade:CarefulCut","Shade:SkeletonHug+1","Shade:Asphyxiate+1","Shade:PotionOfRestlessness","Shade:GraveStillness","Shade:FuneraryArmor","Shade:AncientSpear","Shade:Bonestorm","Shade:Excise","Regret","Shade:StitchTogether","Shade:SoulToxin"],"relics":["Shade:YorickSkull","TungstenRod","Oddly Smooth Stone"],"acts_visited":["Exordium"],"potions_floor_usage":[],"damage_taken":[{"damage":0,"enemies":"2 Louse","floor":1,"turns":2},{"damage":0,"enemies":"Cultist","floor":2,"turns":3},{"damage":0,"enemies":"Small Slimes","floor":4,"turns":3},{"damage":0,"enemies":"Blue Slaver","floor":5,"turns":3},{"damage":14,"enemies":"3 Sentries","floor":6,"turns":6}],"seed_played":"-5116396159706768572","potions_obtained":[{"floor":1,"key":"Block Potion"},{"floor":5,"key":"SneckoOil"}],"is_trial":false,"path_per_floor":["M","M","?","M","M","E"],"character_chosen":"SHADE","items_purchased":["Shade:SkeletonHug+1","Oddly Smooth Stone","Shade:Asphyxiate+1","Shade:PotionOfRestlessness","Shade:GraveStillness","Shade:FuneraryArmor","Shade:AncientSpear"],"campfire_rested":0,"item_purchase_floors":[0,0,0,0,0,0,0],"current_hp_per_floor":[34,34,34,34,34,27,27],"gold":424,"neow_bonus":"","is_daily":false,"chose_seed":false,"campfire_upgraded":0,"win_rate":0.0,"timestamp":1611248438,"path_taken":["M","M","?","M","M","E"],"items_purchased_type":["Card","Relic","Card","Card","Card","Card","Card"],"build_version":"2020-11-17","purchased_purges":1,"victory":false,"max_hp_per_floor":[65,65,65,65,65,65,65],"card_choices":[{"not_picked":["Shade:FeralStrike","Shade:ClawBack"],"picked":"Shade:Bonestorm","floor":1},{"not_picked":["Shade:ClawBack","Shade:Trample"],"picked":"Shade:Excise","floor":2},{"not_picked":["Shade:AblativeArmor","Shade:ScuttlingHand"],"picked":"Shade:StitchTogether","floor":4},{"not_picked":["Shade:AncientSpear","Shade:GreyBargain"],"picked":"Shade:SoulToxin","floor":5}],"player_experience":27072,"relics_obtained":[],"event_choices":[{"damage_healed":0,"gold_gain":275,"player_choice":"Desecrate","damage_taken":0,"max_hp_gain":0,"max_hp_loss":0,"event_name":"Golden Shrine","floor":3,"gold_loss":0,"cards_obtained":["Regret"]}],"is_beta":true,"boss_relics":[],"items_purged_floors":[0],"is_endless":false,"potions_floor_spawned":[1,5],"killed_by":"3 Sentries","ascension_level":0}}