{"host":"465m78bh87h7wxsp","time":1611245846,"event":{"mods":["ATMod(阿瑾Mod)","Act Like it!","Alarm Clock","Aspiration","BaseMod","Better Debug","CapriCore","Decade(王小明)","Gensokyo","GungeonMod","Hallownest","Hermit","HololiveMod","Infinite Spire","Jorbs\u0027s Wanderer Trilogy","KinomotoSakuraMod(木之本樱)","Koishi","KomeijiMod","Lobotomy","LobotomyExtend","Marisa（F雨　魔理沙）","Minty Spire (QoL Compilation)","MostiFishMod","Red Circlet Mod","Reimu（博丽灵梦）","Replay The Spire","RumiaBox-露米娅的神秘盒子","Ryuuou龙王","SOS（斯巴达之子）","Shop Mod","Spicy Shops","StSLib","TestMod","The Administrix","The Animator","The Bug Knight","The Cursed","The Hierophant","The Immortal","The Senshi","The Servant 0.9.4","Uncapped","Waifu the Spire","WarShipGirlsR/战舰少女R mod","Yakumo Yukari mod","Youmu（魂魄妖梦）","Yuyuko","[IsaacMod]以撒尖塔","noobMod","vexMod","【功能Mod】混沌之环修复补丁","【功能Mod】聪明的最终Boss","【遗物卡牌】REMEMod"],"gold_per_floor":[119,119,519,74,88,114,114,130,130,157,168,168,199,199,199,294,294,309,326,342,43,43,43,43,93,93,93,107,123,137,178,178,178,178,274,274,284,295,345,393,405,460,472,555,593,605,617,629,696,743,755,803,815,827,839,297,366,394],"floor_reached":59,"language":"ZHS","playtime":3013,"items_purged":["Pain"],"score":1362,"play_id":"c28e3eec-b92b-4214-b580-e11cd81d6e58","local_time":"20210122001726","is_ascension_mode":true,"campfire_choices":[{"floor":7,"key":"RECALL"},{"data":"AT_FamilyPortrait","floor":15,"key":"SMITH"},{"data":"HollowMod:BrokenVessel","floor":23,"key":"SMITH"},{"data":"HollowMod:HuntersJournal","floor":27,"key":"SMITH"},{"data":"HollowMod:InfectedCysts","floor":33,"key":"SMITH"},{"data":"Bullet Time","floor":43,"key":"SMITH"},{"data":"HollowMod:InfectedCysts","floor":46,"key":"SMITH"},{"data":"Decay","floor":51,"key":"PURGE"},{"data":"HollowMod:InfectedCysts","floor":55,"key":"SMITH"}],"circlet_count":0,"master_deck":["HollowMod:NailStrikeStart+1","HollowMod:NailStrikeStart","HollowMod:NailStrikeStart+1","HollowMod:NailStrikeStart","HollowMod:QuickDashStart+1","HollowMod:QuickDashStart","HollowMod:FocusHealStart","HollowMod:PogoStrike","AT_FamilyPortrait+1","HollowMod:NailStrikeStart","HollowMod:TaintedHusks","FieryBird","HollowMod:TaintedHusks","HollowMod:MawleksShell+1","SingingMachine","HollowMod:BrokenVessel+1","HollowMod:InfectedAttack","HollowMod:PaleKingsBlessing+1","HollowMod:TaintedHusks+1","OSAHOGD","HollowMod:InfectedCysts+1","HollowMod:HuntersJournal+1","HollowMod:TaintedHusks","HollowMod:MawleksShell+1","Parasite","HollowMod:InfectedCysts+1","HollowMod:InfectedCysts+1","ReplayTheSpireMod:Shiv Toss","Bullet Time+1","Dodge and Roll","Delirium","HollowMod:InfectedCysts+1","ReplayTheSpireMod:Splinters","REME_CurseOfMatryoshka"],"relics":["HollowMod:VesselMask","DaveBox","ice","testmod-TestBox","AT_ATBox","REME_ComplimentaryCards","SteamSale","testmod-CrystalShield","DianPoetry","CogitoBucket","SynthV:TestCard","LetterFromLob","HollowMod:MillibellesNoteRelic","Juzu Bracelet","Bag of Preparation","AT_DeathDance","MerchantsRug","DemoMod:MemoryAlloy","Gremlin Food","PureWhite:ReiMu","Replay:Wax Seal","testmod-CardMagician","YumHeart","MetatronsCube","Guide Book","Tea:ReiMu","aspiration:ChemicalBlood","InspiredRelic","ShedSkin_r","HonorFeather","vexMod:CursedCompass","AtMidnight","Ring of Searing","Ring of Greed","Replay:Bandana","MawBank","BookofShadows","SSSystem","testmod-Nyarlathotep","testmod-MagicalMallet","Boot","GodSword3","BFFS","Orichalcum","UnicornStump","Simple Rune"],"acts_visited":["Exordium","Gensokyo:Gensokyoer","DemoMod:Maze","Hallownest:KingdomsEdge","TheEnding"],"potions_floor_usage":[11,30,31,34,34,34,35,35,35,37,37,37,42,44,52,52,57,58,58],"damage_taken":[{"damage":7,"enemies":"Jaw Worm","floor":1,"turns":3},{"damage":0,"enemies":"2 Louse","floor":5,"turns":2},{"damage":1,"enemies":"Gremlin Nob","floor":6,"turns":3},{"damage":18,"enemies":"Small Slimes","floor":8,"turns":3},{"damage":34,"enemies":"Lagavulin","floor":10,"turns":3},{"damage":15,"enemies":"Exordium Wildlife","floor":11,"turns":4},{"damage":29,"enemies":"3 Sentries","floor":13,"turns":3},{"damage":54,"enemies":"Hexaghost","floor":16,"turns":4},{"damage":31,"enemies":"Gensokyo:Chomper","floor":18,"turns":3},{"damage":52,"enemies":"Gensokyo:3_Dogs","floor":20,"turns":2},{"damage":40,"enemies":"Hiden Room Battle","floor":25,"turns":3},{"damage":35,"enemies":"DemoMod:2_Veteran_bullet_kins_and_red_shotgun_kin","floor":28,"turns":2},{"damage":20,"enemies":"DemoMod:Red_and_blue_shotgun_kin","floor":29,"turns":1},{"damage":45,"enemies":"DemoMod:Veteran_shot_gun_kin_and_blue_shotgun_kin_with_gunsinger","floor":30,"turns":2},{"damage":18,"enemies":"DemoMod:Red_and_blue_shotgun_kin_with_gunsinger","floor":31,"turns":2},{"damage":28,"enemies":"DemoMod:ResourcefulRat","floor":35,"turns":7},{"damage":66,"enemies":"Hallownest:3_Siblings","floor":37,"turns":12},{"damage":45,"enemies":"Hallownest:2_Littles","floor":38,"turns":3},{"damage":15,"enemies":"Hallownest:2_Great","floor":40,"turns":2},{"damage":48,"enemies":"Hallownest:2_Wandering_and_1_Horned","floor":42,"turns":4},{"damage":23,"enemies":"Hallownest:StalkingDevout","floor":44,"turns":3},{"damage":37,"enemies":"Nightmare","floor":49,"turns":3},{"damage":20,"enemies":"Hallownest:2_Soldiers_and_1_Guardian","floor":50,"turns":2},{"damage":15,"enemies":"Hallownest:BossGreyPrinceZote","floor":52,"turns":4},{"damage":13,"enemies":"Shield and Spear","floor":57,"turns":3},{"damage":34,"enemies":"The Heart","floor":58,"turns":5}],"seed_played":"-2544185803842907320","potions_obtained":[{"floor":1,"key":"Dexterity Potion"},{"floor":8,"key":"Regen Potion"},{"floor":18,"key":"SteroidPotion"},{"floor":20,"key":"PowerPotion"},{"floor":31,"key":"GrandPatriotsElixir:ReiMu"},{"floor":34,"key":"ColorlessPotion"},{"floor":34,"key":"Elixir"},{"floor":35,"key":"Languid Potion"},{"floor":35,"key":"BlessingOfTheForge"},{"floor":35,"key":"ZuzhouPotion:ReiMu"},{"floor":37,"key":"CalmPotion"},{"floor":44,"key":"Energy Potion"},{"floor":57,"key":"AttackPotion"}],"is_trial":false,"path_per_floor":["M","?","?","$","M","E","R","M","T","E","M","T","E","?","R","B",null,"M","?","M","COS","?","R","?","?","T","R","M","M","M","M","M","R","B","B",null,"M","M","?","M","?","M","R","E","T","R","AVR","?","NM","M","R","B",null,null,"R","$","E","B",null],"character_chosen":"THE_BUGKNIGHT","items_purchased":["DemoMod:GnawedKey","HollowMod:MillibellesNoteRelic","Juzu Bracelet","Bag of Preparation","AT_DeathDance","MerchantsRug","testmod-MagicalMallet","Boot","GodSword3","BFFS","Orichalcum","UnicornStump"],"campfire_rested":0,"item_purchase_floors":[4,4,4,4,4,4,56,56,56,56,56,56],"current_hp_per_floor":[67,52,52,52,52,51,51,39,39,11,19,19,63,71,71,54,76,54,54,39,64,79,79,79,65,88,88,65,51,16,29,42,42,68,52,99,92,111,111,96,96,86,173,150,150,173,173,173,160,156,176,172,172,198,207,207,196,199],"gold":394,"neow_bonus":"","is_daily":false,"chose_seed":false,"campfire_upgraded":7,"win_rate":0.0,"timestamp":1611245846,"path_taken":["M","?","?","?","M","E","R","M","T","E","M","?","E","?","R","BOSS","M","?","M","COS","?","R","?","?","T","R","M","M","M","M","M","R","BOSS","BOSS","M","M","?","M","?","M","R","E","T","R","AVR","?","NM","M","R","BOSS","R","$","E","BOSS"],"items_purchased_type":["Relic","Relic","Relic","Relic","Relic","Relic","Relic","Relic","Relic","Relic","Relic","Relic"],"build_version":"2020-12-22","purchased_purges":1,"victory":true,"max_hp_per_floor":[75,75,75,75,75,75,75,75,75,75,75,75,76,76,76,83,83,88,88,94,94,94,94,94,96,96,96,106,111,113,119,99,99,87,114,114,164,168,168,168,168,173,173,173,173,173,173,173,176,176,176,207,207,207,207,207,210,264],"card_choices":[{"not_picked":["LongBird","OldLady","UniverseFragment"],"picked":"Singing Bowl","floor":1},{"not_picked":["HollowMod:NewGlowingWomb","HollowMod:CornifersMapStart"],"picked":"HollowMod:TaintedHusks","floor":1},{"not_picked":["WallGazer","MHz","OldLady"],"picked":"Singing Bowl","floor":5},{"not_picked":["OldLady","BeautyBeast"],"picked":"FieryBird","floor":5},{"not_picked":["HollowMod:HeavyBlow","HollowMod:SharpenedNail","HollowMod:NewJinnsSoul","HollowMod:ChannelNail"],"picked":"HollowMod:TaintedHusks","floor":5},{"not_picked":["PunishingBird","Murderer","BlackSwan"],"picked":"Singing Bowl","floor":6},{"not_picked":["HollowMod:FallenFury","HollowMod:DoubleDash","HollowMod:MantisMark","HollowMod:MonomonsArchive"],"picked":"HollowMod:MawleksShell","floor":6},{"not_picked":["CrumblingArmor","DespairKnight"],"picked":"SingingMachine","floor":8},{"not_picked":["HollowMod:GrimmsGift","HollowMod:AbyssShriek","HollowMod:BlackTendrils","HollowMod:SoulShaman"],"picked":"Bomb","floor":8},{"not_picked":["HappyTeddy","PunishingBird","Murderer"],"picked":"Singing Bowl","floor":10},{"not_picked":["HollowMod:SharpenedNail","HollowMod:Grubsong","HollowMod:MawleksShell","HollowMod:CornifersMapStart"],"picked":"HollowMod:BrokenVessel","floor":10},{"not_picked":["LittleHelper","Laetitia","Scorched"],"picked":"Singing Bowl","floor":11},{"not_picked":["HollowMod:MantisMark","HollowMod:CornifersMapStart","HollowMod:CycloneSlash","HollowMod:DashSlash"],"picked":"HollowMod:InfectedAttack","floor":11},{"not_picked":["HeroicMonk","FairyFestival"],"picked":"Wellcheers","floor":13},{"not_picked":["HollowMod:SlysStrikes","HollowMod:ShapeofUnn","HollowMod:DashSlash","HollowMod:VengefulVoid","HollowMod:NewLittleFool"],"picked":"SKIP","floor":13},{"not_picked":["UniverseFragment","LittleHelper","CherryBlossoms"],"picked":"Singing Bowl","floor":16},{"not_picked":["HollowMod:AwokenDreamNail","HollowMod:SlysStrikes","HollowMod:Weaversong","HollowMod:PureVessel"],"picked":"HollowMod:PaleKingsBlessing","floor":16},{"not_picked":["LongBird","MeatLantern","GreedKing"],"picked":"Singing Bowl","floor":18},{"not_picked":["HollowMod:AbyssShriek+1","HollowMod:SiblingsShadow","HollowMod:LuriensSpire","HollowMod:HowlingWraiths"],"picked":"HollowMod:TaintedHusks+1","floor":18},{"not_picked":["CherryBlossoms","SnowQueen"],"picked":"OSAHOGD","floor":20},{"not_picked":["HollowMod:SharpenedNail","HollowMod:AbyssShriek","HollowMod:GreatSlash+1","HollowMod:PureNailStrike"],"picked":"HollowMod:InfectedCysts","floor":20},{"not_picked":["CENSORED","BlackArmy","WhitesApple"],"picked":"Singing Bowl","floor":25},{"not_picked":["HollowMod:GoodIntentions","HollowMod:DashSlash","HollowMod:ZotesMagnificence","HollowMod:DescendingDark"],"picked":"HollowMod:HuntersJournal","floor":25},{"not_picked":["Funeral","Bloodbath","HeroicMonk"],"picked":"Singing Bowl","floor":28},{"not_picked":["HollowMod:SharpenedNail+1","HollowMod:NewJinnsSoul","HollowMod:FallenFury","HollowMod:DescendingDark","HollowMod:ShadowDash"],"picked":"SKIP","floor":28},{"not_picked":["WhiteNight","Porccubus","MeatLantern"],"picked":"Singing Bowl","floor":29},{"not_picked":["HollowMod:GoodIntentions+1","HollowMod:ShadowDash","HollowMod:SiblingsShadow+1","HollowMod:DungDefenderAura+1"],"picked":"HollowMod:TaintedHusks","floor":29},{"not_picked":["ShyLook","BlackSwan","Freischutz"],"picked":"Singing Bowl","floor":30},{"not_picked":["HollowMod:SoulStrike","HollowMod:NewLittleFool","HollowMod:BlackTendrils+1","HollowMod:VengefulSpirit"],"picked":"HollowMod:MawleksShell+1","floor":30},{"not_picked":["GreedKing","MeatLantern","BlueStar"],"picked":"Singing Bowl","floor":31},{"not_picked":["HollowMod:NewLittleFool","HollowMod:PerfectDash+1","HollowMod:SiblingsSouls","HollowMod:CrystalDash+1","HollowMod:CycloneSlash"],"picked":"SKIP","floor":31},{"not_picked":["Woodsman","LittlePrince","WhitesApple"],"picked":"Singing Bowl","floor":35},{"not_picked":["LongBird","BigBird","Scarecrow"],"picked":"Singing Bowl","floor":37},{"not_picked":["HollowMod:GreatSlash","HollowMod:BlackTendrils","HollowMod:SoulSplash+1","HollowMod:GoodIntentions+1"],"picked":"HollowMod:InfectedCysts","floor":37},{"not_picked":["NakedNest","PunishingBird","MeatLantern"],"picked":"Singing Bowl","floor":38},{"not_picked":["HollowMod:DashSlash","HollowMod:HeavyBlow","HollowMod:CloakDash","HollowMod:NewJinnsSoul"],"picked":"HollowMod:InfectedCysts","floor":38},{"not_picked":["HeroicMonk","Freischutz","LongBird"],"picked":"Singing Bowl","floor":40},{"not_picked":["HollowMod:CornifersMapStart","HollowMod:SoulSplash+1","HollowMod:DashSlash","HollowMod:DescendingDark+1","HollowMod:LifebloodCocoon"],"picked":"SKIP","floor":40},{"not_picked":["Scarecrow","SilentOrchestra","BeautyBeast"],"picked":"Singing Bowl","floor":42},{"not_picked":["HollowMod:NewLittleFool+1","HollowMod:InfectedAttack+1","HollowMod:HerrahsAnger","HollowMod:SharpenedNail"],"picked":"HollowMod:InfectedCysts+1","floor":42},{"not_picked":["DreamingCurrent","Porccubus","Woodsman"],"picked":"Singing Bowl","floor":44},{"not_picked":["HollowMod:BlackTendrils+1","HollowMod:FastStrike","HollowMod:SiblingsSouls+1","HollowMod:DashSlash","HollowMod:GoodIntentions+1"],"picked":"SKIP","floor":44},{"not_picked":["WhiteNight","LittlePrince","Woodsman"],"picked":"Singing Bowl","floor":49},{"not_picked":["HollowMod:ShadowDash+1","HollowMod:CycloneSlash","HollowMod:BaldurShell","HollowMod:TaintedHusks","HollowMod:MonomonsArchive"],"picked":"SKIP","floor":49},{"not_picked":["SnowQueen","WhiteNight","NothingThere"],"picked":"Singing Bowl","floor":50},{"not_picked":["HollowMod:ShapeofUnn+1","HollowMod:SoulSplash+1","HollowMod:QuirrelsAssistance+1","HollowMod:DashSlash+1","HollowMod:CloakDash"],"picked":"SKIP","floor":50},{"not_picked":["Freischutz","Alriune","Variant"],"picked":"Singing Bowl","floor":57},{"not_picked":["HollowMod:BaldurShell+1","HollowMod:SiblingsSouls","HollowMod:NewJinnsSoul","HollowMod:MantisMark+1","HollowMod:PaleKingsBlessing"],"picked":"SKIP","floor":57}],"player_experience":44039,"relics_obtained":[{"floor":1,"key":"SynthV:TestCard"},{"floor":1,"key":"LetterFromLob"},{"floor":6,"key":"DemoMod:MemoryAlloy"},{"floor":10,"key":"Gremlin Food"},{"floor":12,"key":"PureWhite:ReiMu"},{"floor":13,"key":"Replay:Wax Seal"},{"floor":19,"key":"YumHeart"},{"floor":25,"key":"Tea:ReiMu"},{"floor":25,"key":"aspiration:ChemicalBlood"},{"floor":36,"key":"vexMod:CursedCompass"},{"floor":37,"key":"AtMidnight"},{"floor":39,"key":"Ring of Searing"},{"floor":39,"key":"Ring of Greed"},{"floor":39,"key":"Replay:Bandana"},{"floor":39,"key":"MawBank"},{"floor":44,"key":"BookofShadows"},{"floor":45,"key":"SSSystem"},{"floor":49,"key":"testmod-Nyarlathotep"},{"floor":57,"key":"Simple Rune"}],"event_choices":[{"damage_healed":0,"gold_gain":0,"player_choice":"Entered Light","damage_taken":15,"max_hp_gain":0,"max_hp_loss":0,"event_name":"Shining Light","floor":2,"gold_loss":0,"cards_upgraded":["HollowMod:NailStrikeStart","HollowMod:QuickDashStart"]},{"damage_healed":0,"gold_gain":400,"player_choice":"Sell","damage_taken":0,"max_hp_gain":0,"max_hp_loss":0,"event_name":"恩洛斯的盘子","floor":3,"relics_lost":["HushsDoor"],"gold_loss":0},{"damage_healed":0,"gold_gain":0,"player_choice":"Fight","damage_taken":0,"max_hp_gain":0,"max_hp_loss":0,"event_name":"HidenRoomEvent","floor":25,"gold_loss":0}],"is_beta":false,"boss_relics":[{"not_picked":["Ring of Chaos","testmod-BloodSacrificeSpiritualization"],"picked":"testmod-CardMagician"},{"not_picked":[]}],"items_purged_floors":[56],"is_endless":false,"potions_floor_spawned":[1,8,18,20,30,31,35,42,49,50,57],"ascension_level":6}}