{"host":"v54ek091sdz7ha6h","time":1611269225,"event":{"mods":["BaseMod","Better Vampires","Colored Map","Colored Powertips","Custom Start","DeckTracker","Friendly Minions","Highlight Path","KOR Keyword Fix","Minty Spire (QoL Compilation)","Rare Cards Sparkle","Relic Stats","StSLib","SuperFastMode","The Dragon Tamer","everything is the same but u backflip on backflip"],"gold_per_floor":[109,122,133,147,70,70,99,99,99,99,174,174,174,196,208,220,220,220],"floor_reached":16,"language":"KOR","playtime":472,"items_purged":[],"score":100,"play_id":"d34a1ea9-8100-441e-8b9e-1ae8c71c0c8c","local_time":"20210122074705","is_ascension_mode":false,"metric_token":1055,"campfire_choices":[{"data":"DTMod:RunningTactic","floor":6,"key":"SMITH"},{"data":"DTMod:BlazingStrike","floor":8,"key":"SMITH"},{"floor":12,"key":"REST"},{"data":"DTMod:DoubleHit","floor":15,"key":"SMITH"}],"dtmod_dragon_data":[32,50,-1,-1,0,0],"circlet_count":0,"master_deck":["DTMod:Strike","DTMod:Strike","DTMod:Strike","DTMod:Strike","DTMod:DoubleHit+1","DTMod:TargetDefense","DTMod:TargetDefense","DTMod:TargetDefense","DTMod:SwitchingTactic","DTMod:BlazingStrike","DTMod:BurningEnergy","DTMod:Dissolve","DTMod:Shift","DTMod:RunningTactic+1","DTMod:BlazingStrike+1","DTMod:Weaken"],"relics":["DTMod:PactStone","NeowsBlessing","Anchor","MawBank"],"acts_visited":["Exordium"],"potions_floor_usage":[7],"damage_taken":[{"damage":0,"enemies":"Cultist","floor":1,"turns":1},{"damage":0,"enemies":"Small Slimes","floor":2,"turns":1},{"damage":0,"enemies":"2 Louse","floor":3,"turns":1},{"damage":0,"enemies":"Looter","floor":4,"turns":4},{"damage":17,"enemies":"Lagavulin","floor":7,"turns":6},{"damage":0,"enemies":"Gremlin Gang","floor":14,"turns":3},{"damage":22,"enemies":"The Guardian","floor":16,"turns":9}],"seed_played":"-8756599051950524832","potions_obtained":[{"floor":1,"key":"DistilledChaos"},{"floor":7,"key":"SteroidPotion"},{"floor":14,"key":"SpeedPotion"}],"is_trial":false,"path_per_floor":["M","M","M","M","$","R","E","R","T","?","?","R","T","M","R","B"],"character_chosen":"THE_DT","items_purchased":["DTMod:RunningTactic"],"campfire_rested":1,"item_purchase_floors":[5],"current_hp_per_floor":[45,45,45,45,45,45,28,28,28,21,10,23,23,23,23,1,1,1],"gold":220,"neow_bonus":"THREE_ENEMY_KILL","is_daily":false,"chose_seed":false,"campfire_upgraded":3,"win_rate":0.0,"timestamp":1611269225,"path_taken":["M","M","M","M","?","R","E","R","T","?","?","R","?","?","R","BOSS"],"items_purchased_type":["Card"],"build_version":"2020-12-22","purchased_purges":0,"victory":false,"max_hp_per_floor":[45,45,45,45,45,45,45,45,45,45,45,45,45,45,45,45,45,45],"relic_stats":{"counters":[7,25],"MawBank":36,"obtain_stats":[{"Anchor":7,"DTMod:PactStone":0,"NeowsBlessing":0,"MawBank":13},{"Anchor":5,"DTMod:PactStone":0,"NeowsBlessing":0,"MawBank":5},{"Anchor":13,"DTMod:PactStone":0,"NeowsBlessing":0,"MawBank":13}]},"card_choices":[{"not_picked":["DTMod:TagTeam","DTMod:Threaten"],"picked":"DTMod:BlazingStrike","floor":1},{"not_picked":["DTMod:Punisher","DTMod:HeatWave"],"picked":"DTMod:BurningEnergy","floor":2},{"not_picked":["DTMod:ComboAttack","DTMod:BizarreTactic"],"picked":"DTMod:Dissolve","floor":3},{"not_picked":["DTMod:TauntingStrike","DTMod:Feint"],"picked":"DTMod:Shift","floor":4},{"not_picked":["DTMod:DeepFocus","DTMod:SneakAttack"],"picked":"DTMod:BlazingStrike","floor":7},{"not_picked":["DTMod:BizarreTactic","DTMod:GhostSkin"],"picked":"DTMod:Weaken","floor":14}],"player_experience":1456949,"relics_obtained":[{"floor":7,"key":"Anchor"},{"floor":13,"key":"MawBank"}],"event_choices":[{"cards_removed":["DTMod:TargetDefense"],"damage_healed":0,"gold_gain":0,"player_choice":"Card Removal","damage_taken":7,"max_hp_gain":0,"max_hp_loss":0,"event_name":"Golden Wing","floor":10,"gold_loss":0},{"damage_healed":0,"gold_gain":75,"player_choice":"Gather Gold","damage_taken":11,"max_hp_gain":0,"max_hp_loss":0,"event_name":"World of Goop","floor":11,"gold_loss":0}],"is_beta":false,"boss_relics":[],"items_purged_floors":[],"is_endless":false,"potions_floor_spawned":[1,7,14],"killed_by":"The Guardian","ascension_level":0}}