{"host":"fxrgx7wt2cpkbhka","time":1611205586,"event":{"mods":["AchievementEnabler","BaseMod","Colored Powertips","Minty Spire (QoL Compilation)","Permanent Neow","Slay-I","StSLib","Waifu the Spire"],"gold_per_floor":[115,20,36,53,65,65,95,95,95,130,192,192,192,202,202,306,306,325,400,413,413,166,192,192,208,253,269,269,269,26,45,45,141,141,154,165,165,165,183,183,193,193,241,241,259,270,621,638,638,638],"floor_reached":51,"language":"ENG","playtime":2691,"items_purged":[],"score":987,"play_id":"494414f3-4836-4cb0-88e5-52a47ed166cf","local_time":"20210120210626","is_ascension_mode":true,"campfire_choices":[{"data":"After Image","floor":6,"key":"SMITH"},{"data":"Bouncing Flask","floor":8,"key":"SMITH"},{"floor":13,"key":"REST"},{"data":"Footwork","floor":15,"key":"SMITH"},{"floor":24,"key":"REST"},{"floor":28,"key":"REST"},{"floor":32,"key":"REST"},{"data":"After Image","floor":40,"key":"SMITH"},{"data":"Footwork","floor":42,"key":"SMITH"},{"floor":44,"key":"REST"},{"floor":49,"key":"REST"}],"circlet_count":0,"master_deck":["Strike_G","Strike_G","Strike_G","Defend_G","Defend_G","Defend_G","Defend_G","Survivor","Neutralize","Bouncing Flask+1","Caltrops","Sucker Punch","Dodge and Roll","Backflip","After Image+1","Poisoned Stab","Poisoned Stab","Footwork+1","Malaise+1","Prepared+1","A Thousand Cuts+1","Dodge and Roll+1","Blade Dance+1","Backstab","Footwork+1","Poisoned Stab","After Image+1","Blade Dance+1","Finesse+1","Dodge and Roll+1","Deflect+1"],"relics":["Ring of the Snake","Strawberry","Bronze Scales","Smiling Mask","Kunai","Toxic Egg 2","Astrolabe","Matryoshka","Question Card","Centennial Puzzle","Meat on the Bone","Ninja Scroll","ClockworkSouvenir","Busted Crown","Vajra","Old Coin"],"acts_visited":["Exordium","TheCity","TheBeyond"],"potions_floor_usage":[23,23,27,33,47,50],"damage_taken":[{"damage":4,"enemies":"Cultist","floor":1,"turns":6},{"damage":2,"enemies":"Small Slimes","floor":3,"turns":4},{"damage":0,"enemies":"2 Louse","floor":4,"turns":3},{"damage":5,"enemies":"Looter","floor":5,"turns":4},{"damage":16,"enemies":"3 Sentries","floor":7,"turns":12},{"damage":23,"enemies":"Lagavulin","floor":10,"turns":5},{"damage":16,"enemies":"Gremlin Nob","floor":11,"turns":4},{"damage":4,"enemies":"Red Slaver","floor":14,"turns":3},{"damage":19,"enemies":"The Guardian","floor":16,"turns":10},{"damage":2,"enemies":"Shell Parasite","floor":18,"turns":6},{"damage":0,"enemies":"3 Byrds","floor":20,"turns":3},{"damage":38,"enemies":"Slavers","floor":23,"turns":8},{"damage":39,"enemies":"3 Cultists","floor":25,"turns":8},{"damage":9,"enemies":"Cultist and Chosen","floor":27,"turns":7},{"damage":17,"enemies":"Shelled Parasite and Fungi","floor":31,"turns":5},{"damage":13,"enemies":"Champ","floor":33,"turns":17},{"damage":0,"enemies":"Orb Walker","floor":35,"turns":4},{"damage":8,"enemies":"3 Darklings","floor":36,"turns":4},{"damage":15,"enemies":"Jaw Worm Horde","floor":39,"turns":5},{"damage":2,"enemies":"4 Shapes","floor":41,"turns":6},{"damage":0,"enemies":"Transient","floor":45,"turns":5},{"damage":0,"enemies":"Sphere and 2 Shapes","floor":46,"turns":5},{"damage":17,"enemies":"2 Orb Walkers","floor":47,"turns":6},{"damage":0,"enemies":"4 Shapes","floor":48,"turns":7},{"damage":11,"enemies":"Donu and Deca","floor":50,"turns":15}],"seed_played":"-4672571441306649252","potions_obtained":[{"floor":5,"key":"LiquidBronze"},{"floor":7,"key":"FairyPotion"},{"floor":14,"key":"Ancient Potion"},{"floor":23,"key":"Strength Potion"},{"floor":25,"key":"AttackPotion"},{"floor":27,"key":"Fruit Juice"},{"floor":33,"key":"Swift Potion"},{"floor":36,"key":"Poison Potion"}],"is_trial":false,"path_per_floor":["M","$","M","M","M","R","E","R","T","E","?","?","R","M","R","B",null,"M","?","M","?","$","E","R","M","T","M","R","T","$","M","R","B",null,"M","M","?","?","M","R","M","R","T","R","M","M","?","M","R","B",null],"character_chosen":"THE_SILENT","items_purchased":["Caltrops","Sucker Punch","Matryoshka","Footwork","ClockworkSouvenir","Poisoned Stab"],"campfire_rested":6,"item_purchase_floors":[2,2,22,30,30,30],"current_hp_per_floor":[66,66,64,64,59,59,43,43,43,20,4,29,52,48,48,29,65,63,56,56,77,77,39,62,23,23,19,43,43,43,38,62,49,74,74,66,66,66,51,51,49,49,49,73,73,73,56,56,80,69],"gold":638,"neow_bonus":"RANDOM_COMMON_RELIC","is_daily":false,"chose_seed":false,"campfire_upgraded":5,"win_rate":0.0,"timestamp":1611205586,"path_taken":["M","$","M","?","M","R","E","R","T","E","?","?","R","M","R","BOSS","M","?","?","?","?","E","R","M","T","?","R","?","$","M","R","BOSS","M","M","?","?","M","R","M","R","T","R","M","?","?","M","R","BOSS"],"items_purchased_type":["Card","Card","Relic","Card","Relic","Card"],"build_version":"2020-12-22","purchased_purges":0,"victory":true,"max_hp_per_floor":[77,77,77,77,77,77,77,77,77,77,77,77,77,77,77,77,77,77,77,77,77,77,77,77,77,77,82,82,82,82,82,82,82,82,82,82,82,82,82,82,82,82,82,82,82,82,82,82,82,82],"card_choices":[{"not_picked":["Dagger Spray","Bane"],"picked":"Bouncing Flask","floor":1},{"not_picked":["Distraction","Endless Agony"],"picked":"Dodge and Roll","floor":3},{"not_picked":["Reflex","Dagger Throw"],"picked":"Backflip","floor":4},{"not_picked":["Deadly Poison","Blade Dance"],"picked":"After Image","floor":5},{"not_picked":["Quick Slash","Night Terror","Burst"],"picked":"SKIP","floor":7},{"not_picked":["Escape Plan","Riddle With Holes"],"picked":"Poisoned Stab","floor":10},{"not_picked":["Slice","Glass Knife"],"picked":"Poisoned Stab","floor":11},{"not_picked":["Backflip+1","Poisoned Stab"],"picked":"Footwork","floor":14},{"not_picked":["Envenom","Doppelganger+1"],"picked":"Malaise+1","floor":16},{"not_picked":["Dagger Throw","Flying Knee"],"picked":"Dodge and Roll+1","floor":18},{"not_picked":["Dagger Throw","Concentrate+1"],"picked":"Blade Dance+1","floor":20},{"not_picked":["Crippling Poison+1","Underhanded Strike","Backflip+1"],"picked":"SKIP","floor":23},{"not_picked":["Heel Hook+1","Endless Agony","Finisher","Slice+1"],"picked":"SKIP","floor":25},{"not_picked":["Deflect+1","Choke","Dagger Spray"],"picked":"Backstab","floor":27},{"not_picked":["Flying Knee","Prepared+1","Skewer+1","Dash+1"],"picked":"SKIP","floor":31},{"not_picked":["Corpse Explosion+1","Glass Knife","Bullet Time+1"],"picked":"After Image","floor":33},{"not_picked":["All Out Attack+1"],"picked":"Blade Dance+1","floor":35},{"not_picked":["Dagger Spray+1","Noxious Fumes+1"],"picked":"SKIP","floor":36},{"not_picked":["Trip+1"],"picked":"Finesse+1","floor":37},{"not_picked":["Prepared+1","Catalyst+1"],"picked":"SKIP","floor":39},{"not_picked":["Concentrate+1"],"picked":"Dodge and Roll+1","floor":41},{"not_picked":["Deadly Poison+1","Flying Knee+1"],"picked":"SKIP","floor":45},{"not_picked":["Night Terror+1"],"picked":"Deflect+1","floor":46},{"not_picked":["Dagger Throw","Predator"],"picked":"SKIP","floor":48}],"player_experience":719577,"relics_obtained":[{"floor":7,"key":"Bronze Scales"},{"floor":9,"key":"Smiling Mask"},{"floor":10,"key":"Kunai"},{"floor":11,"key":"Toxic Egg 2"},{"floor":23,"key":"Question Card"},{"floor":26,"key":"Centennial Puzzle"},{"floor":29,"key":"Meat on the Bone"},{"floor":29,"key":"Ninja Scroll"},{"floor":43,"key":"Vajra"},{"floor":47,"key":"Old Coin"}],"event_choices":[{"damage_healed":0,"gold_gain":0,"player_choice":"Searched \u00271\u0027 times","damage_taken":0,"max_hp_gain":0,"max_hp_loss":0,"event_name":"Dead Adventurer","floor":11,"gold_loss":0},{"damage_healed":25,"gold_gain":0,"player_choice":"Banana","damage_taken":0,"max_hp_gain":0,"max_hp_loss":0,"event_name":"Big Fish","floor":12,"gold_loss":0},{"damage_healed":0,"gold_gain":75,"player_choice":"Touch","damage_taken":7,"max_hp_gain":0,"max_hp_loss":0,"event_name":"FaceTrader","floor":19,"gold_loss":0},{"damage_healed":25,"gold_gain":0,"player_choice":"Heal","damage_taken":0,"max_hp_gain":0,"max_hp_loss":0,"event_name":"The Library","floor":21,"gold_loss":0},{"damage_healed":0,"gold_gain":0,"player_choice":"Memory 1","damage_taken":0,"max_hp_gain":0,"max_hp_loss":0,"event_name":"SensoryStone","floor":37,"gold_loss":0},{"cards_removed":["Predator"],"damage_healed":0,"gold_gain":0,"player_choice":"Purged","damage_taken":0,"max_hp_gain":0,"max_hp_loss":0,"event_name":"Purifier","floor":38,"gold_loss":0},{"damage_healed":0,"gold_gain":0,"player_choice":"Fight","damage_taken":0,"max_hp_gain":0,"max_hp_loss":0,"event_name":"Mysterious Sphere","floor":47,"gold_loss":0}],"is_beta":false,"boss_relics":[{"not_picked":["HoveringKite","Coffee Dripper"],"picked":"Astrolabe"},{"not_picked":["Sozu","Tiny House"],"picked":"Busted Crown"}],"items_purged_floors":[],"is_endless":false,"potions_floor_spawned":[5,7,14,23,25,27,33,36,41,45,46],"ascension_level":9}}