{"host":"3a1ypf1irl30q4k8","time":1611259679,"event":{"mods":["AchievementEnabler","BaseMod","Bestiary","Colored Map","Minty Spire (QoL Compilation)","Relic Stats"],"gold_per_floor":[115,134,234,252,264,294,312,341,368,324,324,342,360,360,360,360,360],"floor_reached":16,"language":"ENG","playtime":5943,"items_purged":[],"score":137,"play_id":"4c899cbc-be72-4e18-9cb6-9b506b975564","local_time":"20210121200759","is_ascension_mode":true,"campfire_choices":[{"floor":11,"key":"REST"},{"floor":15,"key":"REST"}],"circlet_count":0,"master_deck":["Strike_B","Strike_B","Strike_B","Strike_B","Defend_B","Defend_B+1","Defend_B","Defend_B","Zap+1","Dualcast","Multi-Cast","Glacier","Sweeping Beam","Ball Lightning","Coolheaded","Streamline","Conserve Battery","Creative AI","Genetic Algorithm","Darkness"],"relics":["Cracked Core","Bag of Preparation","War Paint"],"acts_visited":["Exordium"],"potions_floor_usage":[6,16],"damage_taken":[{"damage":1.0,"enemies":"Cultist","floor":1.0,"turns":4.0},{"damage":8.0,"enemies":"Small Slimes","floor":2.0,"turns":4.0},{"damage":1.0,"enemies":"Jaw Worm","floor":4.0,"turns":5.0},{"damage":5,"enemies":"3 Louse","floor":5,"turns":5},{"damage":23,"enemies":"3 Sentries","floor":6,"turns":9},{"damage":11,"enemies":"Exordium Wildlife","floor":7,"turns":6},{"damage":21,"enemies":"Gremlin Nob","floor":8,"turns":4},{"damage":0,"enemies":"Red Slaver","floor":12,"turns":4},{"damage":11,"enemies":"3 Louse","floor":13,"turns":4},{"damage":44,"enemies":"Hexaghost","floor":16,"turns":11}],"seed_played":"3639148928999037586","potions_obtained":[{"floor":4,"key":"Strength Potion"},{"floor":5,"key":"Dexterity Potion"},{"floor":7,"key":"GamblersBrew"}],"is_trial":false,"path_per_floor":["M","M","?","M","M","E","M","E","T","?","R","M","M","?","R","B"],"character_chosen":"DEFECT","items_purchased":[],"campfire_rested":2,"item_purchase_floors":[],"current_hp_per_floor":[74,66,66,65,60,37,26,5,5,5,27,27,16,16,38,0,0],"gold":360,"neow_bonus":"ONE_RANDOM_RARE_CARD","is_daily":false,"chose_seed":false,"campfire_upgraded":0,"win_rate":0.0,"timestamp":1611259679,"path_taken":["M","M","?","M","?","E","M","E","T","?","R","M","M","?","R","BOSS"],"items_purchased_type":[],"build_version":"2020-12-22","purchased_purges":0,"victory":false,"max_hp_per_floor":[75,75,75,75,75,75,75,75,75,75,75,75,75,75,75,75,75],"relic_stats":{"counters":[10,56],"Bag of Preparation":[10],"War Paint":["Zap","Defend_B"],"obtain_stats":[{"Bag of Preparation":6,"War Paint":8,"Cracked Core":0},{"Bag of Preparation":5,"War Paint":7,"Cracked Core":0},{"Bag of Preparation":27,"War Paint":37,"Cracked Core":0}]},"card_choices":[{"not_picked":["Beam Cell","Barrage"],"picked":"Glacier","floor":1.0},{"not_picked":["Hologram","Scrape"],"picked":"Sweeping Beam","floor":2.0},{"not_picked":["Beam Cell","Reinforced Body"],"picked":"Ball Lightning","floor":4},{"not_picked":["Ball Lightning","Lockon"],"picked":"Coolheaded","floor":5},{"not_picked":["Go for the Eyes","All For One"],"picked":"Streamline","floor":6},{"not_picked":["Skim","Melter"],"picked":"Conserve Battery","floor":7},{"not_picked":["Cold Snap","Coolheaded"],"picked":"Creative AI","floor":8},{"not_picked":["Static Discharge","Hologram"],"picked":"Genetic Algorithm","floor":12},{"not_picked":["Redo","Rebound"],"picked":"Darkness","floor":13}],"player_experience":1149921,"relics_obtained":[{"floor":6,"key":"Bag of Preparation"},{"floor":8,"key":"War Paint"}],"event_choices":[{"damage_healed":0.0,"max_hp_gain":0.0,"max_hp_loss":0.0,"gold_gain":100.0,"event_name":"Golden Shrine","player_choice":"Pray","floor":3.0,"gold_loss":0.0,"damage_taken":0.0},{"damage_healed":0,"gold_gain":0,"player_choice":"Left Gold","damage_taken":0,"max_hp_gain":0,"max_hp_loss":0,"event_name":"World of Goop","floor":10,"gold_loss":44},{"damage_healed":0,"gold_gain":0,"player_choice":"Ignored","damage_taken":0,"max_hp_gain":0,"max_hp_loss":0,"event_name":"Golden Idol","floor":14,"gold_loss":0}],"is_beta":false,"boss_relics":[],"items_purged_floors":[],"is_endless":false,"potions_floor_spawned":[4,5,7],"killed_by":"Hexaghost","ascension_level":4}}