{"host":"wogey4gsknv4ot2d","time":1611221560,"event":{"mods":["2.2 Compatiblity","AchievementEnabler","Act Like it!","Alarm Clock","BaseMod","Bestiary","Better Match","Better Third Choice","Colored Map","Colored Powertips","Googly Eyes","Key Reminder","Minty Spire (QoL Compilation)","Permanent Neow","Rare Cards Sparkle","Relic Stats","StSLib"],"gold_per_floor":[118,118,83,83,99,138,151,151,197,197,213,213,248,268,268,268,268],"floor_reached":16,"language":"ENG","playtime":532,"items_purged":[],"score":121,"play_id":"e74a4b86-e491-46be-a55a-bb255a16ab68","local_time":"20210121033240","is_ascension_mode":true,"campfire_choices":[{"floor":8,"key":"REST"},{"floor":10,"key":"RECALL"},{"floor":12,"key":"REST"},{"floor":15,"key":"REST"}],"circlet_count":0,"master_deck":["Strike_B","Strike_B","Strike_B","Strike_B","Defend_B","Defend_B","Defend_B","Defend_B","Zap","Dualcast","Stack","Cold Snap","Stack","Capacitor","Self Repair","Melter","Chill"],"relics":["Cracked Core","Dead Branch","Golden Idol","DataDisk","Pear"],"acts_visited":["Exordium"],"potions_floor_usage":[13,14],"damage_taken":[{"damage":14,"enemies":"Jaw Worm","floor":1,"turns":4},{"damage":0,"enemies":"Small Slimes","floor":5,"turns":4},{"damage":22,"enemies":"3 Sentries","floor":6,"turns":9},{"damage":7,"enemies":"2 Louse","floor":7,"turns":3},{"damage":6,"enemies":"2 Fungi Beasts","floor":11,"turns":4},{"damage":16,"enemies":"Gremlin Nob","floor":13,"turns":4},{"damage":45,"enemies":"Lots of Slimes","floor":14,"turns":6},{"damage":38,"enemies":"The Guardian","floor":16,"turns":12}],"seed_played":"-8845822363658909780","potions_obtained":[{"floor":6,"key":"DistilledChaos"},{"floor":11,"key":"Energy Potion"}],"is_trial":false,"path_per_floor":["M","?","?","?","M","E","M","R","T","R","M","R","E","M","R","B"],"character_chosen":"DEFECT","items_purchased":[],"campfire_rested":3,"item_purchase_floors":[],"current_hp_per_floor":[40,22,40,40,40,18,11,33,33,33,27,49,50,12,37,0,0],"gold":268,"neow_bonus":"ONE_RARE_RELIC","is_daily":false,"chose_seed":false,"campfire_upgraded":0,"win_rate":0.0,"timestamp":1611221560,"path_taken":["M","?","?","?","M","E","M","R","T","R","M","R","E","?","R","BOSS"],"items_purchased_type":[],"build_version":"2020-12-22","purchased_purges":0,"victory":false,"max_hp_per_floor":[75,75,75,75,75,75,75,75,75,75,75,75,85,85,85,85,85],"relic_stats":{"counters":[8,46],"Golden Idol":28,"Dead Branch":[14],"obtain_stats":[{"keyreminder:keyreminder":6,"DataDisk":6,"Pear":13,"Golden Idol":2,"Dead Branch":0,"Cracked Core":0},{"keyreminder:keyreminder":3,"DataDisk":3,"Pear":6,"Golden Idol":1,"Dead Branch":0,"Cracked Core":0},{"keyreminder:keyreminder":17,"DataDisk":17,"Pear":28,"Golden Idol":4,"Dead Branch":0,"Cracked Core":0}]},"card_choices":[{"not_picked":["Tempest","Rebound"],"picked":"Stack","floor":1},{"not_picked":["Double Energy","Undo"],"picked":"Cold Snap","floor":5},{"not_picked":["Heatsinks","Darkness"],"picked":"Stack","floor":6},{"not_picked":["Glacier","Steam"],"picked":"Capacitor","floor":7},{"not_picked":["Beam Cell","Barrage"],"picked":"Self Repair","floor":11},{"not_picked":["Stack","Machine Learning"],"picked":"Melter","floor":13},{"not_picked":["Gash","Turbo"],"picked":"Chill","floor":14}],"player_experience":65370,"relics_obtained":[{"floor":6,"key":"DataDisk"},{"floor":13,"key":"Pear"}],"event_choices":[{"damage_healed":0,"gold_gain":0,"player_choice":"Take Damage","damage_taken":18,"relics_obtained":["Golden Idol"],"max_hp_gain":0,"max_hp_loss":0,"event_name":"Golden Idol","floor":2,"gold_loss":0},{"damage_healed":18,"gold_gain":0,"player_choice":"Healed","damage_taken":0,"max_hp_gain":0,"max_hp_loss":0,"event_name":"The Cleric","floor":3,"gold_loss":35},{"damage_healed":0,"gold_gain":0,"player_choice":"Ignored","damage_taken":83,"max_hp_gain":0,"max_hp_loss":0,"event_name":"betterThird:BetterSerpent","floor":4,"gold_loss":0}],"is_beta":false,"boss_relics":[],"items_purged_floors":[],"is_endless":false,"potions_floor_spawned":[1,6,11],"killed_by":"The Guardian","ascension_level":2}}