{"host":"4rvakrj1idbgia3f","time":1611252172,"event":{"mods":["BaseMod","Colored Map","Colored Powertips","DeckTracker","Highlight Path","Minty Spire (QoL Compilation)","Random Character Button","StSLib"],"gold_per_floor":[117,134,134,8,27,27,52,52,52,82,82,111,145,162,162,239,239,250,264,65,75,23,23,23,23,50,76,76,88,103,128,128,202,202,212,48,48,18,35,35,53,71,96,96,111,140,140,167,179,191,203,215,227,78,78,78],"floor_reached":55,"language":"JPN","playtime":2361,"items_purged":["Strike_R","Strike_R","Strike_R"],"score":1936,"play_id":"58d361c0-2522-4574-96ae-09c1c8927994","local_time":"20210122030252","is_ascension_mode":true,"campfire_choices":[{"data":"Twin Strike","floor":6.0,"key":"SMITH"},{"data":"Twin Strike","floor":8.0,"key":"SMITH"},{"data":"Fiend Fire","floor":11.0,"key":"SMITH"},{"data":"True Grit","floor":15.0,"key":"SMITH"},{"data":"1","floor":23.0,"key":"LIFT"},{"data":"2","floor":24.0,"key":"LIFT"},{"data":"3","floor":25.0,"key":"LIFT"},{"data":"Evolve","floor":32.0,"key":"SMITH"},{"floor":40,"key":"RECALL"},{"floor":44,"key":"REST"},{"floor":47,"key":"REST"},{"floor":49,"key":"DIG"},{"floor":53,"key":"DIG"}],"circlet_count":0,"master_deck":["AscendersBane","Strike_R","Strike_R","Defend_R","Defend_R","Defend_R","Defend_R","Bash","Twin Strike+1","True Grit+1","Twin Strike+1","Pommel Strike+1","Second Wind+1","Fiend Fire+1","Shrug It Off+1","Disarm+1","Spot Weakness+1","Reaper","Cleave","Evolve+1","Blind+1","Whirlwind+1","Shrug It Off+1","Limit Break+1","Limit Break+1","Shockwave+1","Seeing Red+1","True Grit+1","Fire Breathing+1","Entrench+1","Disarm+1"],"relics":["Burning Blood","WingedGreaves","PreservedInsect","Toxic Egg 2","Ginger","Pantograph","Girya","Thread and Needle","Mark of Pain","Orichalcum","InkBottle","Anchor","Fusion Hammer","Shovel","MawBank","Boot","Bottled Flame","DollysMirror"],"acts_visited":["Exordium","TheCity","TheBeyond","TheEnding"],"potions_floor_usage":[35,42],"damage_taken":[{"damage":1.0,"enemies":"Cultist","floor":1.0,"turns":3.0},{"damage":4.0,"enemies":"Jaw Worm","floor":2.0,"turns":5.0},{"damage":0.0,"enemies":"2 Louse","floor":5.0,"turns":2.0},{"damage":8.0,"enemies":"Gremlin Nob","floor":7.0,"turns":3.0},{"damage":13.0,"enemies":"Lagavulin","floor":10.0,"turns":4.0},{"damage":4.0,"enemies":"Gremlin Nob","floor":12.0,"turns":3.0},{"damage":4.0,"enemies":"Lagavulin","floor":13.0,"turns":4.0},{"damage":0.0,"enemies":"2 Fungi Beasts","floor":14.0,"turns":3.0},{"damage":41.0,"enemies":"Hexaghost","floor":16.0,"turns":8.0},{"damage":22.0,"enemies":"2 Thieves","floor":18.0,"turns":4.0},{"damage":15.0,"enemies":"Chosen","floor":19.0,"turns":5.0},{"damage":14.0,"enemies":"Snake Plant","floor":21.0,"turns":3.0},{"damage":14.0,"enemies":"Gremlin Leader","floor":27.0,"turns":6.0},{"damage":0.0,"enemies":"Chosen and Byrds","floor":29.0,"turns":4.0},{"damage":0.0,"enemies":"Sentry and Sphere","floor":30.0,"turns":3.0},{"damage":2.0,"enemies":"Slavers","floor":31.0,"turns":2.0},{"damage":28,"enemies":"Champ","floor":33,"turns":10},{"damage":0,"enemies":"3 Darklings","floor":35,"turns":4},{"damage":0,"enemies":"Orb Walker","floor":39,"turns":3},{"damage":0,"enemies":"Maw","floor":41,"turns":5},{"damage":14,"enemies":"4 Shapes","floor":42,"turns":4},{"damage":23,"enemies":"Jaw Worm Horde","floor":45,"turns":5},{"damage":65,"enemies":"Reptomancer","floor":46,"turns":6},{"damage":0,"enemies":"Giant Head","floor":48,"turns":5},{"damage":41,"enemies":"Time Eater","floor":50,"turns":7},{"damage":56,"enemies":"Awakened One","floor":51,"turns":8},{"damage":69,"enemies":"Shield and Spear","floor":55,"turns":3}],"seed_played":"-7881572885123733978","potions_obtained":[{"floor":7.0,"key":"ColorlessPotion"},{"floor":12.0,"key":"Regen Potion"},{"floor":13.0,"key":"SteroidPotion"},{"floor":16.0,"key":"PowerPotion"},{"floor":19.0,"key":"Dexterity Potion"},{"floor":29.0,"key":"AttackPotion"},{"floor":30.0,"key":"SteroidPotion"},{"floor":33,"key":"Block Potion"},{"floor":35,"key":"HeartOfIron"},{"floor":42,"key":"CultistPotion"}],"is_trial":false,"path_per_floor":["M","M","T","$","M","R","E","R","T","E","R","E","E","M","R","B",null,"M","M","$","M","$","R","R","R","T","E","?","M","M","E","R","B",null,"M","$","?","$","M","R","M","M","T","R","M","E","R","E","R","B","B",null,"R","$","E"],"character_chosen":"IRONCLAD","items_purchased":["Twin Strike","Blind+1","Shrug It Off+1","Seeing Red+1","True Grit+1","DollysMirror"],"campfire_rested":2,"item_purchase_floors":[4,20,22,36,38,54],"current_hp_per_floor":[55,57,57,57,63,63,61,61,61,54,54,56,58,64,64,40,66,58,55,55,55,55,55,55,55,55,68,64,70,75,75,75,53,70,75,75,75,75,75,75,75,67,67,75,75,16,38,72,72,75,25,63,63,63,0,0],"gold":78,"neow_bonus":"ONE_RARE_RELIC","is_daily":false,"chose_seed":false,"campfire_upgraded":5,"win_rate":0.0,"timestamp":1611252172,"path_taken":["M","M","?","$","M","R","E","R","T","E","R","E","E","M","R","BOSS","M","M","$","M","?","R","R","R","T","E","?","M","?","E","R","BOSS","M","$","?","?","M","R","M","M","T","R","M","E","R","E","R","BOSS","BOSS","R","$","E"],"items_purchased_type":["Card","Card","Card","Card","Card","Relic"],"build_version":"2020-12-22","purchased_purges":3,"victory":false,"max_hp_per_floor":[75,75,75,75,75,75,75,75,75,75,75,75,75,75,75,75,75,75,75,75,75,75,75,75,75,75,75,75,75,75,75,75,75,75,75,75,75,75,75,75,75,75,75,75,75,75,75,75,75,75,75,75,75,75,75,75],"card_choices":[{"not_picked":["Feel No Pain","Anger"],"picked":"Twin Strike","floor":1.0},{"not_picked":["Heavy Blade","Rage"],"picked":"True Grit","floor":2.0},{"not_picked":["Twin Strike","Thunderclap"],"picked":"Pommel Strike","floor":5.0},{"not_picked":["Cleave","Burning Pact+1"],"picked":"Second Wind+1","floor":7.0},{"not_picked":["Armaments+1","Heavy Blade"],"picked":"Fiend Fire","floor":10.0},{"not_picked":["Sentinel+1","Warcry+1"],"picked":"Shrug It Off+1","floor":12.0},{"not_picked":["Double Tap+1","Searing Blow"],"picked":"Disarm+1","floor":13.0},{"not_picked":["Anger","Warcry+1"],"picked":"Spot Weakness+1","floor":14.0},{"not_picked":["Juggernaut","Exhume+1"],"picked":"Reaper","floor":16.0},{"not_picked":["Twin Strike","Pommel Strike"],"picked":"Cleave","floor":18.0},{"not_picked":["Warcry+1","Rupture"],"picked":"Evolve","floor":19.0},{"not_picked":["Anger+1","Cleave"],"picked":"Whirlwind+1","floor":21.0},{"not_picked":["Body Slam","Flame Barrier+1","Headbutt"],"picked":"SKIP","floor":27.0},{"not_picked":["Sever Soul","Flame Barrier+1","Headbutt+1"],"picked":"SKIP","floor":29.0},{"not_picked":["Body Slam","Bludgeon","Bloodletting+1"],"picked":"SKIP","floor":30.0},{"not_picked":["Havoc+1","Sever Soul"],"picked":"Limit Break+1","floor":31.0},{"not_picked":["Reaper","Corruption"],"picked":"Limit Break+1","floor":33},{"not_picked":["Anger+1","Clothesline"],"picked":"Shockwave+1","floor":35},{"not_picked":["Headbutt","Rage+1","Dual Wield+1"],"picked":"SKIP","floor":39},{"not_picked":["Combust","True Grit+1","Headbutt+1"],"picked":"SKIP","floor":41},{"not_picked":["Searing Blow","Spot Weakness+1","Headbutt"],"picked":"SKIP","floor":42},{"not_picked":["Carnage","Brutality","True Grit+1"],"picked":"SKIP","floor":45},{"not_picked":["Pommel Strike+1","Flex+1"],"picked":"Fire Breathing+1","floor":46},{"not_picked":["Reaper","Cleave"],"picked":"Entrench+1","floor":48}],"player_experience":2062297,"relics_obtained":[{"floor":3.0,"key":"PreservedInsect"},{"floor":7.0,"key":"Toxic Egg 2"},{"floor":9.0,"key":"Ginger"},{"floor":10.0,"key":"Pantograph"},{"floor":12.0,"key":"Girya"},{"floor":13.0,"key":"Thread and Needle"},{"floor":26.0,"key":"Orichalcum"},{"floor":27.0,"key":"InkBottle"},{"floor":31.0,"key":"Anchor"},{"floor":46,"key":"Shovel"},{"floor":48,"key":"MawBank"},{"floor":49,"key":"Boot"},{"floor":53,"key":"Bottled Flame"}],"event_choices":[{"damage_healed":0.0,"max_hp_gain":0.0,"max_hp_loss":0.0,"gold_gain":0.0,"event_name":"The Woman in Blue","player_choice":"Bought 0 Potions","floor":28.0,"gold_loss":0.0,"damage_taken":0.0},{"damage_healed":0,"gold_gain":0,"player_choice":"Upgraded","damage_taken":0,"max_hp_gain":0,"max_hp_loss":0,"event_name":"Upgrade Shrine","floor":37,"gold_loss":0,"cards_upgraded":["Pommel Strike"]}],"is_beta":false,"boss_relics":[{"not_picked":["Runic Dome","Black Blood"],"picked":"Mark of Pain"},{"not_picked":["Runic Cube","Coffee Dripper"],"picked":"Fusion Hammer"}],"items_purged_floors":[4,20,36],"is_endless":false,"potions_floor_spawned":[7,12,13,16,19,29,30,33,35,39,42,48],"killed_by":"Shield and Spear","ascension_level":20}}