{"host":"cy2xqrw0a4jjdcnp","time":1611252211,"event":{"mods":["AchievementEnabler","BaseMod","Colored Map","Minty Spire (QoL Compilation)","Permanent Neow","Relic Filter"],"gold_per_floor":[115,40,40,51,69,69,84,84,84,84,103,103,3,20,20,119,119,130,144,144,144,160,160,175,175,225,244,119,135,151,181,181,181,181],"floor_reached":33,"language":"ENG","playtime":801,"items_purged":["Defend_R","Double Tap","Writhe"],"score":241,"play_id":"c6523800-b853-491d-8efa-757c0559df21","local_time":"20210121160331","is_ascension_mode":false,"campfire_choices":[{"data":"Pommel Strike","floor":6.0,"key":"SMITH"},{"data":"Whirlwind","floor":8.0,"key":"SMITH"},{"data":"Spot Weakness","floor":10.0,"key":"SMITH"},{"data":"Shockwave","floor":15.0,"key":"SMITH"},{"data":"Flex","floor":23.0,"key":"SMITH"},{"data":"Impervious","floor":25.0,"key":"SMITH"},{"data":"Seeing Red","floor":32.0,"key":"SMITH"}],"circlet_count":0,"master_deck":["Strike_R","Strike_R","Strike_R","Strike_R","Strike_R","Defend_R+1","Bash","Spot Weakness+1","Shrug It Off","Pommel Strike+1","Whirlwind+1","Shockwave+1","Flex+1","Impervious+1","Sword Boomerang+1","Flex","Wild Strike+1","Seeing Red+1"],"relics":["Black Blood","Torii","Magic Flower","PreservedInsect","Tiny House","Red Mask"],"acts_visited":["Exordium","TheCity"],"potions_floor_usage":[],"damage_taken":[{"damage":1.0,"enemies":"Small Slimes","floor":1.0,"turns":4.0},{"damage":6.0,"enemies":"Cultist","floor":4.0,"turns":3.0},{"damage":13.0,"enemies":"2 Louse","floor":5.0,"turns":2.0},{"damage":0.0,"enemies":"2 Fungi Beasts","floor":7.0,"turns":3.0},{"damage":0.0,"enemies":"Large Slime","floor":11.0,"turns":4.0},{"damage":10.0,"enemies":"Looter","floor":14.0,"turns":2.0},{"damage":43.0,"enemies":"Slime Boss","floor":16.0,"turns":8.0},{"damage":1.0,"enemies":"3 Byrds","floor":18.0,"turns":4.0},{"damage":9.0,"enemies":"Chosen","floor":19.0,"turns":6.0},{"damage":21.0,"enemies":"Snake Plant","floor":22.0,"turns":3.0},{"damage":25.0,"enemies":"3 Cultists","floor":24.0,"turns":5.0},{"damage":5.0,"enemies":"Shelled Parasite and Fungi","floor":27.0,"turns":4.0},{"damage":6.0,"enemies":"Snake Plant","floor":29.0,"turns":3.0},{"damage":12.0,"enemies":"3 Cultists","floor":30.0,"turns":3.0},{"damage":9.0,"enemies":"Masked Bandits","floor":31.0,"turns":3.0},{"damage":100,"enemies":"Automaton","floor":33,"turns":10}],"seed_played":"-5086548738740772408","potions_obtained":[{"floor":4.0,"key":"LiquidMemories"},{"floor":5.0,"key":"Energy Potion"},{"floor":14.0,"key":"CultistPotion"},{"floor":22.0,"key":"Fire Potion"},{"floor":29.0,"key":"FearPotion"},{"floor":30.0,"key":"ElixirPotion"}],"is_trial":false,"path_per_floor":["M","$","?","M","M","R","M","R","T","R","M","?","$","M","R","B",null,"M","M","?","?","M","R","M","R","T","M","$","M","M","?","R","B"],"character_chosen":"IRONCLAD","items_purchased":[],"campfire_rested":0,"item_purchase_floors":[],"current_hp_per_floor":[61,61,61,61,54,54,60,60,60,60,69,69,69,68,68,34,80,80,80,65,65,62,62,55,55,60,73,73,85,90,90,90,0,0],"gold":181,"neow_bonus":"ONE_RARE_RELIC","is_daily":false,"chose_seed":false,"campfire_upgraded":7,"win_rate":0.0,"timestamp":1611252211,"path_taken":["M","$","?","?","M","R","M","R","T","R","M","?","$","M","R","BOSS","M","M","?","?","M","R","M","R","T","M","$","M","M","?","R","BOSS"],"items_purchased_type":[],"build_version":"2020-12-22","purchased_purges":3,"victory":false,"max_hp_per_floor":[80,80,80,80,80,80,80,80,80,80,80,80,80,80,80,80,80,80,80,85,85,85,85,85,85,90,90,90,90,90,90,90,90,90],"card_choices":[{"not_picked":["Anger","Thunderclap"],"picked":"Spot Weakness","floor":1.0},{"not_picked":["Iron Wave","Anger"],"picked":"Shrug It Off","floor":4.0},{"not_picked":["Havoc","Disarm"],"picked":"Pommel Strike","floor":5.0},{"not_picked":["Metallicize","Warcry"],"picked":"Whirlwind","floor":7.0},{"not_picked":["Reckless Charge","Flex"],"picked":"Shockwave","floor":11.0},{"not_picked":["Clothesline","Berserk"],"picked":"Flex","floor":14.0},{"not_picked":["Double Tap","Fiend Fire"],"picked":"Impervious","floor":16.0},{"not_picked":["Body Slam+1","Anger+1","Dual Wield"],"picked":"SKIP","floor":18.0},{"not_picked":["Hemokinesis","Power Through"],"picked":"Sword Boomerang+1","floor":19.0},{"not_picked":["Clash","Headbutt","True Grit"],"picked":"SKIP","floor":22.0},{"not_picked":["Clothesline","Rage","Perfected Strike"],"picked":"SKIP","floor":24.0},{"not_picked":["Rage","Rupture+1","Clothesline"],"picked":"SKIP","floor":27.0},{"not_picked":["Anger","Disarm"],"picked":"Flex","floor":29.0},{"not_picked":["Power Through","Heavy Blade"],"picked":"Wild Strike+1","floor":30.0},{"not_picked":["Dropkick","Feel No Pain"],"picked":"Seeing Red","floor":31.0}],"player_experience":1451025,"relics_obtained":[{"floor":9.0,"key":"Magic Flower"},{"floor":26.0,"key":"Tiny House"},{"floor":31.0,"key":"Red Mask"}],"event_choices":[{"cards_removed":["Defend_R"],"damage_healed":0.0,"max_hp_gain":0.0,"max_hp_loss":0.0,"gold_gain":0.0,"event_name":"Purifier","player_choice":"Purged","floor":3.0,"gold_loss":0.0,"damage_taken":0.0},{"damage_healed":0.0,"max_hp_gain":0.0,"max_hp_loss":0.0,"gold_gain":0.0,"cards_transformed":["Defend_R"],"event_name":"Transmorgrifier","player_choice":"Transformed","floor":12.0,"gold_loss":0.0,"damage_taken":0.0,"cards_obtained":["Double Tap"]},{"damage_healed":0.0,"max_hp_gain":5.0,"max_hp_loss":0.0,"gold_gain":0.0,"event_name":"Forgotten Altar","player_choice":"Shed Blood","floor":20.0,"gold_loss":0.0,"damage_taken":20.0},{"damage_healed":0.0,"max_hp_gain":0.0,"max_hp_loss":0.0,"gold_gain":0.0,"event_name":"The Mausoleum","player_choice":"Opened","floor":21.0,"gold_loss":0.0,"damage_taken":0.0,"relics_obtained":["PreservedInsect"],"cards_obtained":["Writhe"]},{"damage_healed":0.0,"max_hp_gain":0.0,"max_hp_loss":0.0,"gold_gain":0.0,"event_name":"Masked Bandits","player_choice":"Fought Bandits","floor":31.0,"gold_loss":0.0,"damage_taken":0.0}],"is_beta":false,"boss_relics":[{"not_picked":["Fusion Hammer","Snecko Eye"],"picked":"Black Blood"}],"items_purged_floors":[2,13,28],"is_endless":false,"potions_floor_spawned":[4,5,14,22,29,30],"killed_by":"Automaton","ascension_level":0}}