{"host":"fbnmuibw0uyiaf00","time":1611236941,"event":{"mods":["BaseMod","Colored Powertips","Lobotomy","LobotomyExtend","Marisa£®ÏF”Í°°ƒß¿Ì…≥£©","Minty Spire (QoL Compilation)","Remilia£®¿Ÿ√◊¿Ú—«£©","UnlockEverythingMod","Youmu£®ªÍ∆«—˝√Œ£©","[IsaacMod]“‘»ˆº‚À˛"],"gold_per_floor":[209,227,227,192,210,237,214,245,324,344,369,382,244,270,270,375,375,390,401,432,446,446,446,466,280,355,355,172,172,172,187,187,282,282,302,302,322,102,186,186,205,240,240,265,302,321,340,351,351,351],"floor_reached":51,"language":"ZHS","playtime":4055,"items_purged":["Writhe"],"score":789,"play_id":"fa521fe7-f9c5-41b5-b330-edea10b6684c","local_time":"20210121214901","is_ascension_mode":false,"campfire_choices":[{"floor":15,"key":"REST"},{"floor":23,"key":"REST"},{"floor":30,"key":"REST"},{"data":"Apotheosis","floor":32,"key":"SMITH"},{"floor":40,"key":"REST"},{"floor":49,"key":"REST"}],"circlet_count":0,"master_deck":["Strike_RM","Strike_RM","Strike_RM","Strike_RM","Defend_RM+1","Defend_RM","Defend_RM","Defend_RM","RedMoon","ScarletShoot","UltimateOffering","BloodyTrap+1","DiffusionOfMisfortune","HunterOfTheNight","Stigmanizer","HellCatastrophe","ScarletSymphony","VampirishNight","StarOfDavid","CeilingFear","ScarletImprint+1","BloodyCatastrophe","BlasphemousPunishment+1","ScarletDream","UnderTheZenith","VampireSweep+1","ScarletImprint+1","EmergencyRegeneration","Apotheosis+1","Decay","ScarletDevilSign+1","ChaoticDestiny","MillenniumVampire","VampirishNight+1","TwelveNightmare","ScarletDream","BloodRain","VampireClaw+1","MastersStateliness+1","AfternoonTea+1","RedRainbow+1","ScarletDevil+1"],"relics":["ScarletHat","HushsDoor","GuppysTail","Oddly Smooth Stone","Blood Vial","RedBat","Pantograph","Molten Egg 2","ScarletEmblem","Red Mask","Potion Belt","White Beast Statue","Black Star","PreservedInsect","Letter Opener","Strawberry","DoctorsRemote","Boot","Toy Ornithopter","RedMistMask"],"acts_visited":["Exordium","TheCity","TheBeyond"],"potions_floor_usage":[33,50,50,50,50,51],"damage_taken":[{"damage":4,"enemies":"Cultist","floor":1,"turns":4},{"damage":0,"enemies":"2 Louse","floor":2,"turns":4},{"damage":0,"enemies":"Small Slimes","floor":5,"turns":5},{"damage":42,"enemies":"Lagavulin","floor":6,"turns":13},{"damage":0,"enemies":"Gremlin Nob","floor":8,"turns":4},{"damage":0,"enemies":"3 Louse","floor":10,"turns":4},{"damage":17,"enemies":"Lagavulin","floor":11,"turns":8},{"damage":0,"enemies":"Exordium Wildlife","floor":12,"turns":3},{"damage":8,"enemies":"3 Sentries","floor":14,"turns":6},{"damage":35,"enemies":"The Guardian","floor":16,"turns":10},{"damage":8,"enemies":"2 Thieves","floor":18,"turns":3},{"damage":19,"enemies":"Shell Parasite","floor":19,"turns":5},{"damage":48,"enemies":"Masked Bandits","floor":20,"turns":4},{"damage":8,"enemies":"Snake Plant","floor":21,"turns":2},{"damage":43,"enemies":"Sentry and Sphere","floor":24,"turns":6},{"damage":4,"enemies":"Snecko","floor":31,"turns":4},{"damage":27,"enemies":"Collector","floor":33,"turns":5},{"damage":23,"enemies":"3 Shapes","floor":35,"turns":4},{"damage":44,"enemies":"3 Darklings","floor":37,"turns":7},{"damage":35,"enemies":"Transient","floor":41,"turns":5},{"damage":41,"enemies":"Nemesis","floor":42,"turns":5},{"damage":19,"enemies":"Giant Head","floor":44,"turns":5},{"damage":28,"enemies":"Sphere and 2 Shapes","floor":45,"turns":3},{"damage":7,"enemies":"Writhing Mass","floor":46,"turns":2},{"damage":46,"enemies":"3 Darklings","floor":47,"turns":7},{"damage":8,"enemies":"Sphere and 2 Shapes","floor":48,"turns":3},{"damage":51,"enemies":"Donu and Deca","floor":50,"turns":5}],"seed_played":"1414801273780744900","potions_obtained":[{"floor":1,"key":"FearPotion"},{"floor":2,"key":"Dexterity Potion"},{"floor":6,"key":"LiquidBronze"},{"floor":31,"key":"GamblersBrew"},{"floor":33,"key":"Fruit Juice"},{"floor":35,"key":"LiquidBronze"},{"floor":37,"key":"CultistPotion"},{"floor":41,"key":"Strength Potion"}],"is_trial":false,"path_per_floor":["M","M","?","?","M","E","$","E","T","M","E","M","$","E","R","B",null,"M","M","?","M","?","R","M","$","T","?","$","?","R","M","R","B",null,"M","?","M","$","?","R","M","E","T","E","M","M","M","M","R","B",null],"character_chosen":"REMILIA","items_purchased":["Stigmanizer","CeilingFear","EmergencyRegeneration","Potion Belt","Apotheosis","PreservedInsect"],"campfire_rested":5,"item_purchase_floors":[7,13,25,25,28,38],"current_hp_per_floor":[71,71,56,74,74,41,41,41,41,44,31,36,36,44,66,56,75,69,61,22,19,19,41,5,5,5,30,30,30,52,54,54,59,80,64,80,44,44,29,53,79,60,60,67,71,84,54,48,74,61],"gold":351,"neow_bonus":"HUNDRED_GOLD","is_daily":false,"chose_seed":false,"campfire_upgraded":1,"win_rate":0.0,"timestamp":1611236941,"path_taken":["M","M","?","?","M","E","$","E","T","?","E","M","?","E","R","BOSS","M","M","?","M","?","R","?","$","T","?","?","?","R","M","R","BOSS","M","?","M","$","?","R","M","E","T","E","M","M","M","?","R","BOSS"],"items_purchased_type":["Card","Card","Card","Relic","Card","Relic"],"build_version":"2020-12-22","purchased_purges":1,"victory":true,"max_hp_per_floor":[75,75,75,75,75,75,75,75,75,75,75,75,75,75,75,75,75,75,75,75,75,75,75,75,75,75,75,75,75,75,75,75,80,80,80,80,80,80,80,80,80,87,87,87,87,87,87,87,87,87],"card_choices":[{"not_picked":[],"picked":"Bomb","floor":0},{"not_picked":["UnderTheZenith","BloodHunter"],"picked":"UltimateOffering","floor":1},{"not_picked":["ScarletGensokyo","EndlessAdversity"],"picked":"BloodyTrap","floor":2},{"not_picked":["StarOfDavid","Bomb"],"picked":"DiffusionOfMisfortune","floor":5},{"not_picked":["VampireKiss","BloodAndWine"],"picked":"HunterOfTheNight","floor":6},{"not_picked":["MillenniumVampire","GlobalNightmare"],"picked":"HellCatastrophe","floor":8},{"not_picked":["BombardNight","NightDance"],"picked":"ScarletSymphony","floor":10},{"not_picked":["FavorOfDestiny","RedRainbow"],"picked":"VampirishNight","floor":11},{"not_picked":["DiffusionOfMisfortune","ScarletDevil"],"picked":"StarOfDavid","floor":12},{"not_picked":["BloodHunter","DemonKingCradle"],"picked":"ScarletImprint+1","floor":14},{"not_picked":["BatForm","TransientEternity"],"picked":"BloodyCatastrophe","floor":16},{"not_picked":["RedRainbow+1","BloodHunter"],"picked":"BlasphemousPunishment+1","floor":18},{"not_picked":["FavorOfDestiny+1","GlobalNightmare"],"picked":"ScarletDream","floor":19},{"not_picked":["ScarletGensokyo","BloodHunter"],"picked":"UnderTheZenith","floor":20},{"not_picked":["VampireKiss+1","ScarletImprint+1"],"picked":"VampireSweep+1","floor":21},{"not_picked":["DiffusionOfMisfortune+1","StarOfDavid+1"],"picked":"ScarletImprint+1","floor":24},{"not_picked":["VampireKiss+1","DiffusionOfMisfortune+1"],"picked":"ScarletDevilSign+1","floor":31},{"not_picked":["HellCatastrophe+1","BatForm"],"picked":"ChaoticDestiny","floor":33},{"not_picked":["UnstableMagic","ScarletImprint+1"],"picked":"MillenniumVampire","floor":35},{"not_picked":["VampireSweep+1","BlasphemousPunishment"],"picked":"VampirishNight+1","floor":37},{"not_picked":["VampireFantasy","StarOfDavid+1"],"picked":"TwelveNightmare","floor":41},{"not_picked":["RedRainbow+1","StarOfDavid+1"],"picked":"ScarletDream","floor":42},{"not_picked":["ScarletImprint+1","MastersStateliness"],"picked":"BloodRain","floor":44},{"not_picked":["MastersStateliness+1","DiffusionOfMisfortune+1"],"picked":"VampireClaw+1","floor":44},{"not_picked":["UnstableMagic+1","VampireKiss+1"],"picked":"MastersStateliness+1","floor":45},{"not_picked":["CharismaGuard+1","UltimateOffering+1"],"picked":"AfternoonTea+1","floor":46},{"not_picked":["DiffusionOfMisfortune+1","CharismaGuard"],"picked":"RedRainbow+1","floor":47},{"not_picked":["UnderTheZenith+1","ScarletImprint+1"],"picked":"ScarletDevil+1","floor":48}],"player_experience":28113,"relics_obtained":[{"floor":6,"key":"Oddly Smooth Stone"},{"floor":8,"key":"Blood Vial"},{"floor":9,"key":"RedBat"},{"floor":11,"key":"Pantograph"},{"floor":14,"key":"Molten Egg 2"},{"floor":20,"key":"Red Mask"},{"floor":26,"key":"White Beast Statue"},{"floor":42,"key":"Letter Opener"},{"floor":42,"key":"Strawberry"},{"floor":43,"key":"DoctorsRemote"},{"floor":44,"key":"Boot"},{"floor":44,"key":"Toy Ornithopter"},{"floor":47,"key":"RedMistMask"}],"event_choices":[{"damage_healed":0,"gold_gain":0,"player_choice":"Entered Light","damage_taken":15,"max_hp_gain":0,"max_hp_loss":0,"event_name":"Shining Light","floor":3,"gold_loss":0,"cards_upgraded":["Defend_RM","BloodyTrap"]},{"damage_healed":18,"gold_gain":0,"player_choice":"Healed","damage_taken":0,"max_hp_gain":0,"max_hp_loss":0,"event_name":"The Cleric","floor":4,"gold_loss":35},{"damage_healed":0,"gold_gain":0,"player_choice":"Fought Bandits","damage_taken":0,"max_hp_gain":0,"max_hp_loss":0,"event_name":"Masked Bandits","floor":20,"gold_loss":0},{"damage_healed":25,"gold_gain":0,"player_choice":"Heal","damage_taken":0,"max_hp_gain":0,"max_hp_loss":0,"event_name":"The Library","floor":27,"gold_loss":0},{"damage_healed":0,"gold_gain":0,"player_choice":"Smashed Altar","damage_taken":0,"max_hp_gain":0,"max_hp_loss":0,"event_name":"Forgotten Altar","floor":29,"gold_loss":0,"cards_obtained":["Decay"]},{"damage_healed":20,"gold_gain":0,"player_choice":"Writhe","damage_taken":0,"max_hp_gain":0,"max_hp_loss":0,"event_name":"Winding Halls","floor":36,"gold_loss":0,"cards_obtained":["Writhe"]}],"is_beta":false,"boss_relics":[{"not_picked":["Runic Dome","ChampionBelt"],"picked":"ScarletEmblem"},{"not_picked":[]},{"not_picked":["Fusion Hammer","Astrolabe"],"picked":"Black Star"},{"not_picked":[]}],"items_purged_floors":[38],"is_endless":false,"potions_floor_spawned":[1,2,6,10,18,24,31,33,35,37,41,42,44,45,46,47,48],"ascension_level":0}}