{"host":"sav7uxregyirlf69","time":1611202460,"event":{"mods":["AchievementEnabler","BaseMod","Colored Map","DeckTracker","Keyboard Shortcuts","Minty Spire (QoL Compilation)","READ ME - Guardian Mod","StSLib","SuperFastMode"],"gold_per_floor":[112,129,129,143,156,156,183,183,183,183,203,203,30,43,43,43,43],"floor_reached":16,"language":"KOR","playtime":344,"items_purged":[],"score":204,"play_id":"cd9d18a1-1832-455b-b244-fa558aa441e5","local_time":"20210121131420","is_ascension_mode":true,"campfire_choices":[{"data":"Armaments","floor":6,"key":"SMITH"},{"data":"Battle Trance","floor":8,"key":"SMITH"},{"data":"Evolve","floor":10,"key":"SMITH"},{"data":"Bash","floor":15,"key":"SMITH"}],"circlet_count":0,"master_deck":["AscendersBane","Strike_R","Strike_R","Strike_R","Strike_R","Defend_R","Defend_R","Defend_R","Defend_R","Bash+1","Flex","Battle Trance+1","Armaments+1","Evolve+1","Wild Strike","Pommel Strike","Shrug It Off"],"relics":["Burning Blood","Boot","Bag of Preparation","TheAbacus"],"acts_visited":["Exordium"],"potions_floor_usage":[7,14],"damage_taken":[{"damage":21,"enemies":"Jaw Worm","floor":1,"turns":6},{"damage":13,"enemies":"Cultist","floor":2,"turns":5},{"damage":4,"enemies":"Small Slimes","floor":4,"turns":4},{"damage":1,"enemies":"3 Louse","floor":5,"turns":4},{"damage":17,"enemies":"3 Sentries","floor":7,"turns":8},{"damage":13,"enemies":"Red Slaver","floor":11,"turns":3},{"damage":8,"enemies":"Exordium Thugs","floor":14,"turns":5},{"damage":44,"enemies":"Hexaghost","floor":16,"turns":9}],"seed_played":"3687364396166012687","potions_obtained":[{"floor":2,"key":"DistilledChaos"},{"floor":4,"key":"ColorlessPotion"}],"is_trial":false,"path_per_floor":["M","M","?","M","M","R","E","R","T","R","M","?","$","M","R","B"],"character_chosen":"IRONCLAD","items_purchased":["TheAbacus"],"campfire_rested":0,"item_purchase_floors":[13],"current_hp_per_floor":[60,53,53,55,60,60,49,49,49,49,42,42,42,40,40,0,0],"gold":43,"neow_bonus":"TEN_PERCENT_HP_BONUS","is_daily":false,"chose_seed":false,"campfire_upgraded":4,"win_rate":0.0,"timestamp":1611202460,"path_taken":["M","M","?","M","?","R","E","R","T","R","M","?","$","M","R","BOSS"],"items_purchased_type":["Relic"],"build_version":"2020-12-22","purchased_purges":0,"victory":false,"max_hp_per_floor":[82,82,82,82,82,82,82,82,82,82,82,82,82,82,82,82,82],"card_choices":[{"not_picked":["Headbutt","Metallicize"],"picked":"Flex","floor":1},{"not_picked":["Armaments","Headbutt"],"picked":"Battle Trance","floor":2},{"not_picked":["Perfected Strike","Rampage"],"picked":"Armaments","floor":4},{"not_picked":["Ghostly Armor","Perfected Strike"],"picked":"Evolve","floor":5},{"not_picked":["Sentinel","Dark Embrace"],"picked":"Wild Strike","floor":7},{"not_picked":["Havoc","Infernal Blade"],"picked":"Pommel Strike","floor":11},{"not_picked":["Double Tap","Thunderclap"],"picked":"Shrug It Off","floor":14}],"player_experience":1338224,"relics_obtained":[{"floor":7,"key":"Boot"},{"floor":9,"key":"Bag of Preparation"}],"event_choices":[{"damage_healed":0,"gold_gain":0,"player_choice":"0 cards matched","damage_taken":0,"max_hp_gain":0,"max_hp_loss":0,"event_name":"Match and Keep!","floor":3,"gold_loss":0,"cards_obtained":[]},{"cards_removed":["Strike_R"],"damage_healed":0,"gold_gain":0,"player_choice":"Purged","damage_taken":0,"max_hp_gain":0,"max_hp_loss":0,"event_name":"Purifier","floor":12,"gold_loss":0}],"is_beta":false,"boss_relics":[],"items_purged_floors":[],"is_endless":false,"potions_floor_spawned":[2,4,5],"killed_by":"Hexaghost","ascension_level":20}}