{"host":"89iuq2p5kwriuwfq","time":1611248770,"event":{"mods":["BaseMod","Curses Come First","Minty Spire (QoL Compilation)","Permanent Neow","StSLib"],"gold_per_floor":[117,117,137,57,68,94,94,122,122,122,122,153,228,247,247,344,344,358,358,375,375,392,423,438,463,487,487,507,521,552,552,552,649,649,659,659,659,669,290,290,308,333,356,389,405,436,436,447,447,447,447,447,67,93,93],"floor_reached":56,"language":"ENG","playtime":3419,"items_purged":["Defend_G"],"score":2033,"play_id":"d8eb8e08-76ad-4b89-a6c3-eddae41e11ba","local_time":"20210121170610","is_ascension_mode":true,"campfire_choices":[{"data":"Malaise","floor":7.0,"key":"SMITH"},{"data":"Bouncing Flask","floor":11.0,"key":"SMITH"},{"data":"Deadly Poison","floor":15.0,"key":"SMITH"},{"data":"1","floor":32.0,"key":"LIFT"},{"data":"2","floor":40.0,"key":"LIFT"},{"floor":49.0,"key":"RECALL"},{"data":"3","floor":52.0,"key":"LIFT"}],"circlet_count":0,"master_deck":["Strike_G","Strike_G+1","Defend_G","Defend_G","Survivor","Neutralize","Dodge and Roll","Phantasmal Killer","Deadly Poison+1","Deflect","Malaise+1","Leg Sweep","Backflip","Bouncing Flask+1","Quick Slash","Catalyst+1","Malaise+1","Deadly Poison+1","After Image","Corpse Explosion+1","Dodge and Roll+1","Burst+1","Bouncing Flask+1","Escape Plan+1","Ghostly+1","Ghostly+1","Ghostly+1","Ghostly+1","Ghostly+1","Burst+1","Adrenaline+1","Noxious Fumes+1","Finesse+1","Noxious Fumes+1","Expertise+1"],"relics":["Ring of the Snake","Darkstone Periapt","Snake Skull","Toxic Egg 2","Bronze Scales","Question Card","Sozu","Omamori","Strawberry","Art of War","Girya","Coffee Dripper","TwistedFunnel","Happy Flower","Frozen Egg 2","Ninja Scroll","Nunchaku","Medical Kit","Vajra","Boot"],"acts_visited":["Exordium","TheCity","TheBeyond","TheEnding"],"potions_floor_usage":[55],"damage_taken":[{"damage":0.0,"enemies":"Small Slimes","floor":1.0,"turns":4.0},{"damage":0.0,"enemies":"2 Louse","floor":3.0,"turns":3.0},{"damage":1.0,"enemies":"Jaw Worm","floor":5.0,"turns":2.0},{"damage":7.0,"enemies":"Lagavulin","floor":6.0,"turns":10.0},{"damage":9.0,"enemies":"3 Sentries","floor":8.0,"turns":13.0},{"damage":0.0,"enemies":"Gremlin Nob","floor":12.0,"turns":3.0},{"damage":0.0,"enemies":"2 Fungi Beasts","floor":14.0,"turns":2.0},{"damage":0.0,"enemies":"Hexaghost","floor":16.0,"turns":7.0},{"damage":6.0,"enemies":"3 Byrds","floor":18.0,"turns":2.0},{"damage":0.0,"enemies":"Chosen","floor":20.0,"turns":4.0},{"damage":5.0,"enemies":"Snake Plant","floor":22.0,"turns":3.0},{"damage":4.0,"enemies":"Gremlin Leader","floor":23.0,"turns":5.0},{"damage":0.0,"enemies":"Snecko","floor":24.0,"turns":5.0},{"damage":17.0,"enemies":"Slavers","floor":25.0,"turns":3.0},{"damage":2.0,"enemies":"Cultist and Chosen","floor":28.0,"turns":3.0},{"damage":2.0,"enemies":"Centurion and Healer","floor":29.0,"turns":3.0},{"damage":0.0,"enemies":"Book of Stabbing","floor":30.0,"turns":4.0},{"damage":0.0,"enemies":"Champ","floor":33.0,"turns":12.0},{"damage":0.0,"enemies":"Orb Walker","floor":35.0,"turns":1.0},{"damage":0.0,"enemies":"3 Darklings","floor":38.0,"turns":3.0},{"damage":0.0,"enemies":"Spire Growth","floor":41.0,"turns":4.0},{"damage":0.0,"enemies":"Reptomancer","floor":42.0,"turns":4.0},{"damage":0.0,"enemies":"Giant Head","floor":44.0,"turns":5.0},{"damage":0.0,"enemies":"4 Shapes","floor":45.0,"turns":3.0},{"damage":0.0,"enemies":"Reptomancer","floor":46.0,"turns":2.0},{"damage":0.0,"enemies":"3 Darklings","floor":48.0,"turns":3.0},{"damage":7.0,"enemies":"Time Eater","floor":50.0,"turns":8.0},{"damage":0.0,"enemies":"Shield and Spear","floor":54.0,"turns":4.0},{"damage":17,"enemies":"The Heart","floor":55,"turns":9}],"seed_played":"-5221337604256284748","potions_obtained":[{"floor":1.0,"key":"PowerPotion"},{"floor":5.0,"key":"GamblersBrew"},{"floor":6.0,"key":"Poison Potion"},{"floor":12.0,"key":"Strength Potion"},{"floor":16.0,"key":"Ancient Potion"}],"is_trial":false,"path_per_floor":["M","?","M","$","M","E","R","E","T","?","R","E","?","M","R","B",null,"M","?","M","?","M","E","M","E","T","?","M","M","E","?","R","B",null,"M","?","?","M","$","R","M","E","T","E","M","E","?","M","R","B",null,"R","$","E","B",null],"character_chosen":"THE_SILENT","items_purchased":["Malaise","TwistedFunnel","Happy Flower","Noxious Fumes+1","Medical Kit","Vajra"],"campfire_rested":0,"item_purchase_floors":[4,39,39,53,53,53],"current_hp_per_floor":[63,50,50,50,49,42,42,33,33,26,26,26,15,15,15,15,51,45,45,45,45,40,36,36,26,26,26,24,22,22,22,22,22,32,32,32,32,32,32,32,32,32,32,32,32,32,32,32,32,25,31,31,31,31,14],"gold":93,"neow_bonus":"TRANSFORM_TWO_CARDS","is_daily":false,"chose_seed":false,"campfire_upgraded":3,"win_rate":0.0,"timestamp":1611248770,"path_taken":["M","?","M","$","M","E","R","E","T","?","R","E","?","M","R","BOSS","M","?","M","?","M","E","M","E","T","?","M","M","E","?","R","BOSS","M","?","?","M","$","R","M","E","T","E","M","E","?","M","R","BOSS","R","$","E","BOSS"],"items_purchased_type":["Card","Relic","Relic","Card","Relic","Relic"],"build_version":"2020-12-22","purchased_purges":1,"victory":true,"max_hp_per_floor":[63,63,63,63,63,63,63,63,63,63,63,63,63,63,63,63,63,63,63,63,63,63,63,63,70,70,35,35,35,35,35,35,35,35,35,33,33,33,33,33,33,33,33,33,33,33,33,33,33,33,33,33,33,33,33],"card_choices":[{"not_picked":["Riddle With Holes","Flying Knee"],"picked":"Deadly Poison","floor":1.0},{"not_picked":["Flying Knee","Sucker Punch"],"picked":"Deflect","floor":3.0},{"not_picked":["Reflex","PiercingWail"],"picked":"Leg Sweep","floor":5.0},{"not_picked":["Slice","Infinite Blades"],"picked":"Backflip","floor":6.0},{"not_picked":["Expertise","PiercingWail"],"picked":"Bouncing Flask","floor":8.0},{"not_picked":["Outmaneuver+1","Phantasmal Killer+1"],"picked":"Quick Slash","floor":12.0},{"not_picked":["Poisoned Stab","Underhanded Strike","Prepared+1"],"picked":"Catalyst+1","floor":14.0},{"not_picked":["Unload","Die Die Die","A Thousand Cuts"],"picked":"Malaise+1","floor":16.0},{"not_picked":["Prepared+1","Slice","Acrobatics+1"],"picked":"Deadly Poison+1","floor":18.0},{"not_picked":["Blur+1","Outmaneuver+1","Predator"],"picked":"Dodge and Roll+1","floor":20.0},{"not_picked":["Endless Agony+1","Flying Knee","PiercingWail+1","Poisoned Stab"],"picked":"SKIP","floor":22.0},{"not_picked":["Blade Dance+1","Deadly Poison+1","Masterful Stab"],"picked":"Bouncing Flask+1","floor":23.0},{"not_picked":["Calculated Gamble+1","Outmaneuver+1","Flying Knee","Sucker Punch"],"picked":"SKIP","floor":24.0},{"not_picked":["Backflip+1","Quick Slash","Dagger Spray"],"picked":"Escape Plan+1","floor":25.0},{"not_picked":["Backstab+1","Outmaneuver+1","Flying Knee"],"picked":"Burst+1","floor":28.0},{"not_picked":["Backflip+1","Choke","Bane+1","Quick Slash"],"picked":"SKIP","floor":29.0},{"not_picked":["Flying Knee","Sucker Punch","Riddle With Holes+1","Acrobatics+1"],"picked":"SKIP","floor":30.0},{"not_picked":["Storm of Steel+1","Doppelganger+1","Die Die Die"],"picked":"Adrenaline+1","floor":33.0},{"not_picked":["Bane","Flying Knee+1","Finisher+1","Eviscerate"],"picked":"SKIP","floor":35.0},{"not_picked":["Eviscerate+1","Prepared+1","Poisoned Stab+1"],"picked":"Noxious Fumes+1","floor":38.0},{"not_picked":["Quick Slash+1","Flying Knee","Poisoned Stab","Slice"],"picked":"SKIP","floor":41.0},{"not_picked":["Skewer","Setup+1","All Out Attack","Sucker Punch+1"],"picked":"SKIP","floor":42.0},{"not_picked":["Prepared+1","PiercingWail+1","Cloak And Dagger+1","Outmaneuver+1"],"picked":"SKIP","floor":44.0},{"not_picked":["Dagger Throw+1","Tactician+1","Concentrate+1","Poisoned Stab"],"picked":"SKIP","floor":45.0},{"not_picked":["Tools of the Trade+1","Prepared+1","Poisoned Stab","PiercingWail+1"],"picked":"SKIP","floor":46.0},{"not_picked":["Bandage Up+1","Good Instincts+1","Dramatic Entrance"],"picked":"Finesse+1","floor":47.0},{"not_picked":["Deadly Poison+1","Predator+1","Blade Dance+1","Flying Knee+1"],"picked":"SKIP","floor":48.0},{"not_picked":["Underhanded Strike","Envenom+1","Tactician+1"],"picked":"Expertise+1","floor":54.0}],"player_experience":528571,"relics_obtained":[{"floor":6.0,"key":"Darkstone Periapt"},{"floor":8.0,"key":"Snake Skull"},{"floor":9.0,"key":"Toxic Egg 2"},{"floor":12.0,"key":"Question Card"},{"floor":23.0,"key":"Omamori"},{"floor":25.0,"key":"Strawberry"},{"floor":26.0,"key":"Art of War"},{"floor":30.0,"key":"Girya"},{"floor":42.0,"key":"Frozen Egg 2"},{"floor":44.0,"key":"Ninja Scroll"},{"floor":46.0,"key":"Nunchaku"},{"floor":54.0,"key":"Boot"}],"event_choices":[{"damage_healed":0.0,"max_hp_gain":0.0,"max_hp_loss":0.0,"gold_gain":0.0,"event_name":"Shining Light","player_choice":"Entered Light","floor":2.0,"gold_loss":0.0,"damage_taken":13.0,"cards_upgraded":["Strike_G","Strike_G"]},{"damage_healed":0.0,"max_hp_gain":0.0,"max_hp_loss":0.0,"gold_gain":0.0,"event_name":"Scrap Ooze","player_choice":"Success","floor":10.0,"gold_loss":0.0,"damage_taken":7.0,"relics_obtained":["Bronze Scales"]},{"damage_healed":0.0,"max_hp_gain":0.0,"max_hp_loss":0.0,"gold_gain":75.0,"event_name":"World of Goop","player_choice":"Gather Gold","floor":13.0,"gold_loss":0.0,"damage_taken":11.0},{"damage_healed":0.0,"max_hp_gain":0.0,"max_hp_loss":0.0,"gold_gain":0.0,"cards_transformed":["Strike_G","Defend_G"],"event_name":"Drug Dealer","player_choice":"Became Test Subject","floor":19.0,"gold_loss":0.0,"damage_taken":0.0,"cards_obtained":["After Image","Corpse Explosion"]},{"damage_healed":0.0,"max_hp_gain":0.0,"max_hp_loss":0.0,"gold_gain":0.0,"event_name":"The Library","player_choice":"Read","floor":21.0,"gold_loss":0.0,"damage_taken":0.0,"cards_obtained":["Burst"]},{"damage_healed":0.0,"max_hp_gain":0.0,"max_hp_loss":35.0,"gold_gain":0.0,"event_name":"Ghosts","player_choice":"Became a Ghost","floor":27.0,"gold_loss":0.0,"damage_taken":0.0,"cards_obtained":["Ghostly","Ghostly","Ghostly","Ghostly","Ghostly"]},{"damage_healed":0.0,"max_hp_gain":0.0,"max_hp_loss":0.0,"gold_gain":0.0,"event_name":"Vampires","player_choice":"Ignored","floor":31.0,"gold_loss":0.0,"damage_taken":0.0},{"damage_healed":0.0,"max_hp_gain":0.0,"max_hp_loss":2.0,"gold_gain":0.0,"event_name":"Winding Halls","player_choice":"Max HP","floor":36.0,"gold_loss":0.0,"damage_taken":0.0},{"cards_removed":["Strike_G"],"damage_healed":0.0,"max_hp_gain":0.0,"max_hp_loss":0.0,"gold_gain":0.0,"event_name":"Falling","player_choice":"Removed Attack","floor":37.0,"gold_loss":0.0,"damage_taken":0.0},{"damage_healed":0.0,"max_hp_gain":0.0,"max_hp_loss":0.0,"gold_gain":0.0,"event_name":"SensoryStone","player_choice":"Memory 1","floor":47.0,"gold_loss":0.0,"damage_taken":0.0}],"is_beta":false,"boss_relics":[{"not_picked":["Ring of the Serpent","SlaversCollar"],"picked":"Sozu"},{"not_picked":["Philosopher\u0027s Stone","SacredBark"],"picked":"Coffee Dripper"}],"items_purged_floors":[39],"is_endless":false,"potions_floor_spawned":[1,5,6,12,16,23,24,25,28,30,42,44,45,46],"ascension_level":7}}