{"host":"sc0o2qwpf9j16a4i","time":1611258446,"event":{"mods":["AchievementEnabler","BaseMod","BetterRewards","Block Reminder","Colored Map","Colored Powertips","Custom Start","Highlight Path","Minty Spire (QoL Compilation)","Relic Stats"],"gold_per_floor":[116,116,128,146,221,221,252,271,298,298,298,318,343,361,361,435,435,474,487,412,412,456,456,456,456],"floor_reached":24,"language":"ENG","playtime":850,"items_purged":[],"score":416,"play_id":"93c54620-a456-4f9f-b93f-c913bbffc79b","local_time":"20210121214726","is_ascension_mode":true,"campfire_choices":[{"floor":6.0,"key":"REST"},{"floor":10.0,"key":"REST"},{"floor":15.0,"key":"REST"},{"data":"Wish","floor":23.0,"key":"SMITH"}],"circlet_count":0,"master_deck":["AscendersBane","Eruption","Vigilance","Wallop","FlyingSleeves","CarveReality","CutThroughFate","Protect","Establishment","Meditate","Protect","Evaluate","DeusExMachina","Fasting2","Vault","SignatureMove","Wish+1","Conclude","Tantrum","Wallop","WaveOfTheHand+1","ThirdEye"],"relics":["PureWater","Lantern","Dream Catcher","Anchor","Pandora\u0027s Box"],"acts_visited":["Exordium","TheCity"],"potions_floor_usage":[],"damage_taken":[{"damage":4.0,"enemies":"Jaw Worm","floor":1.0,"turns":4.0},{"damage":0.0,"enemies":"2 Louse","floor":3.0,"turns":4.0},{"damage":0.0,"enemies":"Small Slimes","floor":4.0,"turns":2.0},{"damage":22.0,"enemies":"Gremlin Nob","floor":7.0,"turns":3.0},{"damage":2.0,"enemies":"Looter","floor":8.0,"turns":3.0},{"damage":0.0,"enemies":"Exordium Thugs","floor":12.0,"turns":3.0},{"damage":14.0,"enemies":"3 Sentries","floor":13.0,"turns":5.0},{"damage":0.0,"enemies":"Red Slaver","floor":14.0,"turns":2.0},{"damage":23.0,"enemies":"The Guardian","floor":16.0,"turns":12.0},{"damage":9.0,"enemies":"3 Byrds","floor":18.0,"turns":6.0},{"damage":0.0,"enemies":"2 Thieves","floor":19.0,"turns":5.0},{"damage":8.0,"enemies":"Snecko","floor":22.0,"turns":4.0},{"damage":88,"enemies":"Gremlin Leader","floor":24,"turns":6}],"seed_played":"-4625930512304897876","potions_obtained":[{"floor":1.0,"key":"Strength Potion"},{"floor":7.0,"key":"BottledMiracle"},{"floor":8.0,"key":"SkillPotion"},{"floor":18.0,"key":"LiquidMemories"}],"is_trial":false,"path_per_floor":["M","?","M","M","?","R","E","M","T","R","?","M","E","M","R","B",null,"M","M","?","?","M","R","E"],"character_chosen":"WATCHER","items_purchased":[],"campfire_rested":3,"item_purchase_floors":[],"current_hp_per_floor":[63,41,41,41,30,52,30,28,28,50,43,43,29,29,51,28,63,54,54,54,84,76,76,0,0],"gold":456,"neow_bonus":"TEN_PERCENT_HP_BONUS","is_daily":false,"chose_seed":false,"campfire_upgraded":1,"win_rate":0.0,"timestamp":1611258446,"path_taken":["M","?","M","M","?","R","E","M","T","R","?","M","E","M","R","BOSS","M","M","?","?","M","R","E"],"items_purchased_type":[],"build_version":"2020-12-22","purchased_purges":0,"victory":false,"max_hp_per_floor":[74,74,74,74,74,74,74,74,74,74,74,74,74,74,74,74,74,74,74,74,84,84,84,84,84],"relic_stats":{"Dream Catcher":2,"counters":[13,59],"Pandora\u0027s Box":["Fasting2","Vault","SignatureMove","MasterReality","Wish","Conclude","Tantrum"],"obtain_stats":[{"Lantern":7,"Dream Catcher":9,"Anchor":13,"Pandora\u0027s Box":17,"PureWater":0},{"Lantern":4,"Dream Catcher":5,"Anchor":7,"Pandora\u0027s Box":9,"PureWater":0},{"Lantern":13,"Dream Catcher":16,"Anchor":24,"Pandora\u0027s Box":38,"PureWater":0}]},"card_choices":[{"not_picked":["Wireheading","Worship"],"picked":"BowlingBash","floor":1.0},{"not_picked":["Halt","ClearTheMind"],"picked":"Wallop","floor":3.0},{"not_picked":["JustLucky","Perseverance"],"picked":"FlyingSleeves","floor":4.0},{"not_picked":["Prostrate","SashWhip"],"picked":"CarveReality","floor":7.0},{"not_picked":["Crescendo","ForeignInfluence"],"picked":"CutThroughFate","floor":8.0},{"not_picked":["CutThroughFate","EmptyBody"],"picked":"Protect","floor":10.0},{"not_picked":["WheelKick","Crescendo"],"picked":"Establishment","floor":12.0},{"not_picked":["CrushJoints","PathToVictory"],"picked":"Meditate","floor":13.0},{"not_picked":["PathToVictory","FollowUp"],"picked":"Protect","floor":14.0},{"not_picked":["WreathOfFlame","BowlingBash"],"picked":"Evaluate","floor":15.0},{"not_picked":["ConjureBlade","Judgement"],"picked":"DeusExMachina","floor":16.0},{"not_picked":["EmptyFist","Perseverance"],"picked":"Wallop","floor":18.0},{"not_picked":["Consecrate","Evaluate"],"picked":"WaveOfTheHand+1","floor":19.0},{"not_picked":["EmptyFist","WreathOfFlame"],"picked":"ThirdEye","floor":22.0}],"player_experience":857747,"relics_obtained":[{"floor":7.0,"key":"Lantern"},{"floor":9.0,"key":"Dream Catcher"},{"floor":13.0,"key":"Anchor"}],"event_choices":[{"damage_healed":0.0,"max_hp_gain":0.0,"max_hp_loss":0.0,"gold_gain":0.0,"event_name":"Shining Light","player_choice":"Entered Light","floor":2.0,"gold_loss":0.0,"damage_taken":22.0,"cards_upgraded":["Strike_P","Defend_P"]},{"damage_healed":0.0,"max_hp_gain":0.0,"max_hp_loss":0.0,"gold_gain":75.0,"event_name":"World of Goop","player_choice":"Gather Gold","floor":5.0,"gold_loss":0.0,"damage_taken":11.0},{"cards_removed":["Strike_P"],"damage_healed":0.0,"max_hp_gain":0.0,"max_hp_loss":0.0,"gold_gain":0.0,"event_name":"Golden Wing","player_choice":"Card Removal","floor":11.0,"gold_loss":0.0,"damage_taken":7.0},{"cards_removed":["BowlingBash"],"damage_healed":0.0,"max_hp_gain":0.0,"max_hp_loss":0.0,"gold_gain":0.0,"event_name":"Beggar","player_choice":"Gave Gold","floor":20.0,"gold_loss":75.0,"damage_taken":0.0},{"cards_removed":["MasterReality"],"damage_healed":20.0,"max_hp_gain":10.0,"max_hp_loss":0.0,"gold_gain":0.0,"event_name":"Bonfire Elementals","player_choice":"Offered Rare","floor":21.0,"gold_loss":0.0,"damage_taken":0.0}],"is_beta":false,"boss_relics":[{"not_picked":["VioletLotus","SacredBark"],"picked":"Pandora\u0027s Box"}],"items_purged_floors":[],"is_endless":false,"potions_floor_spawned":[1,7,8,18],"killed_by":"Gremlin Leader","ascension_level":20}}