{"host":"opyh6vr790e42ffe","time":1611250926,"event":{"mods":["BaseMod","Colored Map","Highlight Path","Minty Spire (QoL Compilation)","Relic Stats","StSLib"],"gold_per_floor":[14,31,48,48,64,98,98,98,150,150,150,150,177,194,194,268,268,278,298,311,511,17,17,27,61,61,61,92,92,15,31,31,108,108,125,125,125],"floor_reached":36,"language":"ENG","playtime":2551,"items_purged":["Collect"],"score":923,"play_id":"26dfb2df-283d-4c95-aae3-f49ea79d2142","local_time":"20210121094206","is_ascension_mode":true,"campfire_choices":[{"floor":8.0,"key":"REST"},{"data":"Metamorphosis","floor":10.0,"key":"SMITH"},{"data":"Evaluate","floor":12.0,"key":"SMITH"},{"floor":15.0,"key":"REST"},{"data":"MentalFortress","floor":23,"key":"SMITH"},{"data":"Adaptation","floor":27,"key":"SMITH"},{"data":"Study","floor":32,"key":"SMITH"}],"circlet_count":0,"master_deck":["AscendersBane","Eruption","Vigilance","Metamorphosis+1","DeceiveReality","Evaluate+1","FlurryOfBlows","LikeWater","Wireheading","Prostrate","Ragnarok","Meditate","DeusExMachina","MentalFortress+1","SpiritShield","Pray","DevaForm","Ragnarok","Adaptation+1","MentalFortress","EmptyMind","Study+1","Adaptation+1","Fasting2+1","Wireheading","Devotion","Vault","ThirdEye"],"relics":["PureWater","WarpedTongs","Mummified Hand","Spirit Poop","Ancient Tea Set","Pandora\u0027s Box","Lee\u0027s Waffle","Nunchaku","Blood Vial","Darkstone Periapt","Pen Nib","Tiny Chest","Runic Dome"],"acts_visited":["Exordium","TheCity","TheBeyond"],"potions_floor_usage":[25],"damage_taken":[{"damage":0.0,"enemies":"Cultist","floor":1.0,"turns":3.0},{"damage":4.0,"enemies":"Jaw Worm","floor":2.0,"turns":3.0},{"damage":1.0,"enemies":"Small Slimes","floor":3.0,"turns":3.0},{"damage":6.0,"enemies":"Red Slaver","floor":5.0,"turns":3.0},{"damage":42.0,"enemies":"Gremlin Nob","floor":6.0,"turns":5.0},{"damage":8.0,"enemies":"3 Sentries","floor":13.0,"turns":6.0},{"damage":3.0,"enemies":"Exordium Thugs","floor":14.0,"turns":4.0},{"damage":1.0,"enemies":"The Guardian","floor":16.0,"turns":9.0},{"damage":17,"enemies":"Shell Parasite","floor":18,"turns":3},{"damage":0,"enemies":"Chosen","floor":19,"turns":4},{"damage":8,"enemies":"3 Cultists","floor":20,"turns":4},{"damage":0,"enemies":"Snake Plant","floor":24,"turns":1},{"damage":21,"enemies":"Slavers","floor":25,"turns":4},{"damage":6,"enemies":"Gremlin Leader","floor":28,"turns":4},{"damage":0,"enemies":"Snecko","floor":31,"turns":3},{"damage":0,"enemies":"Collector","floor":33,"turns":6},{"damage":46,"enemies":"Orb Walker","floor":35,"turns":4},{"damage":35,"enemies":"3 Darklings","floor":36,"turns":2}],"seed_played":"-1748879119078386730","potions_obtained":[{"floor":1.0,"key":"Ancient Potion"},{"floor":3.0,"key":"Fire Potion"},{"floor":19,"key":"Dexterity Potion"},{"floor":24,"key":"Block Potion"},{"floor":31,"key":"PowerPotion"}],"is_trial":false,"path_per_floor":["M","M","M","?","M","E","?","R","T","R","?","R","E","M","R","B",null,"M","M","M","?","$","R","M","E","T","R","E","?","?","M","R","B",null,"M","M"],"character_chosen":"WATCHER","items_purchased":["Lee\u0027s Waffle","Study","Nunchaku"],"campfire_rested":2,"item_purchase_floors":[22,22,22],"current_hp_per_floor":[61,57,56,56,50,8,8,28,28,28,28,28,20,17,37,36,60,43,43,35,35,75,75,75,54,54,54,50,50,50,52,52,54,70,26,0,0],"gold":125,"neow_bonus":"RANDOM_COLORLESS_2","is_daily":false,"chose_seed":false,"campfire_upgraded":5,"win_rate":0.0,"timestamp":1611250926,"path_taken":["M","M","?","?","?","E","?","R","T","R","?","R","E","M","R","BOSS","M","M","M","?","?","R","M","E","T","R","E","?","?","?","R","BOSS","M","M"],"items_purchased_type":["Relic","Card","Relic"],"build_version":"2020-12-22","purchased_purges":1,"victory":false,"max_hp_per_floor":[68,68,68,68,68,68,68,68,68,68,68,68,68,68,68,68,68,68,68,68,68,75,75,75,75,75,75,75,75,75,75,75,75,75,75,75,75],"relic_stats":{"Blood Vial":10,"Darkstone Periapt":0,"Lee\u0027s Waffle":40,"Nunchaku":[5],"counters":[18,71],"Mummified Hand":[87],"Pandora\u0027s Box":["Meditate","DeusExMachina","MentalFortress","Collect","SpiritShield","Pray","DevaForm","Ragnarok"],"Tiny Chest":0,"Pen Nib":[3],"obtain_stats":[{"Darkstone Periapt":26,"Lee\u0027s Waffle":22,"Spirit Poop":11,"Pen Nib":28,"Ancient Tea Set":13,"WarpedTongs":4,"Blood Vial":25,"Runic Dome":34,"Nunchaku":22,"Mummified Hand":6,"Pandora\u0027s Box":17,"Tiny Chest":30,"PureWater":0},{"Darkstone Periapt":13,"Lee\u0027s Waffle":11,"Spirit Poop":5,"Pen Nib":14,"Ancient Tea Set":6,"WarpedTongs":3,"Blood Vial":13,"Runic Dome":16,"Nunchaku":11,"Mummified Hand":5,"Pandora\u0027s Box":8,"Tiny Chest":14,"PureWater":0},{"Darkstone Periapt":52,"Lee\u0027s Waffle":47,"Spirit Poop":17,"Pen Nib":56,"Ancient Tea Set":23,"WarpedTongs":9,"Blood Vial":52,"Runic Dome":65,"Nunchaku":47,"Mummified Hand":17,"Pandora\u0027s Box":36,"Tiny Chest":56,"PureWater":0}],"WarpedTongs":[62]},"card_choices":[{"not_picked":["Magnetism","Violence"],"picked":"Metamorphosis","floor":0.0},{"not_picked":["Protect","CarveReality"],"picked":"DeceiveReality","floor":1.0},{"not_picked":["ReachHeaven","EmptyFist"],"picked":"Evaluate","floor":2.0},{"not_picked":["Consecrate","Perseverance"],"picked":"FlurryOfBlows","floor":3.0},{"not_picked":["FlurryOfBlows","ClearTheMind"],"picked":"LikeWater","floor":5.0},{"not_picked":["JustLucky","PathToVictory","BowlingBash"],"picked":"SKIP","floor":6.0},{"not_picked":["CarveReality","Evaluate"],"picked":"Wireheading","floor":13.0},{"not_picked":["ClearTheMind","Weave"],"picked":"Prostrate","floor":14.0},{"not_picked":["Omniscience","ConjureBlade"],"picked":"Ragnarok","floor":16.0},{"not_picked":["FearNoEvil","Sanctity"],"picked":"Adaptation","floor":18},{"not_picked":["Evaluate","ThirdEye+1"],"picked":"MentalFortress","floor":19},{"not_picked":["Worship","SignatureMove"],"picked":"EmptyMind","floor":20},{"not_picked":["ForeignInfluence","Vengeance"],"picked":"Adaptation+1","floor":24},{"not_picked":["BattleHymn","Nirvana+1"],"picked":"Fasting2+1","floor":25},{"not_picked":["BowlingBash","WaveOfTheHand"],"picked":"Wireheading","floor":28},{"not_picked":["SashWhip","FlurryOfBlows"],"picked":"Devotion","floor":31},{"not_picked":["ConjureBlade","Devotion"],"picked":"Vault","floor":33},{"not_picked":["Crescendo","BattleHymn"],"picked":"ThirdEye","floor":35}],"player_experience":2405728,"relics_obtained":[{"floor":6.0,"key":"Mummified Hand"},{"floor":13.0,"key":"Ancient Tea Set"},{"floor":25,"key":"Blood Vial"},{"floor":26,"key":"Darkstone Periapt"},{"floor":28,"key":"Pen Nib"}],"event_choices":[{"damage_healed":0.0,"max_hp_gain":0.0,"max_hp_loss":0.0,"gold_gain":0.0,"event_name":"Accursed Blacksmith","player_choice":"Rummage","floor":4.0,"gold_loss":0.0,"damage_taken":0.0,"relics_obtained":["WarpedTongs"],"cards_obtained":["Pain"]},{"damage_healed":0.0,"max_hp_gain":0.0,"max_hp_loss":0.0,"gold_gain":0.0,"event_name":"Liars Game","player_choice":"Ignored","floor":7.0,"gold_loss":0.0,"damage_taken":0.0},{"cards_removed":["Pain"],"damage_healed":0.0,"max_hp_gain":0.0,"max_hp_loss":0.0,"gold_gain":0.0,"event_name":"Bonfire Elementals","player_choice":"Offered Curse","floor":11.0,"gold_loss":0.0,"damage_taken":0.0,"relics_obtained":["Spirit Poop"]},{"damage_healed":0,"gold_gain":250,"player_choice":"Bet on Owner","damage_taken":0,"max_hp_gain":0,"max_hp_loss":0,"event_name":"The Joust","floor":21,"gold_loss":50},{"damage_healed":0,"gold_gain":0,"player_choice":"Ignored","damage_taken":0,"max_hp_gain":0,"max_hp_loss":0,"event_name":"The Mausoleum","floor":29,"gold_loss":0},{"damage_healed":0,"gold_gain":0,"player_choice":"Paid Gold","damage_taken":0,"relics_obtained":["Tiny Chest"],"max_hp_gain":0,"max_hp_loss":0,"event_name":"WeMeetAgain","floor":30,"gold_loss":77}],"is_beta":false,"boss_relics":[{"not_picked":["SlaversCollar","Velvet Choker"],"picked":"Pandora\u0027s Box"},{"not_picked":["SacredBark","Astrolabe"],"picked":"Runic Dome"}],"items_purged_floors":[22],"is_endless":false,"potions_floor_spawned":[1,3,5,19,24,31,33],"killed_by":"3 Darklings","ascension_level":20}}