{"host":"wl1tbx6tghg66ijw","time":1611233944,"event":{"mods":["BaseMod","BetterRewards","Colored Map","Dota2Spire","Minty Spire (QoL Compilation)","Replay The Spire","Robot Space Explorer","Spicy Shops","StSLib","The Dragon Tamer","The Marked","The Servant 0.9.4","Yakumo Yukari mod"],"gold_per_floor":[117,135,135,155,174,174,209,229,229,20,20,20,33,58,58,160,160,176,176,176,176,188,222,222,222,235,252,252,252,20,40,40,67,67,67,67],"floor_reached":35,"language":"ZHS","playtime":1950,"items_purged":["theMarked:Strike"],"score":332,"play_id":"af7cd538-da0e-4702-b635-24c3aa4efbb7","local_time":"20210121205904","is_ascension_mode":false,"campfire_choices":[{"data":"theMarked:Polarize","floor":6,"key":"SMITH"},{"data":"theMarked:BanishingStrike","floor":15,"key":"SMITH"},{"floor":29,"key":"REST"},{"data":"theMarked:TunnelVision","floor":32,"key":"SMITH"},{"floor":34,"key":"REST"}],"circlet_count":0,"master_deck":["theMarked:Strike","theMarked:Defend","theMarked:Defend","theMarked:Defend","theMarked:SoldierOfQuellstein","theMarked:Polarize+1","theMarked:KeepCalmAndFightOn+1","theMarked:TunnelVision+1","theMarked:TwofoldDefense","theMarked:BanishingStrike","theMarked:Electrocute","theMarked:BanishingStrike+1","theMarked:MuscleMemory+1","theMarked:FavorableWinds+1","theMarked:Polarize+1","theMarked:SwordAndMagic+1","theMarked:Improvise+1","theMarked:TunnelVision","theMarked:Overcharge","theMarked:DeterminationOfTheMarked+1","theMarked:BanishingStrike+1"],"relics":["theMarked:ArtifactOfAir","NeowsBlessing","Boot","Dota2Spire:MonkeyKingBar","BargainBundle","Mirror","Astrolabe","Mummified Hand","ReplayTheSpireMod:Ninjato","DollysMirror","Guide Book","Gremlin Horn"],"acts_visited":["Exordium","TheCity"],"potions_floor_usage":[16,23,23,27,33,35],"damage_taken":[{"damage":0,"enemies":"Jaw Worm","floor":1,"turns":1},{"damage":0,"enemies":"Cultist","floor":2,"turns":1},{"damage":0,"enemies":"Small Slimes","floor":4,"turns":1},{"damage":10,"enemies":"Exordium Thugs","floor":5,"turns":3},{"damage":8,"enemies":"3 Sentries","floor":7,"turns":4},{"damage":2,"enemies":"Blue Slaver","floor":8,"turns":3},{"damage":3,"enemies":"Large Slime","floor":13,"turns":3},{"damage":2,"enemies":"Gremlin Nob","floor":14,"turns":3},{"damage":25,"enemies":"The Guardian","floor":16,"turns":7},{"damage":10,"enemies":"2 Thieves","floor":18,"turns":2},{"damage":10,"enemies":"Chosen","floor":22,"turns":2},{"damage":0,"enemies":"Book of Stabbing","floor":23,"turns":2},{"damage":12,"enemies":"3 Cultists","floor":26,"turns":3},{"damage":8,"enemies":"Centurion and Healer","floor":27,"turns":3},{"damage":0,"enemies":"Cultist and Chosen","floor":31,"turns":2},{"damage":8,"enemies":"Gremlin Leader","floor":33,"turns":2},{"damage":68,"enemies":"Automaton","floor":35,"turns":6}],"seed_played":"8846547860874242270","potions_obtained":[{"floor":1,"key":"Elixir"},{"floor":2,"key":"Energy Potion"},{"floor":18,"key":"Adrenaline Potion"},{"floor":27,"key":"Dexterity Potion"},{"floor":33,"key":"EssenceOfSteel"}],"is_trial":false,"path_per_floor":["M","M","?","M","M","R","E","M","T","$","?","$","M","E","R","B",null,"M","?","?","?","M","E","PTL","PTL","M","M","T","R","$","M","R","E","R","B"],"character_chosen":"THE_DEFAULT","items_purchased":["BargainBundle","theMarked:Electrocute","theMarked:BanishingStrike","LifebloodPotion","Weak Potion","DollysMirror","Guide Book"],"campfire_rested":2,"item_purchase_floors":[10,10,10,10,10,30,30],"current_hp_per_floor":[70,70,70,70,60,60,52,50,50,50,50,50,47,45,45,20,70,60,60,60,54,44,44,44,44,32,24,24,45,45,45,45,37,58,0,0],"gold":67,"neow_bonus":"THREE_ENEMY_KILL","is_daily":false,"chose_seed":false,"campfire_upgraded":3,"win_rate":0.0,"timestamp":1611233944,"path_taken":["M","M","?","M","M","R","E","M","T","?","?","$","M","E","R","BOSS","M","?","?","?","M","E","PTL","PTL","M","?","T","R","$","M","R","E","R","BOSS"],"items_purchased_type":["Relic","Card","Card","Potion","Potion","Relic","Relic"],"build_version":"2020-12-22","purchased_purges":1,"victory":false,"max_hp_per_floor":[70,70,70,70,70,70,70,70,70,70,70,70,70,70,70,70,70,70,70,70,70,70,70,70,70,70,70,70,70,70,70,70,70,70,70,70],"card_choices":[{"not_picked":["theMarked:Parkour","theMarked:RepellingDischarge"],"picked":"theMarked:Polarize","floor":1},{"not_picked":["theMarked:ResourceFulStrike","theMarked:RepellingDischarge"],"picked":"theMarked:KeepCalmAndFightOn","floor":2},{"not_picked":["theMarked:HeritageOfTheMarked","theMarked:Aftermath"],"picked":"theMarked:TunnelVision","floor":4},{"not_picked":["theMarked:Standoff","theMarked:ResourceFulStrike","theMarked:SwordAndMagic"],"picked":"SKIP","floor":5},{"not_picked":["theMarked:Opportunist","theMarked:WastefulAttack"],"picked":"theMarked:TwofoldDefense","floor":7},{"not_picked":["theMarked:WastefulDefense","theMarked:PowerFlow"],"picked":"theMarked:BanishingStrike","floor":8},{"not_picked":["theMarked:WastefulAttack","theMarked:SwordAndMagic","theMarked:ElectricStrings"],"picked":"SKIP","floor":13},{"not_picked":["theMarked:SwordAndMagic","theMarked:WastefulDefense"],"picked":"theMarked:MuscleMemory","floor":14},{"not_picked":["theMarked:MagicAdept","theMarked:SuspiciousRaven"],"picked":"theMarked:FavorableWinds","floor":16},{"not_picked":["theMarked:HeightenedSenses","theMarked:Static+1","theMarked:MaelstromOfLightning"],"picked":"SKIP","floor":18},{"not_picked":["theMarked:ChainLightning","theMarked:ContemptForTheProud"],"picked":"theMarked:Overcharge","floor":22},{"not_picked":["theMarked:ContemptForTheProud","theMarked:Opportunist"],"picked":"theMarked:DeterminationOfTheMarked+1","floor":23},{"not_picked":["theMarked:Improvise","theMarked:Static+1","theMarked:ChainLightning"],"picked":"SKIP","floor":26},{"not_picked":["theMarked:BanishingStrike","theMarked:Aftermath","theMarked:Frustration"],"picked":"SKIP","floor":27},{"not_picked":["theMarked:EmpowerWeapon","theMarked:RogueSparks","theMarked:Frustration"],"picked":"SKIP","floor":31},{"not_picked":["theMarked:MaelstromOfLightning","theMarked:Aftermath","theMarked:Defy"],"picked":"SKIP","floor":33}],"player_experience":6333,"relics_obtained":[{"floor":7,"key":"Boot"},{"floor":9,"key":"Dota2Spire:MonkeyKingBar"},{"floor":14,"key":"Mirror"},{"floor":23,"key":"Mummified Hand"},{"floor":28,"key":"ReplayTheSpireMod:Ninjato"},{"floor":33,"key":"Gremlin Horn"}],"event_choices":[{"damage_healed":0,"gold_gain":0,"player_choice":"Upgraded","damage_taken":0,"max_hp_gain":0,"max_hp_loss":0,"event_name":"Upgrade Shrine","floor":3,"gold_loss":0,"cards_upgraded":["theMarked:KeepCalmAndFightOn"]},{"damage_healed":0,"gold_gain":0,"player_choice":"Ignored","damage_taken":0,"max_hp_gain":0,"max_hp_loss":0,"event_name":"Ghosts","floor":19,"gold_loss":0},{"damage_healed":0,"gold_gain":0,"player_choice":"Read","damage_taken":0,"max_hp_gain":0,"max_hp_loss":0,"event_name":"The Library","floor":20,"gold_loss":0,"cards_obtained":["theMarked:TunnelVision"]},{"damage_healed":0,"gold_gain":0,"player_choice":"","damage_taken":6,"max_hp_gain":0,"max_hp_loss":0,"event_name":"Knowing Skull","floor":21,"potions_obtained":[],"gold_loss":0,"cards_obtained":[]}],"is_beta":false,"boss_relics":[{"not_picked":["Ectoplasm","Runic Pyramid"],"picked":"Astrolabe"}],"items_purged_floors":[10],"is_endless":false,"potions_floor_spawned":[1,2,18,27,33],"killed_by":"Automaton","ascension_level":0}}