{"host":"oigynbtg272c19pw","time":1611245413,"event":{"mods":["BaseMod","Colored Map","Minty Spire (QoL Compilation)","Relic Stats","Slay the Relics Exporter","StSLib"],"gold_per_floor":[116,116,128,139,152,152,152,152,152,166,193,203,203,233,233,310,310,327,16,32,32,32,32,32],"floor_reached":23,"playtime":702,"items_purged":["Strike_R"],"score":402,"play_id":"5848c8dd-80f0-4624-9523-e35f111b413b","local_time":"20210121171013","is_ascension_mode":true,"campfire_choices":[{"data":"Flame Barrier","floor":6.0,"key":"SMITH"},{"data":"Rampage","floor":8.0,"key":"SMITH"},{"data":"Limit Break","floor":13.0,"key":"SMITH"},{"data":"Berserk","floor":15.0,"key":"SMITH"}],"circlet_count":0,"master_deck":["AscendersBane","Strike_R+1","Strike_R+1","Strike_R+1","Strike_R+1","Defend_R+1","Defend_R+1","Defend_R+1","Defend_R+1","Bash","Limit Break+1","Flame Barrier+1","Rampage+1","Fire Breathing+1","Entrench","Inflame","Immolate","Power Through","Berserk+1","Barricade","Heavy Blade+1","Spot Weakness","RitualDagger"],"relics":["Burning Blood","Bag of Marbles","Pear","Omamori","Mark of Pain","PrismaticShard"],"acts_visited":["Exordium","TheCity"],"potions_floor_usage":[23],"damage_taken":[{"damage":5.0,"enemies":"2 Louse","floor":1.0,"turns":4.0},{"damage":5.0,"enemies":"Small Slimes","floor":3.0,"turns":3.0},{"damage":1.0,"enemies":"Cultist","floor":4.0,"turns":3.0},{"damage":13.0,"enemies":"3 Louse","floor":5.0,"turns":5.0},{"damage":6.0,"enemies":"Looter","floor":10.0,"turns":4.0},{"damage":14.0,"enemies":"Lagavulin","floor":11.0,"turns":7.0},{"damage":6.0,"enemies":"Exordium Wildlife","floor":12.0,"turns":3.0},{"damage":5.0,"enemies":"3 Sentries","floor":14.0,"turns":5.0},{"damage":8.0,"enemies":"Slime Boss","floor":16.0,"turns":8.0},{"damage":19.0,"enemies":"Spheric Guardian","floor":18.0,"turns":6.0},{"damage":27.0,"enemies":"Shell Parasite","floor":20.0,"turns":6.0},{"damage":41,"enemies":"Book of Stabbing","floor":23,"turns":5}],"seed_played":"3755854400284497095","potions_obtained":[{"floor":1.0,"key":"ColorlessPotion"},{"floor":4.0,"key":"FearPotion"},{"floor":10.0,"key":"Fire Potion"},{"floor":12.0,"key":"SpeedPotion"},{"floor":14.0,"key":"SteroidPotion"},{"floor":16.0,"key":"Block Potion"}],"is_trial":false,"path_per_floor":["M","?","M","M","M","R","?","R","T","M","E","M","R","E","R","B",null,"M","$","M","?","?","E"],"character_chosen":"IRONCLAD","items_purchased":["Spot Weakness","PrismaticShard"],"campfire_rested":0,"item_purchase_floors":[19,19],"current_hp_per_floor":[69,69,70,75,68,68,68,68,68,68,70,70,70,71,71,69,81,68,68,47,47,41,0,0],"gold":32,"neow_bonus":"ONE_RANDOM_RARE_CARD","is_daily":false,"chose_seed":false,"campfire_upgraded":4,"win_rate":0.0,"timestamp":1611245413,"path_taken":["M","?","M","M","M","R","?","R","T","M","E","?","R","E","R","BOSS","M","$","M","?","?","E"],"items_purchased_type":["Card","Relic"],"build_version":"2020-12-13","purchased_purges":1,"victory":false,"max_hp_per_floor":[75,75,75,75,75,75,75,75,75,75,85,85,85,85,85,85,85,85,85,85,85,85,85,85],"relic_stats":{"counters":[12,59],"obtain_stats":[{"Pear":11,"Mark of Pain":17,"Bag of Marbles":9,"Omamori":14,"PrismaticShard":19,"Burning Blood":0},{"Pear":6,"Mark of Pain":9,"Bag of Marbles":4,"Omamori":8,"PrismaticShard":10,"Burning Blood":0},{"Pear":26,"Mark of Pain":42,"Bag of Marbles":15,"Omamori":34,"PrismaticShard":48,"Burning Blood":0}],"Burning Blood":66},"card_choices":[{"not_picked":["Anger","Dual Wield"],"picked":"Flame Barrier","floor":1.0},{"not_picked":["Shrug It Off","Armaments"],"picked":"Rampage","floor":3.0},{"not_picked":["Infernal Blade","Clash"],"picked":"Fire Breathing","floor":4.0},{"not_picked":["Heavy Blade","Armaments"],"picked":"Entrench","floor":5.0},{"not_picked":["Armaments","Havoc"],"picked":"Inflame","floor":10.0},{"not_picked":["Bloodletting","Anger"],"picked":"Immolate","floor":11.0},{"not_picked":["Cleave","Inflame"],"picked":"Power Through","floor":12.0},{"not_picked":["Fire Breathing","Whirlwind"],"picked":"Berserk","floor":14.0},{"not_picked":["Immolate","Impervious"],"picked":"Barricade","floor":16.0},{"not_picked":["Sword Boomerang","Carnage+1"],"picked":"Heavy Blade+1","floor":18.0},{"not_picked":["Protect","ClearTheMind","Study"],"picked":"SKIP","floor":20.0}],"player_experience":1459820,"relics_obtained":[{"floor":9.0,"key":"Bag of Marbles"},{"floor":11.0,"key":"Pear"},{"floor":14.0,"key":"Omamori"}],"event_choices":[{"damage_healed":0.0,"max_hp_gain":0.0,"max_hp_loss":0.0,"gold_gain":0.0,"event_name":"Liars Game","player_choice":"Ignored","floor":2.0,"gold_loss":0.0,"damage_taken":0.0},{"damage_healed":0.0,"max_hp_gain":0.0,"max_hp_loss":0.0,"gold_gain":0.0,"event_name":"Upgrade Shrine","player_choice":"Upgraded","floor":7.0,"gold_loss":0.0,"damage_taken":0.0,"cards_upgraded":["Fire Breathing"]},{"damage_healed":0.0,"max_hp_gain":0.0,"max_hp_loss":0.0,"gold_gain":0.0,"event_name":"Back to Basics","player_choice":"Simplicity","floor":21.0,"gold_loss":0.0,"damage_taken":0.0,"cards_upgraded":["Strike_R","Strike_R","Strike_R","Strike_R","Defend_R","Defend_R","Defend_R","Defend_R"]},{"damage_healed":0.0,"max_hp_gain":0.0,"max_hp_loss":0.0,"gold_gain":0.0,"event_name":"Nest","player_choice":"Joined the Cult","floor":22.0,"gold_loss":0.0,"damage_taken":6.0,"cards_obtained":["RitualDagger"]}],"is_beta":false,"boss_relics":[{"not_picked":["Fusion Hammer","Runic Dome"],"picked":"Mark of Pain"}],"items_purged_floors":[19],"is_endless":false,"potions_floor_spawned":[1,4,10,12,14,16],"killed_by":"Book of Stabbing","ascension_level":20}}