{"host":"5gfra4hjb6stk8c2","time":1611240953,"event":{"mods":["BaseMod","Minty Spire (QoL Compilation)"],"gold_per_floor":[115,40,40,40,58,91,91,116,169,169,169,169,8,8,8],"floor_reached":14,"language":"ENG","playtime":407,"items_purged":["Defend_P"],"score":155,"play_id":"aa04f692-6d1b-4008-ae53-b5b059806866","local_time":"20210121115553","is_ascension_mode":true,"campfire_choices":[{"data":"Eruption","floor":7,"key":"SMITH"},{"floor":12,"key":"REST"}],"circlet_count":0,"master_deck":["Strike_P","Strike_P","Strike_P","Strike_P","Defend_P","Defend_P","Eruption+1","Vigilance","FlurryOfBlows","Halt","Worship","Ragnarok"],"relics":["PureWater","NeowsBlessing","Dream Catcher","Blue Candle","Akabeko","Juzu Bracelet","Golden Idol"],"acts_visited":["Exordium"],"potions_floor_usage":[8],"damage_taken":[{"damage":0,"enemies":"2 Louse","floor":1,"turns":1},{"damage":0,"enemies":"Jaw Worm","floor":5,"turns":1},{"damage":0,"enemies":"Gremlin Nob","floor":6,"turns":1},{"damage":27,"enemies":"3 Sentries","floor":8,"turns":10},{"damage":44,"enemies":"Lagavulin","floor":14,"turns":4}],"seed_played":"-7619012794520361511","potions_obtained":[{"floor":5,"key":"SpeedPotion"},{"floor":8,"key":"Energy Potion"}],"is_trial":false,"path_per_floor":["M","$","?","?","M","E","R","E","T","?","?","R","$","E"],"character_chosen":"WATCHER","items_purchased":["Ragnarok"],"campfire_rested":1,"item_purchase_floors":[13],"current_hp_per_floor":[65,65,65,65,65,65,65,38,38,31,13,34,34,0,0],"gold":8,"neow_bonus":"THREE_ENEMY_KILL","is_daily":false,"chose_seed":false,"campfire_upgraded":1,"win_rate":0.0,"timestamp":1611240953,"path_taken":["M","$","?","?","M","E","R","E","T","?","?","R","$","E"],"items_purchased_type":["Card"],"build_version":"2020-12-22","purchased_purges":1,"victory":false,"max_hp_per_floor":[72,72,72,72,72,72,72,72,72,72,72,72,72,72,72],"card_choices":[{"not_picked":["EmptyFist","Crescendo"],"picked":"FlurryOfBlows","floor":1},{"not_picked":["CutThroughFate","MentalFortress"],"picked":"Halt","floor":5},{"not_picked":["Crescendo","PathToVictory","ThirdEye"],"picked":"SKIP","floor":6},{"not_picked":["CarveReality","Vengeance","Crescendo"],"picked":"SKIP","floor":8},{"not_picked":["EmptyMind","Fasting2"],"picked":"Worship","floor":12}],"player_experience":178191,"relics_obtained":[{"floor":6,"key":"Blue Candle"},{"floor":8,"key":"Akabeko"},{"floor":9,"key":"Juzu Bracelet"}],"event_choices":[{"damage_healed":0,"gold_gain":0,"player_choice":"Box","damage_taken":0,"relics_obtained":["Dream Catcher"],"max_hp_gain":0,"max_hp_loss":0,"event_name":"Big Fish","floor":3,"gold_loss":0,"cards_obtained":["Regret"]},{"cards_removed":["Regret"],"damage_healed":0,"gold_gain":0,"player_choice":"Purged","damage_taken":0,"max_hp_gain":0,"max_hp_loss":0,"event_name":"Purifier","floor":4,"gold_loss":0},{"cards_removed":["Defend_P"],"damage_healed":0,"gold_gain":0,"player_choice":"Card Removal","damage_taken":7,"max_hp_gain":0,"max_hp_loss":0,"event_name":"Golden Wing","floor":10,"gold_loss":0},{"damage_healed":0,"gold_gain":0,"player_choice":"Take Damage","damage_taken":18,"relics_obtained":["Golden Idol"],"max_hp_gain":0,"max_hp_loss":0,"event_name":"Golden Idol","floor":11,"gold_loss":0}],"is_beta":false,"boss_relics":[],"items_purged_floors":[2],"is_endless":false,"potions_floor_spawned":[5,8],"killed_by":"Lagavulin","ascension_level":6}}