{"host":"5uvzo7moqy5vd63g","time":1611197665,"event":{"mods":["Aspiration","BaseMod","Conspire","Curses Come First","Dio Mod","Downfall","Hermit","Hubris","Jedi Mod","Mimic Mod","Minty Spire (QoL Compilation)","StSLib","Wandering Minibosses"],"gold_per_floor":[99,87,98,86,76,351,351,370,40,56,56,56,74,103,213,313,313,213,223,223,223,238,249,300,330,94,124,135,247,262,290,301,402,402,202,215,226,239,239,376,376,387,387,418,320,353,371,386,402,402,402,431,17,17,17,17],"floor_reached":57,"language":"ENG","playtime":5722,"items_purged":["Regret","downfall:Malfunctioning","bronze:Strike","bronze:Strike","bronze:Strike"],"score":1664,"play_id":"509ba041-1725-47e3-b11e-1f15e6cecfb6","local_time":"20210120215425","is_ascension_mode":false,"campfire_choices":[{"floor":1.0,"key":"RECALL"},{"data":"bronze:InfiniteBeams","floor":11.0,"key":"SMITH"},{"data":"bronze:InfiniteLoop","floor":18.0,"key":"SMITH"},{"data":"bronze:HardenedForm","floor":35,"key":"SMITH"},{"data":"bronze:Repulsor","floor":43,"key":"SMITH"},{"data":"bronze:InfiniteBeams","floor":54,"key":"SMITH"}],"circlet_count":0,"master_deck":["bronze:Strike+1","bronze:Defend","bronze:Defend","bronze:Defend","bronze:Defend","bronze:Replicate+1","bronze:Goto","bronze:BronzeOrb","bronze:Separator","bronze:Repair","bronze:Overheat+1","bronze:OilSpill","bronze:OilSpill+1","expansioncontent:DashGenerateEvil+1","bronze:InfiniteBeams+1","bronze:InfiniteLoop+1","bronze:Repulsor+1","bronze:BugBarrage","bronze:Assembly","bronze:DelayedSlice","bronze:Iterate","bronze:WildBeam+1","bronze:Repair","bronze:ItsAFeature+1","bronze:Flail","bronze:HardenedForm+1","bronze:Format","bronze:DelayedGuard","bronze:DelayedSlice","bronze:Optimize+1","bronze:DarkDash+1","bronze:Virus","bronze:Flail+1","bronze:MaxOutput+1","expansioncontent:Chronoboost","expansioncontent:YouAreMine","expansioncontent:LastStand","bronze:FollowUp+1","bronze:Fortify+1","bronze:ForceShield","bronze:ClassDefault+1","bronze:Turbo+1","bronze:InfiniteBeams+1","bronze:DelayedGuard"],"relics":["Nunchaku","jedi:shrinkray","bronze:BronzeCore","Turnip","wanderingMiniBosses:ThiefScarf","Black Star","downfall:HeartBlessingRed","hubris:Icosahedron","Smiling Mask","aspiration:ChemicalBlood","Pocketwatch","jedi:heavyjacket","jedi:kaleidoscope","hubris:ScarierMask","downfall:HeartBlessingGreen","downfall:HeartBlessingBlue","Whetstone","Bottled Lightning","Kunai","Potion Belt","aspiration:Lifesprig","Orichalcum","hubris:CrystalStatue","aspiration:VileToxins","aspiration:SeaSaltIceCream","Pear"],"acts_visited":["Exordium","TheCity","TheBeyond","TheEnding"],"potions_floor_usage":[44,46,49,50,56,56,56,56,56],"damage_taken":[{"damage":5.0,"enemies":"Cultist","floor":2.0,"turns":6.0},{"damage":0.0,"enemies":"2 Louse","floor":3.0,"turns":2.0},{"damage":5.0,"enemies":"Jaw Worm","floor":4.0,"turns":5.0},{"damage":15.0,"enemies":"Blue Slaver","floor":5.0,"turns":5.0},{"damage":4.0,"enemies":"3 Louse","floor":8.0,"turns":2.0},{"damage":11.0,"enemies":"downfall:FleeingMerchant","floor":9.0,"turns":4.0},{"damage":2.0,"enemies":"Exordium Wildlife","floor":10.0,"turns":4.0},{"damage":0.0,"enemies":"Blue Slaver","floor":13.0,"turns":3.0},{"damage":21.0,"enemies":"Lagavulin","floor":14.0,"turns":6.0},{"damage":28.0,"enemies":"2 Fungi Beasts","floor":15.0,"turns":6.0},{"damage":15.0,"enemies":"SI_SHIV_ARCHETYPE","floor":16.0,"turns":5.0},{"damage":8.0,"enemies":"conspire:FuzzyDice","floor":19.0,"turns":5.0},{"damage":0.0,"enemies":"Spheric Guardian","floor":22.0,"turns":3.0},{"damage":27.0,"enemies":"conspire:HollyBat","floor":23.0,"turns":7.0},{"damage":13.0,"enemies":"conspire:Head Lice","floor":25.0,"turns":6.0},{"damage":12.0,"enemies":"downfall:FleeingMerchant","floor":26.0,"turns":4.0},{"damage":0.0,"enemies":"Centurion and Healer","floor":27.0,"turns":3.0},{"damage":14.0,"enemies":"Centurion and Healer","floor":28.0,"turns":5.0},{"damage":11.0,"enemies":"Snake Plant","floor":29.0,"turns":3.0},{"damage":3.0,"enemies":"Sentry and Sphere","floor":30.0,"turns":6.0},{"damage":21.0,"enemies":"Slavers","floor":31.0,"turns":3.0},{"damage":2.0,"enemies":"conspire:HollyBat","floor":32.0,"turns":6.0},{"damage":0.0,"enemies":"WA_ARCHETYPE_CALM","floor":33.0,"turns":8.0},{"damage":0,"enemies":"3 Darklings","floor":36,"turns":3},{"damage":8,"enemies":"3 Shapes","floor":37,"turns":1},{"damage":9,"enemies":"Sphere and 2 Shapes","floor":38,"turns":2},{"damage":0,"enemies":"downfall:FleeingMerchant","floor":40,"turns":3},{"damage":0,"enemies":"Transient","floor":42,"turns":5},{"damage":10,"enemies":"Giant Head","floor":44,"turns":7},{"damage":19,"enemies":"Reptomancer","floor":46,"turns":4},{"damage":0,"enemies":"Spire Growth","floor":47,"turns":3},{"damage":0,"enemies":"Jaw Worm Horde","floor":48,"turns":2},{"damage":0,"enemies":"4 Shapes","floor":49,"turns":3},{"damage":31,"enemies":"DF_ARCHETYPE_ORBS","floor":50,"turns":9},{"damage":23,"enemies":"downfall:CharBossMerchant","floor":52,"turns":7},{"damage":0,"enemies":"downfall:NeowBoss","floor":55,"turns":9},{"damage":68,"enemies":"downfall:NeowBossFinal","floor":56,"turns":7}],"seed_played":"-2595590371687428604","potions_obtained":[{"floor":4.0,"key":"Explosive Potion"},{"floor":5.0,"key":"Explosive Potion"},{"floor":8.0,"key":"LiquidBronze"},{"floor":10.0,"key":"Energy Potion"},{"floor":13.0,"key":"DistilledChaos"},{"floor":15.0,"key":"jedi:tentaclejuice"},{"floor":20.0,"key":"CultistPotion"},{"floor":23.0,"key":"Explosive Potion"},{"floor":25.0,"key":"SteroidPotion"},{"floor":28.0,"key":"hexamod:SoulburnPotion"},{"floor":29.0,"key":"Guardian:BlockOnCardUsePotion"},{"floor":30.0,"key":"Ancient Potion"},{"floor":31.0,"key":"Regen Potion"},{"floor":32.0,"key":"PowerPotion"},{"floor":36,"key":"champ:CounterPotion"},{"floor":42,"key":"DuplicationPotion"},{"floor":47,"key":"Ancient Potion"},{"floor":52,"key":"BlessingOfTheForge"}],"is_trial":false,"path_per_floor":["R","M","M","M","M","?","T","M","$","M","R","?","M","E","M","B",null,"R","M","?","?","M","M","T","E","$","MIM","M","M","M","E","M","B",null,"R","M","M","M","?","$","T","M","R","E","$","E","M","M","M","B",null,"E","$","R","B","B",null],"character_chosen":"THE_AUTOMATON","items_purchased":["expansioncontent:DashGenerateEvil","bronze:InfiniteBeams","bronze:Flail","bronze:HardenedForm","Whetstone","Fire Potion","bronze:InfiniteBeams","aspiration:SeaSaltIceCream","bronze:DelayedGuard"],"campfire_rested":0,"item_purchase_floors":[9,9,26,26,40,45,53,53,53],"current_hp_per_floor":[70,65,65,60,52,52,52,48,44,49,49,49,56,42,21,6,70,70,64,64,64,70,43,43,37,39,46,46,49,60,39,51,70,70,80,80,72,63,53,60,60,74,74,77,77,58,58,65,72,59,80,80,90,90,90,26],"gold":17,"neow_bonus":"RANDOM_COMMON_RELIC","is_daily":false,"chose_seed":false,"campfire_upgraded":5,"win_rate":0.0,"timestamp":1611197665,"path_taken":["R","M","M","?","?","?","T","?","?","M","R","?","?","E","M","BOSS","R","M","?","?","M","M","T","E","$","?","M","M","M","E","M","BOSS","R","M","M","M","?","?","T","M","R","E","$","E","M","?","M","BOSS","E","$","R","BOSS","BOSS"],"items_purchased_type":["Card","Card","Card","Card","Relic","Potion","Card","Relic","Card"],"build_version":"2020-12-22","purchased_purges":5,"victory":true,"max_hp_per_floor":[70,70,70,70,70,70,70,70,70,70,70,70,70,70,70,70,70,70,70,70,70,70,70,70,70,70,70,70,70,70,70,70,70,70,80,80,80,80,80,80,80,80,80,80,80,80,80,80,80,80,80,80,90,90,90,90],"card_choices":[{"not_picked":["bronze:Shield","bronze:ChildClass"],"picked":"bronze:BronzeOrb","floor":2.0},{"not_picked":["bronze:DelayedGuard","bronze:FineTuning"],"picked":"bronze:Separator","floor":3.0},{"not_picked":["bronze:Turbo","bronze:Constructor"],"picked":"bronze:Repair","floor":4.0},{"not_picked":["bronze:Constructor","bronze:ClassDefault"],"picked":"bronze:Overheat","floor":5.0},{"not_picked":["bronze:Branch","bronze:WildBeam"],"picked":"bronze:OilSpill","floor":8.0},{"not_picked":["bronze:DigitalCarnage","bronze:Frontload"],"picked":"bronze:OilSpill","floor":9.0},{"not_picked":["bronze:BugBarrage","bronze:Overheat"],"picked":"bronze:InfiniteLoop","floor":10.0},{"not_picked":["bronze:Overload","bronze:WildBeam","bronze:Overheat"],"picked":"SKIP","floor":13.0},{"not_picked":["bronze:DelayedSlice","bronze:GetLatest"],"picked":"bronze:Repulsor","floor":14.0},{"not_picked":["bronze:Shield","bronze:FineTuning"],"picked":"bronze:BugBarrage","floor":15.0},{"not_picked":["bronze:CleanCode","bronze:InfiniteLoop"],"picked":"bronze:Assembly","floor":16.0},{"not_picked":["bronze:Overheat","bronze:OilSpill"],"picked":"bronze:DelayedSlice","floor":19.0},{"not_picked":["bronze:DarkDash","bronze:Boost+1"],"picked":"bronze:Iterate","floor":22.0},{"not_picked":["bronze:DelayedSlice","bronze:Turbo"],"picked":"bronze:WildBeam+1","floor":23.0},{"not_picked":["bronze:WhirlingStrike","bronze:Safeguard"],"picked":"bronze:Repair","floor":25.0},{"not_picked":["bronze:Optimize","bronze:Repulsor"],"picked":"bronze:ItsAFeature+1","floor":26.0},{"not_picked":["bronze:DelayedSlice","bronze:Backtrace+1"],"picked":"bronze:Format","floor":27.0},{"not_picked":["bronze:BuggyMess","bronze:CleanCode"],"picked":"bronze:DelayedGuard","floor":28.0},{"not_picked":["bronze:Allocate","bronze:Overheat+1","bronze:DelayedGuard"],"picked":"SKIP","floor":29.0},{"not_picked":["bronze:Constructor","bronze:Shield"],"picked":"bronze:DelayedSlice","floor":30.0},{"not_picked":["bronze:Allocate","bronze:Turbo"],"picked":"bronze:Optimize+1","floor":31.0},{"not_picked":["bronze:Invalidate","bronze:Branch"],"picked":"bronze:DarkDash+1","floor":32.0},{"not_picked":["bronze:ThunderWave","bronze:BurnOut"],"picked":"bronze:Virus","floor":33.0},{"not_picked":["bronze:ItsAFeature","bronze:OilSpill"],"picked":"bronze:Flail+1","floor":36},{"not_picked":["bronze:Iterate+1","bronze:Frontload+1"],"picked":"bronze:MaxOutput+1","floor":37},{"not_picked":["bronze:Optimize+1","bronze:WildBeam+1","bronze:Flail+1"],"picked":"SKIP","floor":38},{"not_picked":["expansioncontent:YouAreMine","expansioncontent:Hexaburn"],"picked":"expansioncontent:Chronoboost","floor":39},{"not_picked":["expansioncontent:PrepareCrush","expansioncontent:Hexaburn"],"picked":"expansioncontent:YouAreMine","floor":39},{"not_picked":["expansioncontent:YouAreMine","expansioncontent:Hexaburn"],"picked":"expansioncontent:LastStand","floor":39},{"not_picked":["bronze:Shell+1","bronze:Branch+1"],"picked":"bronze:FollowUp+1","floor":40},{"not_picked":["bronze:BitShift+1","bronze:Backtrace"],"picked":"bronze:Fortify+1","floor":42},{"not_picked":["bronze:OilSpill+1","bronze:Frontload"],"picked":"bronze:ForceShield","floor":44},{"not_picked":["bronze:Terminator+1","bronze:Iterate+1"],"picked":"bronze:ClassDefault+1","floor":46},{"not_picked":["bronze:BronzeOrb","bronze:WildBeam+1"],"picked":"bronze:Turbo+1","floor":47},{"not_picked":["bronze:DelayedGuard","bronze:Turbo","bronze:WhirlingStrike+1"],"picked":"SKIP","floor":48},{"not_picked":["bronze:Invalidate","bronze:Constructor","bronze:BronzeArmor+1"],"picked":"SKIP","floor":49},{"not_picked":["bronze:Overheat","bronze:ClassDefault+1","bronze:DigitalCarnage+1"],"picked":"SKIP","floor":52}],"player_experience":600706,"relics_obtained":[{"floor":7.0,"key":"Nunchaku"},{"floor":14.0,"key":"Turnip"},{"floor":15.0,"key":"jedi:shrinkray"},{"floor":15.0,"key":"bronze:BronzeCore"},{"floor":15.0,"key":"Turnip"},{"floor":15.0,"key":"wanderingMiniBosses:ThiefScarf"},{"floor":24.0,"key":"Smiling Mask"},{"floor":25.0,"key":"aspiration:ChemicalBlood"},{"floor":25.0,"key":"Pocketwatch"},{"floor":31.0,"key":"jedi:heavyjacket"},{"floor":31.0,"key":"jedi:kaleidoscope"},{"floor":41,"key":"Bottled Lightning"},{"floor":44,"key":"Kunai"},{"floor":44,"key":"Potion Belt"},{"floor":46,"key":"aspiration:Lifesprig"},{"floor":46,"key":"Orichalcum"},{"floor":52,"key":"hubris:CrystalStatue"},{"floor":52,"key":"aspiration:VileToxins"}],"event_choices":[],"is_beta":false,"boss_relics":[{"not_picked":["bronze:PlatinumCore","hubris:Backtick"],"picked":"Black Star"},{"not_picked":["Runic Dome","aspiration:FutureDiary"],"picked":"hubris:ScarierMask"}],"items_purged_floors":[9,26,40,45,53],"is_endless":false,"potions_floor_spawned":[4,5,8,10,13,14,15,23,25,28,30,31,32,36,42,47,52],"ascension_level":0}}