{"host":"928gv66myv2vlnsd","time":1611268094,"event":{"mods":["BaseMod","Minty Spire (QoL Compilation)","StSLib"],"gold_per_floor":[12,22,42,59,59,89,89,102,151,20,40,40,40,71,71,149,149,162,172,172,172,172],"floor_reached":21,"language":"ENG","playtime":860,"items_purged":["Strike_R"],"score":372,"play_id":"2c4352f6-3a17-47ce-8744-635c43a31af8","local_time":"20210121172814","is_ascension_mode":true,"campfire_choices":[{"data":"Bloodletting","floor":7,"key":"SMITH"},{"floor":12,"key":"REST"},{"data":"True Grit","floor":15,"key":"SMITH"}],"circlet_count":0,"master_deck":["AscendersBane","Strike_R","Strike_R","Strike_R","Strike_R","Defend_R","Defend_R","Defend_R","Defend_R","Bash","Iron Wave","Anger+1","Pommel Strike","Bloodletting+1","Metallicize","Feed","True Grit+1","Dropkick","Seeing Red","Offering","Intimidate"],"relics":["Burning Blood","Unceasing Top","FaceOfCleric","Toy Ornithopter","Regal Pillow","Mercury Hourglass","Sozu","White Beast Statue"],"acts_visited":["Exordium","TheCity"],"potions_floor_usage":[16],"damage_taken":[{"damage":1,"enemies":"Cultist","floor":1,"turns":3},{"damage":7,"enemies":"Small Slimes","floor":2,"turns":4},{"damage":9,"enemies":"2 Louse","floor":3,"turns":3},{"damage":20,"enemies":"Red Slaver","floor":4,"turns":4},{"damage":30,"enemies":"Gremlin Nob","floor":6,"turns":4},{"damage":13,"enemies":"Blue Slaver","floor":8,"turns":4},{"damage":18,"enemies":"Large Slime","floor":11,"turns":5},{"damage":20,"enemies":"Lagavulin","floor":14,"turns":5},{"damage":50,"enemies":"The Guardian","floor":16,"turns":14},{"damage":25,"enemies":"Spheric Guardian","floor":18,"turns":5},{"damage":24,"enemies":"Chosen","floor":19,"turns":5},{"damage":43,"enemies":"3 Cultists","floor":21,"turns":4}],"seed_played":"4924109830554274177","potions_obtained":[{"floor":2,"key":"SneckoOil"},{"floor":4,"key":"LiquidBronze"}],"is_trial":false,"path_per_floor":["M","M","M","M","?","E","R","M","T","$","M","R","?","E","R","B",null,"M","M","T","M"],"character_chosen":"IRONCLAD","items_purchased":["True Grit"],"campfire_rested":1,"item_purchase_floors":[10],"current_hp_per_floor":[73,72,69,55,55,32,32,26,26,26,18,57,57,47,47,9,67,49,32,32,0,0],"gold":172,"neow_bonus":"ONE_RARE_RELIC","is_daily":false,"chose_seed":false,"campfire_upgraded":2,"win_rate":0.0,"timestamp":1611268094,"path_taken":["M","M","M","?","?","E","R","M","T","$","?","R","?","E","R","BOSS","M","M","?","M"],"items_purchased_type":["Card"],"build_version":"2020-12-22","purchased_purges":1,"victory":false,"max_hp_per_floor":[75,75,75,75,75,76,76,77,77,77,81,81,81,85,85,86,86,87,88,88,91,91],"card_choices":[{"not_picked":["Clothesline","Havoc"],"picked":"Iron Wave","floor":1},{"not_picked":["Feel No Pain","Body Slam"],"picked":"Anger","floor":2},{"not_picked":["Second Wind","Thunderclap"],"picked":"Pommel Strike","floor":3},{"not_picked":["Armaments","Ghostly Armor"],"picked":"Bloodletting","floor":4},{"not_picked":["Flame Barrier","Entrench"],"picked":"Metallicize","floor":6},{"not_picked":["Infernal Blade","Wild Strike"],"picked":"Feed","floor":8},{"not_picked":["Cleave","Sword Boomerang"],"picked":"Dropkick","floor":11},{"not_picked":["Sword Boomerang","Anger"],"picked":"Seeing Red","floor":14},{"not_picked":["Bludgeon","Feed"],"picked":"Offering","floor":16},{"not_picked":["True Grit","Clothesline","Carnage"],"picked":"SKIP","floor":18},{"not_picked":["Body Slam","Intimidate","Cleave+1"],"picked":"SKIP","floor":19},{"not_picked":["Body Slam","Cleave+1"],"picked":"Intimidate","floor":19}],"player_experience":1279979,"relics_obtained":[{"floor":6,"key":"Toy Ornithopter"},{"floor":9,"key":"Regal Pillow"},{"floor":14,"key":"Mercury Hourglass"},{"floor":20,"key":"White Beast Statue"}],"event_choices":[{"damage_healed":0,"gold_gain":0,"player_choice":"Trade","damage_taken":0,"relics_obtained":["FaceOfCleric"],"max_hp_gain":0,"max_hp_loss":0,"event_name":"FaceTrader","floor":5,"gold_loss":0},{"damage_healed":0,"gold_gain":0,"player_choice":"Upgraded","damage_taken":0,"max_hp_gain":0,"max_hp_loss":0,"event_name":"Upgrade Shrine","floor":13,"gold_loss":0,"cards_upgraded":["Anger"]}],"is_beta":false,"boss_relics":[{"not_picked":["Coffee Dripper","Mark of Pain"],"picked":"Sozu"}],"items_purged_floors":[10],"is_endless":false,"potions_floor_spawned":[2,4,6,14,19],"killed_by":"3 Cultists","ascension_level":19}}