{"host":"l84l8xigz5v5foa2","time":1611198327,"event":{"mods":["2.2 Compatiblity","AchievementEnabler","BaseMod","Better Note","Better Vampires","Card Filter","Colored Map","DeckTracker","Downfall","Gremlin Skip","Highlight Path","Keyboard Shortcuts","Minty Spire (QoL Compilation)","Permanent Neow","Quick Restart","Relic Filter","Relic Stats","StSLib","SuperFastMode","Transform Curses","Unknown Chances"],"gold_per_floor":[110,125,125,8,26,26,40,40,40,71,71,96,96,106,106,182,182,195,213,213,240,240,240,240],"floor_reached":22,"language":"ENG","playtime":1075,"items_purged":["hexamod:Strike"],"score":517,"play_id":"5bcb1c8c-8693-4ad6-8cb1-6ad5621f4d6b","local_time":"20210121120527","is_ascension_mode":true,"campfire_choices":[{"data":"hexamod:Float","floor":6.0,"key":"SMITH"},{"data":"hexamod:Rewind","floor":8.0,"key":"SMITH"},{"data":"hexamod:RainOfEmbers","floor":13.0,"key":"SMITH"},{"data":"hexamod:RadiantFlame","floor":15.0,"key":"SMITH"}],"circlet_count":0,"master_deck":["AscendersBane","hexamod:Strike","hexamod:Strike","hexamod:Strike","hexamod:Defend","hexamod:Defend","hexamod:Defend","hexamod:Defend+1","hexamod:Sear","hexamod:Float+1","hexamod:RadiantFlame+1","hexamod:ThirdSeal","hexamod:FourthSeal","hexamod:FirstSeal","hexamod:Rewind+1","hexamod:RainOfEmbers+1","hexamod:ShieldOfDarkness","hexamod:GiftsFromTheDead","hexamod:SwordOfDarkness","hexamod:NightmareStrike","hexamod:SoulSteal","hexamod:ThirdSeal","hexamod:ThermalTransfer","hexamod:FifthSeal","hexamod:SecondSeal","hexamod:SixthSeal","hexamod:ForkedFlame","hexamod:NightmareGuise","hexamod:FourthSeal","hexamod:HauntingEcho+1","hexamod:ShieldOfDarkness","hexamod:RetreatToShadows","hexamod:FlameSwitch","hexamod:Hexaguard","hexamod:ThirdSeal"],"relics":["hexamod:SpiritBrand","Unceasing Top","Potion Belt","Matryoshka","Philosopher\u0027s Stone"],"acts_visited":["TheCity"],"potions_floor_usage":[21,21,21,22,22,22],"damage_taken":[{"damage":2.0,"enemies":"Jaw Worm","floor":1.0,"turns":3.0},{"damage":5.0,"enemies":"2 Louse","floor":2.0,"turns":2.0},{"damage":1.0,"enemies":"Cultist","floor":5.0,"turns":4.0},{"damage":0.0,"enemies":"3 Louse","floor":7.0,"turns":3.0},{"damage":6.0,"enemies":"Lagavulin","floor":10.0,"turns":6.0},{"damage":25.0,"enemies":"3 Sentries","floor":12.0,"turns":5.0},{"damage":9.0,"enemies":"Large Slime","floor":14.0,"turns":5.0},{"damage":0.0,"enemies":"Slime Boss","floor":16.0,"turns":6.0},{"damage":13.0,"enemies":"Shell Parasite","floor":18.0,"turns":6.0},{"damage":4.0,"enemies":"Spheric Guardian","floor":19.0,"turns":7.0},{"damage":15,"enemies":"Chosen and Byrds","floor":21,"turns":6},{"damage":54,"enemies":"3 Cultists","floor":22,"turns":4}],"seed_played":"-1226399158891308144","potions_obtained":[{"floor":1.0,"key":"EntropicBrew"},{"floor":2.0,"key":"hexamod:EctoCoolerPotion"},{"floor":5.0,"key":"SneckoOil"},{"floor":7.0,"key":"Ancient Potion"},{"floor":10.0,"key":"SpeedPotion"},{"floor":10.0,"key":"hexamod:InfernoChargePotion"},{"floor":12.0,"key":"Strength Potion"},{"floor":14.0,"key":"Weak Potion"},{"floor":14.0,"key":"BlessingOfTheForge"},{"floor":18.0,"key":"EssenceOfSteel"},{"floor":19.0,"key":"EssenceOfSteel"},{"floor":19.0,"key":"Fire Potion"},{"floor":19.0,"key":"AttackPotion"},{"floor":21,"key":"bronze:BurnAndBuffPotion"},{"floor":21,"key":"Fire Potion"}],"is_trial":false,"path_per_floor":["M","M","?","$","M","R","M","R","T","E","?","E","R","M","R","B",null,"M","M","?","M","M"],"character_chosen":"THE_SPIRIT","items_purchased":["hexamod:Rewind"],"campfire_rested":0,"item_purchase_floors":[4],"current_hp_per_floor":[40,35,28,28,34,34,41,41,41,42,47,29,29,27,27,27,58,52,55,55,47,0,0,0],"gold":240,"neow_bonus":"ONE_RARE_RELIC","is_daily":false,"chose_seed":false,"campfire_upgraded":4,"win_rate":0.0,"timestamp":1611198327,"path_taken":["M","M","?","?","M","R","M","R","T","E","?","E","R","M","R","BOSS","M","M","?","M","M"],"items_purchased_type":["Card"],"build_version":"2020-12-22","purchased_purges":1,"victory":false,"max_hp_per_floor":[63,63,63,63,63,63,63,63,63,63,68,68,68,68,68,68,68,68,68,68,68,68,68,68],"relic_stats":{"counters":[12,57],"obtain_stats":[{"Potion Belt":10,"Matryoshka":12,"Philosopher\u0027s Stone":17,"hexamod:SpiritBrand":0,"Unceasing Top":0},{"Potion Belt":5,"Matryoshka":6,"Philosopher\u0027s Stone":8,"hexamod:SpiritBrand":0,"Unceasing Top":0},{"Potion Belt":18,"Matryoshka":23,"Philosopher\u0027s Stone":34,"hexamod:SpiritBrand":0,"Unceasing Top":0}],"Unceasing Top":[2]},"card_choices":[{"not_picked":["hexamod:NightmareStrike","hexamod:GhostflameBarrier"],"picked":"hexamod:RadiantFlame","floor":1.0},{"not_picked":["hexamod:Firestarter","hexamod:PowerFromBeyond"],"picked":"hexamod:GhostShield","floor":2.0},{"not_picked":["hexamod:GhostLash","hexamod:FlamesFromBeyond"],"picked":"hexamod:RainOfEmbers","floor":5.0},{"not_picked":["hexamod:NightmareGuise","hexamod:HeatCrush"],"picked":"hexamod:ShieldOfDarkness","floor":5.0},{"not_picked":["hexamod:AdvancingGuard","hexamod:InspiringFlames"],"picked":"hexamod:GiftsFromTheDead","floor":7.0},{"not_picked":["hexamod:PhantomFireball","hexamod:ShieldOfDarkness"],"picked":"hexamod:SwordOfDarkness","floor":7.0},{"not_picked":["hexamod:NightmareGuise","hexamod:ShieldOfDarkness"],"picked":"hexamod:NightmareStrike","floor":10.0},{"not_picked":["hexamod:ExtraCrispy","hexamod:HeatShield"],"picked":"hexamod:SoulSteal","floor":10.0},{"not_picked":["hexamod:GhostLash","hexamod:Firestarter"],"picked":"hexamod:ThirdSeal","floor":12.0},{"not_picked":["hexamod:SpectralSpark","hexamod:RadiantFlame"],"picked":"hexamod:ThermalTransfer","floor":12.0},{"not_picked":["hexamod:HeatMetal","hexamod:EtherealExpedition"],"picked":"hexamod:FifthSeal","floor":14.0},{"not_picked":["hexamod:SpectralSpark","hexamod:EmpoweredFlame","hexamod:SoulSteal"],"picked":"SKIP","floor":14.0},{"not_picked":["hexamod:SpectralSpark","hexamod:EmpoweredFlame","hexamod:SoulSteal"],"picked":"SKIP","floor":14.0},{"not_picked":["hexamod:FirstSeal","hexamod:ThirdSeal"],"picked":"hexamod:SecondSeal","floor":16.0},{"not_picked":["hexamod:VolcanoVisage","hexamod:SearingWound"],"picked":"hexamod:SixthSeal","floor":16.0},{"not_picked":["hexamod:ParanormalForm","hexamod:TimeWarp"],"picked":"hexamod:ForkedFlame","floor":16.0},{"not_picked":["hexamod:HauntingEcho","hexamod:GhostLash"],"picked":"hexamod:NightmareGuise","floor":18.0},{"not_picked":["hexamod:SecondSeal","hexamod:ThirdSeal"],"picked":"hexamod:FourthSeal","floor":18.0},{"not_picked":["hexamod:Firestarter","hexamod:SkipABeat"],"picked":"hexamod:HauntingEcho","floor":18.0},{"not_picked":["hexamod:HauntingEcho","hexamod:ChargedBarrage"],"picked":"hexamod:ShieldOfDarkness","floor":18.0},{"not_picked":["hexamod:GhostLash","hexamod:HauntingEcho"],"picked":"hexamod:RetreatToShadows","floor":19.0},{"not_picked":["hexamod:PhantomFireball","hexamod:SuperheatedStrike"],"picked":"hexamod:FlameSwitch","floor":19.0},{"not_picked":["hexamod:PhantomFireball","hexamod:FourthSeal"],"picked":"hexamod:Hexaguard","floor":19.0},{"not_picked":["hexamod:SecondSeal","hexamod:ThirdSeal","hexamod:FourthSeal"],"picked":"SKIP","floor":19.0},{"not_picked":["hexamod:SecondSeal","hexamod:FourthSeal"],"picked":"hexamod:ThirdSeal","floor":21},{"not_picked":["hexamod:SwordOfDarkness","hexamod:HauntingEcho","hexamod:InspiringFlames"],"picked":"SKIP","floor":21},{"not_picked":["hexamod:SecondSeal","hexamod:HeatMetal","hexamod:Incineration"],"picked":"SKIP","floor":21}],"player_experience":3335297,"relics_obtained":[{"floor":10.0,"key":"Potion Belt"},{"floor":12.0,"key":"Matryoshka"}],"event_choices":[{"damage_healed":0.0,"max_hp_gain":5.0,"max_hp_loss":0.0,"gold_gain":0.0,"event_name":"Big Fish","player_choice":"Donut","floor":11.0,"gold_loss":0.0,"damage_taken":0.0},{"damage_healed":0.0,"max_hp_gain":0.0,"max_hp_loss":0.0,"gold_gain":0.0,"event_name":"Vampires","player_choice":"Ignored","floor":20.0,"gold_loss":0.0,"damage_taken":0.0}],"is_beta":false,"boss_relics":[{"not_picked":["SacredBark","hexamod:UnbrokenSoul"],"picked":"Philosopher\u0027s Stone"}],"items_purged_floors":[4],"is_endless":false,"potions_floor_spawned":[1,2,10,14,19],"killed_by":"3 Cultists","ascension_level":20}}