{"host":"6jxiafzta1a1kcvk","time":1611244275,"event":{"mods":["Act Like it!","BaseMod","Conspire","Hubris","Jorbs\u0027s Wanderer Trilogy","Minty Spire (QoL Compilation)","Replay The Spire","SIMod","Spicy Shops","StSLib","SuperFastMode","The Hayseed","The Mystic","vexMod"],"gold_per_floor":[111,131,131,149,190,222,234,234,259,40,40,40,40,59,59,185,185,206,206,226,126,149,185,185,201,224,224,245,264,282,381,381,502,502,523,523,541,874,874,874,888,888,888],"floor_reached":42,"language":"ZHS","playtime":2389,"items_purged":["mysticmod:Strike_Mystic","mysticmod:Strike_Mystic"],"score":470,"play_id":"b8ee920d-0dbd-4cc8-8c6e-1403d1fa41d6","local_time":"20210121235115","is_ascension_mode":false,"campfire_choices":[{"floor":8,"key":"REST"},{"data":"mysticmod:TomeOfSpells","floor":15,"key":"SMITH"},{"floor":24,"key":"REST"},{"floor":27,"key":"REST"},{"floor":32,"key":"REST"},{"floor":40,"key":"REST"}],"circlet_count":0,"master_deck":["mysticmod:Strike_Mystic","mysticmod:Defend_Mystic","mysticmod:Defend_Mystic","mysticmod:Defend_Mystic","mysticmod:Defend_Mystic","mysticmod:ArcaneDodge","mysticmod:ShockingGrasp","mysticmod:Disengage","mysticmod:PowerSlash","mysticmod:Probe","mysticmod:TomeOfSpells+1","mysticmod:GeminiForm+1","CurseOfTheBell","mysticmod:KnowledgePool","mysticmod:ArcaneAccuracy","mysticmod:Snowball+1","mysticmod:RapidCaster","mysticmod:ArcaneAccuracy","mysticmod:ArcaneAccuracy","mysticmod:RapidCaster","mysticmod:Discipline","mysticmod:Spellstrike","mysticmod:Momentum"],"relics":["Blood Vial","hubris:TenFootPole","hubris:SlimyHat","Oddly Smooth Stone","vexMod:Cooldron","m_BookOfShivs","Calling Bell","hubris:ToyBattleship","hubris:FunFungus","Mummified Hand","hubris:Backtick","vexMod:GildedClover"],"acts_visited":["Exordium","TheCity","TheBeyond"],"potions_floor_usage":[16,16,18,18,23,23,23,23,23,23,23,29,37,37,37,37,37,37,42,42,42,42,42,42],"damage_taken":[{"damage":1,"enemies":"Cultist","floor":1,"turns":3},{"damage":0,"enemies":"Small Slimes","floor":2,"turns":4},{"damage":0,"enemies":"Jaw Worm","floor":4,"turns":4},{"damage":6,"enemies":"conspire:MimicChest","floor":5,"turns":6},{"damage":22,"enemies":"3 Sentries","floor":6,"turns":13},{"damage":1,"enemies":"Blue Slaver","floor":7,"turns":4},{"damage":0,"enemies":"Large Slime","floor":14,"turns":6},{"damage":64,"enemies":"The Guardian","floor":16,"turns":17},{"damage":22,"enemies":"Shell Parasite","floor":18,"turns":6},{"damage":6,"enemies":"3 Byrds","floor":20,"turns":8},{"damage":31,"enemies":"Centurion and Healer","floor":22,"turns":13},{"damage":11,"enemies":"conspire:Head Lice","floor":23,"turns":6},{"damage":27,"enemies":"Cultist and Chosen","floor":25,"turns":8},{"damage":0,"enemies":"conspire:HollyBat","floor":28,"turns":9},{"damage":34,"enemies":"Snecko","floor":29,"turns":6},{"damage":0,"enemies":"Centurion and Healer","floor":30,"turns":1},{"damage":4,"enemies":"conspire:MysteriousRune","floor":33,"turns":9},{"damage":30,"enemies":"3 Darklings","floor":35,"turns":8},{"damage":20,"enemies":"Orb Walker","floor":37,"turns":5},{"damage":36,"enemies":"Sphere and 2 Shapes","floor":41,"turns":6},{"damage":43,"enemies":"Transient","floor":42,"turns":4}],"seed_played":"5235372099142353958","potions_obtained":[{"floor":2,"key":"Weak Potion"},{"floor":5,"key":"Block Potion"},{"floor":6,"key":"Languid Potion"},{"floor":14,"key":"EntropicBrew"},{"floor":16,"key":"EntropicBrew"},{"floor":20,"key":"EntropicBrew"},{"floor":22,"key":"EntropicBrew"},{"floor":25,"key":"EntropicBrew"},{"floor":33,"key":"EntropicBrew"},{"floor":41,"key":"EntropicBrew"}],"is_trial":false,"path_per_floor":["M","M","?","M","?","E","M","R","T","$","?","?","$","M","R","B",null,"M","?","M","$","M","E","R","M","T","R","M","M","M","?","R","B",null,"M","?","M","?","?","R","M","M"],"character_chosen":"MYSTIC_CLASS","items_purchased":["vexMod:Cooldron"],"campfire_rested":5,"item_purchase_floors":[10],"current_hp_per_floor":[76,77,70,72,68,48,49,72,72,72,72,63,63,65,65,3,83,61,61,57,57,32,23,47,24,24,48,50,21,23,23,47,45,83,53,53,36,36,36,60,27,0,0],"gold":888,"neow_bonus":"RANDOM_COMMON_RELIC","is_daily":false,"chose_seed":false,"campfire_upgraded":1,"win_rate":0.0,"timestamp":1611244275,"path_taken":["M","M","?","M","?","E","M","R","T","$","?","?","?","M","R","BOSS","M","?","?","?","M","E","R","M","T","R","M","M","M","?","R","BOSS","M","?","M","?","?","R","M","M"],"items_purchased_type":["Relic"],"build_version":"2020-12-22","purchased_purges":2,"victory":false,"max_hp_per_floor":[77,77,77,77,77,77,77,77,77,77,77,77,77,77,77,77,83,83,83,83,83,83,83,83,83,83,83,83,83,83,83,83,83,83,83,83,83,83,83,83,83,83,83],"card_choices":[{"not_picked":["mysticmod:BulkUp","mysticmod:Alacrity"],"picked":"mysticmod:Disengage","floor":1},{"not_picked":["mysticmod:Disengage","mysticmod:KeenEdge"],"picked":"mysticmod:PowerSlash","floor":2},{"not_picked":["mysticmod:PowerSlash","mysticmod:Grapple"],"picked":"mysticmod:Probe","floor":4},{"not_picked":["mysticmod:PowerSlash","mysticmod:HeavyStrike"],"picked":"mysticmod:TomeOfSpells","floor":6},{"not_picked":["mysticmod:KeenEdge","mysticmod:Daze","mysticmod:MysticalShield"],"picked":"SKIP","floor":7},{"not_picked":["Choke","mysticmod:AllIn","mysticmod:Sideswipe"],"picked":"SKIP","floor":14},{"not_picked":["mysticmod:MirrorEntity","Burst"],"picked":"mysticmod:GeminiForm","floor":16},{"not_picked":["mysticmod:PureInstinct","mysticmod:SuddenClarity+1"],"picked":"mysticmod:KnowledgePool","floor":18},{"not_picked":["mysticmod:LightningBolt+1","mysticmod:SpellCombat"],"picked":"mysticmod:ArcaneAccuracy","floor":20},{"not_picked":["mysticmod:Riposte","mysticmod:LightningBolt+1"],"picked":"mysticmod:Snowball+1","floor":22},{"not_picked":["mysticmod:VorpalThrust","mysticmod:Flurry"],"picked":"mysticmod:RapidCaster","floor":23},{"not_picked":["mysticmod:Grease","mysticmod:SuddenClarity","mysticmod:HeavyStrike"],"picked":"SKIP","floor":25},{"not_picked":["mysticmod:DiviningBlow+1","mysticmod:CureLightWounds"],"picked":"mysticmod:ArcaneAccuracy","floor":28},{"not_picked":["mysticmod:Shield","mysticmod:CorrosiveTouch"],"picked":"mysticmod:ArcaneAccuracy","floor":29},{"not_picked":["mysticmod:Probe+1","mysticmod:Disengage"],"picked":"mysticmod:RapidCaster","floor":30},{"not_picked":["mysticmod:Haste","mysticmod:ClosingBarrage"],"picked":"mysticmod:Discipline","floor":33},{"not_picked":["mysticmod:MysticalShield","mysticmod:EnchantedMoulinet"],"picked":"mysticmod:Spellstrike","floor":35},{"not_picked":["mysticmod:ClosingBarrage","mysticmod:MirrorEntity"],"picked":"mysticmod:Momentum","floor":37},{"not_picked":["mysticmod:Momentum","mysticmod:Natural20","mysticmod:Haste"],"picked":"SKIP","floor":41}],"player_experience":65022,"relics_obtained":[{"floor":5,"key":"hubris:TenFootPole"},{"floor":6,"key":"hubris:SlimyHat"},{"floor":9,"key":"Oddly Smooth Stone"},{"floor":17,"key":"hubris:ToyBattleship"},{"floor":17,"key":"vexMod:BerryBomb"},{"floor":17,"key":"hubris:FunFungus"},{"floor":23,"key":"Mummified Hand"}],"event_choices":[{"cards_removed":["mysticmod:Strike_Mystic"],"damage_healed":0,"gold_gain":0,"player_choice":"Card Removal","damage_taken":7,"max_hp_gain":0,"max_hp_loss":0,"event_name":"Golden Wing","floor":3,"gold_loss":0},{"damage_healed":0,"gold_gain":0,"player_choice":"Take Damage","damage_taken":19,"relics_obtained":["Golden Idol"],"max_hp_gain":0,"max_hp_loss":0,"event_name":"Golden Idol","floor":12,"gold_loss":0},{"damage_healed":0,"gold_gain":0,"player_choice":"Bought 0 Potions","damage_taken":0,"max_hp_gain":0,"max_hp_loss":0,"event_name":"The Woman in Blue","floor":19,"gold_loss":0},{"damage_healed":0,"gold_gain":99,"player_choice":"Stole From Cult","damage_taken":0,"max_hp_gain":0,"max_hp_loss":0,"event_name":"Nest","floor":31,"gold_loss":0},{"damage_healed":0,"gold_gain":333,"player_choice":"Gave Idol","damage_taken":0,"max_hp_gain":0,"max_hp_loss":0,"event_name":"The Moai Head","floor":38,"relics_lost":["Golden Idol"],"gold_loss":0},{"damage_healed":0,"gold_gain":0,"player_choice":"Forge","damage_taken":0,"max_hp_gain":0,"max_hp_loss":0,"event_name":"Accursed Blacksmith","floor":39,"gold_loss":0,"cards_upgraded":["mysticmod:GeminiForm"]}],"is_beta":false,"boss_relics":[{"not_picked":["vexMod:DeviousBotling","SlaversCollar"],"picked":"Calling Bell"},{"not_picked":["Philosopher\u0027s Stone","vexMod:MysteryBossChallenge"],"picked":"hubris:Backtick"}],"items_purged_floors":[10,21],"is_endless":false,"potions_floor_spawned":[2,5,6,14,16,20,22,25,33,41],"killed_by":"Transient","ascension_level":0}}