{"host":"h4qgcirtxz6qax9j","time":1611216801,"event":{"mods":["AchievementEnabler","BaseMod","Colored Powertips","Hermit","Minty Spire (QoL Compilation)","StSLib","SuperFastMode","The Servant 0.9.4"],"gold_per_floor":[115,115,65,77,32,32,52,52,52,7,17,17,73,90,90,189,189,202,202,202,219,318,318,331,331,331,331,331],"floor_reached":27,"language":"KOR","playtime":612,"items_purged":[],"score":289,"play_id":"20d75fba-a8c2-4b4d-8b06-333b9068deab","local_time":"20210121171321","is_ascension_mode":true,"campfire_choices":[{"data":"FlawlessForm","floor":6,"key":"SMITH"},{"floor":8,"key":"REST"},{"data":"DoubleEdge","floor":15,"key":"SMITH"},{"data":"LightFlow","floor":23,"key":"SMITH"},{"floor":25,"key":"REST"}],"circlet_count":0,"master_deck":["Strike_S","Strike_S","Strike_S","Strike_S","Defend_S","Defend_S","Defend_S","Defend_S","KidneyShot","Exchange","FlawlessForm+1","BottledTime","Spin","BottledTime","Hightail","ShatteredReality","InstantArmor","DoubleEdge+1","LightFlow+1","DoubleEdge+1"],"relics":["Uniform","KneeBrace","TungstenRod","Letter Opener"],"acts_visited":["Exordium","TheCity"],"potions_floor_usage":[27,27],"damage_taken":[{"damage":7,"enemies":"Cultist","floor":1,"turns":5},{"damage":2,"enemies":"2 Louse","floor":4,"turns":4},{"damage":0,"enemies":"Small Slimes","floor":7,"turns":4},{"damage":7,"enemies":"Looter","floor":10,"turns":5},{"damage":0,"enemies":"2 Fungi Beasts","floor":11,"turns":4},{"damage":0,"enemies":"Exordium Thugs","floor":14,"turns":5},{"damage":0,"enemies":"Hexaghost","floor":16,"turns":10},{"damage":2,"enemies":"Chosen","floor":18,"turns":3},{"damage":9,"enemies":"Shell Parasite","floor":21,"turns":6},{"damage":20,"enemies":"Snake Plant","floor":24,"turns":4},{"damage":56,"enemies":"Gremlin Leader","floor":27,"turns":7}],"seed_played":"8324938020994025792","potions_obtained":[{"floor":1,"key":"PowerPotion"},{"floor":7,"key":"DistilledChaos"},{"floor":16,"key":"LiquidBronze"},{"floor":24,"key":"Dexterity Potion"}],"is_trial":false,"path_per_floor":["M","?","$","M","$","R","M","R","T","M","M","?","?","M","R","B",null,"M","$","?","M","?","R","M","R","T","E"],"character_chosen":"THE_SERVANT","items_purchased":["BottledTime","BottledTime"],"campfire_rested":2,"item_purchase_floors":[3,5],"current_hp_per_floor":[58,58,58,56,56,56,56,65,65,58,58,55,55,55,55,55,65,63,63,63,54,54,54,34,53,53,0,0],"gold":331,"neow_bonus":"ONE_RANDOM_RARE_CARD","is_daily":false,"chose_seed":false,"campfire_upgraded":3,"win_rate":0.0,"timestamp":1611216801,"path_taken":["M","?","$","M","$","R","M","R","T","M","M","?","?","M","R","BOSS","M","$","?","M","?","R","M","R","T","E"],"items_purchased_type":["Card","Card"],"build_version":"2020-12-22","purchased_purges":0,"victory":false,"max_hp_per_floor":[65,65,65,65,65,65,65,65,65,65,65,65,65,65,65,65,65,65,65,65,65,65,65,65,65,65,65,65],"card_choices":[{"not_picked":["Misdirection","Ricochet","Alleviate"],"picked":"SKIP","floor":1},{"not_picked":["Ricochet","BottledTime"],"picked":"Spin","floor":4},{"not_picked":["Starlight","Barrier"],"picked":"Hightail","floor":7},{"not_picked":["Contraction","Replace"],"picked":"ShatteredReality","floor":10},{"not_picked":["Rearm","Deadline"],"picked":"InstantArmor","floor":11},{"not_picked":["Manipulate","Alleviate"],"picked":"DoubleEdge","floor":14},{"not_picked":["MurderousAura","Initiator"],"picked":"LightFlow","floor":16},{"not_picked":["Barrier","ReturningBlade","Desolation+1"],"picked":"SKIP","floor":18},{"not_picked":["Defy","Revamp"],"picked":"DoubleEdge+1","floor":21},{"not_picked":["Foresight","Rearm","Revamp"],"picked":"SKIP","floor":24}],"player_experience":87039,"relics_obtained":[{"floor":9,"key":"KneeBrace"},{"floor":26,"key":"Letter Opener"}],"event_choices":[{"damage_healed":0,"gold_gain":0,"player_choice":"Ignored","damage_taken":0,"max_hp_gain":0,"max_hp_loss":0,"event_name":"Liars Game","floor":2,"gold_loss":0},{"damage_healed":0,"gold_gain":0,"player_choice":"Success","damage_taken":3,"relics_obtained":["TungstenRod"],"max_hp_gain":0,"max_hp_loss":0,"event_name":"Scrap Ooze","floor":12,"gold_loss":0},{"damage_healed":0,"gold_gain":56,"player_choice":"Gained Gold","damage_taken":0,"max_hp_gain":0,"max_hp_loss":0,"event_name":"Golden Wing","floor":13,"gold_loss":0},{"damage_healed":0,"gold_gain":0,"player_choice":"Ignored","damage_taken":0,"max_hp_gain":0,"max_hp_loss":0,"event_name":"Ghosts","floor":20,"gold_loss":0},{"damage_healed":0,"gold_gain":99,"player_choice":"Stole From Cult","damage_taken":0,"max_hp_gain":0,"max_hp_loss":0,"event_name":"Nest","floor":22,"gold_loss":0}],"is_beta":false,"boss_relics":[{"not_picked":["Pandora\u0027s Box","Calling Bell","Ectoplasm"]}],"items_purged_floors":[],"is_endless":false,"potions_floor_spawned":[1,7,16,24],"killed_by":"Gremlin Leader","ascension_level":3}}