{"host":"13o02hya6v6rzuva","time":1611224755,"event":{"mods":["BaseMod","Minty Spire (QoL Compilation)","Relic Stats"],"gold_per_floor":[110,110,72,88,88,88,127,127,127,165,178,178,193,209,209,329,329,345,345,364,378,428,428,449,449,449,487,17,42,42,42,42,42,42],"floor_reached":33,"language":"ENG","playtime":954,"items_purged":[],"score":465,"play_id":"ceef8b1f-529b-4300-90d1-dc7680284fbc","local_time":"20210121112555","is_ascension_mode":true,"campfire_choices":[{"data":"Searing Blow+1","floor":6.0,"key":"SMITH"},{"data":"Searing Blow+2","floor":8.0,"key":"SMITH"},{"data":"Searing Blow+3","floor":12.0,"key":"SMITH"},{"data":"Searing Blow+4","floor":15.0,"key":"SMITH"},{"data":"Searing Blow+5","floor":23,"key":"SMITH"},{"data":"Searing Blow+6","floor":25,"key":"SMITH"},{"floor":32,"key":"REST"}],"circlet_count":0,"master_deck":["AscendersBane","Strike_R","Strike_R","Strike_R","Strike_R","Strike_R","Defend_R","Defend_R","Bash","Sword Boomerang","Searing Blow+7","Disarm","Twin Strike","Flex","Ghostly Armor","Spot Weakness","Perfected Strike","Impervious","Iron Wave+1","Twin Strike","Clothesline+1","Rage","Flame Barrier"],"relics":["Burning Blood","NeowsBlessing","Golden Idol","Boot","Meat on the Bone","Question Card","Empty Cage","MutagenicStrength","Centennial Puzzle","Singing Bowl","Blood Vial"],"acts_visited":["Exordium","TheCity"],"potions_floor_usage":[27,27,33],"damage_taken":[{"damage":0.0,"enemies":"Jaw Worm","floor":1.0,"turns":1.0},{"damage":0.0,"enemies":"2 Louse","floor":4.0,"turns":1.0},{"damage":0.0,"enemies":"3 Sentries","floor":7.0,"turns":2.0},{"damage":49.0,"enemies":"Lagavulin","floor":10.0,"turns":6.0},{"damage":0.0,"enemies":"Cultist","floor":11.0,"turns":2.0},{"damage":6.0,"enemies":"Blue Slaver","floor":13.0,"turns":2.0},{"damage":11.0,"enemies":"Looter","floor":14.0,"turns":3.0},{"damage":29.0,"enemies":"Hexaghost","floor":16.0,"turns":9.0},{"damage":21,"enemies":"2 Thieves","floor":18,"turns":5},{"damage":18,"enemies":"3 Byrds","floor":20,"turns":6},{"damage":26,"enemies":"Snake Plant","floor":21,"turns":4},{"damage":12,"enemies":"Chosen and Byrds","floor":24,"turns":3},{"damage":38,"enemies":"Book of Stabbing","floor":27,"turns":6},{"damage":11,"enemies":"Centurion and Healer","floor":29,"turns":5},{"damage":63,"enemies":"Automaton","floor":33,"turns":6}],"seed_played":"-5856775757042382069","potions_obtained":[{"floor":11.0,"key":"PowerPotion"},{"floor":13.0,"key":"FearPotion"},{"floor":14.0,"key":"AttackPotion"},{"floor":24,"key":"LiquidMemories"},{"floor":29,"key":"Block Potion"}],"is_trial":false,"path_per_floor":["M","?","$","M","?","R","E","R","T","E","M","R","M","M","R","B",null,"M","?","M","M","?","R","M","R","T","E","$","M","$","?","R","B"],"character_chosen":"IRONCLAD","items_purchased":["Searing Blow","Singing Bowl","Blood Vial","Flame Barrier"],"campfire_rested":1,"item_purchase_floors":[3,28,28,28],"current_hp_per_floor":[78,74,74,74,74,74,74,74,74,43,49,49,49,44,44,33,64,49,49,49,41,41,41,47,47,47,27,27,38,38,38,60,0,0],"gold":42,"neow_bonus":"THREE_ENEMY_KILL","is_daily":false,"chose_seed":false,"campfire_upgraded":6,"win_rate":0.0,"timestamp":1611224755,"path_taken":["M","?","$","M","?","R","E","R","T","E","M","R","?","M","R","BOSS","M","?","M","M","?","R","M","R","T","E","$","?","?","?","R","BOSS"],"items_purchased_type":["Card","Relic","Relic","Card"],"build_version":"2020-12-22","purchased_purges":0,"victory":false,"max_hp_per_floor":[80,74,74,74,74,74,74,74,74,74,74,74,74,74,74,74,74,74,74,74,74,74,74,74,74,74,74,74,76,76,76,76,76,76],"relic_stats":{"Blood Vial":4,"Centennial Puzzle":[6],"Singing Bowl":2,"counters":[15,61],"Golden Idol":79,"Boot":[35],"Question Card":10,"obtain_stats":[{"Blood Vial":28,"Centennial Puzzle":27,"NeowsBlessing":0,"Singing Bowl":28,"Golden Idol":2,"MutagenicStrength":19,"Boot":7,"Question Card":10,"Empty Cage":17,"Burning Blood":0,"Meat on the Bone":9},{"Blood Vial":13,"Centennial Puzzle":13,"NeowsBlessing":0,"Singing Bowl":13,"Golden Idol":1,"MutagenicStrength":9,"Boot":3,"Question Card":4,"Empty Cage":8,"Burning Blood":0,"Meat on the Bone":3},{"Blood Vial":50,"Centennial Puzzle":50,"NeowsBlessing":0,"Singing Bowl":50,"Golden Idol":1,"MutagenicStrength":31,"Boot":4,"Question Card":10,"Empty Cage":26,"Burning Blood":0,"Meat on the Bone":4}],"Burning Blood":72,"Meat on the Bone":84},"card_choices":[{"not_picked":["True Grit","Iron Wave"],"picked":"Sword Boomerang","floor":1.0},{"not_picked":["Flex","Warcry"],"picked":"Disarm","floor":4.0},{"not_picked":["Bloodletting","True Grit"],"picked":"Twin Strike","floor":7.0},{"not_picked":["Iron Wave","Warcry"],"picked":"Flex","floor":10.0},{"not_picked":["True Grit","Headbutt","Body Slam"],"picked":"Ghostly Armor","floor":11.0},{"not_picked":["Limit Break","Bloodletting","Evolve"],"picked":"Spot Weakness","floor":13.0},{"not_picked":["Headbutt","Body Slam","Clash"],"picked":"Perfected Strike","floor":14.0},{"not_picked":["Berserk","Brutality","Demon Form"],"picked":"Impervious","floor":16.0},{"not_picked":["Havoc","Dark Embrace","Entrench","Iron Wave"],"picked":"SKIP","floor":18},{"not_picked":["Inflame","Pommel Strike","Second Wind"],"picked":"Iron Wave+1","floor":20},{"not_picked":["Headbutt","Perfected Strike","Cleave+1"],"picked":"Twin Strike","floor":21},{"not_picked":["Anger","Ghostly Armor","Clash+1"],"picked":"Clothesline+1","floor":24},{"not_picked":["Wild Strike","Blood for Blood","Bloodletting"],"picked":"Rage","floor":27},{"not_picked":["Dropkick","Headbutt","Sword Boomerang","Heavy Blade+1"],"picked":"Singing Bowl","floor":29}],"player_experience":1141032,"relics_obtained":[{"floor":7.0,"key":"Boot"},{"floor":9.0,"key":"Meat on the Bone"},{"floor":10.0,"key":"Question Card"},{"floor":27,"key":"Centennial Puzzle"}],"event_choices":[{"damage_healed":0.0,"max_hp_gain":0.0,"max_hp_loss":6.0,"gold_gain":0.0,"event_name":"Golden Idol","player_choice":"Lose Max HP","floor":2.0,"gold_loss":0.0,"damage_taken":0.0,"relics_obtained":["Golden Idol"]},{"damage_healed":0.0,"max_hp_gain":0.0,"max_hp_loss":0.0,"gold_gain":0.0,"event_name":"Accursed Blacksmith","player_choice":"Forge","floor":5.0,"gold_loss":0.0,"damage_taken":0.0,"cards_upgraded":["Searing Blow"]},{"damage_healed":0,"gold_gain":0,"player_choice":"Inject Mutagens","damage_taken":0,"relics_obtained":["MutagenicStrength"],"max_hp_gain":0,"max_hp_loss":0,"event_name":"Drug Dealer","floor":19,"gold_loss":0},{"damage_healed":0,"gold_gain":100,"player_choice":"Bet on Murderer","damage_taken":0,"max_hp_gain":0,"max_hp_loss":0,"event_name":"The Joust","floor":22,"gold_loss":50},{"damage_healed":0,"gold_gain":0,"player_choice":"Ignored","damage_taken":0,"max_hp_gain":0,"max_hp_loss":0,"event_name":"Cursed Tome","floor":31,"gold_loss":0}],"is_beta":false,"boss_relics":[{"not_picked":["Pandora\u0027s Box","SacredBark"],"picked":"Empty Cage"}],"items_purged_floors":[],"is_endless":false,"potions_floor_spawned":[11,13,14,24,29],"killed_by":"Automaton","ascension_level":11}}