{"host":"3498uni0c31c9bdm","time":1611207220,"event":{"mods":["BaseMod","Better Third Choice","Minty Spire (QoL Compilation)","Replay The Spire","StSLib"],"gold_per_floor":[114,114,132,143,103,136,136,149,176,176,209,209,227,36,36,149,149,178,178,178,32,58,58,77,121,121,140,140,165,19,62,62,171,171,192,192,192],"floor_reached":36,"language":"ENG","playtime":1645,"items_purged":[],"score":561,"play_id":"6803da3a-7a49-4d46-bdfe-7139a6b26733","local_time":"20210121163340","is_ascension_mode":true,"campfire_choices":[{"floor":10,"key":"REST"},{"floor":15,"key":"RECALL"},{"floor":23,"key":"REST"},{"data":"Omniscience","floor":28,"key":"SMITH"},{"floor":32,"key":"REST"}],"circlet_count":0,"master_deck":["Strike_P","Strike_P","Strike_P","Strike_P","Defend_P","Defend_P","Defend_P+1","Defend_P","Eruption","Vigilance","Replay:Cycle","PathToVictory","Prostrate","CrushJoints+1","Judgement","Pot Of Greed","Pot Of Greed","EmptyFist","Protect","Weave+1","Omniscience+1","PathToVictory","SashWhip","Replay:BluntJabs+1","PathToVictory","Pot Of Greed","SignatureMove","Prostrate+1","Alpha","Wireheading+1"],"relics":["PureWater","Omamori","Nunchaku","Grinning Jar","CeramicFish","Busted Crown","Ring of Panic","Ring of Peace","Pet Ghost","Pear","Happy Flower","ClockworkSouvenir","Sundial","Replay:Grab Bag","ChewingGum","Replay:Bronze Core","SacredBark"],"acts_visited":["Exordium","TheCity","TheBeyond"],"potions_floor_usage":[7,11,16,31,33,35,36,36,36],"damage_taken":[{"damage":7,"enemies":"Small Slimes","floor":1,"turns":3},{"damage":0,"enemies":"Cultist","floor":3,"turns":2},{"damage":0,"enemies":"2 Louse","floor":4,"turns":2},{"damage":52,"enemies":"3 Sentries","floor":6,"turns":14},{"damage":11,"enemies":"Looter","floor":8,"turns":2},{"damage":17,"enemies":"Lagavulin","floor":11,"turns":5},{"damage":2,"enemies":"Red Slaver","floor":13,"turns":2},{"damage":66,"enemies":"Hexaghost","floor":16,"turns":14},{"damage":2,"enemies":"3 Byrds","floor":18,"turns":4},{"damage":0,"enemies":"Shell Parasite","floor":22,"turns":1},{"damage":3,"enemies":"Snecko","floor":24,"turns":4},{"damage":12,"enemies":"Slavers","floor":25,"turns":5},{"damage":3,"enemies":"Centurion and Healer","floor":27,"turns":4},{"damage":18,"enemies":"Snake Plant","floor":29,"turns":4},{"damage":9,"enemies":"Book of Stabbing","floor":31,"turns":6},{"damage":33,"enemies":"Champ","floor":33,"turns":9},{"damage":21,"enemies":"3 Darklings","floor":35,"turns":4},{"damage":77,"enemies":"2 Orb Walkers","floor":36,"turns":6}],"seed_played":"5743453228871115210","potions_obtained":[{"floor":6,"key":"Fruit Juice"},{"floor":8,"key":"Cursed Concoction"},{"floor":11,"key":"Elixir"},{"floor":18,"key":"SkillPotion"},{"floor":22,"key":"Block Potion"},{"floor":27,"key":"ColorlessPotion"},{"floor":31,"key":"Dexterity Potion"},{"floor":33,"key":"Explosive Potion"},{"floor":35,"key":"Venom Potion"}],"is_trial":false,"path_per_floor":["M","?","M","M","$","E","?","M","T","R","E","?","M","$","R","B",null,"M","?","?","$","M","R","M","E","T","M","R","M","$","E","R","B",null,"M","?"],"character_chosen":"WATCHER","items_purchased":["CrushJoints+1","CeramicFish","Weave+1","Pet Ghost","ClockworkSouvenir"],"campfire_rested":3,"item_purchase_floors":[5,14,14,21,30],"current_hp_per_floor":[58,72,72,72,72,20,25,14,14,37,20,77,75,75,75,9,60,58,58,58,58,58,77,74,72,72,69,69,51,51,42,68,35,74,53,0,0],"gold":192,"neow_bonus":"RANDOM_COMMON_RELIC","is_daily":false,"chose_seed":false,"campfire_upgraded":1,"win_rate":0.0,"timestamp":1611207220,"path_taken":["M","?","?","?","$","E","?","M","T","R","E","?","?","?","R","BOSS","M","?","?","$","M","R","M","E","T","M","R","M","?","E","R","BOSS","M","?"],"items_purchased_type":["Card","Relic","Card","Relic","Relic"],"build_version":"2020-12-22","purchased_purges":0,"victory":false,"max_hp_per_floor":[72,72,72,72,72,72,77,77,77,77,77,77,77,77,77,77,77,77,77,77,77,77,77,77,87,87,87,87,87,87,87,87,87,87,87,87,87],"card_choices":[{"not_picked":["Replay:BluntJabs","Crescendo"],"picked":"Replay:Cycle","floor":1},{"not_picked":["FlyingSleeves","Vengeance"],"picked":"PathToVictory","floor":3},{"not_picked":["Replay:ManipulateFuture","FlurryOfBlows"],"picked":"Prostrate","floor":4},{"not_picked":["LikeWater","CarveReality"],"picked":"Judgement","floor":6},{"not_picked":["EmptyMind","InnerPeace"],"picked":"ForeignInfluence","floor":8},{"not_picked":["ThirdEye","Meditate"],"picked":"EmptyFist","floor":11},{"not_picked":["Conclude","Replay:BluntJabs"],"picked":"Protect","floor":13},{"not_picked":["ConjureBlade","Judgement"],"picked":"Omniscience","floor":16},{"not_picked":[],"picked":"PathToVictory","floor":18},{"not_picked":[],"picked":"SashWhip","floor":22},{"not_picked":[],"picked":"Replay:BluntJabs+1","floor":24},{"not_picked":[],"picked":"PathToVictory","floor":25},{"not_picked":["Halt"],"picked":"SKIP","floor":27},{"not_picked":[],"picked":"SignatureMove","floor":29},{"not_picked":[],"picked":"Prostrate+1","floor":31},{"not_picked":[],"picked":"Alpha","floor":33},{"not_picked":[],"picked":"Wireheading+1","floor":35}],"player_experience":725306,"relics_obtained":[{"floor":6,"key":"Nunchaku"},{"floor":11,"key":"Grinning Jar"},{"floor":20,"key":"Ring of Panic"},{"floor":20,"key":"Ring of Peace"},{"floor":25,"key":"Pear"},{"floor":26,"key":"Happy Flower"},{"floor":31,"key":"Sundial"}],"event_choices":[{"damage_healed":14,"gold_gain":0,"player_choice":"Full Heal","damage_taken":0,"max_hp_gain":0,"max_hp_loss":0,"event_name":"Wheel of Change","floor":2,"gold_loss":0},{"cards_removed":["ForeignInfluence"],"damage_healed":57,"gold_gain":0,"player_choice":"Offered Uncommon","damage_taken":0,"max_hp_gain":0,"max_hp_loss":0,"event_name":"Bonfire Elementals","floor":12,"gold_loss":0},{"damage_healed":0,"gold_gain":0,"player_choice":"Ignored","damage_taken":0,"max_hp_gain":0,"max_hp_loss":0,"event_name":"Beggar","floor":19,"gold_loss":0},{"damage_healed":0,"gold_gain":0,"player_choice":"Fight","damage_taken":0,"max_hp_gain":0,"max_hp_loss":0,"event_name":"Mysterious Sphere","floor":36,"gold_loss":0}],"is_beta":false,"boss_relics":[{"not_picked":["Replay:Drink Me","Sozu"],"picked":"Busted Crown"},{"not_picked":["Replay:Wanted Poster","Cursed Key"],"picked":"Replay:Grab Bag"},{"not_picked":["Painkiller Herb","Fusion Hammer"],"picked":"ChewingGum"},{"not_picked":["Abe\u0027s Treasure","Velvet Choker"],"picked":"Replay:Bronze Core"},{"not_picked":["Snecko Eye","Kintsugi"],"picked":"SacredBark"}],"items_purged_floors":[],"is_endless":false,"potions_floor_spawned":[6,8,11,18,22,27,31,33,35],"killed_by":"2 Orb Walkers","ascension_level":6}}