{"host":"ypphcgdomtfqpc2w","time":1611236524,"event":{"mods":["BaseMod","DeckTracker","Minty Spire (QoL Compilation)","Relic Stats","StSLib"],"gold_per_floor":[109,124,124,124,143,143,167,206,256,1,46,46,11,101,101,200,200,239,239,209,224,52,52,112,37,37,78,133,133,178,268,268,268,268],"floor_reached":33,"language":"ENG","playtime":1673,"items_purged":["Pain"],"score":614,"play_id":"a60545ba-e478-477d-a493-6c0e85411086","local_time":"20210121224204","is_ascension_mode":true,"campfire_choices":[{"data":"Carnage","floor":6,"key":"SMITH"},{"data":"Bash","floor":12,"key":"SMITH"},{"data":"Anger","floor":15,"key":"SMITH"},{"floor":23,"key":"REST"},{"floor":29,"key":"REST"},{"floor":32,"key":"REST"}],"circlet_count":0,"master_deck":["AscendersBane","Strike_R","Strike_R","Strike_R","Strike_R","Strike_R","Defend_R","Defend_R","Defend_R","Defend_R","Bash+1","Carnage+1","Anger+1","Headbutt","Evolve","Ghostly Armor","HandOfGreed","Brutality+1","Warcry","Corruption+1","Whirlwind","True Grit","Reaper","Feel No Pain+1","Metallicize+1","Dark Embrace+1","Power Through","Shrug It Off"],"relics":["Burning Blood","NeowsBlessing","Golden Idol","WarpedTongs","Frozen Egg 2","Bronze Scales","Cursed Key","Sling","Vajra","Sundial","MealTicket"],"acts_visited":["Exordium","TheCity"],"potions_floor_usage":[14,16,19,21,24,24,27,31,33],"damage_taken":[{"damage":0,"enemies":"2 Louse","floor":1,"turns":1},{"damage":0,"enemies":"Cultist","floor":2,"turns":1},{"damage":0,"enemies":"Jaw Worm","floor":5,"turns":1},{"damage":20,"enemies":"3 Louse","floor":7,"turns":5},{"damage":21,"enemies":"Lagavulin","floor":8,"turns":5},{"damage":6,"enemies":"Red Slaver","floor":11,"turns":3},{"damage":11,"enemies":"Lots of Slimes","floor":14,"turns":7},{"damage":34,"enemies":"Hexaghost","floor":16,"turns":8},{"damage":27,"enemies":"Chosen","floor":18,"turns":4},{"damage":0,"enemies":"Shell Parasite","floor":19,"turns":1},{"damage":21,"enemies":"Chosen and Byrds","floor":21,"turns":5},{"damage":13,"enemies":"Gremlin Leader","floor":24,"turns":6},{"damage":30,"enemies":"Book of Stabbing","floor":27,"turns":5},{"damage":26,"enemies":"Cultist and Chosen","floor":28,"turns":7},{"damage":4,"enemies":"Snecko","floor":30,"turns":5},{"damage":14,"enemies":"Slavers","floor":31,"turns":5},{"damage":73,"enemies":"Champ","floor":33,"turns":11}],"seed_played":"-2786698886209788038","potions_obtained":[{"floor":5,"key":"LiquidBronze"},{"floor":8,"key":"SkillPotion"},{"floor":14,"key":"SmokeBomb"},{"floor":18,"key":"GamblersBrew"},{"floor":20,"key":"Dexterity Potion"},{"floor":21,"key":"BlessingOfTheForge"},{"floor":24,"key":"AttackPotion"},{"floor":27,"key":"Swift Potion"},{"floor":28,"key":"ElixirPotion"}],"is_trial":false,"path_per_floor":["M","M","?","?","M","R","M","E","T","$","M","R","?","M","R","B",null,"M","M","?","M","$","R","E","$","T","E","M","R","M","E","R","B"],"character_chosen":"IRONCLAD","items_purchased":["HandOfGreed","Sling","Feel No Pain+1"],"campfire_rested":3,"item_purchase_floors":[10,22,25],"current_hp_per_floor":[74,75,49,49,55,55,41,26,26,26,26,26,44,39,39,11,59,38,44,44,29,29,51,44,44,44,27,17,39,44,42,64,0,0],"gold":268,"neow_bonus":"THREE_ENEMY_KILL","is_daily":false,"chose_seed":false,"campfire_upgraded":3,"win_rate":0.0,"timestamp":1611236524,"path_taken":["M","M","?","?","?","R","M","E","T","$","M","R","?","M","R","BOSS","M","M","?","M","$","R","E","$","T","E","?","R","?","E","R","BOSS"],"items_purchased_type":["Card","Relic","Card"],"build_version":"2020-12-22","purchased_purges":1,"victory":false,"max_hp_per_floor":[75,75,75,75,75,75,75,75,75,75,75,75,75,75,75,75,75,75,75,75,75,75,75,75,75,75,75,75,75,75,75,75,75,75],"relic_stats":{"counters":[17,80],"Golden Idol":88,"Sundial":[4],"Bronze Scales":[206],"MealTicket":0,"Cursed Key":0,"obtain_stats":[{"NeowsBlessing":0,"Golden Idol":3,"Sundial":27,"Bronze Scales":9,"Vajra":24,"MealTicket":31,"Frozen Egg 2":8,"Cursed Key":17,"Sling":22,"Burning Blood":0,"WarpedTongs":4},{"NeowsBlessing":0,"Golden Idol":2,"Sundial":13,"Bronze Scales":5,"Vajra":12,"MealTicket":16,"Frozen Egg 2":5,"Cursed Key":8,"Sling":11,"Burning Blood":0,"WarpedTongs":2},{"NeowsBlessing":0,"Golden Idol":2,"Sundial":52,"Bronze Scales":13,"Vajra":47,"MealTicket":69,"Frozen Egg 2":13,"Cursed Key":31,"Sling":41,"Burning Blood":0,"WarpedTongs":2}],"Burning Blood":91,"WarpedTongs":[77]},"card_choices":[{"not_picked":["Wild Strike","Shockwave"],"picked":"Carnage","floor":1},{"not_picked":["Perfected Strike","Searing Blow"],"picked":"Anger","floor":2},{"not_picked":["Dropkick","Hemokinesis"],"picked":"Headbutt","floor":5},{"not_picked":["Clash","Ghostly Armor"],"picked":"Evolve","floor":7},{"not_picked":["Cleave","Uppercut"],"picked":"Ghostly Armor","floor":8},{"not_picked":["Wild Strike","Clash"],"picked":"Brutality+1","floor":11},{"not_picked":["Havoc","Pommel Strike"],"picked":"Warcry","floor":14},{"not_picked":["Offering","Berserk+1"],"picked":"Corruption+1","floor":16},{"not_picked":["Headbutt","Combust+1"],"picked":"Whirlwind","floor":18},{"not_picked":["Warcry","Clash"],"picked":"True Grit","floor":21},{"not_picked":["Reckless Charge","Armaments"],"picked":"Reaper","floor":24},{"not_picked":["Anger+1","Twin Strike"],"picked":"Metallicize+1","floor":27},{"not_picked":["Sword Boomerang","Feel No Pain+1"],"picked":"Dark Embrace+1","floor":28},{"not_picked":["Iron Wave","Flame Barrier"],"picked":"Power Through","floor":30},{"not_picked":["Reckless Charge","Uppercut"],"picked":"Shrug It Off","floor":31}],"player_experience":2087803,"relics_obtained":[{"floor":8,"key":"Frozen Egg 2"},{"floor":9,"key":"Bronze Scales"},{"floor":24,"key":"Vajra"},{"floor":27,"key":"Sundial"},{"floor":31,"key":"MealTicket"}],"event_choices":[{"damage_healed":0,"gold_gain":0,"player_choice":"Take Damage","damage_taken":26,"relics_obtained":["Golden Idol"],"max_hp_gain":0,"max_hp_loss":0,"event_name":"Golden Idol","floor":3,"gold_loss":0},{"damage_healed":0,"gold_gain":0,"player_choice":"Rummage","damage_taken":0,"relics_obtained":["WarpedTongs"],"max_hp_gain":0,"max_hp_loss":0,"event_name":"Accursed Blacksmith","floor":4,"gold_loss":0,"cards_obtained":["Pain"]},{"damage_healed":18,"gold_gain":0,"player_choice":"Healed","damage_taken":0,"max_hp_gain":0,"max_hp_loss":0,"event_name":"The Cleric","floor":13,"gold_loss":35},{"damage_healed":0,"gold_gain":0,"player_choice":"Bought 2 Potions","damage_taken":0,"max_hp_gain":0,"max_hp_loss":0,"event_name":"The Woman in Blue","floor":20,"gold_loss":0}],"is_beta":false,"boss_relics":[{"not_picked":["Black Blood","SacredBark"],"picked":"Cursed Key"}],"items_purged_floors":[10],"is_endless":false,"potions_floor_spawned":[5,8,11,14,18,21,24,27,28],"killed_by":"Champ","ascension_level":20}}