{"host":"qhhcmep1unj6mpf7","time":1611241210,"event":{"mods":["2.2 Compatiblity","AchievementEnabler","BaseMod","Colored Map","DeckTracker","Highlight Path","Keyboard Shortcuts","Minty Spire (QoL Compilation)","Permanent Neow","Quick Restart","Random Character Button","StSLib","SuperFastMode","everything is the same but u backflip on backflip"],"gold_per_floor":[110,127,46,221,238,269,269,300,300,300,317,331,305,153,153,258,258,276,375,71,71,88,88,88,88,88,100,0,0,0],"floor_reached":29,"language":"KOR","playtime":1118,"items_purged":["Doubt","Strike_B"],"score":233,"play_id":"047e99e8-037f-48cd-96aa-5668b10cd467","local_time":"20210122000010","is_ascension_mode":false,"campfire_choices":[{"data":"Echo Form","floor":7.0,"key":"SMITH"},{"floor":10.0,"key":"REST"},{"data":"Consume","floor":15.0,"key":"SMITH"},{"data":"Creative AI","floor":23.0,"key":"SMITH"},{"data":"Lockon","floor":25,"key":"SMITH"}],"circlet_count":0,"master_deck":["Strike_B","Defend_B","Defend_B","Defend_B","Defend_B","Dualcast","Echo Form+1","Gash","Self Repair","Creative AI+1","Consume+1","Glacier","Lockon+1","Undo","Meteor Strike","Storm+1","Machine Learning+1","Reinforced Body+1"],"relics":["Cracked Core","Pantograph","Gambling Chip","Torii","Astrolabe","Runic Capacitor","Art of War"],"acts_visited":["Exordium","TheCity"],"potions_floor_usage":[],"damage_taken":[{"damage":1.0,"enemies":"Cultist","floor":1.0,"turns":4.0},{"damage":1.0,"enemies":"Jaw Worm","floor":2.0,"turns":3.0},{"damage":3.0,"enemies":"Small Slimes","floor":5.0,"turns":3.0},{"damage":22.0,"enemies":"3 Sentries","floor":6.0,"turns":4.0},{"damage":36.0,"enemies":"Lagavulin","floor":8.0,"turns":9.0},{"damage":3.0,"enemies":"Blue Slaver","floor":11.0,"turns":4.0},{"damage":22.0,"enemies":"2 Fungi Beasts","floor":12.0,"turns":4.0},{"damage":26.0,"enemies":"Exordium Thugs","floor":13.0,"turns":6.0},{"damage":24.0,"enemies":"Hexaghost","floor":16.0,"turns":11.0},{"damage":16.0,"enemies":"3 Byrds","floor":18.0,"turns":8.0},{"damage":4.0,"enemies":"Chosen","floor":22.0,"turns":7.0},{"damage":20,"enemies":"Centurion and Healer","floor":27,"turns":5},{"damage":53,"enemies":"3 Cultists","floor":29,"turns":5}],"seed_played":"6519453766274618187","potions_obtained":[{"floor":5.0,"key":"ColorlessPotion"},{"floor":8.0,"key":"FairyPotion"},{"floor":11.0,"key":"GamblersBrew"},{"floor":16.0,"key":"FocusPotion"}],"is_trial":false,"path_per_floor":["M","M","$","?","M","E","R","E","T","R","M","M","M","$","R","B",null,"M","?","$","?","M","R","?","R","T","M","$","M"],"character_chosen":"DEFECT","items_purchased":["Self Repair","Undo","Runic Capacitor","Art of War"],"campfire_rested":1,"item_purchase_floors":[3,14,20,20],"current_hp_per_floor":[53,52,52,52,56,48,48,19,19,41,45,30,11,11,11,26,75,66,66,66,66,75,75,75,75,75,69,69,16,16],"gold":0,"neow_bonus":"THREE_RARE_CARDS","is_daily":false,"chose_seed":false,"campfire_upgraded":4,"win_rate":0.0,"timestamp":1611241210,"path_taken":["M","M","$","?","M","E","R","E","T","R","M","M","M","$","R","BOSS","M","?","$","?","M","R","?","R","T","M","$","M"],"items_purchased_type":["Card","Card","Relic","Relic"],"build_version":"2020-12-22","purchased_purges":2,"victory":false,"max_hp_per_floor":[75,75,75,75,75,75,75,75,75,75,75,75,75,75,75,75,75,75,75,75,75,75,75,75,75,75,75,75,75,75],"card_choices":[{"not_picked":["Multi-Cast","Amplify"],"picked":"Echo Form","floor":0.0},{"not_picked":["Ball Lightning","Streamline"],"picked":"Gash","floor":1.0},{"not_picked":["Steam Power","Leap","Beam Cell"],"picked":"SKIP","floor":2.0},{"not_picked":["Turbo","Hologram","Streamline"],"picked":"SKIP","floor":5.0},{"not_picked":["Blizzard","Tempest"],"picked":"Creative AI","floor":6.0},{"not_picked":["Beam Cell","Heatsinks","Hologram"],"picked":"SKIP","floor":8.0},{"not_picked":["Barrage","Redo"],"picked":"Consume","floor":11.0},{"not_picked":["Compile Driver","Steam Power"],"picked":"Glacier","floor":12.0},{"not_picked":["Streamline","Rebound"],"picked":"Lockon","floor":13.0},{"not_picked":["All For One","Thunder Strike"],"picked":"Meteor Strike","floor":16.0},{"not_picked":["Streamline+1","Ball Lightning","Rip and Tear+1"],"picked":"SKIP","floor":18.0},{"not_picked":["Doom and Gloom","Gash","Leap"],"picked":"SKIP","floor":22.0},{"not_picked":["Doom and Gloom","Hologram","Hello World"],"picked":"SKIP","floor":27}],"player_experience":316231,"relics_obtained":[{"floor":6.0,"key":"Pantograph"},{"floor":8.0,"key":"Gambling Chip"},{"floor":9.0,"key":"Torii"}],"event_choices":[{"damage_healed":0.0,"max_hp_gain":0.0,"max_hp_loss":0.0,"gold_gain":175.0,"event_name":"Liars Game","player_choice":"AGREE","floor":4.0,"gold_loss":0.0,"damage_taken":0.0,"cards_obtained":["Doubt"]},{"damage_healed":0.0,"max_hp_gain":0.0,"max_hp_loss":0.0,"gold_gain":99.0,"event_name":"Nest","player_choice":"Stole From Cult","floor":19.0,"gold_loss":0.0,"damage_taken":0.0},{"damage_healed":0.0,"max_hp_gain":0.0,"max_hp_loss":0.0,"gold_gain":0.0,"event_name":"Cursed Tome","player_choice":"Ignored","floor":21.0,"gold_loss":0.0,"damage_taken":0.0},{"damage_healed":0,"gold_gain":0,"player_choice":"Ignored","damage_taken":0,"max_hp_gain":0,"max_hp_loss":0,"event_name":"The Mausoleum","floor":24,"gold_loss":0}],"is_beta":false,"boss_relics":[{"not_picked":["Cursed Key","Velvet Choker"],"picked":"Astrolabe"}],"items_purged_floors":[14,28],"is_endless":false,"potions_floor_spawned":[5,8,11,16,18],"killed_by":"3 Cultists","ascension_level":0}}