{"host":"y89x8uui45kcjy42","time":1611225877,"event":{"mods":["2.2 Compatiblity","BaseMod","CapriCore","Colored Map","Colored Powertips","Custom Start","Friendly Minions","Keyboard Shortcuts","Minty Spire (QoL Compilation)","Relic Stats","Replay The Spire","Slay the Relics Exporter","StSLib","SuperFastMode","Uncapped"],"gold_per_floor":[118,138,138,213,106,106,106,141,141,141,167,201,201,234,234,234,234],"floor_reached":16,"language":"KOR","playtime":318,"items_purged":["Strike_P"],"score":348,"play_id":"296f530d-468e-48e2-bd7d-43d4ae3b3a4b","local_time":"20210121194437","is_ascension_mode":true,"campfire_choices":[{"data":"Eruption","floor":6.0,"key":"SMITH"},{"data":"TalkToTheHand","floor":7.0,"key":"SMITH"},{"data":"MasterReality","floor":10.0,"key":"SMITH"},{"data":"Replay:Hum","floor":15,"key":"SMITH"}],"circlet_count":0,"master_deck":["Strike_P","Strike_P","Strike_P","Defend_P","Defend_P","Defend_P","Defend_P","Eruption+1","Vigilance","TalkToTheHand+1","FearNoEvil","MasterReality+1","Replay:Hum+1"],"relics":["HolyWater","Bag of Preparation","Vajra","Oddly Smooth Stone","Snack Pack","Medical Kit","Meat on the Bone","Pantograph","WingedGreaves","Replay:WaspNest","CloakClasp"],"acts_visited":["Exordium"],"potions_floor_usage":[14],"damage_taken":[{"damage":0.0,"enemies":"Jaw Worm","floor":1.0,"turns":1.0},{"damage":0.0,"enemies":"Small Slimes","floor":2.0,"turns":1.0},{"damage":0.0,"enemies":"3 Sentries","floor":8.0,"turns":1.0},{"damage":23.0,"enemies":"Gremlin Nob","floor":11.0,"turns":4.0},{"damage":5.0,"enemies":"Lagavulin","floor":12.0,"turns":6.0},{"damage":0,"enemies":"Gremlin Nob","floor":14,"turns":2},{"damage":72,"enemies":"Slime Boss","floor":16,"turns":7}],"seed_played":"-4243919121136542350","potions_obtained":[{"floor":8.0,"key":"Fire Potion"},{"floor":11.0,"key":"BlessingOfTheForge"},{"floor":12,"key":"LiquidMemories"}],"is_trial":false,"path_per_floor":["M","M","?","?","$","R","R","E","T","R","E","E","T","E","R","B"],"character_chosen":"WATCHER","items_purchased":["Snack Pack","Medical Kit","FearNoEvil"],"campfire_rested":0,"item_purchase_floors":[5,5,5],"current_hp_per_floor":[61,61,61,50,50,50,50,52,52,52,43,42,42,46,46,0,0],"gold":234,"neow_bonus":"THREE_ENEMY_KILL","is_daily":false,"chose_seed":false,"campfire_upgraded":4,"win_rate":0.0,"timestamp":1611225877,"path_taken":["M","M","?","?","$","R","R","E","T","R","E","E","?","E","R","BOSS"],"items_purchased_type":["Relic","Relic","Card"],"build_version":"2020-12-22","purchased_purges":1,"victory":false,"max_hp_per_floor":[68,68,68,68,68,68,68,68,68,68,68,68,68,68,68,68,68],"relic_stats":{"counters":[7,22],"Pantograph":22,"Bag of Preparation":[14],"CloakClasp":[26],"Medical Kit":[0],"obtain_stats":[{"NeowsBlessing":0,"Vajra":0,"Oddly Smooth Stone":0,"Replay:WaspNest":13,"Bag of Preparation":0,"CloakClasp":14,"Medical Kit":5,"Pantograph":11,"HolyWater":0,"WingedGreaves":3,"Snack Pack":5,"PureWater":0,"Meat on the Bone":8},{"NeowsBlessing":0,"Vajra":0,"Oddly Smooth Stone":0,"Replay:WaspNest":5,"Bag of Preparation":0,"CloakClasp":6,"Medical Kit":2,"Pantograph":4,"HolyWater":0,"WingedGreaves":2,"Snack Pack":2,"PureWater":0,"Meat on the Bone":3},{"NeowsBlessing":0,"Vajra":0,"Oddly Smooth Stone":0,"Replay:WaspNest":13,"Bag of Preparation":0,"CloakClasp":15,"Medical Kit":2,"Pantograph":7,"HolyWater":0,"WingedGreaves":2,"Snack Pack":2,"PureWater":0,"Meat on the Bone":3}],"Meat on the Bone":12},"card_choices":[{"not_picked":["BowlingBash","Protect"],"picked":"TalkToTheHand","floor":1.0},{"not_picked":["Sanctity","FlurryOfBlows","Crescendo"],"picked":"SKIP","floor":2.0},{"not_picked":["Sanctity","DeceiveReality"],"picked":"MasterReality","floor":8.0},{"not_picked":["Fasting2","Indignation","FlurryOfBlows"],"picked":"SKIP","floor":11.0},{"not_picked":["ThirdEye","ClearTheMind","WindmillStrike"],"picked":"SKIP","floor":12},{"not_picked":["CutThroughFate","PathToVictory"],"picked":"Replay:Hum","floor":14}],"player_experience":638528,"relics_obtained":[{"floor":8.0,"key":"Meat on the Bone"},{"floor":11.0,"key":"Pantograph"},{"floor":13,"key":"Replay:WaspNest"},{"floor":14,"key":"CloakClasp"}],"event_choices":[{"damage_healed":0.0,"max_hp_gain":0.0,"max_hp_loss":0.0,"gold_gain":75.0,"event_name":"World of Goop","player_choice":"Gather Gold","floor":4.0,"gold_loss":0.0,"damage_taken":11.0}],"is_beta":false,"boss_relics":[],"items_purged_floors":[5],"is_endless":false,"potions_floor_spawned":[8,11,12],"killed_by":"Slime Boss","ascension_level":20}}