{"host":"ordk2y2ebcetabk6","time":1611263988,"event":{"mods":["AlwaysNeverKeys","BaseMod","Better Debug","Colored Map","Colored Powertips","Dark Map","Highlight Path","Humility","Minty Spire (QoL Compilation)","Permanent Neow","Rare Cards Sparkle","StSLib","The Explorer","Wide Potions"],"gold_per_floor":[118,293,293,305,319,319,319,319,373,373,373,386,429,449,449,578,578,571,571,571,2,17,17,60,60,84,84,9,0,0,25,25,156,156,176,176,200,100,120,120,140,140,166,201,201,216,237,237,237,237],"floor_reached":51,"language":"ENG","playtime":1524,"items_purged":["Strike_P","Strike_P"],"score":815,"play_id":"77e67efb-5094-4857-9752-3be912a56129","local_time":"20210121141948","is_ascension_mode":false,"campfire_choices":[{"data":"Eruption","floor":6,"key":"SMITH"},{"data":"BowlingBash","floor":10,"key":"SMITH"},{"data":"ConjureBlade","floor":15,"key":"SMITH"},{"data":"J.A.X.","floor":23,"key":"SMITH"},{"data":"Wish","floor":25,"key":"SMITH"},{"data":"SandsOfTime","floor":30,"key":"SMITH"},{"data":"WheelKick","floor":32,"key":"SMITH"},{"floor":40,"key":"REST"},{"floor":42,"key":"REST"},{"data":"Vigilance","floor":49,"key":"SMITH"}],"circlet_count":0,"master_deck":["Defend_P","Defend_P","Defend_P","Defend_P","Eruption+1","Vigilance+1","WheelKick+1","BowlingBash+1","SandsOfTime+1","ConjureBlade+1","BattleHymn","Wish+1","J.A.X.+1","Parasite","Flash of Steel","Doubt"],"relics":["PureWater","Spirit Poop","Oddly Smooth Stone","Golden Idol","Nunchaku","Busted Crown","Shuriken","Eternal Feather","Juzu Bracelet","PreservedInsect","Potion Belt","SlaversCollar","Art of War","Whetstone"],"acts_visited":["Exordium","TheCity","TheBeyond"],"potions_floor_usage":[13,13,16,24,37,50],"damage_taken":[{"damage":7,"enemies":"Small Slimes","floor":1,"turns":4},{"damage":0,"enemies":"Cultist","floor":4,"turns":3},{"damage":2,"enemies":"Jaw Worm","floor":5,"turns":4},{"damage":0,"enemies":"Blue Slaver","floor":12,"turns":1},{"damage":18,"enemies":"3 Sentries","floor":13,"turns":3},{"damage":6,"enemies":"2 Fungi Beasts","floor":14,"turns":4},{"damage":30,"enemies":"The Guardian","floor":16,"turns":8},{"damage":13,"enemies":"2 Thieves","floor":18,"turns":3},{"damage":13,"enemies":"Spheric Guardian","floor":22,"turns":4},{"damage":43,"enemies":"Gremlin Leader","floor":24,"turns":5},{"damage":33,"enemies":"Automaton","floor":33,"turns":5},{"damage":17,"enemies":"3 Shapes","floor":35,"turns":5},{"damage":51,"enemies":"3 Darklings","floor":37,"turns":5},{"damage":44,"enemies":"Writhing Mass","floor":39,"turns":7},{"damage":55,"enemies":"4 Shapes","floor":41,"turns":5},{"damage":4,"enemies":"Nemesis","floor":44,"turns":3},{"damage":31,"enemies":"Jaw Worm Horde","floor":46,"turns":3},{"damage":43,"enemies":"3 Darklings","floor":47,"turns":6},{"damage":64,"enemies":"Time Eater","floor":50,"turns":5}],"seed_played":"-294574030524816486","potions_obtained":[{"floor":4,"key":"PowerPotion"},{"floor":5,"key":"Strength Potion"},{"floor":14,"key":"Explosive Potion"},{"floor":22,"key":"Strength Potion"},{"floor":35,"key":"PowerPotion"},{"floor":44,"key":"CultistPotion"},{"floor":47,"key":"Energy Potion"}],"is_trial":false,"path_per_floor":["M","?","?","M","M","R","?","?","T","R","?","M","E","M","R","B",null,"M","?","?","$","M","R","E","R","T","$","?","?","R","T","R","B",null,"M","?","M","$","M","R","M","R","T","E","?","M","M","?","R","B",null],"character_chosen":"WATCHER","items_purchased":["Shuriken","Eternal Feather"],"campfire_rested":2,"item_purchase_floors":[21,21],"current_hp_per_floor":[72,72,72,72,70,70,75,68,68,68,68,68,50,44,44,14,78,65,65,78,78,65,74,63,72,72,72,72,72,78,78,78,45,78,61,61,18,18,13,41,6,34,34,31,31,35,11,74,74,10],"gold":237,"neow_bonus":"TEN_PERCENT_HP_BONUS","is_daily":false,"chose_seed":false,"campfire_upgraded":8,"win_rate":0.0,"timestamp":1611263988,"path_taken":["M","?","?","?","M","R","?","?","T","R","?","M","E","M","R","BOSS","M","?","?","$","M","R","E","R","T","$","?","?","R","?","R","BOSS","M","?","M","$","M","R","M","R","T","E","?","M","M","?","R","BOSS"],"items_purchased_type":["Relic","Relic"],"build_version":"2020-12-22","purchased_purges":2,"victory":true,"max_hp_per_floor":[79,79,79,79,79,79,84,84,84,84,78,78,78,78,78,78,78,78,78,78,78,78,78,78,78,78,78,78,78,78,78,78,78,78,78,74,74,74,74,74,74,74,74,74,74,74,74,74,74,74],"card_choices":[{"not_picked":["Prostrate","CutThroughFate"],"picked":"WheelKick","floor":1},{"not_picked":["WaveOfTheHand","MentalFortress"],"picked":"BowlingBash","floor":4},{"not_picked":["Consecrate","Prostrate"],"picked":"SandsOfTime","floor":5},{"not_picked":["BowlingBash","ThirdEye","FlurryOfBlows"],"picked":"SKIP","floor":12},{"not_picked":["FollowUp","Protect"],"picked":"ConjureBlade","floor":13},{"not_picked":["Protect","EmptyFist"],"picked":"BattleHymn","floor":14},{"not_picked":["Ragnarok","Blasphemy"],"picked":"Wish","floor":16},{"not_picked":["Consecrate"],"picked":"SKIP","floor":18},{"not_picked":["BowlingBash"],"picked":"SKIP","floor":22},{"not_picked":["Fasting2"],"picked":"SKIP","floor":24},{"not_picked":["Prostrate+1"],"picked":"SKIP","floor":35},{"not_picked":["CutThroughFate"],"picked":"SKIP","floor":37},{"not_picked":["Swivel+1"],"picked":"SKIP","floor":39},{"not_picked":["JustLucky+1"],"picked":"SKIP","floor":41},{"not_picked":["EmptyBody+1"],"picked":"SKIP","floor":44},{"not_picked":[],"picked":"Flash of Steel","floor":45},{"not_picked":["ThirdEye"],"picked":"SKIP","floor":46},{"not_picked":["Evaluate+1"],"picked":"SKIP","floor":47}],"player_experience":915650,"relics_obtained":[{"floor":9,"key":"Oddly Smooth Stone"},{"floor":13,"key":"Nunchaku"},{"floor":24,"key":"Juzu Bracelet"},{"floor":26,"key":"PreservedInsect"},{"floor":31,"key":"Potion Belt"},{"floor":43,"key":"Art of War"},{"floor":44,"key":"Whetstone"}],"event_choices":[{"damage_healed":0,"gold_gain":175,"player_choice":"AGREE","damage_taken":0,"max_hp_gain":0,"max_hp_loss":0,"event_name":"Liars Game","floor":2,"gold_loss":0,"cards_obtained":["Doubt"]},{"cards_removed":["Doubt"],"damage_healed":0,"gold_gain":0,"player_choice":"Offered Curse","damage_taken":0,"relics_obtained":["Spirit Poop"],"max_hp_gain":0,"max_hp_loss":0,"event_name":"Bonfire Elementals","floor":3,"gold_loss":0},{"damage_healed":0,"gold_gain":0,"player_choice":"Donut","damage_taken":0,"max_hp_gain":5,"max_hp_loss":0,"event_name":"Big Fish","floor":7,"gold_loss":0},{"cards_removed":["Strike_P"],"damage_healed":0,"gold_gain":0,"player_choice":"Card Removal","damage_taken":7,"max_hp_gain":0,"max_hp_loss":0,"event_name":"Golden Wing","floor":8,"gold_loss":0},{"damage_healed":0,"gold_gain":0,"player_choice":"Lose Max HP","damage_taken":0,"relics_obtained":["Golden Idol"],"max_hp_gain":0,"max_hp_loss":6,"event_name":"Golden Idol","floor":11,"gold_loss":0},{"damage_healed":0,"gold_gain":0,"player_choice":"Obtain J.A.X.","damage_taken":0,"max_hp_gain":0,"max_hp_loss":0,"event_name":"Drug Dealer","floor":19,"gold_loss":0,"cards_obtained":["J.A.X."]},{"damage_healed":26,"gold_gain":0,"player_choice":"Heal","damage_taken":0,"max_hp_gain":0,"max_hp_loss":0,"event_name":"The Library","floor":20,"gold_loss":0},{"cards_removed":["Strike_P"],"damage_healed":0,"gold_gain":0,"player_choice":"Gave Gold","damage_taken":0,"max_hp_gain":0,"max_hp_loss":0,"event_name":"Beggar","floor":28,"gold_loss":75},{"damage_healed":0,"gold_gain":0,"player_choice":"Paid Fearfully","damage_taken":0,"max_hp_gain":0,"max_hp_loss":0,"event_name":"Masked Bandits","floor":29,"gold_loss":9},{"damage_healed":0,"gold_gain":0,"player_choice":"Max HP","damage_taken":0,"max_hp_gain":0,"max_hp_loss":4,"event_name":"Winding Halls","floor":36,"gold_loss":0},{"damage_healed":0,"gold_gain":0,"player_choice":"Memory 1","damage_taken":0,"max_hp_gain":0,"max_hp_loss":0,"event_name":"SensoryStone","floor":45,"gold_loss":0},{"damage_healed":63,"gold_gain":0,"player_choice":"Heal","damage_taken":0,"max_hp_gain":0,"max_hp_loss":0,"event_name":"MindBloom","floor":48,"gold_loss":0,"cards_obtained":["Doubt"]}],"is_beta":false,"boss_relics":[{"not_picked":["Velvet Choker","VioletLotus"],"picked":"Busted Crown"},{"not_picked":["Philosopher\u0027s Stone","Empty Cage"],"picked":"SlaversCollar"}],"items_purged_floors":[21,38],"is_endless":false,"potions_floor_spawned":[4,5,14,22,35,44,47],"ascension_level":0}}