{"host":"few9iyaxiywls251","time":1611197134,"event":{"mods":["BaseMod","Bestiary","Curses Come First","Highlight Path","Minty Spire (QoL Compilation)","Shop Mod","StSLib","The Marked"],"gold_per_floor":[19,33,33,48,61,61,95,95,95,20,20,38,38,72,72,72,72],"floor_reached":16,"language":"ENG","playtime":823,"items_purged":["Defend_P"],"score":110,"play_id":"a897f624-a393-4194-ad1d-8072680d4634","local_time":"20210120204534","is_ascension_mode":false,"campfire_choices":[{"data":"Eruption","floor":6,"key":"SMITH"},{"data":"WindmillStrike","floor":8,"key":"SMITH"},{"floor":15,"key":"REST"}],"circlet_count":0,"master_deck":["Strike_P","Strike_P","Strike_P","Strike_P","Eruption+1","Vigilance","FlurryOfBlows","WindmillStrike+1","ClearTheMind","EmptyFist","EmptyBody","Devotion","EmptyMind"],"relics":["PureWater","Omamori","Art of War","Question Card"],"acts_visited":["Exordium"],"potions_floor_usage":[16,16],"damage_taken":[{"damage":0,"enemies":"Cultist","floor":1,"turns":2},{"damage":6,"enemies":"Jaw Worm","floor":2,"turns":3},{"damage":3,"enemies":"Small Slimes","floor":4,"turns":2},{"damage":7,"enemies":"3 Louse","floor":5,"turns":2},{"damage":31,"enemies":"Lagavulin","floor":7,"turns":5},{"damage":12,"enemies":"Blue Slaver","floor":12,"turns":2},{"damage":8,"enemies":"Gremlin Nob","floor":14,"turns":3},{"damage":54,"enemies":"The Guardian","floor":16,"turns":7}],"seed_played":"-3670417748750637363","potions_obtained":[{"floor":2,"key":"ColorlessPotion"},{"floor":3,"key":"FairyPotion"},{"floor":3,"key":"EssenceOfSteel"},{"floor":3,"key":"Swift Potion"}],"is_trial":false,"path_per_floor":["M","M","?","M","M","R","E","R","T","$","?","M","$","E","R","B"],"character_chosen":"WATCHER","items_purchased":[],"campfire_rested":1,"item_purchase_floors":[],"current_hp_per_floor":[72,66,66,63,56,56,25,25,25,25,25,13,13,5,26,0,0],"gold":72,"neow_bonus":"REMOVE_TWO","is_daily":false,"chose_seed":false,"campfire_upgraded":2,"win_rate":0.0,"timestamp":1611197134,"path_taken":["M","M","?","M","?","R","E","R","T","$","?","M","$","E","R","BOSS"],"items_purchased_type":[],"build_version":"2020-12-22","purchased_purges":1,"victory":false,"max_hp_per_floor":[72,72,72,72,72,72,72,72,72,72,72,72,72,72,72,72,72],"card_choices":[{"not_picked":["SashWhip","Worship"],"picked":"FlurryOfBlows","floor":1},{"not_picked":["InnerPeace","Consecrate"],"picked":"WindmillStrike","floor":2},{"not_picked":["Nirvana","Prostrate"],"picked":"ClearTheMind","floor":4},{"not_picked":["MasterReality","Protect"],"picked":"EmptyFist","floor":5},{"not_picked":["DeusExMachina","WreathOfFlame"],"picked":"EmptyBody","floor":7},{"not_picked":["Halt","SignatureMove","Perseverance"],"picked":"SKIP","floor":12},{"not_picked":["Worship","ClearTheMind"],"picked":"EmptyMind","floor":14}],"player_experience":144627,"relics_obtained":[{"floor":7,"key":"Omamori"},{"floor":9,"key":"Art of War"},{"floor":14,"key":"Question Card"}],"event_choices":[{"damage_healed":0,"gold_gain":0,"player_choice":"Got Potions","damage_taken":0,"max_hp_gain":0,"max_hp_loss":0,"event_name":"Lab","floor":3,"gold_loss":0},{"cards_removed":["Defend_P"],"damage_healed":0,"gold_gain":0,"player_choice":"Took Card","damage_taken":0,"max_hp_gain":0,"max_hp_loss":0,"event_name":"NoteForYourself","floor":11,"gold_loss":0,"cards_obtained":["Devotion"]}],"is_beta":false,"boss_relics":[],"items_purged_floors":[10],"is_endless":false,"potions_floor_spawned":[2,4,7,12],"killed_by":"The Guardian","ascension_level":0}}