{"host":"l84l8xigz5v5foa2","time":1611243612,"event":{"mods":["2.2 Compatiblity","AchievementEnabler","BaseMod","Better Note","Better Vampires","Card Filter","Colored Map","DeckTracker","Gremlin Skip","Hermit","Highlight Path","Keyboard Shortcuts","Minty Spire (QoL Compilation)","Permanent Neow","Quick Restart","Relic Filter","Relic Stats","Shop Mod","StSLib","SuperFastMode","Transform Curses","Unknown Chances"],"gold_per_floor":[111,130,146,71,83,83,109,109,109,109,139,139,156,166,166,166,166],"floor_reached":16,"language":"KOR","playtime":848,"items_purged":["hermit:Strike_Hermit"],"score":152,"play_id":"654b6391-4eaa-45e2-b857-04097148a28b","local_time":"20210122004012","is_ascension_mode":true,"campfire_choices":[{"data":"Thinking Ahead","floor":6,"key":"SMITH"},{"data":"hermit:Brawl","floor":8,"key":"SMITH"},{"data":"hermit:Vantage","floor":12,"key":"SMITH"},{"data":"hermit:TakeAim","floor":15,"key":"SMITH"}],"circlet_count":0,"master_deck":["hermit:Strike_Hermit","hermit:Strike_Hermit","hermit:Strike_Hermit","hermit:Defend_Hermit","hermit:Defend_Hermit","hermit:Defend_Hermit","hermit:Defend_Hermit","hermit:Snapshot","hermit:Covet","Thinking Ahead+1","hermit:Vantage+1","hermit:Midnight","hermit:Brawl+1","hermit:LuckOfTheDraw","hermit:TakeAim+1"],"relics":["hermit:Momento","Shovel","Meat on the Bone","Odd Mushroom"],"acts_visited":["Exordium"],"potions_floor_usage":[7,7],"damage_taken":[{"damage":0,"enemies":"Small Slimes","floor":1,"turns":3},{"damage":0,"enemies":"2 Louse","floor":2,"turns":2},{"damage":0,"enemies":"Jaw Worm","floor":3,"turns":4},{"damage":0,"enemies":"Blue Slaver","floor":5,"turns":3},{"damage":0,"enemies":"Lagavulin","floor":7,"turns":8},{"damage":9,"enemies":"The Mushroom Lair","floor":11,"turns":6},{"damage":9,"enemies":"Exordium Thugs","floor":13,"turns":6},{"damage":0,"enemies":"Looter","floor":14,"turns":4},{"damage":49,"enemies":"Hexaghost","floor":16,"turns":9}],"seed_played":"-3839865229319547932","potions_obtained":[{"floor":2,"key":"SteroidPotion"},{"floor":5,"key":"SpeedPotion"},{"floor":14,"key":"CultistPotion"}],"is_trial":false,"path_per_floor":["M","M","M","$","M","R","E","R","T","?","?","R","M","M","R","B"],"character_chosen":"HERMIT","items_purchased":[],"campfire_rested":0,"item_purchase_floors":[],"current_hp_per_floor":[54,54,54,54,54,54,54,54,54,54,45,45,48,48,48,0,0],"gold":166,"neow_bonus":"RANDOM_COLORLESS_2","is_daily":false,"chose_seed":false,"campfire_upgraded":4,"win_rate":0.0,"timestamp":1611243612,"path_taken":["M","M","M","$","M","R","E","R","T","?","?","R","M","M","R","BOSS"],"items_purchased_type":[],"build_version":"2020-12-22","purchased_purges":1,"victory":false,"max_hp_per_floor":[75,75,75,75,75,75,75,75,75,75,75,75,75,75,75,75,75],"relic_stats":{"Shovel":0,"counters":[9,45],"obtain_stats":[{"Shovel":7,"Odd Mushroom":11,"hermit:Momento":0,"Meat on the Bone":9},{"Shovel":5,"Odd Mushroom":6,"hermit:Momento":0,"Meat on the Bone":5},{"Shovel":20,"Odd Mushroom":26,"hermit:Momento":0,"Meat on the Bone":20}],"Meat on the Bone":12},"card_choices":[{"not_picked":["Mayhem","Panache"],"picked":"Thinking Ahead","floor":0},{"not_picked":["hermit:Feint","hermit:Quickdraw"],"picked":"hermit:Vantage","floor":1},{"not_picked":["hermit:Roulette","hermit:Coalescence","hermit:Ricochet"],"picked":"SKIP","floor":2},{"not_picked":["hermit:Quickdraw","hermit:Brawl"],"picked":"hermit:Midnight","floor":3},{"not_picked":["hermit:Scavenge","hermit:Dive"],"picked":"hermit:Brawl","floor":5},{"not_picked":["hermit:DeadMansHand","hermit:NoHoldsBarred"],"picked":"hermit:LuckOfTheDraw","floor":7},{"not_picked":["hermit:Quickdraw","hermit:TrackingShot","hermit:SprayPray"],"picked":"SKIP","floor":13},{"not_picked":["hermit:SprayPray","hermit:Dive"],"picked":"hermit:TakeAim","floor":14}],"player_experience":1440807,"relics_obtained":[{"floor":7,"key":"Shovel"},{"floor":9,"key":"Meat on the Bone"},{"floor":11,"key":"Odd Mushroom"}],"event_choices":[{"damage_healed":0,"gold_gain":0,"player_choice":"Ignored","damage_taken":0,"max_hp_gain":0,"max_hp_loss":0,"event_name":"Liars Game","floor":10,"gold_loss":0},{"damage_healed":0,"gold_gain":0,"player_choice":"Fought Mushrooms","damage_taken":0,"max_hp_gain":0,"max_hp_loss":0,"event_name":"Mushrooms","floor":11,"gold_loss":0}],"is_beta":false,"boss_relics":[],"items_purged_floors":[4],"is_endless":false,"potions_floor_spawned":[2,5,14],"killed_by":"Hexaghost","ascension_level":4}}