{"host":"vyjryxuuuxkt43k4","time":1611233444,"event":{"mods":["AchievementEnabler","BaseMod","Colored Map","DeckTracker","Keyboard Shortcuts","Minty Spire (QoL Compilation)","Permanent Neow","Quick Restart","StSLib","SuperFastMode","everything is the same but u backflip on backflip"],"gold_per_floor":[109,109,109,128,140,168,181,181,206,253,285,309,379,419,431,543,555,585,616,628,640,640],"floor_reached":21,"language":"KOR","playtime":954,"items_purged":[],"score":261,"play_id":"ffdf1de6-4ad2-40ef-a275-e19714213624","local_time":"20210121215044","is_ascension_mode":true,"campfire_choices":[{"data":"Zap","floor":8.0,"key":"SMITH"},{"floor":15.0,"key":"REST"}],"circlet_count":0,"master_deck":["Strike_B","Strike_B","Defend_B","Defend_B","Defend_B","Defend_B","Zap+1","Dualcast","Consume","Gash","Ball Lightning","Conserve Battery","Electrodynamics","Buffer","Lockon","Reinforced Body","Hologram","Reboot","Cold Snap","Biased Cognition","Coolheaded+1","Genetic Algorithm+1","Heatsinks","FTL"],"relics":["Cracked Core","Happy Flower","Smiling Mask","MawBank","Dream Catcher","PreservedInsect","Dead Branch","Runic Pyramid"],"acts_visited":["Exordium","TheCity"],"potions_floor_usage":[],"damage_taken":[{"damage":8.0,"enemies":"Small Slimes","floor":1.0,"turns":3.0},{"damage":2.0,"enemies":"Jaw Worm","floor":4.0,"turns":3.0},{"damage":0.0,"enemies":"Cultist","floor":5.0,"turns":4.0},{"damage":5.0,"enemies":"3 Sentries","floor":6.0,"turns":3.0},{"damage":0.0,"enemies":"2 Fungi Beasts","floor":7.0,"turns":3.0},{"damage":13.0,"enemies":"Gremlin Nob","floor":10.0,"turns":4.0},{"damage":13.0,"enemies":"Blue Slaver","floor":11.0,"turns":2.0},{"damage":6.0,"enemies":"Looter","floor":12.0,"turns":2.0},{"damage":18.0,"enemies":"3 Sentries","floor":13.0,"turns":4.0},{"damage":10.0,"enemies":"3 Sentries","floor":14.0,"turns":2.0},{"damage":40.0,"enemies":"Hexaghost","floor":16.0,"turns":8.0},{"damage":22,"enemies":"Shell Parasite","floor":18,"turns":6},{"damage":3,"enemies":"Chosen","floor":19,"turns":5},{"damage":36,"enemies":"Snake Plant","floor":21,"turns":2}],"seed_played":"-344166648674026946","potions_obtained":[{"floor":1.0,"key":"Block Potion"},{"floor":4.0,"key":"PowerPotion"},{"floor":5.0,"key":"SkillPotion"},{"floor":10.0,"key":"Energy Potion"},{"floor":12.0,"key":"FairyPotion"}],"is_trial":false,"path_per_floor":["M","$","?","M","M","E","M","R","T","E","M","M","?","E","R","B",null,"M","M","?","M"],"character_chosen":"DEFECT","items_purchased":[],"campfire_rested":1,"item_purchase_floors":[],"current_hp_per_floor":[60,60,60,58,58,53,53,53,53,40,27,21,3,22,44,4,57,35,32,32,0,0],"gold":640,"neow_bonus":"RANDOM_COMMON_RELIC","is_daily":false,"chose_seed":false,"campfire_upgraded":1,"win_rate":0.0,"timestamp":1611233444,"path_taken":["M","$","?","M","M","E","M","R","T","E","M","M","?","E","R","BOSS","M","M","?","M"],"items_purchased_type":[],"build_version":"2020-12-22","purchased_purges":0,"victory":false,"max_hp_per_floor":[75,75,75,75,75,75,75,75,75,75,75,75,75,75,75,75,75,75,75,75,75,75],"card_choices":[{"not_picked":["Scrape","Compile Driver"],"picked":"Consume","floor":1.0},{"not_picked":["Steam","Blizzard"],"picked":"Gash","floor":4.0},{"not_picked":["Barrage","Steam"],"picked":"Ball Lightning","floor":5.0},{"not_picked":["Sweeping Beam","Gash"],"picked":"Conserve Battery","floor":6.0},{"not_picked":["Doom and Gloom","Coolheaded"],"picked":"Electrodynamics","floor":7.0},{"not_picked":["Undo","Beam Cell"],"picked":"Buffer","floor":10.0},{"not_picked":["Stack","Leap"],"picked":"Lockon","floor":11.0},{"not_picked":["Beam Cell","Redo"],"picked":"Reinforced Body","floor":12.0},{"not_picked":["Beam Cell","Sweeping Beam"],"picked":"Hologram","floor":13.0},{"not_picked":["Blizzard","Aggregate"],"picked":"Reboot","floor":14.0},{"not_picked":["Capacitor","Streamline"],"picked":"Cold Snap","floor":15.0},{"not_picked":["Multi-Cast","Reboot"],"picked":"Biased Cognition","floor":16.0},{"not_picked":["Reprogram","Streamline"],"picked":"Coolheaded+1","floor":18},{"not_picked":["Beam Cell","Go for the Eyes"],"picked":"Genetic Algorithm+1","floor":19}],"player_experience":206565,"relics_obtained":[{"floor":6.0,"key":"Smiling Mask"},{"floor":9.0,"key":"MawBank"},{"floor":10.0,"key":"Dream Catcher"},{"floor":13.0,"key":"PreservedInsect"},{"floor":14.0,"key":"Dead Branch"}],"event_choices":[{"damage_healed":0.0,"max_hp_gain":0.0,"max_hp_loss":0.0,"gold_gain":0.0,"event_name":"Liars Game","player_choice":"Ignored","floor":3.0,"gold_loss":0.0,"damage_taken":0.0},{"damage_healed":0.0,"max_hp_gain":0.0,"max_hp_loss":0.0,"gold_gain":0.0,"event_name":"Dead Adventurer","player_choice":"Searched \u00271\u0027 times","floor":13.0,"gold_loss":0.0,"damage_taken":0.0},{"damage_healed":0,"gold_gain":0,"cards_transformed":["Strike_B","Strike_B"],"player_choice":"Became Test Subject","damage_taken":0,"max_hp_gain":0,"max_hp_loss":0,"event_name":"Drug Dealer","floor":20,"gold_loss":0,"cards_obtained":["Heatsinks","FTL"]}],"is_beta":false,"boss_relics":[{"not_picked":["Coffee Dripper","Calling Bell"],"picked":"Runic Pyramid"}],"items_purged_floors":[],"is_endless":false,"potions_floor_spawned":[1,4,5,10,12],"killed_by":"Snake Plant","ascension_level":6}}