{"host":"qswkx8hggytna0kc","time":1611203007,"event":{"mods":["Aspiration","BaseMod","BetterRewards","Colored Map","Colored Powertips","Highlight Path","Hubris","Mimic Mod","Minty Spire (QoL Compilation)","MostiFishMod","Quick Restart","Replay The Spire","StSLib","SuperFastMode"],"gold_per_floor":[114,127,140,140,140,140,169,186,220,246,246,260,260,279,279,358,358,376,386,411,426,426,426,452,452,502,529,549,566,566,578,578,656,656,667,679,432,442,442,457,457,457,492,517,517,517,543,159,159,159,159,159,34,61,11],"floor_reached":56,"language":"ZHS","playtime":2947,"items_purged":["Strike_G","Strike_G","Defend_G"],"score":2435,"play_id":"7bd670bc-92e8-4cc8-a3ef-4666cbd833b8","local_time":"20210121122327","is_ascension_mode":true,"campfire_choices":[{"data":"Neutralize","floor":6,"key":"SMITH"},{"data":"Prepared","floor":11,"key":"SMITH"},{"data":"Hidden Blade","floor":15,"key":"SMITH"},{"data":"MostiFishMod:Dislodge","floor":23,"key":"SMITH"},{"data":"Acrobatics","floor":25,"key":"SMITH"},{"data":"Prepared","floor":32,"key":"SMITH"},{"data":"MostiFishMod:LethalBlade","floor":41,"key":"SMITH"},{"floor":45,"key":"RECALL"},{"data":"MostiFishMod:Neurotoxin","floor":52,"key":"SMITH"}],"circlet_count":0,"master_deck":["AscendersBane","TalkToTheHand+1","Strike_G+1","Defend_G","Defend_G","Defend_G","Defend_G","Survivor+1","Neutralize+1","Deflect","Hidden Blade+1","Hidden Blade+1","Prepared+1","Slice","Underhanded Strike","Underhanded Strike","Dagger Throw","Acrobatics","MostiFishMod:Dislodge+1","Acrobatics+1","Tactician+1","Choke","Prepared+1","Heel Hook+1","Dagger Throw","MostiFishMod:LethalBlade+1","Hidden Blade","Eviscerate","Madness","Madness","Hidden Blade+1","Escape Plan","Blade Dance+1","MostiFishMod:Neurotoxin+1","Endless Agony"],"relics":["Ring of the Snake","DaveBox","ChiXiaoBlade","aspiration:Nostalgia","Burning Blood","SynthV:TestCard","ReplayTheSpireMod:TigerMarble","Replay:Rubber Ducky","hubris:Reverence","WristBlade","Red Mask","Unceasing Top","Potion Belt","ReplayTheSpireMod:Shallot","RhineFirstAidKit","Replay:Baseball","hubris:Towel","hubris:FunFungus","hubris:GlazedTorus","Whetstone","hubris:Icosahedron","War Paint","ImprovedEquipment","Turnip"],"acts_visited":["Exordium","TheCity","TheBeyond","TheEnding"],"potions_floor_usage":[7,7,8,8,9,24,54,55,55],"damage_taken":[{"damage":5,"enemies":"Small Slimes","floor":1,"turns":6},{"damage":6,"enemies":"Jaw Worm","floor":2,"turns":7},{"damage":0,"enemies":"Cultist","floor":3,"turns":3},{"damage":12,"enemies":"Gremlin Nob","floor":7,"turns":6},{"damage":9,"enemies":"Large Slime","floor":8,"turns":8},{"damage":3,"enemies":"Exordium Thugs","floor":9,"turns":14},{"damage":9,"enemies":"Lagavulin","floor":10,"turns":9},{"damage":0,"enemies":"Exordium Thugs","floor":12,"turns":2},{"damage":0,"enemies":"Blue Slaver","floor":14,"turns":2},{"damage":13,"enemies":"The Guardian","floor":16,"turns":13},{"damage":0,"enemies":"Chosen","floor":18,"turns":2},{"damage":7,"enemies":"2 Thieves","floor":19,"turns":4},{"damage":0,"enemies":"Masked Bandits","floor":20,"turns":2},{"damage":0,"enemies":"Cultist and Chosen","floor":21,"turns":3},{"damage":4,"enemies":"Book of Stabbing","floor":24,"turns":4},{"damage":0,"enemies":"Gremlin Leader","floor":27,"turns":4},{"damage":0,"enemies":"Centurion and Healer","floor":28,"turns":4},{"damage":0,"enemies":"3 Cultists","floor":29,"turns":4},{"damage":0,"enemies":"Sentry and Sphere","floor":31,"turns":2},{"damage":17,"enemies":"Automaton","floor":33,"turns":7},{"damage":0,"enemies":"3 Shapes","floor":35,"turns":2},{"damage":0,"enemies":"3 Darklings","floor":36,"turns":3},{"damage":0,"enemies":"Spire Growth","floor":38,"turns":1},{"damage":0,"enemies":"Transient","floor":40,"turns":4},{"damage":0,"enemies":"Sphere and 2 Shapes","floor":43,"turns":5},{"damage":0,"enemies":"Giant Head","floor":44,"turns":2},{"damage":0,"enemies":"R_Hoarder","floor":47,"turns":4},{"damage":19,"enemies":"Awakened One","floor":50,"turns":4},{"damage":0,"enemies":"Shield and Spear","floor":54,"turns":2},{"damage":23,"enemies":"The Heart","floor":55,"turns":5}],"seed_played":"-8863684881129776942","potions_obtained":[{"floor":3,"key":"ColorlessPotion"},{"floor":8,"key":"Energy Potion"},{"floor":10,"key":"Weak Potion"},{"floor":19,"key":"ColorlessPotion"},{"floor":24,"key":"ColorlessPotion"},{"floor":27,"key":"SpeedPotion"},{"floor":36,"key":"EssenceOfSteel"},{"floor":54,"key":"BlessingOfTheForge"}],"is_trial":false,"path_per_floor":["M","M","M","?","?","R","E","M","MIM","E","R","M","?","M","R","B",null,"M","M","?","M","?","R","E","R","T","E","M","M","?","M","R","B",null,"M","M","$","M","?","M","R","?","MIM","E","R","?","E","$","R_BF","B",null,"R","$","E","B",null],"character_chosen":"THE_SILENT","items_purchased":["Replay:Baseball","ImprovedEquipment"],"campfire_rested":0,"item_purchase_floors":[37,48],"current_hp_per_floor":[60,60,66,66,66,66,60,57,60,58,58,66,66,66,66,59,64,66,65,66,66,48,48,50,50,50,56,62,68,68,71,71,60,68,71,71,71,71,58,64,64,64,70,71,71,71,71,71,71,58,68,68,68,71,71],"gold":11,"neow_bonus":"NOSTALGIA","is_daily":false,"chose_seed":false,"campfire_upgraded":8,"win_rate":0.0,"timestamp":1611203007,"path_taken":["M","M","M","?","?","R","E","?","MIM","E","R","M","?","M","R","BOSS","M","M","?","M","?","R","E","R","T","E","M","M","?","M","R","BOSS","M","M","$","M","?","M","R","?","MIM","E","R","?","E","$","R_BF","BOSS","R","$","E","BOSS"],"items_purchased_type":["Relic","Relic"],"build_version":"2020-12-22","purchased_purges":3,"victory":true,"max_hp_per_floor":[66,66,66,66,66,66,66,66,66,66,66,66,66,66,66,66,66,66,66,66,66,71,71,71,71,71,71,71,71,71,71,71,71,71,71,71,71,71,71,71,71,71,71,71,71,71,71,71,71,71,71,71,71,71,71],"card_choices":[{"not_picked":["Poisoned Stab","Cloak And Dagger"],"picked":"Deflect","floor":1},{"not_picked":["Finisher","Underhanded Strike","MostiFishMod:InvigoratingSolution","Choke"],"picked":"Hidden Blade","floor":2},{"not_picked":["Distraction","PiercingWail","Bouncing Flask","Quick Slash"],"picked":"Hidden Blade","floor":3},{"not_picked":["Slice","hubris:SlightOfHand","Footwork","Dagger Throw"],"picked":"Prepared","floor":7},{"not_picked":["Wraith Form v2","Hidden Blade","Flying Knee","Masterful Stab"],"picked":"Slice","floor":8},{"not_picked":["Catalyst","Dagger Throw","Sucker Punch","Flying Knee"],"picked":"Underhanded Strike","floor":9},{"not_picked":["Deadly Poison","Corpse Explosion","Malaise","Dodge and Roll"],"picked":"Underhanded Strike","floor":10},{"not_picked":["All Out Attack","Deadly Poison","Skewer","Concentrate"],"picked":"Dagger Throw","floor":12},{"not_picked":["Poisoned Stab","MostiFishMod:PoisonShield","Dodge and Roll","Quick Slash"],"picked":"Acrobatics","floor":14},{"not_picked":["aspiration:Lunge","Doppelganger","Unload","Adrenaline"],"picked":"MostiFishMod:Dislodge","floor":16},{"not_picked":["Dagger Spray","MostiFishMod:PoisonShield","Underhanded Strike","Setup"],"picked":"Acrobatics","floor":18},{"not_picked":["Quick Slash","PiercingWail","Deadly Poison","Flechettes"],"picked":"Tactician+1","floor":19},{"not_picked":["MostiFishMod:Confrontation","Cloak And Dagger","Deadly Poison","Quick Slash"],"picked":"Choke","floor":21},{"not_picked":["Leg Sweep","Outmaneuver","Sucker Punch","Noxious Fumes","Poisoned Stab"],"picked":"SKIP","floor":24},{"not_picked":["All Out Attack","Unload","Poisoned Stab","Dagger Throw"],"picked":"Prepared","floor":27},{"not_picked":["Choke","MostiFishMod:FrostNova","Deflect","Finisher"],"picked":"Heel Hook","floor":28},{"not_picked":["ReplayTheSpireMod:Tripwire","Toxin Wave","hubris:Counter","Masterful Stab","Flechettes"],"picked":"SKIP","floor":29},{"not_picked":["Cloak And Dagger","Hidden Blade","Skewer","Backflip"],"picked":"Dagger Throw","floor":31},{"not_picked":["Poison Darts","After Image","Envenom","MostiFishMod:GrandStart"],"picked":"MostiFishMod:LethalBlade","floor":33},{"not_picked":["Poisoned Stab","MostiFishMod:InvigoratingSolution+1","Dagger Spray+1","Bane+1","Backflip"],"picked":"SKIP","floor":35},{"not_picked":["Blade Dance","Dodge and Roll+1","Outmaneuver","Slice"],"picked":"Hidden Blade","floor":36},{"not_picked":["Deflect","Deadly Poison+1","Flying Knee","MostiFishMod:FrostNova"],"picked":"Eviscerate","floor":38},{"not_picked":["Outmaneuver","Acrobatics","Dodge and Roll+1","Dash"],"picked":"Hidden Blade+1","floor":40},{"not_picked":["Doppelganger","Flying Knee","ReplayTheSpireMod:Exploit Weakness","hubris:TrickCloak"],"picked":"Escape Plan","floor":43},{"not_picked":["Skewer+1","Sneak Up+1","MostiFishMod:Opportunism","Setup"],"picked":"Blade Dance","floor":44},{"not_picked":["Outmaneuver","Footwork","Terror","MostiFishMod:PerfectParry","Caltrops"],"picked":"SKIP","floor":47},{"not_picked":["MostiFishMod:PerfectParry","Dash","Choke","Riddle With Holes"],"picked":"Endless Agony","floor":54}],"player_experience":360564,"relics_obtained":[{"floor":1,"key":"SynthV:TestCard"},{"floor":7,"key":"ReplayTheSpireMod:TigerMarble"},{"floor":9,"key":"Replay:Rubber Ducky"},{"floor":10,"key":"hubris:Reverence"},{"floor":20,"key":"Red Mask"},{"floor":24,"key":"Unceasing Top"},{"floor":26,"key":"Potion Belt"},{"floor":27,"key":"ReplayTheSpireMod:Shallot"},{"floor":43,"key":"hubris:FunFungus"},{"floor":43,"key":"hubris:GlazedTorus"},{"floor":44,"key":"Whetstone"},{"floor":47,"key":"War Paint"},{"floor":54,"key":"Turnip"}],"event_choices":[{"cards_removed":["Strike_G"],"damage_healed":0,"gold_gain":0,"player_choice":"Purged","damage_taken":0,"max_hp_gain":0,"max_hp_loss":0,"event_name":"Purifier","floor":5,"gold_loss":0},{"damage_healed":0,"gold_gain":0,"player_choice":"Full Heal","damage_taken":0,"max_hp_gain":0,"max_hp_loss":0,"event_name":"Wheel of Change","floor":13,"gold_loss":0},{"damage_healed":0,"gold_gain":0,"player_choice":"Fought Bandits","damage_taken":0,"max_hp_gain":0,"max_hp_loss":0,"event_name":"Masked Bandits","floor":20,"gold_loss":0},{"damage_healed":0,"gold_gain":0,"player_choice":"Shed Blood","damage_taken":23,"max_hp_gain":5,"max_hp_loss":0,"event_name":"Forgotten Altar","floor":22,"gold_loss":0},{"damage_healed":0,"gold_gain":0,"player_choice":"Ignored","damage_taken":0,"max_hp_gain":0,"max_hp_loss":0,"event_name":"Ghosts","floor":30,"gold_loss":0},{"damage_healed":0,"gold_gain":0,"player_choice":"Embrace Madness","damage_taken":13,"max_hp_gain":0,"max_hp_loss":0,"event_name":"Winding Halls","floor":39,"gold_loss":0,"cards_obtained":["Madness","Madness"]}],"is_beta":false,"boss_relics":[{"not_picked":["Black Star","hubris:HollowSoul"],"picked":"WristBlade"},{"not_picked":["EE1DDrone","Runic Dome"],"picked":"RhineFirstAidKit"}],"items_purged_floors":[37,48,53],"is_endless":false,"potions_floor_spawned":[3,7,8,10,12,19,20,21,24,27,36,44,47,54],"ascension_level":19}}