{"host":"r53pw7z744tg3fxg","time":1611250899,"event":{"mods":["AchievementEnabler","BaseMod","Colored Map","Colored Powertips","Highlight Path","Minty Spire (QoL Compilation)","Quick Restart","Transform Curses"],"gold_per_floor":[116,33,50,50,50,83,83,111,159,171,181,209,219,233,233,310,310,322,322,322,5,17,17,43,43,68,96,112,27,27,27,27],"floor_reached":31,"language":"ENG","playtime":1030,"items_purged":[],"score":635,"play_id":"b1b41243-4956-45c0-9b68-5fe585853fc1","local_time":"20210121104139","is_ascension_mode":true,"campfire_choices":[{"floor":15.0,"key":"REST"},{"floor":23.0,"key":"REST"},{"floor":25.0,"key":"REST"}],"circlet_count":0,"master_deck":["AscendersBane","Strike_P","Strike_P","Strike_P","Strike_P","Defend_P","Defend_P","Defend_P","Defend_P","Eruption+1","Vigilance","BowlingBash","Wallop","DeceiveReality","CutThroughFate","Worship","Pray","ReachHeaven","Evaluate","TalkToTheHand","SpiritShield","FollowUp","RitualDagger","Writhe","Prostrate","Judgement"],"relics":["PureWater","NeowsBlessing","Pen Nib","Thread and Needle","Smiling Mask","CloakClasp","Busted Crown","Potion Belt","Mummified Hand","MealTicket","Regal Pillow","WingedGreaves","HornCleat"],"acts_visited":["Exordium","TheCity"],"potions_floor_usage":[27],"damage_taken":[{"damage":0.0,"enemies":"2 Louse","floor":1.0,"turns":1.0},{"damage":0.0,"enemies":"Jaw Worm","floor":3.0,"turns":1.0},{"damage":0.0,"enemies":"3 Sentries","floor":6.0,"turns":2.0},{"damage":24.0,"enemies":"Gremlin Nob","floor":8.0,"turns":5.0},{"damage":0.0,"enemies":"Cultist","floor":10.0,"turns":4.0},{"damage":0.0,"enemies":"Exordium Wildlife","floor":11.0,"turns":2.0},{"damage":6.0,"enemies":"3 Sentries","floor":12.0,"turns":5.0},{"damage":0.0,"enemies":"3 Louse","floor":13.0,"turns":3.0},{"damage":0.0,"enemies":"2 Fungi Beasts","floor":14.0,"turns":4.0},{"damage":6.0,"enemies":"Hexaghost","floor":16.0,"turns":6.0},{"damage":26.0,"enemies":"3 Byrds","floor":18.0,"turns":8.0},{"damage":0.0,"enemies":"2 Thieves","floor":22.0,"turns":4.0},{"damage":8.0,"enemies":"Book of Stabbing","floor":24.0,"turns":7.0},{"damage":47,"enemies":"Gremlin Leader","floor":27,"turns":8},{"damage":13,"enemies":"Snake Plant","floor":28,"turns":5}],"seed_played":"1404223412744979112","potions_obtained":[{"floor":6.0,"key":"Dexterity Potion"},{"floor":8.0,"key":"FearPotion"},{"floor":12.0,"key":"PowerPotion"},{"floor":18.0,"key":"SkillPotion"},{"floor":22.0,"key":"EssenceOfSteel"},{"floor":24.0,"key":"Energy Potion"},{"floor":28,"key":"Ancient Potion"}],"is_trial":false,"path_per_floor":["M","$","M","$","?","E","?","E","T","M","M","E","M","M","R","B",null,"M","?","?","$","M","R","E","R","T","E","M","?","$","?"],"character_chosen":"WATCHER","items_purchased":["Wallop","Mummified Hand","Prostrate"],"campfire_rested":3,"item_purchase_floors":[2,21,21],"current_hp_per_floor":[61,61,61,61,61,61,61,37,37,37,37,31,31,31,51,45,62,36,30,30,30,30,50,42,62,62,15,2,2,17,0,0],"gold":27,"neow_bonus":"THREE_ENEMY_KILL","is_daily":false,"chose_seed":false,"campfire_upgraded":0,"win_rate":0.0,"timestamp":1611250899,"path_taken":["M","$","M","$","?","E","?","E","T","M","M","E","M","M","R","BOSS","M","?","?","?","?","R","E","R","T","E","M","?","$","?"],"items_purchased_type":["Card","Relic","Card"],"build_version":"2020-12-22","purchased_purges":0,"victory":false,"max_hp_per_floor":[68,68,68,68,68,68,68,68,68,68,68,68,68,68,68,68,68,68,68,68,68,68,68,68,68,68,68,68,68,68,68,68],"card_choices":[{"not_picked":["Protect","PathToVictory"],"picked":"BowlingBash","floor":1.0},{"not_picked":["Protect","BowlingBash"],"picked":"DeceiveReality","floor":3.0},{"not_picked":["Nirvana","Alpha"],"picked":"CutThroughFate","floor":6.0},{"not_picked":["Vengeance","FlyingSleeves"],"picked":"Worship","floor":8.0},{"not_picked":["InnerPeace","CrushJoints"],"picked":"Pray","floor":10.0},{"not_picked":["EmptyFist","BowlingBash"],"picked":"ReachHeaven","floor":11.0},{"not_picked":["ReachHeaven","JustLucky","Fasting2"],"picked":"SKIP","floor":12.0},{"not_picked":["SashWhip","SandsOfTime"],"picked":"Evaluate","floor":13.0},{"not_picked":["MentalFortress","Halt"],"picked":"TalkToTheHand","floor":14.0},{"not_picked":["Ragnarok","LessonLearned"],"picked":"SpiritShield","floor":16.0},{"not_picked":[],"picked":"FollowUp","floor":18.0},{"not_picked":["Weave"],"picked":"SKIP","floor":22.0},{"not_picked":["FlyingSleeves"],"picked":"SKIP","floor":24.0},{"not_picked":[],"picked":"Judgement","floor":27},{"not_picked":["MentalFortress"],"picked":"SKIP","floor":28}],"player_experience":1328955,"relics_obtained":[{"floor":6.0,"key":"Pen Nib"},{"floor":8.0,"key":"Thread and Needle"},{"floor":9.0,"key":"Smiling Mask"},{"floor":12.0,"key":"CloakClasp"},{"floor":24.0,"key":"MealTicket"},{"floor":26.0,"key":"Regal Pillow"},{"floor":27,"key":"WingedGreaves"}],"event_choices":[{"damage_healed":0.0,"max_hp_gain":0.0,"max_hp_loss":0.0,"gold_gain":0.0,"event_name":"Golden Wing","player_choice":"Ignored","floor":5.0,"gold_loss":0.0,"damage_taken":0.0},{"damage_healed":0.0,"max_hp_gain":0.0,"max_hp_loss":0.0,"gold_gain":0.0,"event_name":"Living Wall","player_choice":"Grow","floor":7.0,"gold_loss":0.0,"damage_taken":0.0,"cards_upgraded":["Eruption"]},{"damage_healed":0.0,"max_hp_gain":0.0,"max_hp_loss":0.0,"gold_gain":0.0,"event_name":"Nest","player_choice":"Joined the Cult","floor":19.0,"gold_loss":0.0,"damage_taken":6.0,"cards_obtained":["RitualDagger"]},{"damage_healed":0.0,"max_hp_gain":0.0,"max_hp_loss":0.0,"gold_gain":0.0,"event_name":"The Mausoleum","player_choice":"Opened","floor":20.0,"gold_loss":0.0,"damage_taken":0.0,"relics_obtained":["Potion Belt"],"cards_obtained":["Writhe"]},{"damage_healed":0,"gold_gain":0,"player_choice":"Obtained Relic","damage_taken":0,"relics_obtained":["HornCleat"],"max_hp_gain":0,"max_hp_loss":0,"event_name":"Addict","floor":29,"gold_loss":85}],"is_beta":false,"boss_relics":[{"not_picked":["Black Star","Astrolabe"],"picked":"Busted Crown"}],"items_purged_floors":[],"is_endless":false,"potions_floor_spawned":[6,8,12,14,18,22,24,28],"ascension_level":17}}