{"host":"appz8zkad29u9482","time":1611187407,"event":{"mods":["2.2 Compatiblity","Act Like it!","Aspiration","BaseMod","Beaked The Cultist","Better Altar","Better Match","Better Note","Better Sensory Stone","Better Skull","Better Third Choice","BetterRewards","CapriCore","Chen","Conspire","Disable Question Mark Monsters","Energized Spire","Gensokyo","GifTheSpireLib","Gold Saver","Halation","Hermit","Hubris","Infinite Spire","Jedi Mod","Marisa????????","Minty Spire (QoL Compilation)","Permanent Neow","Reimu??????","Replay The Spire","Spicy Shops","StSLib","Strawberry Spire","Stuff the Spire","The Administrix","The Bug Knight","The Construct","The Cursed","The Hierophant","The Immortal","The Servant 0.9.4","yUi"],"gold_per_floor":[418,418,316,395,31,79,79,96,96,96,124,124,144,163,163,258,258,278,288,288,288,306,306,306],"floor_reached":23,"language":"ENG","playtime":884,"items_purged":["conspire:Blindness"],"score":210,"play_id":"5ffd29e5-7c5f-4faa-bdbc-e54ff5fa43e8","local_time":"20210120140327","is_ascension_mode":true,"campfire_choices":[{"data":"MachineGunSpark","floor":7,"key":"SMITH"},{"floor":12,"key":"REST"},{"floor":15,"key":"REST"}],"circlet_count":0,"master_deck":["Strike_MRS","Strike_MRS","Strike_MRS","Strike_MRS","Defend_MRS","Defend_MRS","Defend_MRS","Defend_MRS","MasterSpark+1","UpSweep","MachineGunSpark+1","WitchOfGreed","PowerUp+1","OrrerysSun","SporeBomb+1","Pain","IllusionStar+1","MilkyWay+1","MilkyWay+1","SatelliteIllusion","Robbery","IllusionStar+1","UltimateShortwave+1"],"relics":["MiniHakkero","infinitespire:Satchel","Toxic Egg 2","infinitespire:Bottled Soul","halation:OrihimeAndHikoboshiSamaAndTears","WarpedTongs","RedLine:ReiMu"],"acts_visited":["Exordium","TheCity"],"potions_floor_usage":[19,22,23,23],"damage_taken":[{"damage":0,"enemies":"2 Louse","floor":1,"turns":2},{"damage":14,"enemies":"Gremlin Nob","floor":6,"turns":3},{"damage":13,"enemies":"Small Slimes","floor":8,"turns":3},{"damage":1,"enemies":"Cultist","floor":11,"turns":3},{"damage":19,"enemies":"conspire:2 RoseBushes","floor":13,"turns":3},{"damage":14,"enemies":"Looter","floor":14,"turns":3},{"damage":8,"enemies":"The Guardian","floor":16,"turns":5},{"damage":7,"enemies":"Chosen","floor":18,"turns":3},{"damage":4,"enemies":"2 Thieves","floor":19,"turns":2},{"damage":8,"enemies":"Snake Plant","floor":22,"turns":3},{"damage":30,"enemies":"Book of Stabbing","floor":23,"turns":2}],"seed_played":"-4558287424543520444","potions_obtained":[{"floor":1,"key":"Weak Potion"},{"floor":6,"key":"Languid Potion"},{"floor":8,"key":"Fire Potion"},{"floor":22,"key":"BottledSpark"}],"is_trial":false,"path_per_floor":["M","?","$","?","$","E","R","M","T","?","M","R","M","M","R","B",null,"M","M","?","HB","M","E"],"character_chosen":"MARISA","items_purchased":["WitchOfGreed","infinitespire:Satchel","Toxic Egg 2","PowerUp+1"],"campfire_rested":2,"item_purchase_floors":[3,5,5,5],"current_hp_per_floor":[75,75,75,75,75,61,61,48,48,48,47,69,50,36,58,50,75,68,64,64,38,30,0,0],"gold":306,"neow_bonus":"TWO_FIFTY_GOLD","is_daily":false,"chose_seed":false,"campfire_upgraded":1,"win_rate":0.0,"timestamp":1611187407,"path_taken":["M","?","$","?","$","E","R","M","T","?","M","R","M","M","R","BOSS","M","M","?","HB","M","E"],"items_purchased_type":["Card","Relic","Relic","Card"],"build_version":"2020-12-22","purchased_purges":1,"victory":false,"max_hp_per_floor":[75,75,75,75,75,75,75,75,75,75,75,75,75,75,75,75,75,75,75,75,38,38,38,38],"card_choices":[{"not_picked":["LuminesStrike","GravityBeat"],"picked":"MachineGunSpark","floor":1},{"not_picked":["ManaConvection+1","ShootingEcho"],"picked":"OrrerysSun","floor":6},{"not_picked":["FairyDestructionRay","AlicesGift"],"picked":"SporeBomb+1","floor":8},{"not_picked":["AsteroidBelt+1","ShootingEcho"],"picked":"IllusionStar+1","floor":11},{"not_picked":["SporeBomb+1","6A"],"picked":"MilkyWay+1","floor":13},{"not_picked":["DeepEcoloBomb","DC"],"picked":"MilkyWay+1","floor":14},{"not_picked":["MaximisePower+1","BlazingStar"],"picked":"SatelliteIllusion","floor":16},{"not_picked":["WitchOfGreed","ShootingEcho"],"picked":"Robbery","floor":18},{"not_picked":["WitchLeyline","DoubleSpark"],"picked":"IllusionStar+1","floor":19},{"not_picked":["DoubleSpark","DC"],"picked":"UltimateShortwave+1","floor":22}],"player_experience":575137,"relics_obtained":[{"floor":6,"key":"infinitespire:Bottled Soul"},{"floor":9,"key":"halation:OrihimeAndHikoboshiSamaAndTears"}],"event_choices":[{"damage_healed":0,"gold_gain":0,"player_choice":"Grow","damage_taken":0,"max_hp_gain":0,"max_hp_loss":0,"event_name":"Living Wall","floor":2,"gold_loss":0,"cards_upgraded":["MasterSpark"]},{"damage_healed":0,"gold_gain":79,"player_choice":"Gained Gold","damage_taken":0,"max_hp_gain":0,"max_hp_loss":0,"event_name":"Golden Wing","floor":4,"gold_loss":0},{"damage_healed":0,"gold_gain":0,"player_choice":"Rummage","damage_taken":0,"relics_obtained":["WarpedTongs"],"max_hp_gain":0,"max_hp_loss":0,"event_name":"Accursed Blacksmith","floor":10,"gold_loss":0,"cards_obtained":["Pain"]},{"damage_healed":0,"gold_gain":0,"player_choice":"Ignored","damage_taken":0,"max_hp_gain":0,"max_hp_loss":0,"event_name":"N\u0027loth","floor":20,"gold_loss":0}],"is_beta":false,"boss_relics":[{"not_picked":["energizedSpire:OgreHead","aspiration:PoetsPen_weak"],"picked":"RedLine:ReiMu"}],"items_purged_floors":[3],"is_endless":false,"potions_floor_spawned":[1,8,13,18,22],"killed_by":"Book of Stabbing","ascension_level":2}}