{"host":"6a92uynocv4elkyp","time":1611246135,"event":{"mods":["AchievementEnabler","BaseMod","Hubris","Infinite Spire","Minty Spire (QoL Compilation)","Quick Restart","Replay The Spire","StSLib"],"gold_per_floor":[99,99,135,60,30,123,207,282,282,369,450,528,553,37,37,265,265,301,301,63,123,123,123],"floor_reached":22,"language":"ENG","playtime":895,"items_purged":["Pain","White Noise"],"score":652,"play_id":"4993f54a-7a58-493e-b1e0-b786edd7d2cf","local_time":"20210121172215","daily_mods":["SealedDeck","Heirloom","Flight","DeadlyEvents","Elite Swarm","Midas"],"is_ascension_mode":true,"campfire_choices":[{"floor":15,"key":"REST"}],"circlet_count":0,"master_deck":["AscendersBane","Coolheaded","Compile Driver","Cold Snap","Skim","Conserve Battery","Compile Driver","Static Discharge","Loop","Glacier","Gash","Ball Lightning","Buffer","Seek","Thunder Strike","Juggernaut","Machine Learning","Storm","hubris:SpecializedCircuitry","Loop","Panic Button","Voices","Self Repair","Sunder","BasicCrystalCard"],"relics":["replay:Trail_Library","Girya","Iron Core","WarpedTongs","Akabeko","Bag of Marbles","Prayer Wheel","hubris:CuriousFeather","Quantum Egg","hubris:CrystalStatue","Iron Hammer","infinitespire:Joker Card","Bag of Preparation","Anchor","Replay:Frozen Program","Replay:Bronze Core","Ring of Panic","Ring of Peace","DataDisk"],"acts_visited":["Exordium","TheCity"],"potions_floor_usage":[6,6,7,12,16],"damage_taken":[{"damage":4,"enemies":"Jaw Worm","floor":3,"turns":3},{"damage":19,"enemies":"3 Sentries","floor":6,"turns":5},{"damage":0,"enemies":"Gremlin Nob","floor":7,"turns":3},{"damage":18,"enemies":"Lagavulin","floor":8,"turns":5},{"damage":0,"enemies":"Gremlin Nob","floor":10,"turns":3},{"damage":18,"enemies":"3 Sentries","floor":11,"turns":5},{"damage":1,"enemies":"Gremlin Nob","floor":12,"turns":3},{"damage":0,"enemies":"The Guardian","floor":16,"turns":5},{"damage":0,"enemies":"Shell Parasite","floor":18,"turns":2},{"damage":0,"enemies":"2 Thieves","floor":21,"turns":2},{"damage":10,"enemies":"Slavers","floor":22,"turns":2}],"seed_played":"2072205787280557605","potions_obtained":[{"floor":5,"key":"EssenceOfDarkness"},{"floor":5,"key":"Doom Potion"},{"floor":6,"key":"SteroidPotion"},{"floor":11,"key":"Swift Potion"},{"floor":12,"key":"Swift Potion"},{"floor":18,"key":"Ancient Potion"}],"is_trial":true,"path_per_floor":["?","?","M","$","?","E","E","E","T","E","E","E","T","$","R","B",null,"M","?","$","M","E"],"character_chosen":"DEFECT","items_purchased":["Anchor","Storm","Replay:Frozen Program","Self Repair","DataDisk"],"campfire_rested":1,"item_purchase_floors":[14,14,14,20,20],"current_hp_per_floor":[64,64,60,60,60,41,41,23,23,23,5,4,4,4,25,25,60,60,60,60,60,50,50],"gold":123,"neow_bonus":"","is_daily":false,"chose_seed":false,"campfire_upgraded":0,"win_rate":0.0,"timestamp":1611246135,"path_taken":["?","?","?","$","?","E","E","E","T","E","E","?","?","$","R","BOSS","M","?","?","?","?"],"items_purchased_type":["Relic","Card","Relic","Card","Relic"],"build_version":"2020-12-22","purchased_purges":2,"victory":false,"max_hp_per_floor":[71,71,71,71,71,71,71,71,71,71,71,71,71,71,71,71,71,71,71,71,71,71,71],"card_choices":[{"not_picked":["Headbutt","Cold Snap"],"picked":"Ball Lightning","floor":3},{"not_picked":["Hyperbeam","Mirror Shield"],"picked":"Buffer","floor":6},{"not_picked":["Buffer","Hyperbeam"],"picked":"ReplayTheSpireMod:Fabricate Wheel","floor":7},{"not_picked":["Buffer","hubris:DoWhile"],"picked":"Seek","floor":8},{"not_picked":["ReplayRNGCard","Reboot"],"picked":"Thunder Strike","floor":10},{"not_picked":["Fission","All For One"],"picked":"Juggernaut","floor":11},{"not_picked":["Fission","Buffer"],"picked":"Machine Learning","floor":12},{"not_picked":["Amplify","hubris:Prefetch"],"picked":"hubris:SpecializedCircuitry","floor":16},{"not_picked":["Stack","Genetic Algorithm"],"picked":"Loop","floor":18},{"not_picked":["Lockon","Conserve Battery+1"],"picked":"Panic Button","floor":18},{"not_picked":["Beam Cell","ReplaySort"],"picked":"Sunder","floor":21},{"not_picked":["Recycle+1","Gash"],"picked":"BasicCrystalCard","floor":21}],"player_experience":136084,"relics_obtained":[{"floor":6,"key":"Akabeko"},{"floor":7,"key":"Bag of Marbles"},{"floor":8,"key":"hubris:CuriousFeather"},{"floor":9,"key":"Quantum Egg"},{"floor":10,"key":"hubris:CrystalStatue"},{"floor":11,"key":"Iron Hammer"},{"floor":12,"key":"infinitespire:Joker Card"},{"floor":13,"key":"Bag of Preparation"},{"floor":19,"key":"Ring of Panic"},{"floor":19,"key":"Ring of Peace"}],"event_choices":[{"damage_healed":0,"gold_gain":0,"player_choice":"Rummage","damage_taken":0,"relics_obtained":["WarpedTongs"],"max_hp_gain":0,"max_hp_loss":0,"event_name":"Accursed Blacksmith","floor":2,"gold_loss":0,"cards_obtained":["Pain"]},{"damage_healed":0,"gold_gain":0,"player_choice":"Bought 2 Potions","damage_taken":0,"max_hp_gain":0,"max_hp_loss":0,"event_name":"The Woman in Blue","floor":5,"gold_loss":0}],"is_beta":false,"boss_relics":[{"not_picked":["Abe\u0027s Treasure","Velvet Choker"],"picked":"Replay:Bronze Core"}],"items_purged_floors":[4,14],"is_endless":false,"potions_floor_spawned":[6,11,12,18],"killed_by":"Slavers","ascension_level":20}}