{"host":"r53pw7z744tg3fxg","time":1611252347,"event":{"mods":["AchievementEnabler","BaseMod","Colored Map","Colored Powertips","Highlight Path","Minty Spire (QoL Compilation)","Quick Restart","Transform Curses"],"gold_per_floor":[118,40,59,75,92,92,92,92,170,205,205,235,235,248,248,326,326,336,352,352,352],"floor_reached":20,"language":"ENG","playtime":1263,"items_purged":[],"score":340,"play_id":"42d15493-ff9b-4931-b27b-09321503e120","local_time":"20210121110547","is_ascension_mode":true,"campfire_choices":[{"floor":6.0,"key":"REST"},{"data":"Eruption","floor":8.0,"key":"SMITH"},{"floor":11.0,"key":"REST"},{"data":"DevaForm","floor":13.0,"key":"SMITH"},{"floor":15.0,"key":"REST"}],"circlet_count":0,"master_deck":["AscendersBane","Strike_P","Strike_P","Strike_P","Strike_P","Defend_P","Defend_P","Defend_P","Defend_P","Eruption+1","Vigilance","DevaForm+1","Wallop","FearNoEvil","InnerPeace","Consecrate","Prostrate","BowlingBash","Fasting2","Sanctity","Scrawl","Protect","Halt"],"relics":["PureWater","Matryoshka","Boot","Mango","VioletLotus"],"acts_visited":["Exordium","TheCity"],"potions_floor_usage":[],"damage_taken":[{"damage":6.0,"enemies":"Cultist","floor":1.0,"turns":4.0},{"damage":3.0,"enemies":"Small Slimes","floor":3.0,"turns":3.0},{"damage":6.0,"enemies":"Jaw Worm","floor":4.0,"turns":2.0},{"damage":12.0,"enemies":"Lots of Slimes","floor":5.0,"turns":2.0},{"damage":18.0,"enemies":"3 Sentries","floor":10.0,"turns":8.0},{"damage":13.0,"enemies":"Lagavulin","floor":12.0,"turns":6.0},{"damage":0.0,"enemies":"Exordium Thugs","floor":14.0,"turns":2.0},{"damage":39.0,"enemies":"The Guardian","floor":16.0,"turns":9.0},{"damage":34.0,"enemies":"3 Byrds","floor":18.0,"turns":5.0},{"damage":28.0,"enemies":"Shell Parasite","floor":19.0,"turns":8.0},{"damage":18,"enemies":"Chosen and Byrds","floor":20,"turns":3}],"seed_played":"-2529159139520494371","potions_obtained":[{"floor":1.0,"key":"LiquidMemories"},{"floor":4.0,"key":"SteroidPotion"},{"floor":12.0,"key":"ColorlessPotion"}],"is_trial":false,"path_per_floor":["M","$","M","M","M","R","?","R","T","E","R","E","R","M","R","B",null,"M","M","M"],"character_chosen":"WATCHER","items_purchased":["FearNoEvil"],"campfire_rested":3,"item_purchase_floors":[2],"current_hp_per_floor":[55,55,52,46,34,54,54,54,54,36,56,57,57,57,81,42,72,38,10,0,0],"gold":352,"neow_bonus":"ONE_RANDOM_RARE_CARD","is_daily":false,"chose_seed":false,"campfire_upgraded":2,"win_rate":0.0,"timestamp":1611252347,"path_taken":["M","$","M","M","M","R","?","R","T","E","R","E","R","M","R","BOSS","M","M","M"],"items_purchased_type":["Card"],"build_version":"2020-12-22","purchased_purges":0,"victory":false,"max_hp_per_floor":[68,68,68,68,68,68,68,68,68,68,68,82,82,82,82,82,82,82,82,82,82],"card_choices":[{"not_picked":["WindmillStrike","FollowUp"],"picked":"Wallop","floor":1.0},{"not_picked":["FlyingSleeves","SandsOfTime"],"picked":"InnerPeace","floor":3.0},{"not_picked":["Wallop","TalkToTheHand"],"picked":"Consecrate","floor":4.0},{"not_picked":["Adaptation","Consecrate"],"picked":"Prostrate","floor":5.0},{"not_picked":["Prostrate","ThirdEye"],"picked":"BowlingBash","floor":10.0},{"not_picked":["Protect","Prostrate"],"picked":"Fasting2","floor":12.0},{"not_picked":["CutThroughFate","SandsOfTime"],"picked":"Sanctity","floor":14.0},{"not_picked":["Blasphemy","DevaForm"],"picked":"Scrawl","floor":16.0},{"not_picked":["CrushJoints","MentalFortress"],"picked":"Protect","floor":18.0},{"not_picked":["ThirdEye","Protect"],"picked":"Halt","floor":19.0}],"player_experience":1328955,"relics_obtained":[{"floor":9.0,"key":"Matryoshka"},{"floor":10.0,"key":"Boot"},{"floor":12.0,"key":"Mango"}],"event_choices":[{"damage_healed":0.0,"max_hp_gain":0.0,"max_hp_loss":0.0,"gold_gain":0.0,"event_name":"Liars Game","player_choice":"Ignored","floor":7.0,"gold_loss":0.0,"damage_taken":0.0}],"is_beta":false,"boss_relics":[{"not_picked":["Velvet Choker","Sozu"],"picked":"VioletLotus"}],"items_purged_floors":[],"is_endless":false,"potions_floor_spawned":[1,4,12],"killed_by":"Chosen and Byrds","ascension_level":17}}