{"host":"r53pw7z744tg3fxg","time":1611257116,"event":{"mods":["AchievementEnabler","BaseMod","Colored Map","Colored Powertips","Highlight Path","Minty Spire (QoL Compilation)","Quick Restart","Transform Curses"],"gold_per_floor":[115,115,134,148,159,159,172,197,250,250,270,270,303,316,316,387,387,387,387],"floor_reached":18,"language":"ENG","playtime":699,"items_purged":[],"score":322,"play_id":"1addf715-9c1a-4fb5-be84-c01ded0631d8","local_time":"20210121122516","is_ascension_mode":true,"campfire_choices":[{"floor":6.0,"key":"REST"},{"floor":12.0,"key":"REST"},{"floor":15,"key":"REST"}],"circlet_count":0,"master_deck":["AscendersBane","Strike_P","Strike_P","Strike_P","Strike_P","Defend_P+1","Defend_P","Defend_P","Defend_P+1","Eruption","Vigilance","Writhe","TalkToTheHand","ForeignInfluence+1","EmptyBody","WheelKick","PathToVictory","CarveReality","Decay","Halt","Tantrum","ReachHeaven","LessonLearned"],"relics":["PureWater","Ice Cream","War Paint","StrikeDummy","Tiny Chest","Bag of Preparation","VioletLotus"],"acts_visited":["Exordium","TheCity"],"potions_floor_usage":[16,16],"damage_taken":[{"damage":0.0,"enemies":"Cultist","floor":1.0,"turns":2.0},{"damage":0.0,"enemies":"Small Slimes","floor":3.0,"turns":2.0},{"damage":4.0,"enemies":"Jaw Worm","floor":4.0,"turns":3.0},{"damage":1.0,"enemies":"Red Slaver","floor":5.0,"turns":3.0},{"damage":0.0,"enemies":"Blue Slaver","floor":7.0,"turns":5.0},{"damage":14.0,"enemies":"3 Sentries","floor":8.0,"turns":7.0},{"damage":5.0,"enemies":"2 Fungi Beasts","floor":11.0,"turns":3.0},{"damage":21.0,"enemies":"Gremlin Nob","floor":13.0,"turns":3.0},{"damage":0.0,"enemies":"3 Louse","floor":14.0,"turns":2.0},{"damage":2,"enemies":"Slime Boss","floor":16,"turns":6},{"damage":64,"enemies":"3 Byrds","floor":18,"turns":7}],"seed_played":"6984189218542412348","potions_obtained":[{"floor":4.0,"key":"FearPotion"},{"floor":7.0,"key":"Strength Potion"},{"floor":11.0,"key":"DuplicationPotion"},{"floor":13.0,"key":"PowerPotion"},{"floor":14,"key":"Explosive Potion"}],"is_trial":false,"path_per_floor":["M","?","M","M","M","R","M","E","T","?","M","R","E","M","R","B",null,"M"],"character_chosen":"WATCHER","items_purchased":[],"campfire_rested":3,"item_purchase_floors":[],"current_hp_per_floor":[61,35,35,31,30,50,50,36,36,36,31,51,30,30,50,48,63,0,0],"gold":387,"neow_bonus":"ONE_RARE_RELIC","is_daily":false,"chose_seed":false,"campfire_upgraded":0,"win_rate":0.0,"timestamp":1611257116,"path_taken":["M","?","M","M","M","R","M","E","T","?","?","R","E","M","R","BOSS","M"],"items_purchased_type":[],"build_version":"2020-12-22","purchased_purges":0,"victory":false,"max_hp_per_floor":[68,68,68,68,68,68,68,68,68,68,68,68,68,68,68,68,68,68,68],"card_choices":[{"not_picked":["FollowUp","FlyingSleeves"],"picked":"TalkToTheHand","floor":1.0},{"not_picked":["Halt","EmptyBody"],"picked":"ForeignInfluence","floor":3.0},{"not_picked":["CutThroughFate","Worship"],"picked":"EmptyBody","floor":4.0},{"not_picked":["WaveOfTheHand","Protect"],"picked":"WheelKick","floor":5.0},{"not_picked":["LikeWater","Protect"],"picked":"PathToVictory","floor":7.0},{"not_picked":["LikeWater","WheelKick"],"picked":"CarveReality","floor":8.0},{"not_picked":["Adaptation","FlyingSleeves"],"picked":"Halt","floor":11.0},{"not_picked":["Halt","Omniscience"],"picked":"Tantrum","floor":13.0},{"not_picked":["Worship","Wireheading"],"picked":"ReachHeaven","floor":14},{"not_picked":["SpiritShield","Omniscience"],"picked":"LessonLearned","floor":16}],"player_experience":1334014,"relics_obtained":[{"floor":8.0,"key":"StrikeDummy"},{"floor":9.0,"key":"Tiny Chest"},{"floor":13.0,"key":"Bag of Preparation"}],"event_choices":[{"damage_healed":0.0,"max_hp_gain":0.0,"max_hp_loss":0.0,"gold_gain":0.0,"event_name":"Scrap Ooze","player_choice":"Success","floor":2.0,"gold_loss":0.0,"damage_taken":26.0,"relics_obtained":["War Paint"]},{"damage_healed":0.0,"max_hp_gain":0.0,"max_hp_loss":0.0,"gold_gain":0.0,"event_name":"Wheel of Change","player_choice":"Cursed","floor":10.0,"gold_loss":0.0,"damage_taken":0.0,"cards_obtained":["Decay"]}],"is_beta":false,"boss_relics":[{"not_picked":["Pandora\u0027s Box","Astrolabe"],"picked":"VioletLotus"}],"items_purged_floors":[],"is_endless":false,"potions_floor_spawned":[4,7,11,13,14],"killed_by":"3 Byrds","ascension_level":17}}