{"host":"xp5rvh2jwe2ejyfm","time":1611252459,"event":{"mods":["BaseMod","Downfall","Duelist Mod","GifTheSpireLib","Gremlin Mod","Hermit","Hubris","Minty Spire (QoL Compilation)","Robot Space Explorer","StSLib","The Blackbeard","The Clintock","The Construct","The Cursed","The Disciple","The Forsaken","The Hierophant","The Necromancer","The Runesmith","The Servant 0.9.4"],"gold_per_floor":[145,160,171,184,184,184,184,184],"floor_reached":7,"language":"ENG","playtime":318,"items_purged":[],"score":43,"play_id":"54168424-3481-473f-93cd-41c63eb7dda7","local_time":"20210121130739","is_ascension_mode":false,"campfire_choices":[{"floor":6,"key":"REST"}],"circlet_count":0,"master_deck":["theDuelist:BeaverWarrior","theDuelist:BeaverWarrior","theDuelist:CastleWalls","theDuelist:CastleWalls","theDuelist:FinalFlame","theDuelist:GiantSoldier","theDuelist:GiantSoldier","theDuelist:ScrapFactory","theDuelist:Sparks","theDuelist:Sparks","theDuelist:KamionTimelord","theDuelist:RadiantMirrorForce","theDuelist:SpellShatteringArrow","theDuelist:PurplePainOni"],"relics":["theDuelist:MillenniumPuzzle","theDuelist:CardPoolRelic","theDuelist:CardPoolBasicRelic","theDuelist:BoosterPackPoolRelic","theDuelist:CardPoolAddRelic","theDuelist:CardPoolMinusRelic","theDuelist:CardPoolSaveRelic","theDuelist:CardPoolOptionsRelic","NeowsBlessing"],"acts_visited":["Exordium"],"potions_floor_usage":[7],"damage_taken":[{"damage":0,"enemies":"2 Louse","floor":1,"turns":1},{"damage":0,"enemies":"Cultist","floor":2,"turns":1},{"damage":0,"enemies":"Jaw Worm","floor":3,"turns":1},{"damage":14,"enemies":"Red Slaver","floor":4,"turns":5},{"damage":89,"enemies":"Gremlin Nob","floor":7,"turns":6}],"seed_played":"-8473666877999341515","potions_obtained":[{"floor":1,"key":"theDuelist:CoolBottle"},{"floor":4,"key":"BlessingOfTheForge"}],"is_trial":false,"path_per_floor":["M","M","M","M","?","R","E"],"character_chosen":"THE_DUELIST","items_purchased":[],"campfire_rested":1,"item_purchase_floors":[],"current_hp_per_floor":[80,80,80,66,66,80,0,0],"gold":184,"neow_bonus":"THREE_ENEMY_KILL","is_daily":false,"chose_seed":false,"campfire_upgraded":0,"win_rate":0.0,"timestamp":1611252459,"path_taken":["M","M","M","M","?","R","E"],"items_purchased_type":[],"build_version":"2020-12-22","purchased_purges":0,"victory":false,"max_hp_per_floor":[80,80,80,80,80,80,80,80],"card_choices":[{"not_picked":["theDuelist:YamiForm","theDuelist:SwordsConcealing","theDuelist:SevenCompleted","theDuelist:LightLaser"],"picked":"theDuelist:KamionTimelord","floor":1},{"not_picked":["theDuelist:EarthquakeGiant","theDuelist:DarkHole","theDuelist:DarkCreator","theDuelist:RedMedicine"],"picked":"theDuelist:RadiantMirrorForce","floor":2},{"not_picked":["theDuelist:CoreBlaster","theDuelist:FairyBox","theDuelist:WormApocalypse","theDuelist:AfterGenocide"],"picked":"theDuelist:SpellShatteringArrow","floor":3},{"not_picked":["theDuelist:DarklordSuperbia","theDuelist:PowerWall","theDuelist:Wiseman","theDuelist:ShardGreed"],"picked":"theDuelist:PurplePainOni","floor":4}],"player_experience":297825,"relics_obtained":[],"event_choices":[{"damage_healed":0,"gold_gain":0,"player_choice":"Leave","duelist":true,"damage_taken":0,"max_hp_gain":0,"max_hp_loss":0,"event_name":"Card Trader","floor":5,"gold_loss":0}],"is_beta":false,"boss_relics":[],"items_purged_floors":[],"is_endless":false,"potions_floor_spawned":[1,4],"killed_by":"Gremlin Nob","ascension_level":0}}