{"host":"cvi30shpqg1ukvbr","time":1611241953,"event":{"mods":["Act Like it!","BaseMod","Better Altar","Better Match","Better Note","Better Sensory Stone","Better Skull","Better Third Choice","Conspire","GifTheSpireLib","Hubris","Infinite Spire","Minty Spire (QoL Compilation)","Relic Stats","Replay The Spire","Shop Mod","Spicy Shops","StSLib","Stuff the Spire"],"gold_per_floor":[113,128,142,152,167,197,197,210,235,3,3,31,47,60,60,165,165,178,196,11,27,27,27,27,53,78,78,278,288,288,298,298,402,402,422,422,422],"floor_reached":36,"language":"ENG","playtime":1324,"items_purged":["Strike_R"],"score":600,"play_id":"d3dfbf14-3546-417f-b234-76b77260da75","local_time":"20210122001233","is_ascension_mode":true,"campfire_choices":[{"floor":7,"key":"REST"},{"floor":15,"key":"REST"},{"floor":23,"key":"REST"},{"data":"Armaments","floor":27,"key":"SMITH"},{"floor":30,"key":"REST"},{"floor":32,"key":"REST"}],"circlet_count":0,"master_deck":["Strike_R","Strike_R","Strike_R","Strike_R","Defend_R","Defend_R","Defend_R","Defend_R","Bash","hubris:SharpeningStone","StuffTheSpire:Incineration","Blood for Blood","Thunderclap","Pommel Strike","Pot Of Greed","Pot Of Greed","Pommel Strike","Spot Weakness","Decay","Limit Break","Armaments+1","Abandon","Impervious","Decay","hubris:Despair","Pot Of Greed","Overencumbered","hubris:ReadiedAction+1","Headbutt","Feel No Pain","Uppercut","Double Tap+1","Spot Weakness+1","Twin Strike","StuffTheSpire:Pyroclast","Feed","Headbutt"],"relics":["conspire:RoyalGoblet","Grinning Jar","Strawberry","Regal Pillow","infinitespire:Broken Mirror","Replay:Ancient Bell","Nunchaku","Matryoshka","hubris:GlazedTorus","StuffTheSpire:Nightcore","Bag of Marbles","SlaversCollar","Tiny Chest","hubris:ChampionShield","StuffTheSpire:RunicConfusion"],"acts_visited":["Exordium","TheCity","TheBeyond"],"potions_floor_usage":[13,16],"damage_taken":[{"damage":3,"enemies":"conspire:RoseBush","floor":1,"turns":3},{"damage":0,"enemies":"Cultist","floor":2,"turns":4},{"damage":11,"enemies":"Jaw Worm","floor":3,"turns":2},{"damage":11,"enemies":"Blue Slaver","floor":4,"turns":4},{"damage":3,"enemies":"Lots of Slimes","floor":5,"turns":3},{"damage":31,"enemies":"Lagavulin","floor":6,"turns":6},{"damage":14,"enemies":"conspire:2 RoseBushes","floor":8,"turns":3},{"damage":8,"enemies":"Gremlin Nob","floor":12,"turns":3},{"damage":16,"enemies":"Exordium Wildlife","floor":13,"turns":4},{"damage":10,"enemies":"Looter","floor":14,"turns":3},{"damage":43,"enemies":"Hexaghost","floor":16,"turns":8},{"damage":19,"enemies":"Chosen","floor":18,"turns":4},{"damage":12,"enemies":"Shell Parasite","floor":19,"turns":4},{"damage":17,"enemies":"Centurion and Healer","floor":21,"turns":6},{"damage":32,"enemies":"Book of Stabbing","floor":25,"turns":4},{"damage":26,"enemies":"Snake Plant","floor":29,"turns":3},{"damage":14,"enemies":"conspire:HollyBat","floor":31,"turns":8},{"damage":71,"enemies":"Pondfish","floor":33,"turns":7},{"damage":22,"enemies":"3 Darklings","floor":35,"turns":3},{"damage":65,"enemies":"3 Shapes","floor":36,"turns":3}],"seed_played":"2418140270222547562","potions_obtained":[{"floor":2,"key":"Energy Potion"},{"floor":3,"key":"SpeedPotion"},{"floor":5,"key":"Explosive Potion"},{"floor":12,"key":"CultistPotion"},{"floor":14,"key":"BloodPotion"},{"floor":18,"key":"EssenceOfSteel"}],"is_trial":false,"path_per_floor":["M","M","M","M","M","E","R","M","T","$","?","E","M","M","R","B",null,"M","M","$","M","AVR","R","?","E","T","R","?","M","R","M","R","B",null,"M","M"],"character_chosen":"IRONCLAD","items_purchased":["Regal Pillow","Feel No Pain","StuffTheSpire:Nightcore"],"campfire_rested":5,"item_purchase_floors":[10,20,20],"current_hp_per_floor":[77,77,66,55,52,21,45,31,38,38,38,30,14,4,45,2,87,68,56,56,39,39,80,80,48,48,48,48,22,63,49,87,16,87,65,0,0],"gold":422,"neow_bonus":"BOSS_RELIC","is_daily":false,"chose_seed":false,"campfire_upgraded":1,"win_rate":0.0,"timestamp":1611241953,"path_taken":["M","M","M","M","M","E","R","M","T","$","?","E","M","?","R","BOSS","M","M","$","M","AVR","R","?","E","T","R","?","M","R","?","R","BOSS","M","M"],"items_purchased_type":["Relic","Card","Relic"],"build_version":"2020-12-22","purchased_purges":1,"victory":false,"max_hp_per_floor":[80,80,80,80,80,80,80,80,87,87,87,87,87,87,87,87,87,87,87,87,87,87,87,87,87,87,87,87,87,87,87,87,87,87,87,87,87],"relic_stats":{"Regal Pillow":57,"Nunchaku":[6],"counters":[20,85],"Tiny Chest":0,"obtain_stats":[{"Regal Pillow":10,"conspire:RoyalGoblet":0,"Replay:Ancient Bell":17,"Burning Blood":0,"SlaversCollar":22,"StuffTheSpire:RunicConfusion":34,"Nunchaku":17,"Matryoshka":17,"infinitespire:Broken Mirror":12,"Strawberry":9,"Tiny Chest":25,"Bag of Marbles":22,"StuffTheSpire:Nightcore":20,"Grinning Jar":6,"hubris:ChampionShield":26,"hubris:GlazedTorus":17},{"Regal Pillow":7,"conspire:RoyalGoblet":0,"Replay:Ancient Bell":11,"Burning Blood":0,"SlaversCollar":14,"StuffTheSpire:RunicConfusion":18,"Nunchaku":11,"Matryoshka":11,"infinitespire:Broken Mirror":8,"Strawberry":7,"Tiny Chest":15,"Bag of Marbles":14,"StuffTheSpire:Nightcore":13,"Grinning Jar":6,"hubris:ChampionShield":15,"hubris:GlazedTorus":11},{"Regal Pillow":25,"conspire:RoyalGoblet":0,"Replay:Ancient Bell":43,"Burning Blood":0,"SlaversCollar":57,"StuffTheSpire:RunicConfusion":79,"Nunchaku":43,"Matryoshka":43,"infinitespire:Broken Mirror":28,"Strawberry":25,"Tiny Chest":61,"Bag of Marbles":57,"StuffTheSpire:Nightcore":51,"Grinning Jar":22,"hubris:ChampionShield":61,"hubris:GlazedTorus":43}]},"card_choices":[{"not_picked":["Run Through","Replay:Undeath\u0027s Touch"],"picked":"hubris:SharpeningStone","floor":1},{"not_picked":["Defy Death","Warcry"],"picked":"StuffTheSpire:Incineration","floor":2},{"not_picked":["Shrug It Off","Searing Blow"],"picked":"Blood for Blood","floor":3},{"not_picked":["Body Slam","Massacre"],"picked":"Thunderclap","floor":4},{"not_picked":["StuffTheSpire:TitanForm","Armaments"],"picked":"Pommel Strike","floor":5},{"not_picked":["Havoc","Pummel"],"picked":"Pommel Strike","floor":6},{"not_picked":["Twin Strike","Sentinel"],"picked":"Spot Weakness","floor":8},{"not_picked":["Headbutt","Armaments"],"picked":"Limit Break","floor":12},{"not_picked":["True Grit","Run Through"],"picked":"Armaments","floor":13},{"not_picked":["Clash","conspire:Purge"],"picked":"Abandon","floor":14},{"not_picked":["Fiend Fire","Hemogenesis"],"picked":"Impervious","floor":16},{"not_picked":["hubris:Envy","Shame"],"picked":"Decay","floor":17},{"not_picked":["ReplayTheSpireMod:Restless Dread","Regret"],"picked":"hubris:Despair","floor":17},{"not_picked":["hubris:Lust","hubris:Greed"],"picked":"Overencumbered","floor":17},{"not_picked":["Clothesline","ReplayTheSpireMod:Strike From Hell"],"picked":"hubris:ReadiedAction+1","floor":18},{"not_picked":["Run Through+1","hubris:StunningStrike"],"picked":"Headbutt","floor":19},{"not_picked":["ReplayTheSpireMod:Strike From Hell+1","Reckless Charge+1"],"picked":"Uppercut","floor":21},{"not_picked":["Perfected Strike","StuffTheSpire:Slingshot"],"picked":"Spot Weakness+1","floor":25},{"not_picked":["StuffTheSpire:Slingshot","Combust"],"picked":"Twin Strike","floor":29},{"not_picked":["Defy Death","Run Through"],"picked":"StuffTheSpire:Pyroclast","floor":31},{"not_picked":["conspire:Purge","StuffTheSpire:TitanForm"],"picked":"Feed","floor":33},{"not_picked":["StuffTheSpire:Incineration","Havoc+1"],"picked":"Headbutt","floor":35}],"player_experience":1815660,"relics_obtained":[{"floor":6,"key":"Grinning Jar"},{"floor":9,"key":"Strawberry"},{"floor":12,"key":"infinitespire:Broken Mirror"},{"floor":25,"key":"Tiny Chest"},{"floor":26,"key":"hubris:ChampionShield"}],"event_choices":[{"damage_healed":0,"gold_gain":0,"player_choice":"Cursed","damage_taken":0,"max_hp_gain":0,"max_hp_loss":0,"event_name":"Wheel of Change","floor":11,"gold_loss":0,"cards_obtained":["Decay"]},{"cards_removed":["Limit Break"],"damage_healed":0,"gold_gain":0,"player_choice":"Take \u0026 Give","damage_taken":0,"max_hp_gain":0,"max_hp_loss":0,"event_name":"betterNote:BetterNote","floor":24,"gold_loss":0,"cards_obtained":["Double Tap"]},{"damage_healed":0,"gold_gain":200,"player_choice":"Gold","damage_taken":0,"max_hp_gain":0,"max_hp_loss":0,"event_name":"Wheel of Change","floor":28,"gold_loss":0}],"is_beta":false,"boss_relics":[{"not_picked":["hubris:BlackHole","conspire:SlowCooker"],"picked":"Replay:Ancient Bell"},{"not_picked":["conspire:TopHat","Replay:Rubber Ducky"],"picked":"Nunchaku"},{"not_picked":["hubris:TinFlute","Mercury Hourglass"],"picked":"Matryoshka"},{"not_picked":["hubris:FunFungus","Replay:Towering Pillar of Hats"],"picked":"hubris:GlazedTorus"},{"not_picked":["conspire:RunicOctahedron","Busted Crown"],"picked":"StuffTheSpire:RunicConfusion"}],"items_purged_floors":[10],"is_endless":false,"potions_floor_spawned":[2,3,5,8,12,14,18,19,29],"killed_by":"3 Shapes","ascension_level":1}}