{"host":"ul0c1243uydmw2e7","time":1611238902,"event":{"mods":["BaseMod","Better Match","Better Silent Start","Better Third Choice","Better Vampires","BetterRewards","Block Reminder","Emptier Cage","Energized Spire","Minty Spire (QoL Compilation)","Replay The Spire","Shop Mod","StSLib","The Dragon Tamer","Virulent Crown"],"gold_per_floor":[132,163,163,201,201,201,201,241,241,278,313,363,363,415,415,524,524,554,554,644,694,737,737,793,149,195,195,232,267,321,262,262,431,431,467,501,179,179,279,279,364,364,364,446,484,591,651,307,307,397,407,407],"floor_reached":51,"language":"ENG","playtime":2972,"items_purged":["Strike_B","Strike_B","Strike_B","Defend_B","Defend_B"],"score":2025,"play_id":"12b31927-96e7-443b-b546-ba49b27caeae","local_time":"20210121092142","is_ascension_mode":true,"campfire_choices":[{"data":"Defragment","floor":6.0,"key":"SMITH"},{"data":"Coolheaded","floor":15.0,"key":"SMITH"},{"floor":23.0,"key":"REST"},{"data":"Loop","floor":27.0,"key":"SMITH"},{"floor":32.0,"key":"REST"},{"floor":40,"key":"RECALL"},{"data":"Barrage","floor":42,"key":"SMITH"},{"data":"Dualcast","floor":49,"key":"SMITH"}],"circlet_count":0,"master_deck":["AscendersBane","Defend_B","Defend_B+1","Dualcast+1","Capacitor+1","Defragment+1","Compile Driver+1","Coolheaded+1","Cold Snap","Ball Lightning","BootSequence","Loop+1","Electrodynamics+1","Self Repair","Hologram+1","Self Repair","Amplify+1","Barrage+1","Stack+1","Creative AI+1"],"relics":["FrozenCore","Replay:Bandana","Golden Egg","Matryoshka","Snecko Heart","Enchiridion","Pen Nib","Regal Pillow","ClockworkSouvenir","Bag of Marbles","Bottled Flame","Solar Panel","Centennial Puzzle","Replay:Grab Bag","Sozu","Painkiller Herb","War Paint","Pondfish Scales","ReplayTheSpireMod:TigerMarble","Replay:Baseball","DataDisk"],"acts_visited":["Exordium","TheCity","TheBeyond"],"potions_floor_usage":[],"damage_taken":[{"damage":1.0,"enemies":"Cultist","floor":1.0,"turns":3.0},{"damage":0.0,"enemies":"2 Louse","floor":2.0,"turns":2.0},{"damage":6.0,"enemies":"Small Slimes","floor":4.0,"turns":3.0},{"damage":11.0,"enemies":"Exordium Wildlife","floor":8.0,"turns":9.0},{"damage":8.0,"enemies":"Looter","floor":10.0,"turns":3.0},{"damage":1.0,"enemies":"3 Louse","floor":11.0,"turns":4.0},{"damage":16.0,"enemies":"3 Sentries","floor":12.0,"turns":9.0},{"damage":3.0,"enemies":"Gremlin Gang","floor":14.0,"turns":5.0},{"damage":17.0,"enemies":"Hexaghost","floor":16.0,"turns":9.0},{"damage":0.0,"enemies":"Chosen","floor":18.0,"turns":3.0},{"damage":7.0,"enemies":"Shell Parasite","floor":21.0,"turns":4.0},{"damage":13.0,"enemies":"Centurion and Healer","floor":22.0,"turns":5.0},{"damage":0.0,"enemies":"Gremlin Leader","floor":24.0,"turns":4.0},{"damage":22.0,"enemies":"Slavers","floor":28.0,"turns":3.0},{"damage":17.0,"enemies":"Snake Plant","floor":29.0,"turns":4.0},{"damage":59,"enemies":"Champ","floor":33,"turns":14},{"damage":15,"enemies":"3 Darklings","floor":35,"turns":3},{"damage":0,"enemies":"3 Shapes","floor":36,"turns":5},{"damage":0,"enemies":"Mind Bloom Boss Battle","floor":39,"turns":7},{"damage":0,"enemies":"Giant Head","floor":41,"turns":9},{"damage":18,"enemies":"Nemesis","floor":44,"turns":9},{"damage":13,"enemies":"Jaw Worm Horde","floor":45,"turns":2},{"damage":2,"enemies":"Transient","floor":46,"turns":6},{"damage":0,"enemies":"R_Hoarder","floor":47,"turns":10},{"damage":51,"enemies":"Time Eater","floor":50,"turns":10},{"damage":44,"enemies":"Awakened One","floor":51,"turns":3}],"seed_played":"4278765604233061168","potions_obtained":[{"floor":1.0,"key":"FearPotion"},{"floor":10.0,"key":"BlessingOfTheForge"},{"floor":16.0,"key":"FocusPotion"},{"floor":18.0,"key":"DuplicationPotion"}],"is_trial":false,"path_per_floor":["M","M","?","M","?","R","?","M","T","M","M","E","?","M","R","B",null,"M","?","?","M","M","R","E","$","T","R","E","M","T","$","R","B",null,"?","?","T","?","?","T","E","T","T","E","?","?","E","T","T","B","B"],"character_chosen":"DEFECT","items_purchased":["Capacitor","Defragment","Replay:Bandana","Compile Driver+1","Amplify","Regal Pillow","ClockworkSouvenir","Stack","War Paint","DataDisk"],"campfire_rested":2,"item_purchase_floors":[0,0,0,0,25,25,25,31,37,48],"current_hp_per_floor":[63,63,68,62,62,62,62,51,51,43,42,26,26,23,23,6,59,59,38,8,15,9,31,38,38,38,38,23,37,37,37,74,38,67,74,76,76,76,76,76,76,76,76,74,65,76,76,76,76,39,0,0],"gold":407,"neow_bonus":"","is_daily":false,"chose_seed":false,"campfire_upgraded":5,"win_rate":0.0,"timestamp":1611238902,"path_taken":["M","M","?","M","?","R","?","?","T","M","M","E","?","M","R","BOSS","M","?","?","M","M","R","E","$","T","R","E","?","?","$","R","BOSS","?","?","T","?","?","T","E","T","T","E","?","?","E","?","T","BOSS","BOSS"],"items_purchased_type":["Card","Card","Relic","Card","Card","Relic","Relic","Card","Relic","Relic"],"build_version":"2020-12-22","purchased_purges":5,"victory":false,"max_hp_per_floor":[71,71,76,76,76,76,76,76,76,76,76,76,76,76,76,76,76,76,76,76,76,76,76,76,76,76,76,76,76,76,76,76,76,76,76,76,76,76,76,76,76,76,76,76,76,76,76,76,76,76,76,76],"card_choices":[{"not_picked":["FTL","Gash"],"picked":"Coolheaded","floor":1.0},{"not_picked":["Blizzard","Sweeping Beam"],"picked":"Cold Snap","floor":2.0},{"not_picked":["Redo","Compile Driver","Conserve Battery"],"picked":"SKIP","floor":4.0},{"not_picked":["Stack","Cold Snap","Coolheaded"],"picked":"SKIP","floor":8.0},{"not_picked":["Streamline","Barrage"],"picked":"Ball Lightning","floor":10.0},{"not_picked":["Beam Cell","Gash"],"picked":"BootSequence","floor":11.0},{"not_picked":["Force Field","Storm"],"picked":"Loop","floor":12.0},{"not_picked":["Reinforced Body","Coolheaded"],"picked":"Electrodynamics","floor":14.0},{"not_picked":["Darkness","Gash","Sunder"],"picked":"SKIP","floor":18.0},{"not_picked":["Panic Button+1","Redo"],"picked":"Self Repair","floor":20.0},{"not_picked":["ReplaySolidLightProjector","Gash","Conserve Battery"],"picked":"SKIP","floor":21.0},{"not_picked":["Conserve Battery","Ball Lightning"],"picked":"Hologram","floor":22.0},{"not_picked":["Steam","Chaos"],"picked":"Self Repair","floor":24.0},{"not_picked":["Redo","Conserve Battery","Fusion"],"picked":"SKIP","floor":28.0},{"not_picked":["Fusion","Self Repair"],"picked":"Barrage","floor":29.0},{"not_picked":["Electrodynamics","Reboot"],"picked":"Creative AI","floor":33},{"not_picked":["Self Repair","Reprogram","Rebound"],"picked":"SKIP","floor":35},{"not_picked":["Beam Cell+1","Steam","Coolheaded"],"picked":"SKIP","floor":36},{"not_picked":["Compile Driver","Panic Button","Multi-Cast"],"picked":"SKIP","floor":41},{"not_picked":["Steam Power","Steam","Barrage"],"picked":"SKIP","floor":44},{"not_picked":["Turbo","Compile Driver","Go for the Eyes"],"picked":"SKIP","floor":45},{"not_picked":["Streamline+1","Doom and Gloom","ReplayTheSpireMod:Repulse"],"picked":"SKIP","floor":46},{"not_picked":["Aggregate+1","Steam","Hologram"],"picked":"SKIP","floor":47}],"player_experience":333338,"relics_obtained":[{"floor":9.0,"key":"Golden Egg"},{"floor":12.0,"key":"Matryoshka"},{"floor":19.0,"key":"Enchiridion"},{"floor":24.0,"key":"Pen Nib"},{"floor":26.0,"key":"Bag of Marbles"},{"floor":26.0,"key":"Bottled Flame"},{"floor":28.0,"key":"Solar Panel"},{"floor":30.0,"key":"Centennial Puzzle"},{"floor":39,"key":"Pondfish Scales"},{"floor":41,"key":"ReplayTheSpireMod:TigerMarble"},{"floor":47,"key":"Replay:Baseball"}],"event_choices":[{"damage_healed":0.0,"max_hp_gain":5.0,"max_hp_loss":0.0,"gold_gain":0.0,"event_name":"Big Fish","player_choice":"Donut","floor":3.0,"gold_loss":0.0,"damage_taken":0.0},{"cards_removed":["Strike_B"],"damage_healed":0.0,"max_hp_gain":0.0,"max_hp_loss":0.0,"gold_gain":0.0,"event_name":"Bonfire Elementals","player_choice":"Offered Basic","floor":7.0,"gold_loss":0.0,"damage_taken":0.0},{"damage_healed":0.0,"max_hp_gain":0.0,"max_hp_loss":0.0,"gold_gain":0.0,"event_name":"betterThird:BetterSerpent","player_choice":"Ignored","floor":13.0,"gold_loss":0.0,"damage_taken":363.0},{"damage_healed":0.0,"max_hp_gain":0.0,"max_hp_loss":0.0,"gold_gain":0.0,"event_name":"Cursed Tome","player_choice":"Obtained Book","floor":19.0,"gold_loss":0.0,"damage_taken":21.0},{"damage_healed":0,"gold_gain":0,"player_choice":"Fight","damage_taken":0,"max_hp_gain":0,"max_hp_loss":0,"event_name":"MindBloom","floor":39,"gold_loss":0}],"is_beta":false,"boss_relics":[{"not_picked":["energizedSpire:SpiderWeb","energizedSpire:UnstableMolecules"],"picked":"Snecko Heart"},{"not_picked":["Tiny House","energizedSpire:MagnifyingGlass"],"picked":"Replay:Grab Bag"},{"not_picked":["energizedSpire:HugeHouse","ChewingGum"],"picked":"Sozu"},{"not_picked":["energizedSpire:NeverEndingSparkler","energizedSpire:RedRose"],"picked":"Painkiller Herb"},{"not_picked":["SlaversCollar","Astrolabe"],"picked":"FrozenCore"}],"items_purged_floors":[0,0,25,37,48],"is_endless":false,"potions_floor_spawned":[1,10,16,18,36,39,41,45],"killed_by":"Awakened One","ascension_level":20}}