{"host":"CK","time":1611198661,"event":{"mods":["2.2 Compatiblity","BaseMod","Bestiary","Block Reminder","Colored Powertips","DeckTracker","Displayed Cursed Tome","Minty Spire (QoL Compilation)","Permanent Neow","Slay-I","Unknown Chances"],"gold_per_floor":[110,7,26,41,41,41,53,83,83,83,96,96,112,129,129,207,207,222,222,65,65,77,77,95,126,126,51,51,69,84,84,84],"floor_reached":31,"language":"ENG","playtime":2009,"items_purged":["Strike_B"],"score":479,"play_id":"ee1f9c69-63ea-403a-8a46-2875507ef94e","local_time":"20210120191101","is_ascension_mode":true,"campfire_choices":[{"data":"Dualcast","floor":6,"key":"SMITH"},{"data":"Zap","floor":10,"key":"SMITH"},{"data":"Go for the Eyes","floor":12,"key":"SMITH"},{"data":"Steam","floor":15,"key":"SMITH"},{"data":"Redo","floor":23,"key":"SMITH"},{"data":"Go for the Eyes","floor":28,"key":"SMITH"}],"circlet_count":0,"master_deck":["AscendersBane","Defend_B","Defend_B","Defend_B","Zap+1","Dualcast+1","All For One","Leap","Steam+1","Ball Lightning+1","Cold Snap","Cold Snap","Go for the Eyes+1","Go for the Eyes+1","Gash+1","All For One","Redo+1","Loop+1","Biased Cognition+1","Gash","Steam","Machine Learning+1","Gash","Hologram"],"relics":["Cracked Core","Frozen Egg 2","Singing Bowl","Sozu","DataDisk","Whetstone"],"acts_visited":["Exordium","TheCity"],"potions_floor_usage":[8,16],"damage_taken":[{"damage":1,"enemies":"Cultist","floor":1,"turns":3},{"damage":2,"enemies":"Jaw Worm","floor":3,"turns":3},{"damage":0,"enemies":"2 Louse","floor":4,"turns":3},{"damage":3,"enemies":"Looter","floor":7,"turns":3},{"damage":10,"enemies":"Lagavulin","floor":8,"turns":6},{"damage":0,"enemies":"Large Slime","floor":11,"turns":4},{"damage":0,"enemies":"Blue Slaver","floor":13,"turns":3},{"damage":0,"enemies":"Looter","floor":14,"turns":3},{"damage":35,"enemies":"The Guardian","floor":16,"turns":11},{"damage":2,"enemies":"3 Byrds","floor":18,"turns":4},{"damage":5,"enemies":"Shell Parasite","floor":22,"turns":3},{"damage":10,"enemies":"Shelled Parasite and Fungi","floor":24,"turns":4},{"damage":21,"enemies":"Slavers","floor":25,"turns":5},{"damage":10,"enemies":"Centurion and Healer","floor":29,"turns":5},{"damage":0,"enemies":"Chosen and Byrds","floor":30,"turns":3},{"damage":11,"enemies":"Snake Plant","floor":31,"turns":1}],"seed_played":"1229429334680827501","potions_obtained":[{"floor":4,"key":"Strength Potion"},{"floor":8,"key":"AttackPotion"},{"floor":13,"key":"Ancient Potion"},{"floor":14,"key":"Energy Potion"}],"is_trial":false,"path_per_floor":["M","$","M","M","$","R","M","E","T","R","M","R","M","M","R","B",null,"M","?","$","?","M","R","M","E","T","?","R","M","M","M"],"character_chosen":"DEFECT","items_purchased":["Steam","DataDisk"],"campfire_rested":0,"item_purchase_floors":[2,20],"current_hp_per_floor":[63,63,61,61,61,61,58,48,48,48,48,48,48,48,48,13,57,55,55,55,55,50,50,40,19,19,19,19,9,9,0,0],"gold":84,"neow_bonus":"ONE_RANDOM_RARE_CARD","is_daily":false,"chose_seed":false,"campfire_upgraded":6,"win_rate":0.0,"timestamp":1611198661,"path_taken":["M","?","M","M","$","R","?","E","T","R","M","R","M","M","R","BOSS","M","?","$","?","M","R","M","E","T","?","R","M","M","M"],"items_purchased_type":["Card","Relic"],"build_version":"2020-12-18","purchased_purges":1,"victory":false,"max_hp_per_floor":[71,71,71,71,71,71,71,71,71,71,71,71,71,71,71,71,71,71,71,71,71,71,71,71,71,71,71,71,71,71,71,71],"card_choices":[{"not_picked":["Coolheaded","Rebound"],"picked":"Leap","floor":1},{"not_picked":["Melter","Coolheaded"],"picked":"Ball Lightning","floor":3},{"not_picked":["Compile Driver","Ball Lightning"],"picked":"Cold Snap","floor":4},{"not_picked":["Darkness","Capacitor"],"picked":"Cold Snap","floor":7},{"not_picked":["Rebound","Coolheaded","Double Energy"],"picked":"SKIP","floor":8},{"not_picked":["Turbo","Heatsinks+1"],"picked":"Go for the Eyes","floor":11},{"not_picked":["Sweeping Beam","Steam Power"],"picked":"Go for the Eyes","floor":13},{"not_picked":["Stack","Conserve Battery"],"picked":"Gash","floor":14},{"not_picked":["Echo Form+1","Electrodynamics+1"],"picked":"All For One","floor":16},{"not_picked":["Streamline","Reinforced Body"],"picked":"Redo","floor":18},{"not_picked":["Steam","Melter"],"picked":"Gash","floor":22},{"not_picked":["Leap","Streamline"],"picked":"Steam","floor":24},{"not_picked":["Beam Cell","Reprogram+1"],"picked":"Machine Learning+1","floor":25},{"not_picked":["Cold Snap","Go for the Eyes"],"picked":"Gash","floor":29},{"not_picked":["Coolheaded","Machine Learning+1"],"picked":"Hologram","floor":30}],"player_experience":1154547,"relics_obtained":[{"floor":8,"key":"Frozen Egg 2"},{"floor":9,"key":"Singing Bowl"},{"floor":25,"key":"Whetstone"}],"event_choices":[{"damage_healed":0,"gold_gain":0,"cards_transformed":["Strike_B","Strike_B"],"player_choice":"Became Test Subject","damage_taken":0,"max_hp_gain":0,"max_hp_loss":0,"event_name":"Drug Dealer","floor":19,"gold_loss":0,"cards_obtained":["Loop","Biased Cognition"]},{"cards_removed":["Strike_B"],"damage_healed":0,"gold_gain":0,"player_choice":"Elegance","damage_taken":0,"max_hp_gain":0,"max_hp_loss":0,"event_name":"Back to Basics","floor":21,"gold_loss":0},{"cards_removed":["Defend_B"],"damage_healed":0,"gold_gain":0,"player_choice":"Gave Gold","damage_taken":0,"max_hp_gain":0,"max_hp_loss":0,"event_name":"Beggar","floor":27,"gold_loss":75}],"is_beta":true,"boss_relics":[{"not_picked":["Pandora\u0027s Box","Nuclear Battery"],"picked":"Sozu"}],"items_purged_floors":[2],"is_endless":false,"potions_floor_spawned":[4,8,13,14,24,25,29],"killed_by":"Snake Plant","ascension_level":17}}