{"host":"5w3ov2q8o40mj89d","time":1611222644,"event":{"mods":["ATMod(阿瑾Mod)","Arknights The Spire","Bard","BaseMod","Downfall","FutureSeer","Good Game Mod","Hunter 猎人","KinomotoSakuraMod(木之本樱)","LagranYue(拉格朗・月)","Luminous","Marisa（F雨　魔理沙）","Minty Spire (QoL Compilation)","Nova Terra(诺娃・泰拉)","Reimu（博丽灵梦）","Remilia_Scarlet Moed（蕾米莉亚・斯卡雷特）3.3.5","Remilia（蕾米莉亚）","RumiaBox-露米娅的神秘盒子","StSLib","Td1madao Mod","The Alterego","The Blackbeard","The Construct","The Gatherer","The Hierophant","The Invoker Mod","The Runesmith","The Senshi","The Servant 0.9.4","Waifu the Spire","WarShipGirlsR/战舰少女R mod","Yakumo Yukari mod","Youmu（魂魄妖梦）","Yuri Mod","Yuyuko","vexMod"],"gold_per_floor":[105,105,65,65,79,79,4,41,68,33,33,69,69,99,99,99,99],"floor_reached":16,"language":"ZHS","playtime":705,"items_purged":["hierophant:Strike_Hierophant"],"score":106,"play_id":"56b22b42-8b79-4a89-80ca-042bb3a3eb17","local_time":"20210121175044","is_ascension_mode":false,"campfire_choices":[{"floor":6,"key":"REST"},{"data":"hierophant:OrnateJavelin","floor":11,"key":"SMITH"},{"floor":13,"key":"REST"},{"data":"hierophant:FieryStrike","floor":15,"key":"SMITH"}],"circlet_count":0,"master_deck":["hierophant:Strike_Hierophant","hierophant:Strike_Hierophant","hierophant:Strike_Hierophant","hierophant:Punish","hierophant:Defend_Hierophant","hierophant:Defend_Hierophant","hierophant:Defend_Hierophant","hierophant:Defend_Hierophant","hierophant:ChurchCoffers","hierophant:OrnateJavelin","LagranYue:RoseCard","hierophant:Sermon","hierophant:RepressedViolence","hierophant:Repentance","hierophant:Alms","hierophant:OrnateJavelin+1","hierophant:Doubloon","hierophant:Remorse","hierophant:Doubloon","hierophant:RecallFunds","hierophant:SecretStash","hierophant:FieryStrike+1"],"relics":["AT_ATBox","REME:ComplimentaryCards","LagranYue:RandomDrawCardRelic","LagranYue:ContractPerformanceRelic","vexMod:BarristanHead","PaintedHorse:ReiMu","Gambling Chip","ScarletDevilRocket","Boot"],"acts_visited":["Exordium"],"potions_floor_usage":[],"damage_taken":[{"damage":0,"enemies":"Small Slimes","floor":1,"turns":2},{"damage":13,"enemies":"Jaw Worm","floor":5,"turns":3},{"damage":25,"enemies":"Gremlin Nob","floor":8,"turns":4},{"damage":18,"enemies":"Lagavulin","floor":12,"turns":4},{"damage":1,"enemies":"2 Louse","floor":14,"turns":3},{"damage":60,"enemies":"The Guardian","floor":16,"turns":6}],"seed_played":"8743829778305405883","potions_obtained":[{"floor":1,"key":"Fire Potion"},{"floor":5,"key":"SkillPotion"},{"floor":8,"key":"SpeedPotion"}],"is_trial":false,"path_per_floor":["M","?","?","?","M","R","$","E","T","?","R","E","R","M","R","B"],"character_chosen":"HIEROPHANT","items_purchased":[],"campfire_rested":2,"item_purchase_floors":[],"current_hp_per_floor":[75,57,57,57,44,66,66,41,41,59,59,41,63,62,62,2,2],"gold":99,"neow_bonus":"BOSS_RELIC","is_daily":false,"chose_seed":false,"campfire_upgraded":2,"win_rate":0.0,"timestamp":1611222644,"path_taken":["M","?","?","?","M","R","$","E","T","?","R","E","R","M","R","BOSS"],"items_purchased_type":[],"build_version":"2020-12-22","purchased_purges":1,"victory":false,"max_hp_per_floor":[75,75,75,75,75,75,75,75,75,75,75,75,75,75,75,75,75],"card_choices":[{"not_picked":["hierophant:DisplayOfPower","hierophant:PristineSoul"],"picked":"hierophant:OrnateJavelin","floor":1},{"not_picked":["hierophant:Patience","hierophant:Doubloon"],"picked":"hierophant:Remorse","floor":5},{"not_picked":["hierophant:SolarFlare","hierophant:Shelter"],"picked":"hierophant:RecallFunds","floor":8},{"not_picked":["hierophant:Patience","hierophant:WrathOfGod"],"picked":"hierophant:SecretStash","floor":12},{"not_picked":["hierophant:HolyVerse","hierophant:Shelter"],"picked":"hierophant:FieryStrike","floor":14}],"player_experience":21539,"relics_obtained":[{"floor":8,"key":"Gambling Chip"},{"floor":9,"key":"ScarletDevilRocket"},{"floor":12,"key":"Boot"}],"event_choices":[{"damage_healed":0,"gold_gain":0,"player_choice":"Success","damage_taken":18,"relics_obtained":["vexMod:BarristanHead"],"max_hp_gain":0,"max_hp_loss":0,"event_name":"Scrap Ooze","floor":2,"gold_loss":0},{"damage_healed":0,"gold_gain":0,"player_choice":"塞钱","damage_taken":0,"relics_obtained":["PaintedHorse:ReiMu"],"max_hp_gain":0,"max_hp_loss":0,"event_name":"yidonshenshe","floor":3,"gold_loss":40},{"damage_healed":18,"gold_gain":0,"player_choice":"Healed","damage_taken":0,"max_hp_gain":0,"max_hp_loss":0,"event_name":"The Cleric","floor":10,"gold_loss":35}],"is_beta":false,"boss_relics":[],"items_purged_floors":[7],"is_endless":false,"potions_floor_spawned":[1,5,8],"killed_by":"The Guardian","ascension_level":0}}