{"host":"ndpbn7fqb3wjbd7p","time":1611197422,"event":{"mods":["AchievementEnabler","Act Like it!","AlwaysNeverKeys","BaseMod","Better Vampires","Block Reminder","Colored Powertips","DeckTracker","Defuse TimeMaze Blight","Friendly Minions","Hallownest","Hermit","Highlight Path","MarisaÅiñ∂âJÅ@ñÇóùçπÅj","Minty Spire (QoL Compilation)","Permanent Neow","Shade Mod","StSLib","SuperFastMode","Synergy Search","The Mystic","Unceasing Turn Reminder","egg"],"gold_per_floor":[117,131,181,54,104,104,104,4,4,21,41,53,66,86,86,158,158,171,46,64,76,91,91,111,121,121,154,103,103,103,103],"floor_reached":30,"language":"ENG","playtime":1663,"items_purged":["Strike_G","Strike_G","Defend_G"],"score":480,"play_id":"bd7fa219-5e16-4f06-9a05-c64e8cbd1c3d","local_time":"20210121035022","is_ascension_mode":true,"campfire_choices":[{"data":"Setup","floor":7,"key":"SMITH"},{"data":"Tactician","floor":15,"key":"SMITH"},{"floor":23,"key":"REST"},{"data":"Calculated Gamble","floor":29,"key":"SMITH"}],"circlet_count":0,"master_deck":["AscendersBane","Strike_G","Strike_G","Strike_G","Defend_G+1","Defend_G","Defend_G","Defend_G","Survivor","Neutralize","Setup+1","Predator+1","Acrobatics","Underhanded Strike","Expertise","Quick Slash","Tactician+1","Tools of the Trade","Calculated Gamble+1","Dagger Throw","Acrobatics"],"relics":["Ring of the Snake","Centennial Puzzle","Bronze Scales","Sozu","Singing Bowl","Strawberry","Ninja Scroll"],"acts_visited":["Exordium","TheCity"],"potions_floor_usage":[12,16,16],"damage_taken":[{"damage":6,"enemies":"Cultist","floor":1,"turns":4},{"damage":1,"enemies":"2 Louse","floor":2,"turns":3},{"damage":2,"enemies":"Jaw Worm","floor":10,"turns":4},{"damage":1,"enemies":"Blue Slaver","floor":11,"turns":2},{"damage":0,"enemies":"Gremlin Gang","floor":12,"turns":5},{"damage":0,"enemies":"2 Fungi Beasts","floor":13,"turns":2},{"damage":4,"enemies":"Exordium Thugs","floor":14,"turns":3},{"damage":24,"enemies":"Slime Boss","floor":16,"turns":7},{"damage":1,"enemies":"Spheric Guardian","floor":18,"turns":3},{"damage":17,"enemies":"2 Thieves","floor":20,"turns":3},{"damage":14,"enemies":"Centurion and Healer","floor":21,"turns":4},{"damage":11,"enemies":"Snake Plant","floor":22,"turns":4},{"damage":13,"enemies":"Snecko","floor":24,"turns":5},{"damage":5,"enemies":"Centurion and Healer","floor":25,"turns":7},{"damage":6,"enemies":"Book of Stabbing","floor":27,"turns":4},{"damage":12,"enemies":"Snake Plant","floor":30,"turns":3}],"seed_played":"9055306247050440993","potions_obtained":[{"floor":1,"key":"GamblersBrew"},{"floor":12,"key":"FearPotion"},{"floor":14,"key":"LiquidMemories"}],"is_trial":false,"path_per_floor":["M","M","?","$","T","?","R","$","T","M","M","M","M","M","R","B",null,"M","$","M","M","M","R","M","M","T","E","?","R","M"],"character_chosen":"THE_SILENT","items_purchased":["Underhanded Strike"],"campfire_rested":1,"item_purchase_floors":[4],"current_hp_per_floor":[53,52,52,52,52,32,32,32,32,30,29,29,29,25,25,1,50,49,49,32,18,7,26,13,8,8,9,9,9,0,0],"gold":103,"neow_bonus":"THREE_CARDS","is_daily":false,"chose_seed":false,"campfire_upgraded":3,"win_rate":0.0,"timestamp":1611197422,"path_taken":["M","M","?","$","?","?","R","?","T","M","?","M","M","M","R","BOSS","M","$","M","M","M","R","M","?","T","E","?","R","M"],"items_purchased_type":["Card"],"build_version":"2020-12-22","purchased_purges":3,"victory":false,"max_hp_per_floor":[66,66,66,66,66,66,66,66,66,66,66,66,66,66,66,66,66,66,66,66,66,66,66,66,66,66,73,73,73,73,73],"card_choices":[{"not_picked":["Masterful Stab","Well Laid Plans"],"picked":"Setup","floor":0},{"not_picked":["Skewer","Cloak And Dagger"],"picked":"Predator","floor":1},{"not_picked":["Poisoned Stab","Dodge and Roll"],"picked":"Acrobatics","floor":2},{"not_picked":["Cloak And Dagger","Outmaneuver","Catalyst"],"picked":"SKIP","floor":10},{"not_picked":["Riddle With Holes","Concentrate"],"picked":"Expertise","floor":11},{"not_picked":["Die Die Die","Outmaneuver"],"picked":"Quick Slash","floor":12},{"not_picked":["Escape Plan","Deflect"],"picked":"Tactician","floor":13},{"not_picked":["Poisoned Stab","Masterful Stab","Bane"],"picked":"SKIP","floor":14},{"not_picked":["Venomology","Burst"],"picked":"Tools of the Trade","floor":16},{"not_picked":["Backstab","Dagger Spray","Well Laid Plans"],"picked":"SKIP","floor":18},{"not_picked":["Flying Knee","Poisoned Stab+1","Cloak And Dagger+1"],"picked":"SKIP","floor":20},{"not_picked":["Noxious Fumes","Sucker Punch+1","Bouncing Flask"],"picked":"SKIP","floor":21},{"not_picked":["Bane","Cloak And Dagger+1"],"picked":"Calculated Gamble","floor":22},{"not_picked":["Die Die Die","Quick Slash+1"],"picked":"Dagger Throw","floor":24},{"not_picked":["Flechettes","Poisoned Stab","Bane"],"picked":"SKIP","floor":25},{"not_picked":["Heel Hook+1","Escape Plan"],"picked":"Acrobatics","floor":27}],"player_experience":1170436,"relics_obtained":[{"floor":5,"key":"Centennial Puzzle"},{"floor":9,"key":"Bronze Scales"},{"floor":26,"key":"Singing Bowl"},{"floor":27,"key":"Strawberry"}],"event_choices":[{"damage_healed":0,"gold_gain":50,"player_choice":"Pray","damage_taken":0,"max_hp_gain":0,"max_hp_loss":0,"event_name":"Golden Shrine","floor":3,"gold_loss":0},{"damage_healed":0,"gold_gain":0,"player_choice":"Entered Light","damage_taken":20,"max_hp_gain":0,"max_hp_loss":0,"event_name":"Shining Light","floor":6,"gold_loss":0,"cards_upgraded":["Predator","Defend_G"]},{"damage_healed":0,"gold_gain":0,"player_choice":"Paid Gold","damage_taken":0,"relics_obtained":["Ninja Scroll"],"max_hp_gain":0,"max_hp_loss":0,"event_name":"WeMeetAgain","floor":28,"gold_loss":51}],"is_beta":false,"boss_relics":[{"not_picked":["Velvet Choker","Coffee Dripper"],"picked":"Sozu"}],"items_purged_floors":[4,8,19],"is_endless":false,"potions_floor_spawned":[1,12,14,18,20,25],"killed_by":"Snake Plant","ascension_level":19}}