{"host":"osfffw6eu3utmcte","time":1611273103,"event":{"mods":["AchievementEnabler","BaseMod","Hermit","Minty Spire (QoL Compilation)","StSLib"],"gold_per_floor":[109,34,48,60,112,137,137,106,182,216,216,391,403,160,160,259,259,277,310,89,89,89,89,119,119,119,131,131,131,131,156,156,256,256,280,230,230,0,0,5,5],"floor_reached":40,"language":"ENG","playtime":2720,"items_purged":["hermit:Strike_Hermit","Doubt","hermit:Defend_Hermit"],"score":458,"play_id":"0a3bb718-498b-4f23-8588-4c7e128971a3","local_time":"20210122005143","is_ascension_mode":false,"campfire_choices":[{"floor":15.0,"key":"REST"},{"data":"Ghostly","floor":25,"key":"SMITH"},{"data":"Ghostly","floor":29,"key":"SMITH"},{"data":"Ghostly","floor":32,"key":"SMITH"}],"circlet_count":0,"master_deck":["hermit:Defend_Hermit","hermit:Defend_Hermit","hermit:Defend_Hermit","hermit:Snapshot","hermit:Covet+1","hermit:Gestalt","hermit:Vantage","hermit:TrackingShot","hermit:CursedWeapon","hermit:RoundhouseKick","Parasite","hermit:GoldenBullet","hermit:Combo","hermit:DeadOrAlive","hermit:Roulette+1","hermit:Feint","hermit:Brawl","Ghostly+1","Ghostly+1","Ghostly","Ghostly","Ghostly+1","Bite","Bite","Bite","Bite","Bite","hermit:Scavenge","hermit:Reprieve","Bandage Up"],"relics":["hermit:Momento","Pen Nib","Toy Ornithopter","Smiling Mask","Matryoshka","Question Card","Chemical X","SlaversCollar","Frozen Eye","Ice Cream","Centennial Puzzle","Blue Candle","Ancient Tea Set","Kunai","Enchiridion","hermit:BartenderGlass","Red Mask"],"acts_visited":["Exordium","TheCity","TheBeyond"],"potions_floor_usage":[33,35,35,40,40],"damage_taken":[{"damage":5.0,"enemies":"Cultist","floor":1.0,"turns":4.0},{"damage":1.0,"enemies":"Small Slimes","floor":3.0,"turns":5.0},{"damage":0.0,"enemies":"2 Louse","floor":4.0,"turns":3.0},{"damage":24.0,"enemies":"3 Sentries","floor":6.0,"turns":11.0},{"damage":16.0,"enemies":"Lagavulin","floor":10.0,"turns":8.0},{"damage":6.0,"enemies":"Large Slime","floor":13.0,"turns":5.0},{"damage":37.0,"enemies":"The Guardian","floor":16.0,"turns":12.0},{"damage":13.0,"enemies":"Chosen","floor":18.0,"turns":4.0},{"damage":9.0,"enemies":"2 Thieves","floor":19.0,"turns":4.0},{"damage":7,"enemies":"Gremlin Leader","floor":24,"turns":6},{"damage":2,"enemies":"Snecko","floor":27,"turns":4},{"damage":4,"enemies":"Chosen and Byrds","floor":31,"turns":6},{"damage":16,"enemies":"Collector","floor":33,"turns":6},{"damage":27,"enemies":"3 Darklings","floor":35,"turns":12},{"damage":33,"enemies":"Giant Head","floor":40,"turns":8}],"seed_played":"3869467983410801489","potions_obtained":[{"floor":3.0,"key":"SteroidPotion"},{"floor":4.0,"key":"CultistPotion"},{"floor":10.0,"key":"Ancient Potion"},{"floor":13.0,"key":"Regen Potion"},{"floor":24,"key":"BlessingOfTheForge"},{"floor":31,"key":"PowerPotion"},{"floor":33,"key":"SkillPotion"}],"is_trial":false,"path_per_floor":["M","$","M","M","T","E","?","?","T","E","?","?","M","$","R","B",null,"M","M","$","?","?","?","E","R","T","M","T","R","?","M","R","B",null,"M","$","?","?","?","E"],"character_chosen":"HERMIT","items_purchased":["hermit:Combo","Chemical X","Frozen Eye","hermit:Brawl"],"campfire_rested":1,"item_purchase_floors":[14,14,20,20],"current_hp_per_floor":[70,70,69,69,69,45,30,30,30,14,32,32,26,26,48,31,75,67,58,58,37,33,29,28,28,28,27,27,27,11,16,16,15,29,12,12,12,12,12,0,0],"gold":5,"neow_bonus":"RANDOM_COMMON_RELIC","is_daily":false,"chose_seed":false,"campfire_upgraded":3,"win_rate":0.0,"timestamp":1611273103,"path_taken":["M","$","M","M","?","E","?","?","T","E","?","?","M","?","R","BOSS","M","M","$","?","?","?","E","R","T","M","?","R","?","M","R","BOSS","M","$","?","?","?","E"],"items_purchased_type":["Card","Relic","Relic","Card"],"build_version":"2020-12-22","purchased_purges":3,"victory":false,"max_hp_per_floor":[75,75,75,75,75,75,75,75,75,75,75,75,75,75,75,75,75,75,75,75,37,42,29,29,29,29,29,29,29,29,29,29,29,29,29,29,29,29,29,29,29],"card_choices":[{"not_picked":["hermit:Quickdraw","hermit:Virtue"],"picked":"hermit:Gestalt","floor":1.0},{"not_picked":["hermit:HighCaliber","hermit:Coalescence"],"picked":"hermit:Vantage","floor":3.0},{"not_picked":["hermit:Vantage","hermit:WideOpen"],"picked":"hermit:TrackingShot","floor":4.0},{"not_picked":["hermit:BodyArmor","hermit:Snipe"],"picked":"hermit:CursedWeapon","floor":6.0},{"not_picked":["hermit:HighCaliber","hermit:Vantage"],"picked":"hermit:RoundhouseKick","floor":10.0},{"not_picked":["hermit:CalledShot","hermit:ItchyTrigger","hermit:HoleUp"],"picked":"hermit:GoldenBullet","floor":13.0},{"not_picked":["hermit:OverwhelmingPower","hermit:Purgatory","hermit:RoundhouseKick"],"picked":"hermit:DeadOrAlive","floor":16.0},{"not_picked":["hermit:Spite+1","hermit:Misfire","hermit:WideOpen"],"picked":"hermit:Roulette+1","floor":18.0},{"not_picked":["hermit:CursedWeapon","hermit:Snipe","hermit:HighCaliber+1"],"picked":"hermit:Feint","floor":19.0},{"not_picked":["hermit:PistolWhip+1","hermit:Headshot","hermit:Deadeye"],"picked":"hermit:Scavenge","floor":24},{"not_picked":["hermit:Glare","hermit:Dissolve","hermit:ItchyTrigger"],"picked":"hermit:BodyArmor+1","floor":27},{"not_picked":["hermit:Misfire","hermit:Headshot","hermit:Feint","hermit:Desperado"],"picked":"SKIP","floor":31},{"not_picked":["hermit:Roughhouse","hermit:OverwhelmingPower","hermit:FinalCanter"],"picked":"hermit:Reprieve","floor":33},{"not_picked":["hermit:Manifest","hermit:Cheat","hermit:Enervate+1","hermit:Dive+1"],"picked":"SKIP","floor":35},{"not_picked":["Flash of Steel","Secret Weapon","Magnetism"],"picked":"Bandage Up","floor":37}],"player_experience":567901,"relics_obtained":[{"floor":5.0,"key":"Toy Ornithopter"},{"floor":6.0,"key":"Smiling Mask"},{"floor":9.0,"key":"Matryoshka"},{"floor":10.0,"key":"Question Card"},{"floor":24,"key":"Ice Cream"},{"floor":26,"key":"Centennial Puzzle"},{"floor":26,"key":"Blue Candle"},{"floor":28,"key":"Ancient Tea Set"},{"floor":28,"key":"Kunai"},{"floor":30,"key":"Enchiridion"}],"event_choices":[{"damage_healed":0.0,"max_hp_gain":0.0,"max_hp_loss":0.0,"gold_gain":0.0,"event_name":"Shining Light","player_choice":"Entered Light","floor":7.0,"gold_loss":0.0,"damage_taken":15.0,"cards_upgraded":["hermit:Strike_Hermit","hermit:Covet"]},{"damage_healed":0.0,"max_hp_gain":0.0,"max_hp_loss":0.0,"gold_gain":0.0,"event_name":"World of Goop","player_choice":"Left Gold","floor":8.0,"gold_loss":31.0,"damage_taken":0.0},{"damage_healed":18.0,"max_hp_gain":0.0,"max_hp_loss":0.0,"gold_gain":0.0,"event_name":"Mushrooms","player_choice":"Healed and dodged fight","floor":11.0,"gold_loss":0.0,"damage_taken":0.0,"cards_obtained":["Parasite"]},{"damage_healed":0.0,"max_hp_gain":0.0,"max_hp_loss":0.0,"gold_gain":175.0,"event_name":"Liars Game","player_choice":"AGREE","floor":12.0,"gold_loss":0.0,"damage_taken":0.0,"cards_obtained":["Doubt"]},{"damage_healed":0,"gold_gain":0,"player_choice":"Became a Ghost","damage_taken":0,"max_hp_gain":0,"max_hp_loss":38,"event_name":"Ghosts","floor":21,"gold_loss":0,"cards_obtained":["Ghostly","Ghostly","Ghostly","Ghostly","Ghostly"]},{"damage_healed":0,"gold_gain":0,"player_choice":"Shed Blood","damage_taken":9,"max_hp_gain":5,"max_hp_loss":0,"event_name":"Forgotten Altar","floor":22,"gold_loss":0},{"damage_healed":0,"gold_gain":0,"player_choice":"Became a vampire","damage_taken":0,"max_hp_gain":0,"max_hp_loss":13,"event_name":"Vampires","floor":23,"gold_loss":0,"cards_obtained":["Bite","Bite","Bite","Bite","Bite"]},{"damage_healed":0,"gold_gain":0,"player_choice":"Obtained Book","damage_taken":16,"max_hp_gain":0,"max_hp_loss":0,"event_name":"Cursed Tome","floor":30,"gold_loss":0},{"damage_healed":0,"gold_gain":0,"player_choice":"Memory 1","damage_taken":0,"max_hp_gain":0,"max_hp_loss":0,"event_name":"SensoryStone","floor":37,"gold_loss":0},{"damage_healed":0,"gold_gain":0,"player_choice":"Paid","damage_taken":0,"relics_obtained":["Red Mask"],"max_hp_gain":0,"max_hp_loss":0,"event_name":"Tomb of Lord Red Mask","floor":38,"gold_loss":230},{"cards_removed":["hermit:BodyArmor"],"damage_healed":0,"gold_gain":0,"player_choice":"Removed Skill","damage_taken":0,"max_hp_gain":0,"max_hp_loss":0,"event_name":"Falling","floor":39,"gold_loss":0}],"is_beta":false,"boss_relics":[{"not_picked":["Snecko Eye","Runic Dome"],"picked":"SlaversCollar"},{"not_picked":["Velvet Choker","Sozu"],"picked":"hermit:BartenderGlass"}],"items_purged_floors":[2,14,36],"is_endless":false,"potions_floor_spawned":[3,4,10,13,24,31,33],"killed_by":"Giant Head","ascension_level":0}}