{"host":"doxo6v3vhswwfk80","time":1611213003,"event":{"mods":["2.2 Compatiblity","AchievementEnabler","Act Like it!","BaseMod","Better Altar","Better Match","Better Note","Better Sensory Stone","Better Skull","Better Third Choice","Curses Come First","Hermit","Minty Spire (QoL Compilation)","Quick Restart","Relic Stats","Shade Mod","StSLib","The Hierophant","The Runesmith"],"gold_per_floor":[413,428,428,445,122,157,157,186,212,246,246,4,17,51,51,154,154,174,174,174,174,24,24,55,55,78,113,13,30,47,78,78,181,181,201,76,88,0,0,32,32,60,60,88,88,113,168,168,168,168],"floor_reached":51,"language":"ENG","playtime":4719,"items_purged":["Runesmith:BackupBattery","Runesmith:BackupBattery","Runesmith:Firestorm+1"],"score":1115,"play_id":"f1e454f7-bddc-4a5b-ae64-24294be5fc70","local_time":"20210121011003","daily_mods":["Draft","Heirloom","Elite Swarm"],"is_ascension_mode":true,"campfire_choices":[{"data":"Runesmith:Firestorm","floor":7,"key":"SMITH"},{"data":"Runesmith:Firestorm","floor":11,"key":"SMITH"},{"floor":15,"key":"REST"},{"data":"Runesmith:UnlimitedPower","floor":23,"key":"SMITH"},{"data":"Runesmith:CraftMedicinae","floor":25,"key":"SMITH"},{"floor":32,"key":"REST"},{"data":"Runesmith:CraftPrismatica","floor":41,"key":"SMITH"},{"floor":45,"key":"REST"},{"data":"Runesmith:CraftIncendium","floor":49,"key":"SMITH"}],"circlet_count":0,"master_deck":["Runesmith:StaticCage","Runesmith:CraftIncendium+1","Runesmith:CraftMagma","Runesmith:ChiselStab","Runesmith:EarthShield","Runesmith:CraftMagma","Runesmith:MakeshiftArmor","Runesmith:EnergizedChisel","Runesmith:EarthShield","Runesmith:StaticCage","Runesmith:CraftProtectio","Runesmith:CraftMagma","Runesmith:BackupBattery","Blind","Runesmith:RuneHurl","Runesmith:ChiselStab","Runesmith:CraftMagma","Runesmith:CreatorForm","Runesmith:UnlimitedPower+1","Runesmith:CraftMedicinae+1","Runesmith:HammerThrow+1","Runesmith:CraftProtectio","Runesmith:FissionHammer+1","Runesmith:CraftMagma+1","Necronomicurse","Runesmith:ChaoticBlast+1","Runesmith:FissionHammer+1","Runesmith:CraftPrismatica+1","Runesmith:ChaoticBlast+1","Runesmith:GenerateForcefield","Runesmith:CraftMagma+1","Runesmith:CraftIndustria","Runesmith:GenerateForcefield","Runesmith:GenerateForcefield","Runesmith:StaticCage"],"relics":["Runesmith:BrokenRuby","Old Coin","Runesmith:MiniCore","Juzu Bracelet","Vajra","Orichalcum","Molten Egg 2","Bottled Tornado","Dream Catcher","SlaversCollar","Necronomicon","Ice Cream","Ancient Tea Set","Sundial","White Beast Statue","Black Star","Red Mask","Pear","Happy Flower","Akabeko","Runesmith:Nanobots","Bottled Lightning","InkBottle","Unceasing Top","Darkstone Periapt","Meat on the Bone","FossilizedHelix","Pantograph"],"acts_visited":["Exordium","TheCity","TheBeyond"],"potions_floor_usage":[8,27,27,30,33,46],"damage_taken":[{"damage":0,"enemies":"Jaw Worm","floor":1,"turns":5},{"damage":0,"enemies":"Small Slimes","floor":2,"turns":3},{"damage":4,"enemies":"2 Louse","floor":4,"turns":3},{"damage":0,"enemies":"Lagavulin","floor":6,"turns":6},{"damage":21,"enemies":"Gremlin Nob","floor":8,"turns":5},{"damage":1,"enemies":"3 Sentries","floor":10,"turns":4},{"damage":7,"enemies":"Lots of Slimes","floor":13,"turns":3},{"damage":0,"enemies":"Lagavulin","floor":14,"turns":5},{"damage":9,"enemies":"Hexaghost","floor":16,"turns":8},{"damage":0,"enemies":"Spheric Guardian","floor":18,"turns":5},{"damage":10,"enemies":"Book of Stabbing","floor":24,"turns":4},{"damage":23,"enemies":"Slavers","floor":27,"turns":3},{"damage":6,"enemies":"Shell Parasite","floor":29,"turns":3},{"damage":5,"enemies":"Centurion and Healer","floor":30,"turns":3},{"damage":9,"enemies":"Gremlin Leader","floor":31,"turns":4},{"damage":36,"enemies":"Automaton","floor":33,"turns":7},{"damage":1,"enemies":"Orb Walker","floor":35,"turns":5},{"damage":10,"enemies":"3 Shapes","floor":37,"turns":3},{"damage":0,"enemies":"Nemesis","floor":40,"turns":5},{"damage":5,"enemies":"Giant Head","floor":42,"turns":9},{"damage":47,"enemies":"Reptomancer","floor":44,"turns":6},{"damage":0,"enemies":"Nemesis","floor":46,"turns":9},{"damage":0,"enemies":"2 Orb Walkers","floor":47,"turns":4},{"damage":0,"enemies":"Donu and Deca","floor":50,"turns":7}],"seed_played":"-1372492223164160079","potions_obtained":[{"floor":6,"key":"ColorlessPotion"},{"floor":14,"key":"Regen Potion"},{"floor":18,"key":"SkillPotion"},{"floor":29,"key":"LiquidBronze"},{"floor":31,"key":"SkillPotion"},{"floor":33,"key":"BlessingOfTheForge"},{"floor":35,"key":"DuplicationPotion"},{"floor":37,"key":"ColorlessPotion"},{"floor":40,"key":"BlessingOfTheForge"},{"floor":46,"key":"Fire Potion"}],"is_trial":true,"path_per_floor":["M","M","?","M","$","E","R","E","T","E","R","$","M","E","R","B",null,"M","?","?","?","$","R","E","R","T","E","$","M","M","E","R","B",null,"M","$","M","?","?","E","R","E","T","E","R","E","?","T","R","B",null],"character_chosen":"RUNESMITH_CLASS","items_purchased":["Runesmith:MiniCore","Runesmith:Firestorm","Runesmith:ChiselStab","Runesmith:CraftMagma","Bottled Tornado","Runesmith:ChaoticBlast+1"],"campfire_rested":3,"item_purchase_floors":[5,5,5,5,12,22],"current_hp_per_floor":[70,70,70,66,66,66,66,45,45,44,44,44,39,43,64,58,70,70,54,70,70,70,70,64,64,64,51,51,47,42,33,54,32,70,70,70,62,62,62,77,77,79,79,37,61,71,74,74,74,80],"gold":168,"neow_bonus":"","is_daily":false,"chose_seed":false,"campfire_upgraded":6,"win_rate":0.0,"timestamp":1611213003,"path_taken":["M","M","?","M","$","E","R","E","T","E","R","$","M","E","R","BOSS","M","?","?","?","$","R","E","R","T","E","$","M","M","E","R","BOSS","M","?","M","?","?","E","R","E","T","E","R","E","?","?","R","BOSS"],"items_purchased_type":["Relic","Card","Card","Card","Relic","Card"],"build_version":"2020-12-22","purchased_purges":3,"victory":true,"max_hp_per_floor":[70,70,70,70,70,70,70,70,70,70,70,70,70,70,70,70,70,70,70,70,70,70,70,70,70,70,70,70,70,70,70,70,70,70,70,70,70,70,70,80,80,80,80,80,80,80,80,80,80,80],"relic_stats":{"Darkstone Periapt":0,"Happy Flower":[11],"counters":[24,119],"Juzu Bracelet":1,"Orichalcum":[120],"Dream Catcher":3,"Sundial":[2],"Pantograph":6,"Necronomicon":[24],"Black Star":4,"obtain_stats":[{"Ice Cream":24,"Darkstone Periapt":46,"Runesmith:MiniCore":5,"Vajra":8,"Juzu Bracelet":6,"Bottled Tornado":12,"Ancient Tea Set":26,"Old Coin":0,"Dream Catcher":14,"Sundial":27,"Pantograph":48,"Necronomicon":19,"Red Mask":38,"InkBottle":44,"Runesmith:BrokenRuby":0,"Runesmith:Nanobots":42,"Pear":40,"Happy Flower":40,"Orichalcum":9,"White Beast Statue":31,"Akabeko":42,"SlaversCollar":17,"Molten Egg 2":10,"Black Star":34,"Bottled Lightning":43,"Unceasing Top":44,"FossilizedHelix":47,"Meat on the Bone":46},{"Ice Cream":11,"Darkstone Periapt":22,"Runesmith:MiniCore":3,"Vajra":5,"Juzu Bracelet":4,"Bottled Tornado":6,"Ancient Tea Set":11,"Old Coin":0,"Dream Catcher":8,"Sundial":12,"Pantograph":23,"Necronomicon":10,"Red Mask":18,"InkBottle":21,"Runesmith:BrokenRuby":0,"Runesmith:Nanobots":20,"Pear":19,"Happy Flower":19,"Orichalcum":5,"White Beast Statue":15,"Akabeko":20,"SlaversCollar":9,"Molten Egg 2":6,"Black Star":16,"Bottled Lightning":20,"Unceasing Top":21,"FossilizedHelix":23,"Meat on the Bone":22},{"Ice Cream":51,"Darkstone Periapt":108,"Runesmith:MiniCore":11,"Vajra":22,"Juzu Bracelet":17,"Bottled Tornado":26,"Ancient Tea Set":51,"Old Coin":0,"Dream Catcher":34,"Sundial":54,"Pantograph":112,"Necronomicon":47,"Red Mask":79,"InkBottle":99,"Runesmith:BrokenRuby":0,"Runesmith:Nanobots":93,"Pear":84,"Happy Flower":84,"Orichalcum":22,"White Beast Statue":64,"Akabeko":93,"SlaversCollar":42,"Molten Egg 2":26,"Black Star":71,"Bottled Lightning":93,"Unceasing Top":99,"FossilizedHelix":112,"Meat on the Bone":108}],"InkBottle":[12],"Unceasing Top":[11],"Meat on the Bone":0},"card_choices":[{"not_picked":["Runesmith:PoweredAnvil","Runesmith:UnstableHammer"],"picked":"Runesmith:StaticCage","floor":0},{"not_picked":["Runesmith:HammerThrow","Runesmith:CraftReservo"],"picked":"Runesmith:CraftIncendium","floor":0},{"not_picked":["Runesmith:Grindstone","Runesmith:ElementalConversion"],"picked":"Runesmith:BackupBattery","floor":0},{"not_picked":["Runesmith:StaticCage","Runesmith:MakeshiftArmor"],"picked":"Runesmith:BackupBattery","floor":0},{"not_picked":["Runesmith:Empowerment","Runesmith:FieryHammer"],"picked":"Runesmith:CraftMagma","floor":0},{"not_picked":["Runesmith:StaticCage","Runesmith:Grindstone"],"picked":"Runesmith:ChiselStab","floor":0},{"not_picked":["Runesmith:ShiftingStrike","Runesmith:CraftVitae"],"picked":"Runesmith:EarthShield","floor":0},{"not_picked":["Runesmith:Repurpose","Runesmith:HeatedChisel"],"picked":"Runesmith:CraftMagma","floor":0},{"not_picked":["Runesmith:NanitesCloud","Runesmith:ShiftingStrike"],"picked":"Runesmith:MakeshiftArmor","floor":0},{"not_picked":["Runesmith:Overpower","Runesmith:ShiftingStrike"],"picked":"Runesmith:EnergizedChisel","floor":0},{"not_picked":["Runesmith:HeatExchange","Runesmith:MakeshiftArmor"],"picked":"Runesmith:EarthShield","floor":0},{"not_picked":["Runesmith:HeatExchange","Runesmith:Refine"],"picked":"Runesmith:StaticCage","floor":0},{"not_picked":["Runesmith:ShiftingStrike","Runesmith:StaticCage"],"picked":"Runesmith:CraftProtectio","floor":0},{"not_picked":["Runesmith:Repurpose","Runesmith:CraftProtectio"],"picked":"Runesmith:CraftMagma","floor":0},{"not_picked":["Runesmith:EarthShield","Runesmith:Refine"],"picked":"Runesmith:Firestorm","floor":0},{"not_picked":["Runesmith:Discharge","Runesmith:EarthShield"],"picked":"Runesmith:BackupBattery","floor":1},{"not_picked":["Runesmith:StaticCage","Runesmith:Refine"],"picked":"Runesmith:BackupBattery","floor":2},{"not_picked":["Forethought","Magnetism"],"picked":"Blind","floor":3},{"not_picked":["Runesmith:Repurpose","Runesmith:HeatedChisel"],"picked":"Runesmith:RuneHurl","floor":4},{"not_picked":["Runesmith:DuctTape","Runesmith:Duplicate"],"picked":"Runesmith:CreatorForm","floor":6},{"not_picked":["Runesmith:CreatorForm","Runesmith:GrandSlam"],"picked":"Runesmith:UnlimitedPower","floor":8},{"not_picked":["Runesmith:CreatorForm","Runesmith:Duplicate"],"picked":"Runesmith:CraftMedicinae","floor":10},{"not_picked":["Runesmith:Firestorm","Runesmith:Refine"],"picked":"Runesmith:HammerThrow+1","floor":13},{"not_picked":["Runesmith:GenerateForcefield","Runesmith:ArcReactor","Runesmith:DuctTape"],"picked":"SKIP","floor":14},{"not_picked":["Runesmith:Grindstone","Runesmith:Repurpose"],"picked":"Runesmith:CraftProtectio","floor":15},{"not_picked":["Runesmith:LastStand","Runesmith:Duplicate"],"picked":"Runesmith:FissionHammer+1","floor":16},{"not_picked":["Runesmith:LithiumIon+1","Runesmith:HammerThrow+1"],"picked":"Runesmith:CraftMagma+1","floor":18},{"not_picked":["Runesmith:GrandSlam+1","Runesmith:ReplicatingBarrier"],"picked":"Runesmith:FissionHammer+1","floor":24},{"not_picked":["Runesmith:Duplicate","Runesmith:MetallurgicalResearch"],"picked":"Runesmith:CraftPrismatica","floor":27},{"not_picked":["Runesmith:ShiftingStrike+1","Runesmith:Permafrost","Runesmith:BackupBattery"],"picked":"SKIP","floor":29},{"not_picked":["Runesmith:MakeshiftArmor","Runesmith:Electrocute+1"],"picked":"Runesmith:ChaoticBlast+1","floor":30},{"not_picked":["Runesmith:CreatorForm","Runesmith:GrandSlam+1","Runesmith:ReplicatingBarrier"],"picked":"SKIP","floor":31},{"not_picked":["Runesmith:CreatorForm","Runesmith:Supernova"],"picked":"Runesmith:GenerateForcefield","floor":33},{"not_picked":["Runesmith:UnstableHammer+1","Runesmith:EarthShield","Runesmith:StaticCage+1"],"picked":"SKIP","floor":35},{"not_picked":["Runesmith:CraftProtectio+1","Runesmith:Overpower+1"],"picked":"Runesmith:CraftMagma+1","floor":37},{"not_picked":["Runesmith:LightningRod","Runesmith:ReplicatingBarrier"],"picked":"Runesmith:CraftIndustria","floor":40},{"not_picked":["Runesmith:ArcReactor","Runesmith:CraftIndustria"],"picked":"Runesmith:GenerateForcefield","floor":42},{"not_picked":["Runesmith:CraftIndustria","Runesmith:CraftPrismatica"],"picked":"Runesmith:GenerateForcefield","floor":44},{"not_picked":["Runesmith:Augment+1","Runesmith:MakeshiftArmor+1"],"picked":"Runesmith:StaticCage","floor":45},{"not_picked":["Runesmith:LastStand","Runesmith:Duplicate","Runesmith:LightningRod"],"picked":"SKIP","floor":46}],"player_experience":130674,"relics_obtained":[{"floor":6,"key":"Juzu Bracelet"},{"floor":8,"key":"Vajra"},{"floor":9,"key":"Orichalcum"},{"floor":10,"key":"Molten Egg 2"},{"floor":14,"key":"Dream Catcher"},{"floor":19,"key":"Necronomicon"},{"floor":24,"key":"Ice Cream"},{"floor":26,"key":"Ancient Tea Set"},{"floor":27,"key":"Sundial"},{"floor":31,"key":"White Beast Statue"},{"floor":40,"key":"Pear"},{"floor":40,"key":"Happy Flower"},{"floor":42,"key":"Akabeko"},{"floor":42,"key":"Runesmith:Nanobots"},{"floor":43,"key":"Bottled Lightning"},{"floor":44,"key":"InkBottle"},{"floor":44,"key":"Unceasing Top"},{"floor":46,"key":"Darkstone Periapt"},{"floor":46,"key":"Meat on the Bone"},{"floor":47,"key":"FossilizedHelix"},{"floor":48,"key":"Pantograph"}],"event_choices":[{"damage_healed":0,"gold_gain":1,"player_choice":"1","damage_taken":0,"max_hp_gain":0,"max_hp_loss":0,"event_name":"betterStone:BetterStone","floor":3,"gold_loss":0},{"damage_healed":0,"gold_gain":0,"player_choice":"Obtained Book","damage_taken":16,"max_hp_gain":0,"max_hp_loss":0,"event_name":"Cursed Tome","floor":19,"gold_loss":0},{"damage_healed":23,"gold_gain":0,"player_choice":"Heal","damage_taken":0,"max_hp_gain":0,"max_hp_loss":0,"event_name":"The Library","floor":20,"gold_loss":0},{"cards_removed":["Runesmith:BackupBattery"],"damage_healed":5,"gold_gain":0,"player_choice":"Offered Common","damage_taken":0,"max_hp_gain":0,"max_hp_loss":0,"event_name":"Bonfire Elementals","floor":21,"gold_loss":0},{"cards_removed":["Runesmith:BackupBattery"],"damage_healed":5,"gold_gain":0,"player_choice":"Offered Special","damage_taken":0,"max_hp_gain":0,"max_hp_loss":0,"event_name":"Bonfire Elementals","floor":21,"gold_loss":0},{"damage_healed":0,"gold_gain":0,"player_choice":"Paid","damage_taken":0,"relics_obtained":["Red Mask"],"max_hp_gain":0,"max_hp_loss":0,"event_name":"Tomb of Lord Red Mask","floor":38,"gold_loss":88},{"cards_removed":["Runesmith:Firestorm"],"damage_healed":0,"gold_gain":0,"player_choice":"Purged","damage_taken":0,"max_hp_gain":0,"max_hp_loss":0,"event_name":"Purifier","floor":39,"gold_loss":0},{"damage_healed":0,"gold_gain":0,"player_choice":"Fight","damage_taken":0,"max_hp_gain":0,"max_hp_loss":0,"event_name":"Mysterious Sphere","floor":47,"gold_loss":0}],"is_beta":false,"boss_relics":[{"not_picked":["Empty Cage","Runic Dome"],"picked":"SlaversCollar"},{"not_picked":["Busted Crown","Coffee Dripper"],"picked":"Black Star"}],"items_purged_floors":[22,28,36],"is_endless":false,"potions_floor_spawned":[1,6,14,18,29,31,33,35,37,40,42,44,46,47],"ascension_level":1}}