{"host":"z4j51vjvl4ssilsu","time":1611201873,"event":{"mods":["AchievementEnabler","Act Like it!","BaseMod","Better Altar","Better Match","Better Note","Better Sensory Stone","Better Silent Start","Better Skull","Better Synergies","Better Third Choice","Better Vampires","Better-Laid Plans","BetterRewards","Block Reminder","CapriCore","Colored Powertips","Conspire","DeckTracker","Disable Question Mark Monsters","Elementarium","Emptier Cage","Energized Spire","Gensokyo","GifTheSpireLib","Gold Saver","Hallownest","Ironclad Rager","Lobotomy","LobotomyExtend","Marked Mod","Minty Spire (QoL Compilation)","MostiFishMod","Permanent Neow","Quick Restart","RRrroohrrRGHHhhh!!","SacredBarkPlus","Spicy Shops","StSLib","Unceasing Turn Reminder"],"gold_per_floor":[119,119,139,153,166,198,198,198,271,271,285,285,298,326,326,425,425,436,542,16,16,16],"floor_reached":21,"language":"ENG","playtime":2038,"items_purged":[],"score":239,"play_id":"30f304e5-67c4-4bc3-ac90-8b337fc47a0a","local_time":"20210121010433","is_ascension_mode":false,"campfire_choices":[{"data":"Zap","floor":7,"key":"SMITH"},{"floor":12,"key":"REST"},{"floor":15,"key":"REST"}],"circlet_count":0,"master_deck":["Strike_B","Strike_B","Defend_B","Defend_B","Defend_B","Defend_B","Zap+1","Dualcast","Coolheaded","BlackSwan","rorgmod:Biogeneration","Bloodbath","rorgmod:Refrigerate","Mercenary","Ball Lightning","Wellcheers","rorgmod:Thunder Strike","Hologram","PunishingBird","Scorched","Rainbow","ShyLook","MostiFishMod:Neptune","MostiFishMod:TheEndOfMoonlight","MostiFishMod:SparklingWater","MostiFishMod:FantasySummer","MostiFishMod:NightSea","Loop"],"relics":["Cracked Core","DaveBox","CogitoBucket","SynthV:TestCard","LetterFromLob","BirthdayGift-Icosahedron","Peace Pipe","Kunai","Lantern","Du-Vu Doll","MoonlightInvasionPlan","Omamori","Eternal Feather","ArrowTower"],"acts_visited":["Exordium","Gensokyo:Gensokyoer"],"potions_floor_usage":[5,21,21,21],"damage_taken":[{"damage":0.0,"enemies":"Cultist","floor":1.0,"turns":3.0},{"damage":0.0,"enemies":"2 Louse","floor":3.0,"turns":2.0},{"damage":2,"enemies":"Jaw Worm","floor":4,"turns":5},{"damage":10,"enemies":"Lots of Slimes","floor":5,"turns":2},{"damage":0,"enemies":"Gremlin Nob","floor":6,"turns":3},{"damage":9,"enemies":"Blue Slaver","floor":11,"turns":6},{"damage":0,"enemies":"3 Louse","floor":13,"turns":2},{"damage":0,"enemies":"3 Sentries","floor":14,"turns":3},{"damage":18,"enemies":"The Guardian","floor":16,"turns":5},{"damage":0,"enemies":"Gensokyo:2_Gloops","floor":18,"turns":1},{"damage":72,"enemies":"Gensokyo:CosmicMonolith","floor":21,"turns":4}],"seed_played":"-5159647046150736941","potions_obtained":[{"floor":1.0,"key":"EssenceOfSteel"},{"floor":11,"key":"GamblersBrew"},{"floor":13,"key":"Block Potion"},{"floor":14,"key":"Explosive Potion"}],"is_trial":false,"path_per_floor":["M","?","M","M","M","E","R","?","T","?","M","R","M","E","R","B",null,"M","?","$","M"],"character_chosen":"DEFECT","items_purchased":["Eternal Feather","ArrowTower"],"campfire_rested":2,"item_purchase_floors":[20,20],"current_hp_per_floor":[75,75,75,75,65,66,66,59,59,41,43,65,68,7,29,31,75,75,51,51,0,0],"gold":16,"neow_bonus":"","is_daily":false,"chose_seed":false,"campfire_upgraded":1,"win_rate":0.0,"timestamp":1611201873,"path_taken":["M","?","M","?","M","E","R","?","T","?","M","R","M","E","R","BOSS","M","?","$","M"],"items_purchased_type":["Relic","Relic"],"build_version":"2020-12-22","purchased_purges":0,"victory":false,"max_hp_per_floor":[75,75,75,75,75,75,75,75,75,75,75,75,75,75,75,75,75,75,75,75,75,75],"card_choices":[{"not_picked":["Barrage","Hologram"],"picked":"Coolheaded","floor":1.0},{"not_picked":["VoidDream","FairyFestival"],"picked":"BlackSwan","floor":1.0},{"not_picked":["ShyLook","CrumblingArmor"],"picked":"Bloodbath","floor":3.0},{"not_picked":["Doom and Gloom","rorgmod:Zing-Zap","Undo","Sunder"],"picked":"rorgmod:Refrigerate","floor":3.0},{"not_picked":["CherryBlossoms","Alriune"],"picked":"Mercenary","floor":4},{"not_picked":["MostiFishMod:FluxCapactior","rorgmod:SQL Injection","Barrage","Cold Snap"],"picked":"Ball Lightning","floor":4},{"not_picked":["FairyFestival","LittlePrince"],"picked":"Wellcheers","floor":5},{"not_picked":["Cold Snap","rorgmod:Antivirus","Doom and Gloom","Barrage","Streamline"],"picked":"SKIP","floor":5},{"not_picked":["Cold Snap","rorgmod:Antivirus","Doom and Gloom","Barrage","Streamline"],"picked":"SKIP","floor":5},{"not_picked":["MHz","ShyLook"],"picked":"Yin","floor":6},{"not_picked":["Cold Snap","rorgmod:SQL Injection","rorgmod:Thunder Strike","rorgmod:LRU Cache","Streamline"],"picked":"SKIP","floor":6},{"not_picked":["Cold Snap","rorgmod:SQL Injection","rorgmod:LRU Cache","Streamline"],"picked":"rorgmod:Thunder Strike","floor":6},{"not_picked":["rorgmod:Steady Aim","rorgmod:Overcurrent","Darkness","rorgmod:SQL Injection"],"picked":"Hologram","floor":11},{"not_picked":["OldLady","ShyLook"],"picked":"PunishingBird","floor":11},{"not_picked":["rorgmod:Overcurrent","Sweeping Beam","rorgmod:Fragmentation","rorgmod:Fusion","Rebound"],"picked":"SKIP","floor":13},{"not_picked":["CrumblingArmor","SingingMachine"],"picked":"Scorched","floor":14},{"not_picked":["rorgmod:SQL Injection","Steam Power","Compile Driver","MostiFishMod:GoodWordForIt","MostiFishMod:FluxCapactior"],"picked":"SKIP","floor":14},{"not_picked":["Amplify","MostiFishMod:Exploitation","rorgmod:Thunder Strike","Multi-Cast"],"picked":"Rainbow","floor":16},{"not_picked":["BeautyBeast","GreedKing"],"picked":"ShyLook","floor":16},{"not_picked":["Steam Power+1","rorgmod:Hot Sockets","Static Discharge","rorgmod:Chaos"],"picked":"Loop","floor":18}],"player_experience":278538,"relics_obtained":[{"floor":1.0,"key":"SynthV:TestCard"},{"floor":1.0,"key":"LetterFromLob"},{"floor":6,"key":"Peace Pipe"},{"floor":9,"key":"Kunai"},{"floor":14,"key":"Du-Vu Doll"}],"event_choices":[{"damage_healed":0.0,"max_hp_gain":0.0,"max_hp_loss":0.0,"gold_gain":0.0,"cards_transformed":["Strike_B"],"event_name":"Transmorgrifier","player_choice":"Transformed","floor":2.0,"gold_loss":0.0,"damage_taken":0.0,"cards_obtained":["rorgmod:Biogeneration"]},{"cards_removed":["Strike_B"],"damage_healed":0,"gold_gain":0,"player_choice":"Card Removal","damage_taken":7,"max_hp_gain":0,"max_hp_loss":0,"event_name":"Golden Wing","floor":8,"gold_loss":0},{"damage_healed":0,"gold_gain":0,"player_choice":"Relic ","damage_taken":18,"max_hp_gain":0,"max_hp_loss":0,"event_name":"betterThird:BetterScrap","floor":10,"gold_loss":0,"cards_obtained":["MostiFishMod:FlyOverUtopia"]},{"damage_healed":0,"gold_gain":106,"player_choice":"RE GO ","damage_taken":27,"relics_obtained":["Omamori"],"max_hp_gain":0,"max_hp_loss":0,"event_name":"betterSkull:BetterSkull","floor":19,"gold_loss":0,"cards_upgraded":[]}],"is_beta":false,"boss_relics":[{"not_picked":["energizedSpire:EnergizedDie","FixedStarFall"],"picked":"MoonlightInvasionPlan"}],"items_purged_floors":[],"is_endless":false,"potions_floor_spawned":[1,11,13,14,16],"killed_by":"Gensokyo:CosmicMonolith","ascension_level":0}}