{"host":"udyc8f81k2jocuhg","time":1611193680,"event":{"mods":["2.2 Compatiblity","BaseMod","Better Third Choice","Colored Powertips","Conspire","Custom Start","GifTheSpireLib","Hermit","Minty Spire (QoL Compilation)","Permanent Neow","Quick Restart","Relic Filter","Relic Stats","Replay The Spire","Shop Mod","Spikes Relics","StSLib","Stuff the Spire"],"gold_per_floor":[117,136,38,54,54,85,85,116,141,141,169,169,179,104,104,183,183,203,203,215,225,235,235,267,267,267,284,311,323,353,19,19,92,92,106,126,51,76,76,104,119,119,174,201,201,218,246,257,257,257,257,257,68,103,103],"floor_reached":56,"language":"ENG","playtime":3878,"items_purged":["ReplayTheSpireMod:Doomed"],"score":2242,"play_id":"573eab8b-1b48-467d-a8c8-84f2891faf31","local_time":"20210121024800","is_ascension_mode":true,"campfire_choices":[{"data":"Neutralize","floor":7.0,"key":"SMITH"},{"data":"Dagger Spray","floor":10.0,"key":"SMITH"},{"data":"Dash","floor":12.0,"key":"SMITH"},{"data":"Cloak And Dagger","floor":15.0,"key":"SMITH"},{"data":"Cloak And Dagger","floor":23.0,"key":"SMITH"},{"data":"Leg Sweep","floor":25.0,"key":"SMITH"},{"floor":32.0,"key":"DIG"},{"floor":42,"key":"REST"},{"floor":45,"key":"RECALL"},{"floor":49,"key":"REST"},{"data":"Infinite Blades","floor":52,"key":"SMITH"}],"circlet_count":0,"master_deck":["AscendersBane","conspire:GhostlyStrike","conspire:GhostlyStrike","conspire:GhostlyStrike","conspire:GhostlyStrike","conspire:GhostlyStrike","conspire:GhostlyDefend","conspire:GhostlyDefend","conspire:GhostlyDefend","conspire:GhostlyDefend","conspire:GhostlyDefend","Survivor","Neutralize+1","Dagger Spray+1","Dash+1","Leg Sweep+1","Cloak And Dagger+1","Infinite Blades+1","Cloak And Dagger+1","Bandage Up","Deflect","PiercingWail","Cloak And Dagger"],"relics":["Ring of the Snake","StuffTheSpire:GrapeVine","ReplayTheSpireMod:CursedCoin","LugNut","Mango","Molten Egg 2","MiniBlackHole","Omamori","conspire:SpecialSausage","CeramicFish","conspire:Flyswatter","Art of War","SpikesRelics:ToyHorsey","StuffTheSpire:SapphireSignet","SlaversCollar","Ring of Hypnosis","Smiling Mask","Blood Vial","BicycleWheel","Happy Flower","StuffTheSpire:Experiment12","Letter Opener"],"acts_visited":["Exordium","TheCity","TheBeyond","TheEnding"],"potions_floor_usage":[54,54],"damage_taken":[{"damage":0.0,"enemies":"Jaw Worm","floor":1.0,"turns":5.0},{"damage":0.0,"enemies":"2 Louse","floor":2.0,"turns":3.0},{"damage":0.0,"enemies":"Small Slimes","floor":4.0,"turns":3.0},{"damage":15.0,"enemies":"Gremlin Nob","floor":6.0,"turns":4.0},{"damage":11.0,"enemies":"Lagavulin","floor":8.0,"turns":7.0},{"damage":0.0,"enemies":"3 Sentries","floor":11.0,"turns":7.0},{"damage":0.0,"enemies":"2 Fungi Beasts","floor":13.0,"turns":2.0},{"damage":0.0,"enemies":"Slime Boss","floor":16.0,"turns":9.0},{"damage":0.0,"enemies":"2 Thieves","floor":18.0,"turns":4.0},{"damage":5.0,"enemies":"Shell Parasite","floor":20.0,"turns":5.0},{"damage":1.0,"enemies":"Cultist and Chosen","floor":21.0,"turns":7.0},{"damage":2.0,"enemies":"Snecko","floor":22.0,"turns":7.0},{"damage":11.0,"enemies":"conspire:Head Lice","floor":24.0,"turns":10.0},{"damage":12.0,"enemies":"conspire:HollyBat","floor":27.0,"turns":7.0},{"damage":4.0,"enemies":"Replay:Snechameleon","floor":28.0,"turns":9.0},{"damage":4.0,"enemies":"Centurion and Healer","floor":29.0,"turns":7.0},{"damage":10.0,"enemies":"Book of Stabbing","floor":30.0,"turns":7.0},{"damage":18.0,"enemies":"Collector","floor":33.0,"turns":7.0},{"damage":26.0,"enemies":"3 Darklings","floor":35.0,"turns":8.0},{"damage":0.0,"enemies":"Orb Walker","floor":36.0,"turns":3.0},{"damage":11.0,"enemies":"Writhing Mass","floor":38.0,"turns":10.0},{"damage":21.0,"enemies":"Nemesis","floor":40.0,"turns":7.0},{"damage":15,"enemies":"Sphere and 2 Shapes","floor":41,"turns":5},{"damage":24,"enemies":"Reptomancer","floor":44,"turns":6},{"damage":4,"enemies":"Spire Growth","floor":46,"turns":5},{"damage":3,"enemies":"R_Hoarder","floor":47,"turns":5},{"damage":0,"enemies":"Transient","floor":48,"turns":5},{"damage":24,"enemies":"conspire:OrnateMirror","floor":50,"turns":11},{"damage":11,"enemies":"Shield and Spear","floor":54,"turns":7},{"damage":71,"enemies":"The Heart","floor":55,"turns":10}],"seed_played":"171248213223314443","potions_obtained":[{"floor":2.0,"key":"Adrenaline Potion"},{"floor":6.0,"key":"Adrenaline Potion"},{"floor":21.0,"key":"Energy Potion"},{"floor":28.0,"key":"EssenceOfSteel"},{"floor":36.0,"key":"Adrenaline Potion"},{"floor":41,"key":"DistilledChaos"},{"floor":46,"key":"Adrenaline Potion"}],"is_trial":false,"path_per_floor":["M","M","$","M","?","E","R","E","T","R","E","R","M","$","R","B",null,"M","?","M","M","M","R","E","R","T","M","E","M","E","$","R","B",null,"M","M","$","M","?","E","M","R","T","E","R","M","E","M","R","B",null,"R","$","E","B",null],"character_chosen":"THE_SILENT","items_purchased":["ReplayTheSpireMod:CursedCoin","LugNut","Infinite Blades","SpikesRelics:ToyHorsey","Bandage Up","StuffTheSpire:Experiment12","PiercingWail"],"campfire_rested":2,"item_purchase_floors":[3,3,14,31,37,53,53],"current_hp_per_floor":[59,59,59,59,59,58,58,47,47,47,47,47,47,47,47,47,72,72,72,67,66,64,64,53,53,53,41,37,33,23,23,23,7,62,36,36,36,33,33,20,15,39,39,25,25,31,38,44,68,54,74,74,74,69,6],"gold":103,"neow_bonus":"RANDOM_COMMON_RELIC","is_daily":false,"chose_seed":false,"campfire_upgraded":7,"win_rate":0.0,"timestamp":1611193680,"path_taken":["M","M","$","M","?","E","R","E","T","R","E","R","M","$","R","BOSS","M","?","M","M","M","R","E","R","T","M","E","M","E","$","R","BOSS","M","M","$","M","?","E","M","R","T","E","R","M","E","M","R","BOSS","R","$","E","BOSS"],"items_purchased_type":["Relic","Relic","Card","Relic","Card","Relic","Card"],"build_version":"2020-12-22","purchased_purges":1,"victory":true,"max_hp_per_floor":[66,66,66,66,66,80,80,80,80,80,80,80,80,80,80,80,80,80,80,80,80,80,80,80,80,80,80,80,80,80,80,80,80,80,80,80,80,80,80,80,80,80,80,80,80,80,80,80,80,80,80,80,80,80,80],"relic_stats":{"Blood Vial":14,"Happy Flower":[11],"counters":[30,186],"CeramicFish":36,"Art of War":[4],"Letter Opener":[25],"Smiling Mask":0,"obtain_stats":[{"Ring of Hypnosis":39,"Happy Flower":47,"ReplayTheSpireMod:CursedCoin":3,"CeramicFish":24,"Mango":6,"conspire:SpecialSausage":17,"StuffTheSpire:GrapeVine":0,"Omamori":11,"Letter Opener":54,"Smiling Mask":40,"StuffTheSpire:SapphireSignet":32,"Blood Vial":43,"SlaversCollar":34,"StuffTheSpire:Experiment12":53,"SpikesRelics:ToyHorsey":31,"MiniBlackHole":9,"Molten Egg 2":8,"Art of War":30,"LugNut":3,"BicycleWheel":44,"Ring of the Snake":0,"conspire:Flyswatter":28},{"Ring of Hypnosis":21,"Happy Flower":26,"ReplayTheSpireMod:CursedCoin":2,"CeramicFish":13,"Mango":4,"conspire:SpecialSausage":8,"StuffTheSpire:GrapeVine":0,"Omamori":6,"Letter Opener":29,"Smiling Mask":22,"StuffTheSpire:SapphireSignet":17,"Blood Vial":23,"SlaversCollar":18,"StuffTheSpire:Experiment12":28,"SpikesRelics:ToyHorsey":17,"MiniBlackHole":5,"Molten Egg 2":5,"Art of War":17,"LugNut":2,"BicycleWheel":24,"Ring of the Snake":0,"conspire:Flyswatter":15},{"Ring of Hypnosis":125,"Happy Flower":153,"ReplayTheSpireMod:CursedCoin":8,"CeramicFish":69,"Mango":14,"conspire:SpecialSausage":38,"StuffTheSpire:GrapeVine":0,"Omamori":27,"Letter Opener":176,"Smiling Mask":132,"StuffTheSpire:SapphireSignet":97,"Blood Vial":137,"SlaversCollar":104,"StuffTheSpire:Experiment12":169,"SpikesRelics:ToyHorsey":97,"MiniBlackHole":20,"Molten Egg 2":20,"Art of War":97,"LugNut":8,"BicycleWheel":143,"Ring of the Snake":0,"conspire:Flyswatter":84}],"Ring of the Snake":[60]},"card_choices":[{"not_picked":["Crippling Poison","Slice"],"picked":"Dagger Spray","floor":1.0},{"not_picked":["StuffTheSpire:ClusterCrunch","Deadly Poison","Calculated Gamble"],"picked":"SKIP","floor":2.0},{"not_picked":["ReplayTheSpireMod:Shiv Toss","Quick Slash","Flying Knee"],"picked":"SKIP","floor":4.0},{"not_picked":["Poisoned Stab","Prepared"],"picked":"Dash","floor":6.0},{"not_picked":["Skewer+1","Outmaneuver"],"picked":"Leg Sweep","floor":8.0},{"not_picked":["Slice+1","Hidden Blade","Backflip"],"picked":"SKIP","floor":11.0},{"not_picked":["Sucker Punch+1","Bane+1"],"picked":"Cloak And Dagger","floor":13.0},{"not_picked":["Deflect","ReplayTheSpireMod:Shiv Toss"],"picked":"Cloak And Dagger","floor":18.0},{"not_picked":["Bouncing Flask","Hidden Blade","Bane+1"],"picked":"SKIP","floor":20.0},{"not_picked":["Tactician","Quick Slash+1","StuffTheSpire:ClusterCrunch+1"],"picked":"SKIP","floor":21.0},{"not_picked":["Sucker Punch+1","Riddle With Holes+1","Doppelganger"],"picked":"SKIP","floor":22.0},{"not_picked":["Hidden Blade+1","Setup+1","Underhanded Strike+1"],"picked":"SKIP","floor":24.0},{"not_picked":["Endless Agony+1","Flechettes+1","Bane+1"],"picked":"SKIP","floor":27.0},{"not_picked":["Draining Mist","Blur","Dodge and Roll+1"],"picked":"SKIP","floor":28.0},{"not_picked":["Deadly Poison","ReplayTheSpireMod:Scrap Shanks","Underhanded Strike+1"],"picked":"SKIP","floor":29.0},{"not_picked":["Dodge and Roll","Dagger Spray+1","Endless Agony+1"],"picked":"SKIP","floor":30.0},{"not_picked":["StuffTheSpire:Python","Flying Knee+1","Catalyst+1"],"picked":"SKIP","floor":35.0},{"not_picked":["Deadly Poison","Draining Mist","Acrobatics"],"picked":"SKIP","floor":36.0},{"not_picked":["StuffTheSpire:BumpUp+1","Terror"],"picked":"Deflect","floor":38.0},{"not_picked":["Skewer+1","ReplayTheSpireMod:The Works","Hidden Blade"],"picked":"SKIP","floor":40.0},{"not_picked":["Prepared+1","Bullet Time","StuffTheSpire:Python+1"],"picked":"SKIP","floor":41},{"not_picked":["StuffTheSpire:BumpUp+1","StuffTheSpire:Injection+1","StuffTheSpire:BrimstoneBlast+1"],"picked":"SKIP","floor":44},{"not_picked":["ReplayTheSpireMod:Shiv Toss","Deadly Poison","StuffTheSpire:ClusterCrunch+1"],"picked":"SKIP","floor":46},{"not_picked":["Dagger Spray+1","StuffTheSpire:Shiver","Venomology"],"picked":"SKIP","floor":47},{"not_picked":["Dagger Throw+1","ReplayTheSpireMod:Tripwire","ShadowRift+1"],"picked":"SKIP","floor":48},{"not_picked":["ReplayTheSpireMod:Speed Training+1","Prepared"],"picked":"Cloak And Dagger","floor":54}],"player_experience":2012397,"relics_obtained":[{"floor":6.0,"key":"Mango"},{"floor":8.0,"key":"Molten Egg 2"},{"floor":9.0,"key":"MiniBlackHole"},{"floor":11.0,"key":"Omamori"},{"floor":24.0,"key":"CeramicFish"},{"floor":28.0,"key":"conspire:Flyswatter"},{"floor":30.0,"key":"Art of War"},{"floor":32.0,"key":"StuffTheSpire:SapphireSignet"},{"floor":39.0,"key":"Ring of Hypnosis"},{"floor":40.0,"key":"Smiling Mask"},{"floor":43,"key":"Blood Vial"},{"floor":44,"key":"BicycleWheel"},{"floor":47,"key":"Happy Flower"},{"floor":54,"key":"Letter Opener"}],"event_choices":[{"damage_healed":0.0,"max_hp_gain":0.0,"max_hp_loss":0.0,"gold_gain":0.0,"event_name":"conspire:LoneGhost","player_choice":"Agree","floor":5.0,"gold_loss":0.0,"damage_taken":0.0},{"damage_healed":0.0,"max_hp_gain":0.0,"max_hp_loss":0.0,"gold_gain":0.0,"event_name":"Vampires","player_choice":"Ignored","floor":19.0,"gold_loss":0.0,"damage_taken":0.0}],"is_beta":false,"boss_relics":[{"not_picked":["conspire:SlowCooker","conspire:SeveredTorchhead"],"picked":"conspire:SpecialSausage"},{"not_picked":["HoveringKite","Painkiller Herb"],"picked":"SlaversCollar"}],"items_purged_floors":[31],"is_endless":false,"potions_floor_spawned":[2,6,11,21,28,30,36,41,46,48],"ascension_level":15}}