{"host":"ohasw6cj6ginaxmb","time":1611192630,"event":{"mods":["AchievementEnabler","Aspiration","BaseMod","BetterRewards","CapriCore","Card Forge","Colored Map","Friendly Minions","GifTheSpireLib","GungeonMod","Hubris","Lobotomy","LobotomyExtend","Minty Spire (QoL Compilation)","Replay The Spire","StSLib","The Bladedancer","The Necromancer"],"gold_per_floor":[116,128,128,128,141,151,226,244,260,260],"floor_reached":4,"language":"ENG","playtime":578,"items_purged":[],"score":32,"play_id":"23bf46ec-4dbf-4b48-b263-2af69b8432ac","local_time":"20210120203030","is_ascension_mode":false,"campfire_choices":[],"circlet_count":0,"master_deck":["Strike_R+1","Strike_R","Strike_R","Strike_R","Strike_R","Defend_R","Defend_R","Defend_R","Defend_R","Bash","Anger","Life Link","Flex","Shrug It Off","Seeing Red","Armaments","Inflame","Searing Blow"],"relics":["Burning Blood","Peace Pipe","LaetitiaHeart","DemoMod:GlassGuonStoneRelic","LetterFromLob"],"acts_visited":["Exordium"],"potions_floor_usage":[],"damage_taken":[{"damage":7.0,"enemies":"2 Louse","floor":1.0,"turns":3.0},{"damage":3.0,"enemies":"Jaw Worm","floor":2.0,"turns":5.0},{"damage":0.0,"enemies":"Small Slimes","floor":5.0,"turns":3.0},{"damage":6.0,"enemies":"3 Sentries","floor":6.0,"turns":2.0},{"damage":6.0,"enemies":"Jaw Worm","floor":1.0,"turns":2.0},{"damage":0.0,"enemies":"Cultist","floor":3.0,"turns":3.0},{"damage":0.0,"enemies":"Small Slimes","floor":4.0,"turns":3.0}],"seed_played":"1812135066788186670","potions_obtained":[{"floor":1.0,"key":"ColorlessPotion"},{"floor":5.0,"key":"Regen Potion"},{"floor":1.0,"key":"Adrenaline Potion"}],"is_trial":false,"path_per_floor":["M","M","?","?","M","E","M","?","M","M"],"character_chosen":"IRONCLAD","items_purchased":["Anger","Life Link"],"campfire_rested":0,"item_purchase_floors":[0,0],"current_hp_per_floor":[79,80,73,73,79,80,69,75,80,80],"gold":260,"neow_bonus":"","is_daily":false,"chose_seed":false,"campfire_upgraded":0,"win_rate":0.0,"timestamp":1611192630,"path_taken":["M","M","?","?","M","E","M","?","M","M"],"items_purchased_type":["Card","Card"],"build_version":"2020-12-22","purchased_purges":0,"victory":false,"max_hp_per_floor":[80,80,80,80,80,80,80,80,80,80],"card_choices":[{"not_picked":["Heavy Blade","Sword Boomerang"],"picked":"Flex","floor":1.0},{"not_picked":["Sword Boomerang","Rupture"],"picked":"Shrug It Off","floor":2.0},{"not_picked":["Evolve","Heavy Blade"],"picked":"Seeing Red","floor":5.0},{"not_picked":["Hemokinesis","DemoMod:BlackBlade"],"picked":"Armaments","floor":1.0},{"not_picked":["Twin Strike","Anger"],"picked":"Inflame","floor":3.0},{"not_picked":["Combust","Headbutt"],"picked":"Searing Blow","floor":4}],"player_experience":44117,"relics_obtained":[{"floor":1.0,"key":"LetterFromLob"},{"floor":1.0,"key":"LetterFromLob"}],"event_choices":[{"damage_healed":0.0,"max_hp_gain":0.0,"max_hp_loss":0.0,"gold_gain":0.0,"event_name":"Scrap Ooze","player_choice":"Success","floor":3.0,"gold_loss":0.0,"damage_taken":7.0,"relics_obtained":["Peace Pipe"]},{"damage_healed":0.0,"max_hp_gain":0.0,"max_hp_loss":0.0,"gold_gain":75.0,"event_name":"World of Goop","player_choice":"Gather Gold","floor":2.0,"gold_loss":0.0,"damage_taken":11.0}],"is_beta":false,"boss_relics":[],"items_purged_floors":[],"is_endless":false,"potions_floor_spawned":[1,5,1],"killed_by":"Small Slimes","ascension_level":0}}