{"host":"tq99ucv8ezzqzioe","time":1611242702,"event":{"mods":["BaseMod","Colored Map","Downfall","Highlight Path","Minty Spire (QoL Compilation)","StSLib"],"gold_per_floor":[113,133,133,83,8,8,42,42,114,138,163,163,180,180,180,180,180],"floor_reached":16,"language":"ENG","playtime":695,"items_purged":["Strike_R"],"score":133,"play_id":"c967592e-7faa-450d-b976-e6c475c70227","local_time":"20210121102502","is_ascension_mode":true,"campfire_choices":[{"data":"Bash","floor":6,"key":"SMITH"},{"data":"Pommel Strike","floor":8,"key":"SMITH"},{"floor":12,"key":"RECALL"},{"floor":15,"key":"REST"}],"circlet_count":0,"master_deck":["Strike_R+1","Strike_R","Strike_R","Defend_R","Defend_R","Defend_R","Defend_R","Bash+1","Whirlwind","Pommel Strike+1","Battle Trance+1","Entrench+1","Bludgeon"],"relics":["Burning Blood","Dead Branch","Toxic Egg 2","PreservedInsect"],"acts_visited":["Exordium"],"potions_floor_usage":[7,11,16],"damage_taken":[{"damage":7,"enemies":"Jaw Worm","floor":1,"turns":3},{"damage":5,"enemies":"Small Slimes","floor":2,"turns":3},{"damage":30,"enemies":"Lagavulin","floor":7,"turns":5},{"damage":36,"enemies":"Gremlin Nob","floor":11,"turns":5},{"damage":0,"enemies":"Cultist","floor":13,"turns":3},{"damage":52,"enemies":"Slime Boss","floor":16,"turns":8}],"seed_played":"3306431772185220533","potions_obtained":[{"floor":1,"key":"LiquidMemories"},{"floor":2,"key":"Weak Potion"},{"floor":11,"key":"Explosive Potion"}],"is_trial":false,"path_per_floor":["M","M","?","?","$","R","E","R","T","T","E","R","M","?","R","B"],"character_chosen":"IRONCLAD","items_purchased":[],"campfire_rested":1,"item_purchase_floors":[],"current_hp_per_floor":[87,88,88,88,88,88,64,64,64,64,34,34,40,22,48,0,0],"gold":180,"neow_bonus":"TEN_PERCENT_HP_BONUS","is_daily":false,"chose_seed":false,"campfire_upgraded":2,"win_rate":0.0,"timestamp":1611242702,"path_taken":["M","M","?","?","?","R","E","R","T","?","E","R","M","?","R","BOSS"],"items_purchased_type":[],"build_version":"2020-12-22","purchased_purges":1,"victory":false,"max_hp_per_floor":[88,88,88,88,88,88,88,88,88,88,88,88,88,88,88,88,88],"card_choices":[{"not_picked":["Flex","Evolve"],"picked":"Whirlwind","floor":1},{"not_picked":["Cleave","True Grit"],"picked":"Pommel Strike","floor":2},{"not_picked":["Carnage","Flex"],"picked":"Battle Trance","floor":7},{"not_picked":["Warcry+1","Burning Pact+1"],"picked":"Entrench+1","floor":11},{"not_picked":["Uppercut","Perfected Strike"],"picked":"Bludgeon","floor":13}],"player_experience":715438,"relics_obtained":[{"floor":7,"key":"Dead Branch"},{"floor":9,"key":"Toxic Egg 2"},{"floor":11,"key":"PreservedInsect"}],"event_choices":[{"damage_healed":0,"gold_gain":0,"player_choice":"Ignored","damage_taken":0,"max_hp_gain":0,"max_hp_loss":0,"event_name":"Liars Game","floor":3,"gold_loss":0},{"cards_removed":["Strike_R"],"damage_healed":0,"gold_gain":0,"player_choice":"Card Removal","damage_taken":0,"max_hp_gain":0,"max_hp_loss":0,"event_name":"The Cleric","floor":4,"gold_loss":50},{"damage_healed":0,"gold_gain":0,"player_choice":"Entered Light","damage_taken":18,"max_hp_gain":0,"max_hp_loss":0,"event_name":"Shining Light","floor":14,"gold_loss":0,"cards_upgraded":["Strike_R","Battle Trance"]}],"is_beta":false,"boss_relics":[],"items_purged_floors":[5],"is_endless":false,"potions_floor_spawned":[1,2,11],"killed_by":"Slime Boss","ascension_level":5}}