{"host":"pec1bvkeldr5yzx1","time":1611245162,"event":{"mods":["ATMod(°¢èªMod)","AchievementEnabler","Act Like it!","Aspiration","BaseMod","Better Altar","Better Match","Better Sensory Stone","Better Skull","Better Vampires","BetterRewards","Conspire","Dota2Spire","Energized Spire","Friendly Minions","GifTheSpireLib","Hubris","Minty Spire (QoL Compilation)","Replay The Spire","Spicy Shops","StSLib","Stuff the Spire","SuperFastMode","vexMod","óô»ðÖ¸ÄÏ"],"gold_per_floor":[113,113,138,138,163,206,206,219,219,219,219,219,219,263,263,383,383,408,408,408,408,433,433,433],"floor_reached":23,"language":"ZHS","playtime":836,"items_purged":[],"score":246,"play_id":"10048ac3-4322-4cfe-9ba4-c911c9dfce3a","local_time":"20210122000602","is_ascension_mode":true,"campfire_choices":[{"floor":7,"key":"RECALL"},{"data":"Armaments","floor":10,"key":"SMITH"},{"data":"StuffTheSpire:RockThrow","floor":15,"key":"SMITH"}],"circlet_count":0,"master_deck":["Strike_R","Strike_R","Strike_R","Strike_R","Strike_R","Defend_R","Defend_R","Defend_R","Defend_R","Bash","StuffTheSpire:RockThrow+1","Pommel Strike+1","Fire Breathing+1","conspire:ExplosiveBarrier","Clothesline","Injury","Flex","ReplayTheSpireMod:Stacked","StuffTheSpire:Slingshot","Perfected Strike+1","Cleave","Juggernaut","Evaluate+1","StuffTheSpire:Brawn","Pain","JustLucky+1"],"relics":["Burning Blood","AT_ATBox","Membership Card","aspiration:Nostalgia","StuffTheSpire:OccultApparatus","Replay:Wax Seal","Boot","Quantum Egg","conspire:InfiniteJournal","Du-Vu Doll","StuffTheSpire:Expresso","Golden Idol","Dota2Spire:ShadowBlade","AT_SilverBalance","Pen Nib","aspiration:WatcherSkillbook","Frozen Egg 2"],"acts_visited":["Exordium","TheCity"],"potions_floor_usage":[16,16,16],"damage_taken":[{"damage":10,"enemies":"Cultist","floor":1,"turns":4},{"damage":0,"enemies":"Small Slimes","floor":3,"turns":2},{"damage":0,"enemies":"2 Louse","floor":5,"turns":2},{"damage":20,"enemies":"3 Sentries","floor":6,"turns":4},{"damage":6,"enemies":"Exordium Wildlife","floor":8,"turns":2},{"damage":16,"enemies":"Gremlin Nob","floor":14,"turns":3},{"damage":20,"enemies":"Fading Forest","floor":16,"turns":11},{"damage":11,"enemies":"Shell Parasite","floor":18,"turns":4},{"damage":23,"enemies":"3 Byrds","floor":22,"turns":4},{"damage":46,"enemies":"Book of Stabbing","floor":23,"turns":4}],"seed_played":"6621544084238385048","potions_obtained":[{"floor":3,"key":"Weak Potion"},{"floor":5,"key":"FearPotion"},{"floor":6,"key":"Block Potion"}],"is_trial":false,"path_per_floor":["M","?","M","?","M","E","R","M","T","R","?","$","?","E","R","B",null,"M","?","?","T","M","E"],"character_chosen":"IRONCLAD","items_purchased":["Membership Card","aspiration:Nostalgia","Replay:Wax Seal","Boot","Quantum Egg","Pommel Strike+1","Fire Breathing+1","conspire:ExplosiveBarrier","AT_SilverBalance"],"campfire_rested":0,"item_purchase_floors":[0,0,0,0,0,0,0,0,12],"current_hp_per_floor":[40,40,46,46,52,38,38,38,38,38,38,22,22,30,30,26,67,35,35,35,35,23,0,0],"gold":433,"neow_bonus":"","is_daily":false,"chose_seed":false,"campfire_upgraded":2,"win_rate":0.0,"timestamp":1611245162,"path_taken":["M","?","M","?","?","E","R","M","T","R","?","?","?","E","R","BOSS","M","?","?","?","M","E"],"items_purchased_type":["Relic","Relic","Relic","Relic","Relic","Card","Card","Card","Relic"],"build_version":"2020-12-22","purchased_purges":0,"victory":false,"max_hp_per_floor":[80,80,80,80,80,80,80,80,80,80,80,80,80,80,80,80,80,80,80,80,80,80,80,80],"card_choices":[{"not_picked":["ReplayTheSpireMod:Limb From Limb","Dagger Throw"],"picked":"Clothesline","floor":1},{"not_picked":["Blood for Blood","ThirdEye"],"picked":"Flex","floor":3},{"not_picked":["Pummel","Ghostly Armor"],"picked":"ReplayTheSpireMod:Stacked","floor":5},{"not_picked":["SashWhip","Crescendo"],"picked":"StuffTheSpire:Slingshot","floor":6},{"not_picked":["ReplayTheSpireMod:LeadingStrike","Havoc"],"picked":"Armaments","floor":8},{"not_picked":["Dagger Throw","Brutality"],"picked":"Cleave","floor":14},{"not_picked":["Replay:Many Hands","Offering"],"picked":"Juggernaut","floor":16},{"not_picked":["Replay:ManipulateFuture","Iron Wave","StuffTheSpire:Incineration"],"picked":"Evaluate+1","floor":18},{"not_picked":["Headbutt","PathToVictory","conspire:Purge"],"picked":"JustLucky+1","floor":22}],"player_experience":93892,"relics_obtained":[{"floor":6,"key":"Dota2Spire:ShadowBlade"},{"floor":14,"key":"Pen Nib"},{"floor":21,"key":"Frozen Egg 2"}],"event_choices":[{"damage_healed":0,"gold_gain":0,"player_choice":"Take Wound","damage_taken":0,"relics_obtained":["Golden Idol"],"max_hp_gain":0,"max_hp_loss":0,"event_name":"Golden Idol","floor":2,"gold_loss":0,"cards_obtained":["Injury"]},{"damage_healed":0,"gold_gain":0,"player_choice":"Bought 0 Potions","damage_taken":0,"max_hp_gain":0,"max_hp_loss":0,"event_name":"The Woman in Blue","floor":4,"gold_loss":0}],"is_beta":false,"boss_relics":[{"not_picked":["AT_MortalBlade","hubris:ScarierMask"],"picked":"aspiration:WatcherSkillbook"}],"items_purged_floors":[],"is_endless":false,"potions_floor_spawned":[3,5,6],"killed_by":"Book of Stabbing","ascension_level":5}}