{"host":"uzp1tn8qxn9571p9","time":1611220202,"event":{"mods":["BaseMod","Colored Map","Colored Powertips","Hermit","Minty Spire (QoL Compilation)","Shop Mod","StSLib","The Hierophant","óô»ðÖ¸ÄÏ"],"gold_per_floor":[110,110,128,145,161,161,161,175,201,227,238,43,43,55,55,157,157,167,186,198,16,16,16,43,43,68,79,114,114,114,126,126,226,226,243,259,4,4,4,4,18,29,54,80,80,80,93,93,93],"floor_reached":48,"language":"ZHS","playtime":2783,"items_purged":["hermit:Strike_Hermit","hermit:HighCaliber"],"score":557,"play_id":"5922a4cd-af18-4ef7-99da-5fac4fdd67d8","local_time":"20210121171002","is_ascension_mode":true,"campfire_choices":[{"data":"hermit:EyeOfTheStorm","floor":6.0,"key":"SMITH"},{"data":"hermit:HighCaliber","floor":13.0,"key":"SMITH"},{"data":"hermit:Maintenance","floor":15.0,"key":"SMITH"},{"data":"hermit:CalledShot","floor":23.0,"key":"SMITH"},{"data":"hermit:FatalDesire","floor":29.0,"key":"SMITH"},{"data":"hermit:HighCaliber","floor":32.0,"key":"SMITH"},{"data":"hermit:OverwhelmingPower","floor":40,"key":"SMITH"},{"data":"Secret Weapon","floor":45,"key":"SMITH"}],"circlet_count":0,"master_deck":["hermit:Strike_Hermit+1","hermit:Defend_Hermit+1","hermit:Defend_Hermit+1","hermit:Defend_Hermit+1","hermit:Defend_Hermit+1","hermit:Snapshot","hermit:Covet+1","hermit:Spite+1","hermit:HighCaliber+1","hermit:EyeOfTheStorm+1","hermit:HighCaliber+1","hermit:BodyArmor+1","hermit:CalledShot+1","hermit:Maintenance+1","hermit:RoundhouseKick","hermit:BodyArmor+1","hermit:Glare","hermit:Deadeye","hermit:FatalDesire+1","hermit:OverwhelmingPower+1","Secret Weapon+1","hermit:Gestalt+1","hermit:Gestalt+1","hermit:TakeCover+1"],"relics":["hermit:Momento","Regal Pillow","Bag of Marbles","MerchantsRug","Runic Pyramid","ClockworkSouvenir","Pen Nib","Smiling Mask","Busted Crown","Bottled Tornado","Frozen Egg 2"],"acts_visited":["Exordium","TheCity","TheBeyond"],"potions_floor_usage":[33,36,36,46],"damage_taken":[{"damage":7.0,"enemies":"Small Slimes","floor":1.0,"turns":4.0},{"damage":0.0,"enemies":"Cultist","floor":3.0,"turns":3.0},{"damage":7.0,"enemies":"Jaw Worm","floor":4.0,"turns":2.0},{"damage":13.0,"enemies":"Exordium Thugs","floor":5.0,"turns":4.0},{"damage":4.0,"enemies":"3 Louse","floor":8.0,"turns":2.0},{"damage":17.0,"enemies":"3 Sentries","floor":10.0,"turns":7.0},{"damage":7.0,"enemies":"Large Slime","floor":11.0,"turns":3.0},{"damage":0.0,"enemies":"2 Fungi Beasts","floor":14.0,"turns":2.0},{"damage":8.0,"enemies":"Hexaghost","floor":16.0,"turns":7.0},{"damage":2.0,"enemies":"3 Byrds","floor":18.0,"turns":5.0},{"damage":11.0,"enemies":"2 Thieves","floor":19.0,"turns":3.0},{"damage":4.0,"enemies":"Centurion and Healer","floor":20.0,"turns":5.0},{"damage":9.0,"enemies":"Gremlin Leader","floor":24.0,"turns":6.0},{"damage":8.0,"enemies":"Snake Plant","floor":27.0,"turns":2.0},{"damage":4.0,"enemies":"Slavers","floor":28.0,"turns":6.0},{"damage":12.0,"enemies":"Chosen and Byrds","floor":31.0,"turns":3.0},{"damage":17,"enemies":"Automaton","floor":33,"turns":11},{"damage":22,"enemies":"3 Darklings","floor":35,"turns":4},{"damage":4,"enemies":"3 Shapes","floor":36,"turns":2},{"damage":14,"enemies":"Transient","floor":41,"turns":5},{"damage":13,"enemies":"3 Darklings","floor":42,"turns":3},{"damage":17,"enemies":"Nemesis","floor":44,"turns":5},{"damage":10,"enemies":"4 Shapes","floor":46,"turns":1},{"damage":0,"enemies":"Spire Growth","floor":47,"turns":3},{"damage":2,"enemies":"Transient","floor":48,"turns":2}],"seed_played":"-8010875661259043632","potions_obtained":[{"floor":3.0,"key":"Weak Potion"},{"floor":8.0,"key":"ColorlessPotion"},{"floor":11.0,"key":"LiquidBronze"},{"floor":14.0,"key":"Ancient Potion"},{"floor":18.0,"key":"EssenceOfSteel"},{"floor":20.0,"key":"Regen Potion"},{"floor":24.0,"key":"Regen Potion"},{"floor":30.0,"key":"CultistPotion"},{"floor":30.0,"key":"LiquidMemories"},{"floor":33,"key":"DistilledChaos"},{"floor":44,"key":"SmokeBomb"},{"floor":47,"key":"hermit:Eclipse"}],"is_trial":false,"path_per_floor":["M","?","M","M","M","R","?","M","T","E","M","$","R","M","R","B",null,"M","M","M","$","?","R","E","?","T","M","E","R","?","M","R","B",null,"M","M","$","?","?","R","M","M","T","E","R","M","M","M"],"character_chosen":"HERMIT","items_purchased":["MerchantsRug","ClockworkSouvenir","Fruit Juice","Bottled Tornado"],"campfire_rested":0,"item_purchase_floors":[12,21,21,37],"current_hp_per_floor":[75,75,75,68,55,55,55,51,51,34,27,27,27,27,27,19,82,80,69,65,70,70,70,61,61,61,53,49,49,49,37,37,20,87,65,66,66,66,56,56,42,29,29,12,12,2,2,0,0],"gold":93,"neow_bonus":"TEN_PERCENT_HP_BONUS","is_daily":false,"chose_seed":false,"campfire_upgraded":8,"win_rate":0.0,"timestamp":1611220202,"path_taken":["M","?","M","?","?","R","?","M","T","E","M","?","R","?","R","BOSS","M","M","M","$","?","R","E","?","T","M","E","R","?","M","R","BOSS","M","?","$","?","?","R","M","M","T","E","R","?","M","M"],"items_purchased_type":["Relic","Relic","Potion","Relic"],"build_version":"2020-12-22","purchased_purges":2,"victory":false,"max_hp_per_floor":[82,82,82,82,82,82,82,82,82,82,82,82,82,82,82,82,82,82,82,82,87,87,87,87,87,87,87,87,87,87,87,87,87,87,87,87,87,87,87,87,87,87,87,87,87,87,87,87,87],"card_choices":[{"not_picked":["hermit:Dive","hermit:Coalescence"],"picked":"hermit:Spite","floor":1.0},{"not_picked":["hermit:Combo","hermit:Snipe"],"picked":"hermit:HighCaliber","floor":3.0},{"not_picked":["hermit:CalledShot","hermit:Quickdraw"],"picked":"hermit:EyeOfTheStorm","floor":4.0},{"not_picked":["hermit:LowProfile","hermit:Headshot"],"picked":"hermit:HighCaliber","floor":5.0},{"not_picked":["hermit:Vantage","hermit:Snipe"],"picked":"hermit:HighCaliber","floor":8.0},{"not_picked":["hermit:BlackWind","hermit:Manifest"],"picked":"hermit:BodyArmor","floor":10.0},{"not_picked":["hermit:HoleUp","hermit:Ricochet"],"picked":"hermit:CalledShot","floor":11.0},{"not_picked":["hermit:Vantage","hermit:Midnight"],"picked":"hermit:Maintenance","floor":14.0},{"not_picked":["hermit:OverwhelmingPower","hermit:Gambit"],"picked":"hermit:RoundhouseKick","floor":16.0},{"not_picked":["hermit:TrackingShot","hermit:HighCaliber"],"picked":"hermit:BodyArmor+1","floor":18.0},{"not_picked":["hermit:Snipe+1","hermit:Vantage","hermit:Grudge"],"picked":"SKIP","floor":19.0},{"not_picked":["hermit:Snipe+1","hermit:GhostlyPresence+1"],"picked":"hermit:Glare","floor":20.0},{"not_picked":["hermit:Grudge","hermit:PistolWhip"],"picked":"hermit:Deadeye","floor":24.0},{"not_picked":["hermit:LowProfile+1","hermit:Grudge+1","hermit:LuckOfTheDraw+1"],"picked":"SKIP","floor":27.0},{"not_picked":["hermit:Spite","hermit:BodyArmor"],"picked":"hermit:FatalDesire","floor":28.0},{"not_picked":["hermit:HighCaliber","hermit:Dive","hermit:Feint+1"],"picked":"SKIP","floor":31.0},{"not_picked":["hermit:Dissolve","hermit:FromBeyond"],"picked":"hermit:OverwhelmingPower","floor":33},{"not_picked":["hermit:BigShot"],"picked":"SKIP","floor":35},{"not_picked":["hermit:Horror"],"picked":"SKIP","floor":36},{"not_picked":[],"picked":"Secret Weapon","floor":39},{"not_picked":[],"picked":"hermit:Gestalt+1","floor":41},{"not_picked":[],"picked":"hermit:Gestalt+1","floor":42},{"not_picked":["hermit:Feint+1"],"picked":"SKIP","floor":44},{"not_picked":[],"picked":"hermit:TakeCover+1","floor":47}],"player_experience":364805,"relics_obtained":[{"floor":9.0,"key":"Regal Pillow"},{"floor":10.0,"key":"Bag of Marbles"},{"floor":24.0,"key":"Pen Nib"},{"floor":26.0,"key":"War Paint"},{"floor":28.0,"key":"Smiling Mask"},{"floor":44,"key":"Frozen Egg 2"}],"event_choices":[{"damage_healed":0.0,"max_hp_gain":0.0,"max_hp_loss":0.0,"gold_gain":0.0,"event_name":"Upgrade Shrine","player_choice":"Upgraded","floor":2.0,"gold_loss":0.0,"damage_taken":0.0,"cards_upgraded":["hermit:Spite"]},{"cards_removed":["hermit:Strike_Hermit"],"damage_healed":0.0,"max_hp_gain":0.0,"max_hp_loss":0.0,"gold_gain":0.0,"event_name":"Purifier","player_choice":"Purged","floor":7.0,"gold_loss":0.0,"damage_taken":0.0},{"damage_healed":0.0,"max_hp_gain":0.0,"max_hp_loss":0.0,"gold_gain":0.0,"event_name":"Back to Basics","player_choice":"Simplicity","floor":22.0,"gold_loss":0.0,"damage_taken":0.0,"cards_upgraded":["hermit:Strike_Hermit","hermit:Strike_Hermit","hermit:Defend_Hermit","hermit:Defend_Hermit","hermit:Defend_Hermit","hermit:Defend_Hermit"]},{"damage_healed":0.0,"max_hp_gain":0.0,"max_hp_loss":0.0,"gold_gain":0.0,"event_name":"Ghosts","player_choice":"Ignored","floor":25.0,"gold_loss":0.0,"damage_taken":0.0},{"damage_healed":0.0,"max_hp_gain":0.0,"max_hp_loss":0.0,"gold_gain":0.0,"event_name":"Lab","player_choice":"Got Potions","floor":30.0,"gold_loss":0.0,"damage_taken":0.0},{"cards_removed":["hermit:Strike_Hermit"],"damage_healed":0,"gold_gain":0,"player_choice":"Removed Attack","damage_taken":0,"max_hp_gain":0,"max_hp_loss":0,"event_name":"Falling","floor":38,"gold_loss":0},{"damage_healed":0,"gold_gain":0,"player_choice":"Memory 3","damage_taken":10,"max_hp_gain":0,"max_hp_loss":0,"event_name":"SensoryStone","floor":39,"gold_loss":0}],"is_beta":false,"boss_relics":[{"not_picked":["Fusion Hammer","SlaversCollar"],"picked":"Runic Pyramid"},{"not_picked":["Runic Dome","SacredBark"],"picked":"Busted Crown"}],"items_purged_floors":[12,37],"is_endless":false,"potions_floor_spawned":[3,8,11,14,18,20,24,33,35,44,46,47],"killed_by":"Transient","ascension_level":2}}