{"host":"l5xpox9cbdko122s","time":1611242259,"event":{"mods":["AchievementEnabler","BaseMod","Better Skull","Colored Map","Colored Powertips","Curses Come First","Displayed Cursed Tome","Hermit","Highlight Path","Minty Spire (QoL Compilation)","Quick Restart","Shop Mod","StSLib"],"gold_per_floor":[115,115,135,147,22,56,67,32,78,78,78,96,96,117,117,117,117],"floor_reached":16,"language":"ENG","playtime":766,"items_purged":[],"score":102,"play_id":"a59078d7-db5b-4072-abca-1d46346c26af","local_time":"20210121101739","is_ascension_mode":false,"campfire_choices":[{"floor":13,"key":"REST"},{"floor":15,"key":"REST"}],"circlet_count":0,"master_deck":["hermit:Strike_Hermit","hermit:Strike_Hermit","hermit:Strike_Hermit","hermit:Strike_Hermit","hermit:Defend_Hermit","hermit:Defend_Hermit","hermit:Defend_Hermit","hermit:Defend_Hermit","hermit:Snapshot","hermit:Covet","hermit:Snipe","hermit:FinalCanter","hermit:TakeAim","hermit:GhostlyPresence","hermit:TrackingShot","hermit:BigShot","hermit:Virtue"],"relics":["hermit:Momento","NeowsBlessing","Question Card","Golden Idol"],"acts_visited":["Exordium"],"potions_floor_usage":[6,7],"damage_taken":[{"damage":0,"enemies":"Jaw Worm","floor":1,"turns":1},{"damage":0,"enemies":"Cultist","floor":3,"turns":1},{"damage":0,"enemies":"Small Slimes","floor":4,"turns":1},{"damage":46,"enemies":"Lagavulin","floor":6,"turns":7},{"damage":2,"enemies":"Blue Slaver","floor":7,"turns":2},{"damage":17,"enemies":"2 Fungi Beasts","floor":12,"turns":4},{"damage":30,"enemies":"Red Slaver","floor":14,"turns":5},{"damage":49,"enemies":"Slime Boss","floor":16,"turns":6}],"seed_played":"-8760299586349931872","potions_obtained":[{"floor":3,"key":"EssenceOfSteel"},{"floor":6,"key":"hermit:Eclipse"}],"is_trial":false,"path_per_floor":["M","?","M","M","$","E","M","?","T","?","?","M","R","M","R","B"],"character_chosen":"HERMIT","items_purchased":["hermit:TrackingShot","hermit:BigShot"],"campfire_rested":2,"item_purchase_floors":[5,5],"current_hp_per_floor":[75,75,75,75,75,29,27,45,45,45,45,28,50,20,42,0,0],"gold":117,"neow_bonus":"THREE_ENEMY_KILL","is_daily":false,"chose_seed":false,"campfire_upgraded":0,"win_rate":0.0,"timestamp":1611242259,"path_taken":["M","?","?","M","$","E","M","?","T","?","?","M","R","M","R","BOSS"],"items_purchased_type":["Card","Card"],"build_version":"2020-12-22","purchased_purges":0,"victory":false,"max_hp_per_floor":[75,75,75,75,75,75,75,75,75,75,75,75,75,75,75,75,75],"card_choices":[{"not_picked":["hermit:TrackingShot","hermit:Manifest"],"picked":"hermit:Snipe","floor":1},{"not_picked":["hermit:Feint","hermit:Virtue"],"picked":"hermit:TakeAim","floor":3},{"not_picked":["hermit:Combo","hermit:Deadeye"],"picked":"hermit:GhostlyPresence","floor":4},{"not_picked":["hermit:Dive","hermit:FlashPowder","hermit:TakeCover"],"picked":"SKIP","floor":6},{"not_picked":["hermit:BodyArmor","hermit:HeroicBravado","hermit:Roulette","hermit:Quickdraw"],"picked":"SKIP","floor":7},{"not_picked":["hermit:Misfire","hermit:Vantage","hermit:Roulette"],"picked":"hermit:Virtue","floor":12},{"not_picked":["hermit:Gambit","hermit:Determination","hermit:Misfire","hermit:Desperado"],"picked":"SKIP","floor":14}],"player_experience":174091,"relics_obtained":[{"floor":6,"key":"Question Card"}],"event_choices":[{"damage_healed":0,"gold_gain":0,"player_choice":"1 cards matched","damage_taken":0,"max_hp_gain":0,"max_hp_loss":0,"event_name":"Match and Keep!","floor":2,"gold_loss":0,"cards_obtained":["hermit:FinalCanter"]},{"damage_healed":18,"gold_gain":0,"player_choice":"Healed","damage_taken":0,"max_hp_gain":0,"max_hp_loss":0,"event_name":"The Cleric","floor":8,"gold_loss":35},{"damage_healed":0,"gold_gain":0,"player_choice":"Take Wound","damage_taken":0,"relics_obtained":["Golden Idol"],"max_hp_gain":0,"max_hp_loss":0,"event_name":"Golden Idol","floor":10,"gold_loss":0,"cards_obtained":["Injury"]},{"cards_removed":["Injury"],"damage_healed":0,"gold_gain":0,"player_choice":"Forget","damage_taken":0,"max_hp_gain":0,"max_hp_loss":0,"event_name":"Living Wall","floor":11,"gold_loss":0}],"is_beta":false,"boss_relics":[],"items_purged_floors":[],"is_endless":false,"potions_floor_spawned":[3,6],"killed_by":"Slime Boss","ascension_level":0}}