{"host":"a7ive3y9k7sy3f3w","time":1611219104,"event":{"mods":["2.2 Compatiblity","AchievementEnabler","BaseMod","Colored Map","DeckTracker","Highlight Path","Minty Spire (QoL Compilation)","Random Character Button","Rare Cards Sparkle"],"gold_per_floor":[114,114,114,124,124,124,124,137,137,137,155,155,155,170,170,299,299,319,319],"floor_reached":18,"language":"POL","playtime":837,"items_purged":[],"score":227,"play_id":"3e257ab2-df37-45b3-bfd6-203b84baad2f","local_time":"20210121095144","daily_mods":["Insanity","Allstar","Red Cards","Green Cards","Blue Cards","Purple Cards","Colorless Cards","Heirloom","Flight"],"is_ascension_mode":false,"campfire_choices":[{"data":"The Bomb","floor":6.0,"key":"SMITH"},{"data":"Deadly Poison","floor":12.0,"key":"SMITH"},{"data":"Catalyst","floor":15,"key":"SMITH"}],"circlet_count":0,"master_deck":["Blade Dance","EmptyFist","Beam Cell","Go for the Eyes","Terror","Blade Dance","Backstab","Coolheaded","Headbutt","Dark Shackles","Dagger Throw","Blade Dance","Iron Wave","FlurryOfBlows","Coolheaded","Halt","Halt","Streamline","Catalyst+1","Choke","Ball Lightning","Crescendo","Barrage","JustLucky","Blade Dance","MentalFortress","Consecrate","Steam","Sucker Punch","Wallop","Sentinel","Flying Knee","Spot Weakness","Steam Power","Madness","Steam","Undo","Auto Shields","Hologram","Battle Trance","EmptyBody","Sword Boomerang","Conclude","Deadly Poison+1","Flex","SashWhip","ReachHeaven","Outmaneuver","Transmutation","The Bomb+1","Blind","Forethought","Panache","Outmaneuver","Acrobatics","Backflip","PiercingWail","Devotion","CutThroughFate","LessonLearned"],"relics":["Burning Blood","Turnip","Unceasing Top","Ornamental Fan","Champion Belt","Golden Idol","Velvet Choker"],"acts_visited":["Exordium","TheCity"],"potions_floor_usage":[16],"damage_taken":[{"damage":0.0,"enemies":"Jaw Worm","floor":1.0,"turns":2.0},{"damage":6.0,"enemies":"Cultist","floor":4.0,"turns":4.0},{"damage":0.0,"enemies":"Small Slimes","floor":8.0,"turns":2.0},{"damage":0.0,"enemies":"Looter","floor":11.0,"turns":2.0},{"damage":1.0,"enemies":"Blue Slaver","floor":14.0,"turns":2.0},{"damage":48,"enemies":"The Guardian","floor":16,"turns":6},{"damage":41,"enemies":"3 Byrds","floor":18,"turns":6}],"seed_played":"-4519155210474206003","potions_obtained":[{"floor":11.0,"key":"SpeedPotion"},{"floor":14,"key":"SpeedPotion"},{"floor":16,"key":"ColorlessPotion"}],"is_trial":true,"path_per_floor":["M","?","?","M","T","R","?","M","T","?","M","R","?","M","R","B",null,"M"],"character_chosen":"IRONCLAD","items_purchased":[],"campfire_rested":0,"item_purchase_floors":[],"current_hp_per_floor":[80,73,73,73,73,73,73,79,79,59,65,65,65,70,70,28,80,45,45],"gold":319,"neow_bonus":"","is_daily":false,"chose_seed":false,"campfire_upgraded":3,"win_rate":0.0,"timestamp":1611219104,"path_taken":["M","?","?","?","?","R","?","?","T","?","M","R","?","M","R","BOSS","M"],"items_purchased_type":[],"build_version":"2020-12-22","purchased_purges":0,"victory":false,"max_hp_per_floor":[80,80,80,80,80,80,80,80,80,80,80,80,80,80,80,80,80,80,80],"card_choices":[{"not_picked":["Ball Lightning","Protect"],"picked":"Outmaneuver","floor":1.0},{"not_picked":["Clash","Sucker Punch"],"picked":"Backflip","floor":4.0},{"not_picked":["BootSequence","Headbutt"],"picked":"PiercingWail","floor":8.0},{"not_picked":["Barrage","ClearTheMind"],"picked":"Devotion","floor":11.0},{"not_picked":["Armaments","Poisoned Stab"],"picked":"CutThroughFate","floor":14},{"not_picked":["Wraith Form v2","Phantasmal Killer"],"picked":"LessonLearned","floor":16}],"player_experience":51889,"relics_obtained":[{"floor":5.0,"key":"Ornamental Fan"},{"floor":9.0,"key":"Champion Belt"}],"event_choices":[{"damage_healed":0.0,"max_hp_gain":0.0,"max_hp_loss":0.0,"gold_gain":0.0,"event_name":"Scrap Ooze","player_choice":"Success","floor":2.0,"gold_loss":0.0,"damage_taken":7.0,"relics_obtained":["Unceasing Top"]},{"damage_healed":0.0,"max_hp_gain":0.0,"max_hp_loss":0.0,"gold_gain":0.0,"cards_transformed":["Compile Driver"],"event_name":"Transmorgrifier","player_choice":"Transformed","floor":3.0,"gold_loss":0.0,"damage_taken":0.0,"cards_obtained":["Acrobatics"]},{"cards_removed":["Underhanded Strike"],"damage_healed":0.0,"max_hp_gain":0.0,"max_hp_loss":0.0,"gold_gain":0.0,"event_name":"Purifier","player_choice":"Purged","floor":7.0,"gold_loss":0.0,"damage_taken":0.0},{"damage_healed":0.0,"max_hp_gain":0.0,"max_hp_loss":0.0,"gold_gain":0.0,"event_name":"Golden Idol","player_choice":"Take Damage","floor":10.0,"gold_loss":0.0,"damage_taken":20.0,"relics_obtained":["Golden Idol"]},{"damage_healed":0.0,"max_hp_gain":0.0,"max_hp_loss":0.0,"gold_gain":0.0,"event_name":"Liars Game","player_choice":"Ignored","floor":13.0,"gold_loss":0.0,"damage_taken":0.0}],"is_beta":false,"boss_relics":[{"not_picked":["Mark of Pain","Ectoplasm"],"picked":"Velvet Choker"}],"items_purged_floors":[],"is_endless":false,"potions_floor_spawned":[11,14,16],"killed_by":"3 Byrds","ascension_level":0}}