{"host":"szp1d6dso4pv7ddl","time":1611203816,"event":{"mods":["AchievementEnabler","Alarm Clock","BaseMod","Bestiary","Block Reminder","Colored Map","Colored Powertips","Curses Come First","Dark Map","Displayed Cursed Tome","Highlight Path","Minty Spire (QoL Compilation)","Permanent Neow","Quick Restart","Relic Sorter","Relic Stats","StSLib","Synergy Search"],"gold_per_floor":[110,124,140,156,156,156,184,184,266,266,279,298,298,317,317,317,317],"floor_reached":16,"language":"ENG","playtime":612,"items_purged":[],"score":187,"play_id":"cf39cf14-170d-465f-a729-338b4660beb2","local_time":"20210120203656","is_ascension_mode":true,"campfire_choices":[{"floor":6.0,"key":"REST"},{"floor":13,"key":"REST"},{"floor":15,"key":"REST"}],"circlet_count":0,"master_deck":["AscendersBane","Strike_R","Strike_R","Strike_R","Strike_R","Defend_R","Defend_R","Defend_R","Defend_R","Bash","Offering","Flex","Spot Weakness","Flex","Sword Boomerang","Cleave","Injury","True Grit","Twin Strike"],"relics":["Burning Blood","Kunai","Calipers","Golden Idol"],"acts_visited":["Exordium"],"potions_floor_usage":[12,16],"damage_taken":[{"damage":6.0,"enemies":"Cultist","floor":1.0,"turns":3.0},{"damage":12.0,"enemies":"2 Louse","floor":2.0,"turns":3.0},{"damage":16.0,"enemies":"Small Slimes","floor":3.0,"turns":2.0},{"damage":13.0,"enemies":"2 Fungi Beasts","floor":4.0,"turns":4.0},{"damage":46.0,"enemies":"Lagavulin","floor":7.0,"turns":5.0},{"damage":11,"enemies":"Lots of Slimes","floor":11,"turns":2},{"damage":13,"enemies":"Red Slaver","floor":12,"turns":4},{"damage":12,"enemies":"Exordium Thugs","floor":14,"turns":3},{"damage":64,"enemies":"Slime Boss","floor":16,"turns":7}],"seed_played":"4815106881178789154","potions_obtained":[{"floor":7.0,"key":"Regen Potion"},{"floor":11,"key":"Explosive Potion"},{"floor":12,"key":"SmokeBomb"}],"is_trial":false,"path_per_floor":["M","M","M","M","?","R","E","?","T","?","M","M","R","M","R","B"],"character_chosen":"IRONCLAD","items_purchased":[],"campfire_rested":3,"item_purchase_floors":[],"current_hp_per_floor":[68,62,52,45,38,60,20,20,20,20,15,20,42,36,58,0,0],"gold":317,"neow_bonus":"ONE_RANDOM_RARE_CARD","is_daily":false,"chose_seed":false,"campfire_upgraded":0,"win_rate":0.0,"timestamp":1611203816,"path_taken":["M","M","M","?","?","R","E","?","T","?","M","M","R","M","R","BOSS"],"items_purchased_type":[],"build_version":"2020-12-22","purchased_purges":0,"victory":false,"max_hp_per_floor":[75,75,75,75,75,75,75,75,75,75,75,75,75,75,75,75,75],"relic_stats":{"counters":[9,33],"Golden Idol":11,"Kunai":[2],"obtain_stats":[{"Calipers":7,"Golden Idol":8,"Kunai":9,"Burning Blood":0},{"Calipers":5,"Golden Idol":5,"Kunai":5,"Burning Blood":0},{"Calipers":17,"Golden Idol":17,"Kunai":17,"Burning Blood":0}],"Burning Blood":48},"card_choices":[{"not_picked":["Wild Strike","Clothesline"],"picked":"Flex","floor":1.0},{"not_picked":["Wild Strike","Iron Wave"],"picked":"Spot Weakness","floor":2.0},{"not_picked":["Heavy Blade","Cleave"],"picked":"Flex","floor":3.0},{"not_picked":["Clash","Body Slam"],"picked":"Sword Boomerang","floor":4.0},{"not_picked":["Corruption","Rage"],"picked":"Cleave","floor":7.0},{"not_picked":["Wild Strike","Clash","Infernal Blade"],"picked":"SKIP","floor":11},{"not_picked":["Warcry","Dark Embrace"],"picked":"True Grit","floor":12},{"not_picked":["Dual Wield","Havoc"],"picked":"Twin Strike","floor":14}],"player_experience":1253193,"relics_obtained":[{"floor":7.0,"key":"Calipers"},{"floor":9.0,"key":"Kunai"}],"event_choices":[{"cards_removed":["Strike_R"],"damage_healed":0.0,"max_hp_gain":0.0,"max_hp_loss":0.0,"gold_gain":0.0,"event_name":"Golden Wing","player_choice":"Card Removal","floor":5.0,"gold_loss":0.0,"damage_taken":7.0},{"damage_healed":0.0,"max_hp_gain":0.0,"max_hp_loss":0.0,"gold_gain":0.0,"event_name":"Golden Idol","player_choice":"Take Wound","floor":8.0,"gold_loss":0.0,"damage_taken":0.0,"relics_obtained":["Golden Idol"],"cards_obtained":["Injury"]},{"damage_healed":0.0,"max_hp_gain":0.0,"max_hp_loss":0.0,"gold_gain":0.0,"event_name":"Dead Adventurer","player_choice":"Searched \u00271\u0027 times","floor":10.0,"gold_loss":0.0,"damage_taken":0.0}],"is_beta":false,"boss_relics":[],"items_purged_floors":[],"is_endless":false,"potions_floor_spawned":[7,11,12],"killed_by":"Slime Boss","ascension_level":16}}