{"host":"2se5dq1do2gp0x9k","time":1611205182,"event":{"mods":["AchievementEnabler","BaseMod","Block Reminder","Colored Map","Colored Powertips","Minty Spire (QoL Compilation)","Relic Stats","StSLib","SuperFastMode"],"gold_per_floor":[115,133,133,145,71,97,97,117,117,143,163,7,7,17,17,91,91,105,122,35,35,35,35,47,47,47],"floor_reached":25,"language":"ENG","playtime":943,"items_purged":["SpiritShield"],"score":405,"play_id":"90634137-eedd-4141-9048-9048ecc01156","local_time":"20210120205942","is_ascension_mode":true,"campfire_choices":[{"data":"Eruption","floor":7,"key":"SMITH"},{"data":"Adaptation","floor":13,"key":"SMITH"},{"data":"Judgement","floor":15,"key":"SMITH"},{"floor":23,"key":"REST"}],"circlet_count":0,"master_deck":["AscendersBane","Eruption+1","Vigilance","Fasting2","Judgement+1","CarveReality","Halt","ThirdEye","ReachHeaven+1","BowlingBash","Adaptation+1","DeceiveReality","CutThroughFate","Vengeance","ClearTheMind","Consecrate","EmptyFist","LessonLearned","Tantrum+1","Ragnarok","Wallop"],"relics":["Pandora\u0027s Box","Tiny Chest","Omamori","Pear","Fusion Hammer"],"acts_visited":["Exordium","TheCity"],"potions_floor_usage":[6,10,16,25],"damage_taken":[{"damage":0,"enemies":"2 Louse","floor":1,"turns":2},{"damage":0,"enemies":"Cultist","floor":2,"turns":2},{"damage":0,"enemies":"Jaw Worm","floor":4,"turns":1},{"damage":31,"enemies":"Lagavulin","floor":6,"turns":5},{"damage":0,"enemies":"2 Fungi Beasts","floor":8,"turns":2},{"damage":3,"enemies":"Gremlin Nob","floor":10,"turns":3},{"damage":23,"enemies":"Gremlin Gang","floor":11,"turns":3},{"damage":0,"enemies":"Exordium Thugs","floor":14,"turns":3},{"damage":4,"enemies":"Slime Boss","floor":16,"turns":6},{"damage":24,"enemies":"Chosen","floor":18,"turns":4},{"damage":0,"enemies":"3 Byrds","floor":19,"turns":3},{"damage":20,"enemies":"Snake Plant","floor":24,"turns":3},{"damage":46,"enemies":"Gremlin Leader","floor":25,"turns":3}],"seed_played":"-5541897797802248909","potions_obtained":[{"floor":1,"key":"SkillPotion"},{"floor":4,"key":"ColorlessPotion"},{"floor":14,"key":"ColorlessPotion"},{"floor":18,"key":"Ancient Potion"},{"floor":19,"key":"BottledMiracle"}],"is_trial":false,"path_per_floor":["M","M","?","M","$","E","R","M","T","E","M","$","R","M","R","B",null,"M","M","$","?","?","R","M","E"],"character_chosen":"WATCHER","items_purchased":["Adaptation","ClearTheMind","Consecrate","Wallop"],"campfire_rested":1,"item_purchase_floors":[5,12,12,20],"current_hp_per_floor":[61,61,68,68,68,37,37,37,37,44,21,21,21,21,21,17,63,39,39,39,39,39,62,42,0,0],"gold":47,"neow_bonus":"BOSS_RELIC","is_daily":false,"chose_seed":false,"campfire_upgraded":3,"win_rate":0.0,"timestamp":1611205182,"path_taken":["M","M","?","M","$","E","R","M","T","E","M","$","R","M","R","BOSS","M","?","$","?","?","R","M","E"],"items_purchased_type":["Card","Card","Card","Card"],"build_version":"2020-12-22","purchased_purges":1,"victory":false,"max_hp_per_floor":[68,68,68,68,68,68,68,68,68,78,78,78,78,78,78,78,78,78,78,78,78,78,78,78,78,78],"relic_stats":{"counters":[13,40],"Pandora\u0027s Box":["Fasting2","Judgement","CarveReality","Worship","Halt","SpiritShield","ThirdEye","Judgement"],"Tiny Chest":0,"obtain_stats":[{"Pear":10,"Pandora\u0027s Box":0,"Tiny Chest":6,"Fusion Hammer":17,"Omamori":9,"PureWater":0},{"Pear":6,"Pandora\u0027s Box":0,"Tiny Chest":4,"Fusion Hammer":9,"Omamori":5,"PureWater":0},{"Pear":15,"Pandora\u0027s Box":0,"Tiny Chest":10,"Fusion Hammer":27,"Omamori":12,"PureWater":0}]},"card_choices":[{"not_picked":["Sanctity","Vengeance"],"picked":"ReachHeaven","floor":1},{"not_picked":["Vengeance","SignatureMove","WindmillStrike"],"picked":"SKIP","floor":2},{"not_picked":["Protect","Halt"],"picked":"BowlingBash","floor":4},{"not_picked":["WindmillStrike","CrushJoints"],"picked":"DeceiveReality","floor":6},{"not_picked":["Halt","EmptyBody","Worship"],"picked":"SKIP","floor":8},{"not_picked":["Halt","EmptyBody","Worship"],"picked":"SKIP","floor":8},{"not_picked":["DeceiveReality","BowlingBash"],"picked":"CutThroughFate","floor":10},{"not_picked":["MasterReality","SashWhip"],"picked":"Vengeance","floor":11},{"not_picked":["Indignation","BowlingBash"],"picked":"EmptyFist","floor":14},{"not_picked":["Alpha","Blasphemy"],"picked":"LessonLearned","floor":16},{"not_picked":["Evaluate","SashWhip"],"picked":"Tantrum+1","floor":18},{"not_picked":["BowlingBash","Consecrate+1"],"picked":"Ragnarok","floor":19},{"not_picked":["CrushJoints","Prostrate","Crescendo"],"picked":"SKIP","floor":24}],"player_experience":3926212,"relics_obtained":[{"floor":6,"key":"Tiny Chest"},{"floor":9,"key":"Omamori"},{"floor":10,"key":"Pear"}],"event_choices":[{"cards_removed":["Worship"],"damage_healed":7,"gold_gain":0,"player_choice":"Offered Uncommon","damage_taken":0,"max_hp_gain":0,"max_hp_loss":0,"event_name":"Bonfire Elementals","floor":3,"gold_loss":0},{"damage_healed":0,"gold_gain":0,"player_choice":"Ignored","damage_taken":0,"max_hp_gain":0,"max_hp_loss":0,"event_name":"Vampires","floor":21,"gold_loss":0},{"cards_removed":["Judgement"],"damage_healed":0,"gold_gain":0,"player_choice":"Purged","damage_taken":0,"max_hp_gain":0,"max_hp_loss":0,"event_name":"Purifier","floor":22,"gold_loss":0}],"is_beta":false,"boss_relics":[{"not_picked":["Tiny House","SacredBark"],"picked":"Fusion Hammer"}],"items_purged_floors":[12],"is_endless":false,"potions_floor_spawned":[1,4,14,18,19],"killed_by":"Gremlin Leader","ascension_level":18}}