{"host":"cw25u8qal1h0d7ia","time":1611189309,"event":{"mods":["BaseMod","Downfall","Minty Spire (QoL Compilation)","StSLib"],"gold_per_floor":[99,99,99,26,26,53,53,53,84,98,112,22,22,47,57,162,162,62,78,97,97,111,153,153,166,185,204,144,144,44,77,103,215,215,215,233,253,268,268,268,300,342,108,134,493,393,423,252,265,265,265,309,4,4,4,4],"floor_reached":57,"language":"ENG","playtime":8388,"items_purged":["downfall:Malfunctioning","downfall:Icky","hexamod:Strike+1"],"score":1416,"play_id":"3b62156e-99be-4543-931c-018a108e83c1","local_time":"20210121013509","is_ascension_mode":true,"campfire_choices":[{"data":"hexamod:Float","floor":1.0,"key":"SMITH"},{"floor":8.0,"key":"RECALL"},{"floor":13.0,"key":"REST"},{"floor":18.0,"key":"REST"},{"floor":30.0,"key":"REST"},{"floor":35.0,"key":"REST"},{"floor":46,"key":"REST"},{"floor":54,"key":"REST"}],"circlet_count":0,"master_deck":["hexamod:Strike+1","hexamod:Strike+1","hexamod:Strike+1","hexamod:Defend+1","hexamod:Defend+1","hexamod:Defend+1","hexamod:Sear+1","hexamod:Float+1","hexamod:InspiringFlames+1","hexamod:EmpoweredFlame+1","hexamod:SixthSeal","hexamod:Rewind+1","hexamod:StepThrough+1","hexamod:Hexaguard+1","RitualDagger+1","hexamod:FastForward+1","hexamod:GhostOfSpireFuture+1","hexamod:GhostOfSpirePast+1","hexamod:GhostShield+1","hexamod:PhantomCloak+1","hexamod:ParanormalForm+1","hexamod:EtherealExpedition+1","hexamod:FastForward+1","hexamod:StepThrough+1","hexamod:GhostOfSpirePast+1","hexamod:StepThrough+1","hexamod:StepThrough+1"],"relics":["hexamod:SpiritBrand","downfall:HeartsMalice","War Paint","InkBottle","Bag of Preparation","Bag of Marbles","Fusion Hammer","downfall:HeartBlessingGreen","CeramicFish","Guardian:PocketSentry","downfall:HeartBlessingRed","Juzu Bracelet","Cursed Key","hexamod:InflammatoryLetter","bronze:BronzeIdol","Gremlin Horn","Old Coin","downfall:HeartBlessingBlue","Pen Nib","Toolbox","Slimebound:PreparedRelic","Guardian:GemstoneGun"],"acts_visited":["Exordium","TheCity","TheBeyond","TheEnding"],"potions_floor_usage":[50,56,56],"damage_taken":[{"damage":0.0,"enemies":"Small Slimes","floor":2.0,"turns":1.0},{"damage":0.0,"enemies":"downfall:FleeingMerchant","floor":4.0,"turns":1.0},{"damage":0.0,"enemies":"Lagavulin","floor":6.0,"turns":1.0},{"damage":42.0,"enemies":"Gremlin Nob","floor":9.0,"turns":6.0},{"damage":2.0,"enemies":"2 Louse","floor":10.0,"turns":3.0},{"damage":1.0,"enemies":"Cultist","floor":11.0,"turns":3.0},{"damage":0.0,"enemies":"downfall:FleeingMerchant","floor":12.0,"turns":4.0},{"damage":0.0,"enemies":"Exordium Thugs","floor":15.0,"turns":3.0},{"damage":18.0,"enemies":"DF_ARCHETYPE_STREAMLINE","floor":16.0,"turns":9.0},{"damage":0.0,"enemies":"Shell Parasite","floor":19.0,"turns":3.0},{"damage":0.0,"enemies":"Chosen","floor":20.0,"turns":4.0},{"damage":4.0,"enemies":"Shelled Parasite and Fungi","floor":22.0,"turns":6.0},{"damage":17.0,"enemies":"Gremlin Leader","floor":23.0,"turns":11.0},{"damage":8.0,"enemies":"Snake Plant","floor":25.0,"turns":3.0},{"damage":2.0,"enemies":"Chosen and Byrds","floor":26.0,"turns":5.0},{"damage":0.0,"enemies":"Centurion and Healer","floor":27.0,"turns":4.0},{"damage":0.0,"enemies":"downfall:FleeingMerchant","floor":28.0,"turns":4.0},{"damage":0.0,"enemies":"Slavers","floor":31.0,"turns":5.0},{"damage":0.0,"enemies":"Snake Plant","floor":32.0,"turns":3.0},{"damage":0.0,"enemies":"WA_ARCHETYPE_CALM","floor":33.0,"turns":11.0},{"damage":10.0,"enemies":"Orb Walker","floor":36.0,"turns":3.0},{"damage":0.0,"enemies":"3 Darklings","floor":37.0,"turns":4.0},{"damage":0.0,"enemies":"Maw","floor":38.0,"turns":7.0},{"damage":33.0,"enemies":"Nemesis","floor":42.0,"turns":7.0},{"damage":0.0,"enemies":"downfall:FleeingMerchant","floor":43.0,"turns":4.0},{"damage":1.0,"enemies":"Giant Head","floor":44.0,"turns":7.0},{"damage":0,"enemies":"Giant Head","floor":45,"turns":7},{"damage":3,"enemies":"Reptomancer","floor":47,"turns":6},{"damage":0,"enemies":"downfall:FleeingMerchant","floor":48,"turns":1},{"damage":28,"enemies":"Writhing Mass","floor":49,"turns":4},{"damage":40,"enemies":"IC_BLOCK_ARCHETYPE","floor":50,"turns":11},{"damage":19,"enemies":"downfall:CharBossMerchant","floor":52,"turns":7},{"damage":6,"enemies":"downfall:NeowBoss","floor":55,"turns":15},{"damage":34,"enemies":"downfall:NeowBossFinal","floor":56,"turns":11}],"seed_played":"376584881093433978","potions_obtained":[{"floor":6.0,"key":"Regen Potion"},{"floor":11.0,"key":"SkillPotion"},{"floor":15.0,"key":"ColorlessPotion"},{"floor":16.0,"key":"Weak Potion"},{"floor":19.0,"key":"Strength Potion"},{"floor":25.0,"key":"PowerPotion"},{"floor":31.0,"key":"Block Potion"},{"floor":33.0,"key":"Ancient Potion"},{"floor":44,"key":"Dexterity Potion"},{"floor":47,"key":"FairyPotion"}],"is_trial":false,"path_per_floor":["R","M","?","$","?","E","T","R","E","M","M","$","R","T","M","B",null,"R","M","M","?","M","E","T","M","M","M","$","?","R","E","M","B",null,"R","M","M","M","?","?","T","E","?","E","?","R","E","$","M","B",null,"E","$","R","B","B",null],"character_chosen":"THE_SPIRIT","items_purchased":["hexamod:EmpoweredFlame","hexamod:GhostShield","hexamod:StepThrough","bronze:BronzeIdol","Toolbox","hexamod:StepThrough","Slimebound:PreparedRelic","Slimebound:ThreeZeroPotion","GamblersBrew"],"campfire_rested":6,"item_purchase_floors":[4,28,43,43,48,48,48,53,53],"current_hp_per_floor":[70,70,70,70,70,70,70,70,28,26,25,25,46,46,46,28,70,70,70,70,64,60,43,43,35,33,33,33,33,54,54,54,54,70,70,60,60,60,52,52,52,19,19,18,18,52,49,49,21,25,80,61,61,80,74,40],"gold":4,"neow_bonus":"THREE_ENEMY_KILL","is_daily":false,"chose_seed":false,"campfire_upgraded":1,"win_rate":0.0,"timestamp":1611189309,"path_taken":["R","M","?","$","?","E","T","R","E","?","M","$","R","?","M","BOSS","R","M","M","?","M","E","T","M","M","M","$","?","R","E","M","BOSS","R","M","M","M","?","?","T","E","?","E","?","R","E","?","M","BOSS","E","$","R","BOSS","BOSS"],"items_purchased_type":["Card","Card","Card","Relic","Relic","Card","Relic","Potion","Potion"],"build_version":"2020-12-22","purchased_purges":3,"victory":true,"max_hp_per_floor":[70,70,70,70,70,70,70,70,70,70,70,70,70,70,70,70,70,70,70,70,70,70,70,70,70,70,70,70,70,70,70,70,70,70,70,70,70,70,70,70,70,70,70,70,70,80,80,80,80,80,80,80,80,80,80,80],"card_choices":[{"not_picked":["hexamod:SpectralAdrenaline","hexamod:NightmareGuise"],"picked":"hexamod:InspiringFlames","floor":2.0},{"not_picked":["hexamod:SpectersWail","hexamod:AdvancingGuard","hexamod:BurningTouch"],"picked":"SKIP","floor":4.0},{"not_picked":["hexamod:ThermalTransfer","hexamod:InspiringFlames","hexamod:NecessarySacrifice"],"picked":"SKIP","floor":6.0},{"not_picked":["hexamod:FirstSeal","hexamod:GhostShield"],"picked":"hexamod:SixthSeal","floor":9.0},{"not_picked":["hexamod:SpectersWail","hexamod:NightmareStrike"],"picked":"hexamod:Rewind","floor":10.0},{"not_picked":["hexamod:SuperheatedStrike","hexamod:GhostLash","hexamod:BacktrackSmack"],"picked":"SKIP","floor":11.0},{"not_picked":["hexamod:NightmareGuise","hexamod:RecurringNightmare","hexamod:ParanormalForm"],"picked":"SKIP","floor":12.0},{"not_picked":["hexamod:RadiantFlame","hexamod:SpectralSpark"],"picked":"hexamod:StepThrough","floor":15.0},{"not_picked":["hexamod:FlamesFromBeyond","hexamod:NightmareGuise"],"picked":"hexamod:Hexaguard+1","floor":19.0},{"not_picked":["hexamod:AdvancingGuard","hexamod:RainOfEmbers+1","hexamod:SwordOfDarkness"],"picked":"SKIP","floor":20.0},{"not_picked":["hexamod:ExtraCrispy","hexamod:Hexaguard+1"],"picked":"hexamod:FastForward","floor":22.0},{"not_picked":["hexamod:WildfireWeapon","hexamod:ShieldOfDarkness"],"picked":"hexamod:GhostOfSpireFuture","floor":23.0},{"not_picked":["hexamod:ThirdSeal","hexamod:Firestarter","hexamod:RecurringNightmare"],"picked":"SKIP","floor":25.0},{"not_picked":["hexamod:HeatCrush","hexamod:Firestarter+1"],"picked":"hexamod:GhostOfSpirePast+1","floor":26.0},{"not_picked":["hexamod:SoulSteal","hexamod:ShieldOfDarkness+1","hexamod:NightmareStrike"],"picked":"SKIP","floor":27.0},{"not_picked":["hexamod:ExtraCrispy","hexamod:SwordOfDarkness","hexamod:GhostflameBarrier+1"],"picked":"SKIP","floor":28.0},{"not_picked":["hexamod:ShieldOfDarkness","hexamod:BacktrackSmack","hexamod:SecondSeal"],"picked":"SKIP","floor":31.0},{"not_picked":["hexamod:Hexaguard","hexamod:HeatMetal"],"picked":"hexamod:PhantomCloak","floor":32.0},{"not_picked":["hexamod:SearingWound","hexamod:Toasty"],"picked":"hexamod:ParanormalForm","floor":33.0},{"not_picked":["hexamod:PhantomCloak+1","hexamod:Firestarter+1","hexamod:RainOfEmbers+1"],"picked":"SKIP","floor":36.0},{"not_picked":["hexamod:SpectralAdrenaline+1","hexamod:ThirdSeal"],"picked":"hexamod:EtherealExpedition","floor":37.0},{"not_picked":["hexamod:ExtraCrispy+1","hexamod:BurningTouch+1","hexamod:HauntingEcho"],"picked":"SKIP","floor":38.0},{"not_picked":["hexamod:SwordOfDarkness","hexamod:NightmareStrike+1"],"picked":"hexamod:FastForward+1","floor":42.0},{"not_picked":["hexamod:ExtraCrispy+1","hexamod:RadiantFlame+1","hexamod:HeatShield"],"picked":"SKIP","floor":43.0},{"not_picked":["hexamod:Firestarter+1","hexamod:RadiantFlame","hexamod:NightmareStrike"],"picked":"SKIP","floor":44},{"not_picked":["hexamod:NecessarySacrifice+1","hexamod:SwordOfDarkness+1"],"picked":"hexamod:GhostOfSpirePast+1","floor":45},{"not_picked":["hexamod:HeatCrush+1","hexamod:GhostShield","hexamod:BurningTouch+1"],"picked":"SKIP","floor":47},{"not_picked":["hexamod:SecondSeal","hexamod:AdvancingGuard+1","hexamod:SuperheatedStrike+1"],"picked":"SKIP","floor":48},{"not_picked":["hexamod:HauntingEcho+1","hexamod:BurningTouch","hexamod:FlamesFromBeyond+1"],"picked":"SKIP","floor":49},{"not_picked":["hexamod:HeatCrush+1","hexamod:SuperheatedStrike"],"picked":"hexamod:StepThrough+1","floor":52}],"player_experience":637403,"relics_obtained":[{"floor":6.0,"key":"War Paint"},{"floor":7.0,"key":"InkBottle"},{"floor":9.0,"key":"Bag of Preparation"},{"floor":14.0,"key":"Bag of Marbles"},{"floor":23.0,"key":"CeramicFish"},{"floor":24.0,"key":"Guardian:PocketSentry"},{"floor":31.0,"key":"Juzu Bracelet"},{"floor":42.0,"key":"hexamod:InflammatoryLetter"},{"floor":44,"key":"Gremlin Horn"},{"floor":45,"key":"Old Coin"},{"floor":47,"key":"Pen Nib"},{"floor":52,"key":"Guardian:GemstoneGun"}],"event_choices":[{"damage_healed":0.0,"max_hp_gain":0.0,"max_hp_loss":0.0,"gold_gain":0.0,"event_name":"Vampires","player_choice":"Ignored","floor":29.0,"gold_loss":0.0,"damage_taken":0.0}],"is_beta":false,"boss_relics":[{"not_picked":["Calling Bell","expansioncontent:StudyCardRelic"],"picked":"Fusion Hammer"},{"not_picked":["Snecko Eye","Coffee Dripper"],"picked":"Cursed Key"}],"items_purged_floors":[12,48,53],"is_endless":false,"potions_floor_spawned":[6,11,15,16,19,25,26,31,32,33,38,44,45,47],"ascension_level":1}}