{"host":"atu1skz5iq69e5lr","time":1611248838,"event":{"mods":["AchievementEnabler","Aspiration","BaseMod","Better Third Choice","Colored Map","Conspire","Evolution","Friendly Minions","Halation","Highlight Path","Hubris","Infinite Spire","Keyboard Shortcuts","Lobotomy","Minty Spire (QoL Compilation)","Replay The Spire","Shop Mod","StSLib"],"gold_per_floor":[115,130,130,140,140,140,169,182,182,216,246,246,246,124,124,142,142],"floor_reached":16,"language":"ENG","playtime":1066,"items_purged":["Lamp"],"score":110,"play_id":"0d1e64e9-d434-4f1b-8d34-9bccbfb3b01b","local_time":"20210121180718","is_ascension_mode":false,"campfire_choices":[{"data":"Soda","floor":6,"key":"SMITH"},{"floor":12,"key":"REST"},{"data":"Wingbeat","floor":15,"key":"SMITH"}],"circlet_count":0,"master_deck":["SpecialBullet","SpecialBullet","SpecialBullet","SpecialBullet","SpecialBullet","SpecialBullet","SpecialBullet","SpecialBullet","ControlCode","InformationCode","SecurityCode","SingingMachine","Harvest+1","Soda+1","Scorched","FeatherOfHonor","RapturousDream","Wingbeat+1"],"relics":["CogitoBucket","EVO:Axolotl","aspiration:DSix","Boot","infinitespire:Midas Blood","Theresia"],"acts_visited":["Exordium"],"potions_floor_usage":[11,16,16,16],"damage_taken":[{"damage":6,"enemies":"Cultist","floor":1,"turns":3},{"damage":7,"enemies":"2 Louse","floor":2,"turns":2},{"damage":11,"enemies":"Jaw Worm","floor":4,"turns":2},{"damage":20,"enemies":"Gremlin Nob","floor":7,"turns":3},{"damage":12,"enemies":"Large Slime","floor":8,"turns":3},{"damage":18,"enemies":"3 Sentries","floor":10,"turns":3},{"damage":35,"enemies":"2 Fungi Beasts","floor":11,"turns":4},{"damage":64,"enemies":"Hexaghost","floor":16,"turns":7}],"seed_played":"8260019504265564932","potions_obtained":[{"floor":4,"key":"SpeedPotion"},{"floor":7,"key":"BlessingOfTheForge"},{"floor":8,"key":"Venom Potion"},{"floor":11,"key":"Milkshake"}],"is_trial":false,"path_per_floor":["M","M","?","M","?","R","E","M","T","E","M","R","?","$","R","B"],"character_chosen":"Angela","items_purchased":["Wingbeat"],"campfire_rested":1,"item_purchase_floors":[14],"current_hp_per_floor":[70,70,70,67,67,67,56,52,52,44,18,39,39,39,39,0,0],"gold":142,"neow_bonus":"DSIX","is_daily":false,"chose_seed":false,"campfire_upgraded":2,"win_rate":0.0,"timestamp":1611248838,"path_taken":["M","M","?","M","?","R","E","M","T","E","M","R","?","$","R","BOSS"],"items_purchased_type":["Card"],"build_version":"2020-12-22","purchased_purges":1,"victory":false,"max_hp_per_floor":[70,70,70,70,70,70,70,70,70,70,70,70,70,70,70,70,70],"card_choices":[{"not_picked":["MagicBullet","Loneliness"],"picked":"SKIP","floor":1},{"not_picked":["DespairKnight","SpiderBud"],"picked":"SingingMachine","floor":2},{"not_picked":["Diffraction"],"picked":"Harvest","floor":2},{"not_picked":["TodaysExpression"],"picked":"Soda","floor":4},{"not_picked":["OldLady","ShyLook"],"picked":"Scorched","floor":4},{"not_picked":["SomewhereSpear","Laetitia_ego"],"picked":"SKIP","floor":7},{"not_picked":["SomewhereSpear","Laetitia_ego"],"picked":"SKIP","floor":7},{"not_picked":["Logging"],"picked":"FeatherOfHonor","floor":8},{"not_picked":["Horn"],"picked":"Lamp","floor":10},{"not_picked":["Harvest"],"picked":"RapturousDream","floor":11}],"player_experience":25319,"relics_obtained":[{"floor":7,"key":"Boot"},{"floor":10,"key":"infinitespire:Midas Blood"}],"event_choices":[{"damage_healed":0,"gold_gain":0,"player_choice":"Grow","damage_taken":0,"max_hp_gain":0,"max_hp_loss":0,"event_name":"Living Wall","floor":3,"gold_loss":0,"cards_upgraded":["Harvest"]},{"damage_healed":0,"gold_gain":0,"player_choice":"Disagree","damage_taken":0,"max_hp_gain":0,"max_hp_loss":0,"event_name":"conspire:LoneGhost","floor":13,"gold_loss":0}],"is_beta":false,"boss_relics":[],"items_purged_floors":[14],"is_endless":false,"potions_floor_spawned":[4,7,8,11],"killed_by":"Hexaghost","ascension_level":0}}