{"host":"och2iitg9ibgz06n","time":1611257764,"event":{"mods":["Abigail Mod","AchievementEnabler","Aspiration","BaseMod","Colored Powertips","Dio Mod","Hubris","Hyrulean Relics","Infinite Spire","Minty Spire (QoL Compilation)","Replay The Spire","Small Relic Pack","StSLib","The Animator","The Bug Knight","The Hierophant","The Jungle","The Saiyan","TheHero","Wandering Minibosses","everything is the same but u backflip on backflip","slay the spire mod where everything is the same but ironclad has a cowboy hat","vexMod"],"gold_per_floor":[110,122,132,149,163,163,238,258,306,306,306,272,302,302,302,402,402,415,427,427,427,438,468,485,504,504,504,504,504,504,518,518,518,518],"floor_reached":33,"language":"ENG","playtime":1418,"items_purged":[],"score":284,"play_id":"5a53f137-eb13-48a2-9ab7-8e7235385a9f","local_time":"20210121133604","is_ascension_mode":false,"campfire_choices":[{"data":"animeID:Ojiro","floor":6,"key":"SMITH"},{"data":"animeID:Tamaki","floor":11,"key":"SMITH"},{"floor":15,"key":"REST"},{"floor":30,"key":"REST"},{"floor":32,"key":"REST"}],"circlet_count":0,"master_deck":["animeID:Deku+1","animeID:Bakugo","animeID:Smash+1","animeID:Smash+1","animeID:Smash+1","animeID:Smash+1","animeID:DefendMH+1","animeID:DefendMH+1","animeID:DefendMH+1","animeID:DefendMH+1","animeID:Twice","animeID:HighFive","animeID:Ojiro+1","animeID:MtLady","animeID:RecoveryGirl","animeID:Tamaki+1","animeID:ToruHagakure","animeID:ToruHagakure","animeID:Tsuyu","animeID:Endeavor","animeID:Mineta","animeID:Mezo+1","Writhe","animeID:ShootStyle","animeID:USA_Smash","animeID:FullCowl","animeID:ToruHagakure","animeID:Iida"],"relics":["animeID:HeroCostume","Nunchaku","Odd Mushroom","relicPack:DSword","aspiration:SecretTechniqueScroll","Pear","Nilry\u0027s Codex","Girya","Torii"],"acts_visited":["Exordium","TheCity"],"potions_floor_usage":[13,23,23,24],"damage_taken":[{"damage":0,"enemies":"2 Louse","floor":1,"turns":2},{"damage":11,"enemies":"infinitespire:Voidling","floor":2,"turns":3},{"damage":6,"enemies":"Jaw Worm","floor":3,"turns":2},{"damage":0,"enemies":"3 Louse","floor":4,"turns":1},{"damage":6,"enemies":"Large Slime","floor":5,"turns":4},{"damage":10,"enemies":"Looter","floor":8,"turns":2},{"damage":4,"enemies":"The Mushroom Lair","floor":13,"turns":2},{"damage":36,"enemies":"Fading Forest","floor":16,"turns":11},{"damage":12,"enemies":"Shell Parasite","floor":18,"turns":4},{"damage":5,"enemies":"Spheric Guardian","floor":19,"turns":3},{"damage":16,"enemies":"Centurion and Healer","floor":22,"turns":4},{"damage":29,"enemies":"Replay:Snechameleon","floor":23,"turns":4},{"damage":26,"enemies":"Snake Plant","floor":24,"turns":4},{"damage":8,"enemies":"Snecko","floor":25,"turns":4},{"damage":31,"enemies":"Colosseum Slavers","floor":29,"turns":4},{"damage":35,"enemies":"Centurion and Healer","floor":31,"turns":6},{"damage":63,"enemies":"Automaton","floor":33,"turns":6}],"seed_played":"6324634103127509149","potions_obtained":[{"floor":2,"key":"Adrenaline Potion"},{"floor":4,"key":"Swift Potion"},{"floor":13,"key":"Doom Potion"},{"floor":16,"key":"Languid Potion"},{"floor":19,"key":"PowerPotion"},{"floor":23,"key":"Venom Potion"},{"floor":24,"key":"Milkshake"}],"is_trial":false,"path_per_floor":["M","M","M","M","M","R","?","M","T","?","R","$","?","?","R","B",null,"M","M","?","?","M","E","M","M","T","?","?","?","R","M","R","B"],"character_chosen":"THE_HERO","items_purchased":["animeID:ToruHagakure"],"campfire_rested":3,"item_purchase_floors":[12],"current_hp_per_floor":[75,66,62,62,58,58,51,43,43,50,50,50,52,17,39,27,75,65,66,76,60,52,31,13,9,9,9,37,12,37,12,37,0,0],"gold":518,"neow_bonus":"UPGRADE_CARD","is_daily":false,"chose_seed":false,"campfire_upgraded":2,"win_rate":0.0,"timestamp":1611257764,"path_taken":["M","M","M","M","M","R","?","?","T","?","R","$","?","?","R","BOSS","M","M","?","?","M","E","?","M","T","?","?","?","R","M","R","BOSS"],"items_purchased_type":["Card"],"build_version":"2020-12-22","purchased_purges":0,"victory":false,"max_hp_per_floor":[75,75,75,75,75,75,75,75,75,75,75,75,75,75,75,75,75,75,75,85,85,85,85,85,85,85,85,85,85,85,85,85,85,85],"card_choices":[{"not_picked":["animeID:Aoyama","animeID:Cementoss"],"picked":"animeID:Twice","floor":1},{"not_picked":["animeID:TodorokiShoto","animeID:Kaminari"],"picked":"animeID:HighFive","floor":2},{"not_picked":["animeID:Thirteen","animeID:Kirishima"],"picked":"animeID:Ojiro","floor":3},{"not_picked":["animeID:Kurono","animeID:Dabi"],"picked":"animeID:MtLady","floor":4},{"not_picked":["animeID:Kirishima","animeID:Dabi"],"picked":"animeID:RecoveryGirl","floor":5},{"not_picked":["animeID:Nomu","animeID:Chisaki"],"picked":"animeID:Tamaki","floor":8},{"not_picked":["animeID:Crystallize","animeID:Kaminari"],"picked":"animeID:Tsuyu","floor":13},{"not_picked":["animeID:AllForOne","animeID:Shigaraki"],"picked":"animeID:Endeavor","floor":16},{"not_picked":["animeID:Bakugo","animeID:Uraraka"],"picked":"animeID:Mineta","floor":18},{"not_picked":["animeID:Mineta","animeID:TetsuTetsu"],"picked":"animeID:Mezo+1","floor":19},{"not_picked":["animeID:Nomu","animeID:TetsuTetsu"],"picked":"animeID:ShootStyle","floor":22},{"not_picked":["animeID:ShootStyle","animeID:Tsuyu"],"picked":"animeID:USA_Smash","floor":23},{"not_picked":["animeID:Kirishima","animeID:Tengai"],"picked":"animeID:FullCowl","floor":24},{"not_picked":["animeID:ShootStyle+1","animeID:Tsuyu+1"],"picked":"animeID:ToruHagakure","floor":25},{"not_picked":["animeID:Tsuyu","animeID:Mineta"],"picked":"animeID:Iida","floor":31}],"player_experience":434756,"relics_obtained":[{"floor":9,"key":"Nunchaku"},{"floor":13,"key":"Odd Mushroom"},{"floor":21,"key":"Nilry\u0027s Codex"},{"floor":23,"key":"Girya"},{"floor":26,"key":"Torii"}],"event_choices":[{"damage_healed":0,"gold_gain":75,"player_choice":"Touch","damage_taken":7,"max_hp_gain":0,"max_hp_loss":0,"event_name":"FaceTrader","floor":7,"gold_loss":0},{"damage_healed":0,"gold_gain":0,"player_choice":"Fought Mushrooms","damage_taken":0,"max_hp_gain":0,"max_hp_loss":0,"event_name":"Mushrooms","floor":13,"gold_loss":0},{"damage_healed":0,"gold_gain":0,"player_choice":"Opened","damage_taken":0,"relics_obtained":["Pear"],"max_hp_gain":0,"max_hp_loss":0,"event_name":"The Mausoleum","floor":20,"gold_loss":0,"cards_obtained":["Writhe"]},{"damage_healed":0,"gold_gain":0,"player_choice":"Obtained Book","damage_taken":16,"max_hp_gain":0,"max_hp_loss":0,"event_name":"Cursed Tome","floor":21,"gold_loss":0},{"damage_healed":0,"gold_gain":0,"player_choice":"Simplicity","damage_taken":0,"max_hp_gain":0,"max_hp_loss":0,"event_name":"Back to Basics","floor":27,"gold_loss":0,"cards_upgraded":["animeID:Smash","animeID:Smash","animeID:Smash","animeID:Smash","animeID:DefendMH","animeID:DefendMH","animeID:DefendMH","animeID:DefendMH"]},{"damage_healed":28,"gold_gain":0,"player_choice":"Heal","damage_taken":0,"max_hp_gain":0,"max_hp_loss":0,"event_name":"The Library","floor":28,"gold_loss":0},{"damage_healed":0,"gold_gain":0,"player_choice":"Fight","damage_taken":0,"max_hp_gain":0,"max_hp_loss":0,"event_name":"Colosseum","floor":29,"gold_loss":0},{"damage_healed":0,"gold_gain":0,"player_choice":"Fled From Nobs","damage_taken":0,"max_hp_gain":0,"max_hp_loss":0,"event_name":"Colosseum","floor":29,"gold_loss":0}],"is_beta":false,"boss_relics":[{"not_picked":["hubris:Stopwatch","hubris:RunicObelisk"],"picked":"aspiration:SecretTechniqueScroll"}],"items_purged_floors":[],"is_endless":false,"potions_floor_spawned":[2,4,13,16,18,19,23,24],"killed_by":"Automaton","ascension_level":0}}