{"host":"few9iyaxiywls251","time":1611238672,"event":{"mods":["BaseMod","Bestiary","Curses Come First","Highlight Path","Minty Spire (QoL Compilation)","Shop Mod","StSLib","The Marked"],"gold_per_floor":[112,212,232,232,249,269,295,295,343,343,293,303,338,107,107,206,206,226,244,259,277,295,295,295],"floor_reached":23,"language":"ENG","playtime":2760,"items_purged":["Defend_P"],"score":255,"play_id":"5c2b4402-47d0-462d-9098-34b261d11162","local_time":"20210121081752","is_ascension_mode":false,"campfire_choices":[{"data":"Crescendo","floor":8,"key":"SMITH"},{"data":"Protect","floor":10,"key":"SMITH"},{"data":"DeceiveReality","floor":15,"key":"SMITH"}],"circlet_count":0,"master_deck":["Strike_P+1","Strike_P","Strike_P","Strike_P","Eruption+1","Vigilance","Weave","Weave+1","FollowUp","Tantrum","Protect+1","Wish","Crescendo+1","DeceiveReality+1","LessonLearned","Blasphemy","ClearTheMind+1","ThirdEye","BowlingBash+1"],"relics":["PureWater","Shuriken","Bag of Preparation","Orichalcum","Sozu"],"acts_visited":["Exordium","TheCity"],"potions_floor_usage":[7],"damage_taken":[{"damage":0,"enemies":"2 Louse","floor":1,"turns":2},{"damage":0,"enemies":"Cultist","floor":3,"turns":2},{"damage":6,"enemies":"Jaw Worm","floor":5,"turns":2},{"damage":4,"enemies":"Large Slime","floor":6,"turns":5},{"damage":19,"enemies":"3 Sentries","floor":7,"turns":4},{"damage":4,"enemies":"Blue Slaver","floor":12,"turns":2},{"damage":15,"enemies":"Lagavulin","floor":13,"turns":5},{"damage":0,"enemies":"Slime Boss","floor":16,"turns":3},{"damage":0,"enemies":"Spheric Guardian","floor":18,"turns":1},{"damage":6,"enemies":"2 Thieves","floor":19,"turns":3},{"damage":16,"enemies":"Snake Plant","floor":20,"turns":4},{"damage":0,"enemies":"Sentry and Sphere","floor":21,"turns":3},{"damage":17,"enemies":"Centurion and Healer","floor":22,"turns":3},{"damage":26,"enemies":"Book of Stabbing","floor":23,"turns":2}],"seed_played":"-8494185320799778715","potions_obtained":[{"floor":3,"key":"AttackPotion"},{"floor":6,"key":"FearPotion"},{"floor":13,"key":"Strength Potion"},{"floor":16,"key":"Dexterity Potion"}],"is_trial":false,"path_per_floor":["M","?","M","?","M","M","E","R","T","R","?","M","E","$","R","B",null,"M","M","M","M","M","E"],"character_chosen":"WATCHER","items_purchased":["LessonLearned"],"campfire_rested":0,"item_purchase_floors":[14],"current_hp_per_floor":[65,65,65,65,59,55,36,36,36,36,36,32,17,17,17,17,65,65,59,43,43,26,0,0],"gold":295,"neow_bonus":"TRANSFORM_TWO_CARDS","is_daily":false,"chose_seed":false,"campfire_upgraded":3,"win_rate":0.0,"timestamp":1611238672,"path_taken":["M","?","?","?","M","M","E","R","T","R","?","M","E","?","R","BOSS","M","M","M","M","M","E"],"items_purchased_type":["Card"],"build_version":"2020-12-22","purchased_purges":1,"victory":false,"max_hp_per_floor":[65,65,65,65,65,65,65,65,65,65,65,65,65,65,65,65,65,65,65,65,65,65,65,65],"card_choices":[{"not_picked":["Evaluate","Weave"],"picked":"FollowUp","floor":1},{"not_picked":["CrushJoints","Consecrate"],"picked":"Tantrum","floor":3},{"not_picked":["FlyingSleeves","Indignation"],"picked":"Protect","floor":5},{"not_picked":["BowlingBash","EmptyFist"],"picked":"Wish","floor":6},{"not_picked":["ThirdEye","EmptyFist"],"picked":"Crescendo","floor":7},{"not_picked":["Wireheading","PathToVictory","Prostrate"],"picked":"SKIP","floor":12},{"not_picked":["FollowUp","EmptyFist"],"picked":"DeceiveReality","floor":13},{"not_picked":["Alpha","LessonLearned"],"picked":"Blasphemy","floor":16},{"not_picked":["ReachHeaven","Crescendo"],"picked":"ClearTheMind+1","floor":18},{"not_picked":["Crescendo","CarveReality","Evaluate"],"picked":"SKIP","floor":19},{"not_picked":["FlurryOfBlows","InnerPeace+1"],"picked":"ThirdEye","floor":20},{"not_picked":["LikeWater","Adaptation"],"picked":"BowlingBash+1","floor":21},{"not_picked":["Pray","Prostrate","SashWhip"],"picked":"SKIP","floor":22}],"player_experience":145450,"relics_obtained":[{"floor":7,"key":"Shuriken"},{"floor":9,"key":"Bag of Preparation"},{"floor":13,"key":"Orichalcum"}],"event_choices":[{"damage_healed":0,"gold_gain":100,"player_choice":"Pray","damage_taken":0,"max_hp_gain":0,"max_hp_loss":0,"event_name":"Golden Shrine","floor":2,"gold_loss":0},{"damage_healed":0,"gold_gain":0,"player_choice":"Grow","damage_taken":0,"max_hp_gain":0,"max_hp_loss":0,"event_name":"Living Wall","floor":4,"gold_loss":0,"cards_upgraded":["Eruption"]},{"cards_removed":["Defend_P"],"damage_healed":0,"gold_gain":0,"player_choice":"Card Removal","damage_taken":0,"max_hp_gain":0,"max_hp_loss":0,"event_name":"The Cleric","floor":11,"gold_loss":50}],"is_beta":false,"boss_relics":[{"not_picked":["Ectoplasm","Calling Bell"],"picked":"Sozu"}],"items_purged_floors":[14],"is_endless":false,"potions_floor_spawned":[3,6,13,16,19,21],"killed_by":"Book of Stabbing","ascension_level":0}}