{"host":"ewslc4o3o167ipk9","time":1611191768,"event":{"mods":["BaseMod","Colored Powertips","GifTheSpireLib","HexUI Lib","Minty Spire (QoL Compilation)","Quick Restart","Shop Mod","StSLib","The Bug Knight","The Trickster"],"gold_per_floor":[119,119,21,21,35,61,61,87,87,119,138,149,149,175,175,270,270,284,284,384,398,4,32,44,89,101,113,135,147,159,124,124,219,219,238,113,129,129,129,163,13,25,48,0,0,16,16,366,366,366],"floor_reached":51,"language":"ENG","playtime":10101,"items_purged":["Bash","Defend_R","Strike_R","Defend_R"],"score":833,"play_id":"837748ce-b57d-474d-8227-15f8abf5ec96","local_time":"20210120201608","is_ascension_mode":true,"campfire_choices":[{"data":"Metallicize","floor":15,"key":"SMITH"},{"data":"Combust","floor":24,"key":"SMITH"},{"floor":27,"key":"REST"},{"data":"Berserk","floor":29,"key":"SMITH"},{"data":"Evolve","floor":32,"key":"SMITH"},{"floor":45,"key":"REST"},{"data":"Berserk","floor":47,"key":"SMITH"},{"data":"Rage","floor":49,"key":"SMITH"}],"circlet_count":0,"master_deck":["Strike_R","Strike_R+1","Strike_R","Strike_R","Anger+1","Clash","Carnage","Clash","Whirlwind+1","Rage+1","Metallicize+1","Impervious","Combust+1","Clash","Berserk+1","Evolve+1","Clash","Rampage+1","Clash+1","Mayhem","Berserk+1","Blood for Blood+1","Infernal Blade"],"relics":["Burning Blood","NeowsBlessing","Self Forming Clay","Bird Faced Urn","Red Skull","Vajra","Mercury Hourglass","Calipers","Runic Cube","Lizard Tail","MawBank","HollowMod:LifeEnderRelic","Darkstone Periapt","SacredBark","Nunchaku","Whetstone","Red Mask","Old Coin"],"acts_visited":["Exordium","TheCity","TheBeyond"],"potions_floor_usage":[16,50,50],"damage_taken":[{"damage":0,"enemies":"Cultist","floor":1,"turns":1},{"damage":0,"enemies":"Small Slimes","floor":5,"turns":1},{"damage":0,"enemies":"Lagavulin","floor":6,"turns":1},{"damage":14,"enemies":"HollowMod:MossKnight","floor":8,"turns":5},{"damage":8,"enemies":"Gremlin Nob","floor":10,"turns":3},{"damage":4,"enemies":"Jaw Worm","floor":11,"turns":2},{"damage":0,"enemies":"3 Louse","floor":12,"turns":1},{"damage":13,"enemies":"Lagavulin","floor":14,"turns":4},{"damage":44,"enemies":"Hexaghost","floor":16,"turns":6},{"damage":2,"enemies":"Spheric Guardian","floor":18,"turns":3},{"damage":16,"enemies":"Shell Parasite","floor":21,"turns":4},{"damage":21,"enemies":"Book of Stabbing","floor":23,"turns":5},{"damage":31,"enemies":"Slavers","floor":25,"turns":3},{"damage":25,"enemies":"Snake Plant","floor":28,"turns":4},{"damage":42,"enemies":"Automaton","floor":33,"turns":8},{"damage":21,"enemies":"3 Shapes","floor":35,"turns":4},{"damage":23,"enemies":"Orb Walker","floor":37,"turns":3},{"damage":54,"enemies":"Reptomancer","floor":40,"turns":5},{"damage":49,"enemies":"Transient","floor":42,"turns":5},{"damage":17,"enemies":"3 Darklings","floor":46,"turns":3},{"damage":18,"enemies":"Mind Bloom Boss Battle","floor":48,"turns":4},{"damage":51,"enemies":"Time Eater","floor":50,"turns":6}],"seed_played":"-4876073503147572266","potions_obtained":[{"floor":1,"key":"SneckoOil"},{"floor":11,"key":"AttackPotion"},{"floor":14,"key":"Swift Potion"},{"floor":16,"key":"CultistPotion"},{"floor":21,"key":"Weak Potion"},{"floor":28,"key":"FairyPotion"},{"floor":33,"key":"CultistPotion"}],"is_trial":false,"path_per_floor":["M","?","$","$","M","E","?","E","T","E","M","M","?","E","R","B",null,"M","?","?","M","$","E","R","E","T","R","M","R","?","$","R","B",null,"M","$","M","?","?","E","$","M","T","?","R","M","R","?","R","B",null],"character_chosen":"IRONCLAD","items_purchased":["Clash","Lizard Tail","Clash"],"campfire_rested":2,"item_purchase_floors":[3,22,31],"current_hp_per_floor":[80,80,80,80,80,80,80,72,72,70,72,78,78,73,73,37,80,80,80,80,74,74,63,63,42,42,66,53,53,53,53,53,25,80,69,69,60,60,60,22,22,50,50,50,74,73,73,73,73,38],"gold":366,"neow_bonus":"THREE_ENEMY_KILL","is_daily":false,"chose_seed":false,"campfire_upgraded":6,"win_rate":0.0,"timestamp":1611191768,"path_taken":["M","?","?","$","M","E","?","E","T","E","?","M","?","E","R","BOSS","M","?","?","M","$","E","R","E","T","R","?","R","?","$","R","BOSS","M","$","M","?","?","E","$","M","T","?","R","M","R","?","R","BOSS"],"items_purchased_type":["Card","Relic","Card"],"build_version":"2020-12-22","purchased_purges":4,"victory":true,"max_hp_per_floor":[80,80,80,80,80,80,80,80,80,80,80,80,80,80,80,80,80,80,80,80,80,80,80,80,80,80,80,80,80,80,80,80,80,80,80,80,80,80,80,80,80,80,80,80,80,80,80,80,80,80],"card_choices":[{"not_picked":["Iron Wave","Flame Barrier"],"picked":"Anger","floor":1},{"not_picked":["Second Wind","Searing Blow"],"picked":"Carnage","floor":5},{"not_picked":["Hemokinesis","Infernal Blade"],"picked":"Clash","floor":6},{"not_picked":["Bloodletting","Clothesline"],"picked":"Whirlwind","floor":8},{"not_picked":["Entrench","Clash"],"picked":"Rage","floor":10},{"not_picked":["Blood for Blood","Warcry"],"picked":"Metallicize","floor":11},{"not_picked":["True Grit","Wild Strike","Flex"],"picked":"SKIP","floor":12},{"not_picked":["Cleave","Limit Break","Armaments"],"picked":"SKIP","floor":14},{"not_picked":["Corruption","Double Tap"],"picked":"Impervious","floor":16},{"not_picked":["Ghostly Armor","Iron Wave"],"picked":"Combust","floor":18},{"not_picked":["Power Through","Cleave+1"],"picked":"Clash","floor":21},{"not_picked":["Clothesline+1","Iron Wave+1","Wild Strike"],"picked":"SKIP","floor":23},{"not_picked":["Hemokinesis","Intimidate+1"],"picked":"Berserk","floor":25},{"not_picked":["Battle Trance+1","Dropkick"],"picked":"Evolve","floor":28},{"not_picked":["Wild Strike+1","Seeing Red"],"picked":"Rampage+1","floor":35},{"not_picked":["Cleave","Dropkick"],"picked":"Clash+1","floor":37},{"not_picked":["Chrysalis","Finesse"],"picked":"Mayhem","floor":38},{"not_picked":["Wild Strike+1","Cleave"],"picked":"Berserk","floor":40},{"not_picked":["True Grit","Shockwave","Clothesline"],"picked":"SKIP","floor":42},{"not_picked":["Shrug It Off+1","Iron Wave+1"],"picked":"Blood for Blood+1","floor":46},{"not_picked":["Heavy Blade+1","Whirlwind"],"picked":"Infernal Blade","floor":48}],"player_experience":25507,"relics_obtained":[{"floor":6,"key":"Bird Faced Urn"},{"floor":8,"key":"Red Skull"},{"floor":9,"key":"Vajra"},{"floor":10,"key":"Mercury Hourglass"},{"floor":14,"key":"Calipers"},{"floor":23,"key":"MawBank"},{"floor":25,"key":"HollowMod:LifeEnderRelic"},{"floor":26,"key":"Darkstone Periapt"},{"floor":40,"key":"Nunchaku"},{"floor":43,"key":"Whetstone"},{"floor":48,"key":"Old Coin"}],"event_choices":[{"damage_healed":0,"gold_gain":0,"player_choice":"Gave Potion","damage_taken":0,"relics_obtained":["Self Forming Clay"],"max_hp_gain":0,"max_hp_loss":0,"event_name":"WeMeetAgain","floor":2,"gold_loss":0},{"damage_healed":0,"gold_gain":0,"player_choice":"Upgraded","damage_taken":0,"max_hp_gain":0,"max_hp_loss":0,"event_name":"Upgrade Shrine","floor":7,"gold_loss":0,"cards_upgraded":["Anger"]},{"cards_removed":["Defend_R"],"damage_healed":0,"gold_gain":0,"player_choice":"Forget","damage_taken":0,"max_hp_gain":0,"max_hp_loss":0,"event_name":"Living Wall","floor":13,"gold_loss":0},{"cards_removed":["Defend_R"],"damage_healed":0,"gold_gain":0,"player_choice":"Elegance","damage_taken":0,"max_hp_gain":0,"max_hp_loss":0,"event_name":"Back to Basics","floor":19,"gold_loss":0},{"damage_healed":0,"gold_gain":100,"player_choice":"Pray","damage_taken":0,"max_hp_gain":0,"max_hp_loss":0,"event_name":"Golden Shrine","floor":20,"gold_loss":0},{"damage_healed":0,"gold_gain":0,"player_choice":"Ignored","damage_taken":0,"max_hp_gain":0,"max_hp_loss":0,"event_name":"Ghosts","floor":30,"gold_loss":0},{"damage_healed":0,"gold_gain":0,"player_choice":"Memory 1","damage_taken":0,"max_hp_gain":0,"max_hp_loss":0,"event_name":"SensoryStone","floor":38,"gold_loss":0},{"damage_healed":0,"gold_gain":0,"player_choice":"Ignored","damage_taken":0,"max_hp_gain":0,"max_hp_loss":0,"event_name":"Mysterious Sphere","floor":39,"gold_loss":0},{"damage_healed":0,"gold_gain":0,"player_choice":"Paid","damage_taken":0,"relics_obtained":["Red Mask"],"max_hp_gain":0,"max_hp_loss":0,"event_name":"Tomb of Lord Red Mask","floor":44,"gold_loss":48},{"damage_healed":0,"gold_gain":0,"player_choice":"Fight","damage_taken":0,"max_hp_gain":0,"max_hp_loss":0,"event_name":"MindBloom","floor":48,"gold_loss":0}],"is_beta":false,"boss_relics":[{"not_picked":["Philosopher\u0027s Stone","Empty Cage"],"picked":"Runic Cube"},{"not_picked":["Velvet Choker","Black Star"],"picked":"SacredBark"}],"items_purged_floors":[3,22,36,41],"is_endless":false,"potions_floor_spawned":[1,11,14,16,21,28,33,35,37],"ascension_level":2}}