{"host":"jwbw4f4imxd0v0b0","time":1611198309,"event":{"mods":["BaseMod","Colored Map","Highlight Path","Minty Spire (QoL Compilation)","Relic Stats","StSLib"],"gold_per_floor":[113,54,54,54,69,112,112,130,205,205,248,271,310,334,334,429,429,443,443,443,459,459,459,494,494,563,85,116,129,149,167,167,257,257,272,285,16,47,0,0,31,44,44,44,60,60,73,97,97,97],"floor_reached":51,"language":"ENG","playtime":4854,"items_purged":[],"score":1486,"play_id":"574f4e58-4e68-4bb3-ab19-8bf8a77bf7c3","local_time":"20210120210509","is_ascension_mode":true,"campfire_choices":[{"data":"Bouncing Flask","floor":7,"key":"SMITH"},{"data":"Footwork","floor":10,"key":"SMITH"},{"data":"Blade Dance","floor":15,"key":"SMITH"},{"data":"Catalyst","floor":23,"key":"SMITH"},{"data":"PiercingWail","floor":25,"key":"SMITH"},{"data":"Wraith Form v2","floor":32,"key":"SMITH"},{"data":"Apotheosis","floor":40,"key":"SMITH"},{"data":"Acrobatics","floor":44,"key":"SMITH"},{"data":"Catalyst","floor":49,"key":"SMITH"}],"circlet_count":0,"master_deck":["AscendersBane","Survivor","Neutralize","Leg Sweep","Bouncing Flask+1","Flying Knee","Well Laid Plans","After Image","Flying Knee","Escape Plan","Doppelganger","Cloak And Dagger","Escape Plan","Backflip","Poisoned Stab","Footwork+1","Catalyst+1","Blade Dance+1","Envenom","Dodge and Roll","Blur","PiercingWail+1","Footwork","Deflect","Wraith Form v2+1","Caltrops","PiercingWail","Night Terror","Apotheosis+1","Corpse Explosion","Footwork+1","Acrobatics+1","Catalyst+1","Acrobatics"],"relics":["Pandora\u0027s Box","Golden Idol","Strawberry","Eternal Feather","Bird Faced Urn","Matryoshka","Philosopher\u0027s Stone","Happy Flower","Pear","Gambling Chip","White Beast Statue","Question Card","TheAbacus","Centennial Puzzle","Oddly Smooth Stone","Cursed Key","Membership Card","The Specimen","Red Mask","Lantern"],"acts_visited":["Exordium","TheCity","TheBeyond"],"potions_floor_usage":[21,24,50],"damage_taken":[{"damage":0,"enemies":"Cultist","floor":1,"turns":3},{"damage":0,"enemies":"Small Slimes","floor":5,"turns":4},{"damage":13,"enemies":"Lagavulin","floor":6,"turns":6},{"damage":1,"enemies":"Jaw Worm","floor":8,"turns":3},{"damage":33,"enemies":"Gremlin Nob","floor":11,"turns":5},{"damage":6,"enemies":"Exordium Thugs","floor":12,"turns":4},{"damage":8,"enemies":"3 Sentries","floor":13,"turns":10},{"damage":2,"enemies":"3 Louse","floor":14,"turns":5},{"damage":27,"enemies":"The Guardian","floor":16,"turns":9},{"damage":8,"enemies":"Shell Parasite","floor":18,"turns":5},{"damage":0,"enemies":"Chosen","floor":21,"turns":3},{"damage":42,"enemies":"Slavers","floor":24,"turns":8},{"damage":9,"enemies":"Book of Stabbing","floor":28,"turns":8},{"damage":2,"enemies":"Snake Plant","floor":29,"turns":5},{"damage":4,"enemies":"Shelled Parasite and Fungi","floor":30,"turns":4},{"damage":6,"enemies":"Centurion and Healer","floor":31,"turns":7},{"damage":0,"enemies":"Champ","floor":33,"turns":14},{"damage":20,"enemies":"3 Darklings","floor":35,"turns":7},{"damage":19,"enemies":"Orb Walker","floor":36,"turns":5},{"damage":1,"enemies":"Mind Bloom Boss Battle","floor":38,"turns":10},{"damage":33,"enemies":"Giant Head","floor":41,"turns":8},{"damage":11,"enemies":"Spire Growth","floor":42,"turns":9},{"damage":24,"enemies":"Jaw Worm Horde","floor":45,"turns":5},{"damage":28,"enemies":"Maw","floor":47,"turns":8},{"damage":4,"enemies":"Spire Growth","floor":48,"turns":4},{"damage":59,"enemies":"Donu and Deca","floor":50,"turns":9}],"seed_played":"3745413593066385300","potions_obtained":[{"floor":5,"key":"BlessingOfTheForge"},{"floor":6,"key":"FairyPotion"},{"floor":21,"key":"BlessingOfTheForge"}],"is_trial":false,"path_per_floor":["M","$","?","?","M","E","R","M","T","R","E","M","E","M","R","B",null,"M","?","T","M","?","R","E","R","T","$","E","M","M","M","R","B",null,"M","M","$","?","?","R","E","M","T","R","M","?","M","M","R","B",null],"character_chosen":"THE_SILENT","items_purchased":["Backflip","Footwork","TheAbacus","Deflect","PowerPotion","Centennial Puzzle","Membership Card","Apotheosis"],"campfire_rested":0,"item_purchase_floors":[2,27,27,27,27,27,37,37],"current_hp_per_floor":[59,59,64,64,64,58,58,57,57,66,33,33,31,35,44,23,59,59,59,69,73,73,81,41,53,53,53,54,64,68,76,81,81,81,73,62,62,81,81,81,58,69,69,81,69,69,63,75,77,28],"gold":97,"neow_bonus":"BOSS_RELIC","is_daily":false,"chose_seed":false,"campfire_upgraded":9,"win_rate":0.0,"timestamp":1611198309,"path_taken":["M","?","?","?","M","E","R","M","T","R","E","M","E","M","R","BOSS","M","?","?","M","?","R","E","R","T","?","E","M","?","?","R","BOSS","M","?","$","?","?","R","E","M","T","R","?","?","M","M","R","BOSS"],"items_purchased_type":["Card","Card","Relic","Card","Potion","Relic","Relic","Card"],"build_version":"2020-12-22","purchased_purges":0,"victory":true,"max_hp_per_floor":[66,66,71,64,64,71,71,71,71,71,71,71,71,71,71,71,71,71,71,81,81,81,81,81,81,81,81,81,81,81,81,81,81,81,81,81,81,81,81,81,81,81,81,81,81,77,77,77,77,77],"relic_stats":{"Centennial Puzzle":[39],"TheAbacus":[150],"Happy Flower":[38],"counters":[26,168],"Golden Idol":161,"Bird Faced Urn":[214],"Gambling Chip":[26],"Pandora\u0027s Box":["Leg Sweep","Bouncing Flask","Flying Knee","Well Laid Plans","After Image","Flying Knee","Escape Plan","Doppelganger","Cloak And Dagger","Escape Plan"],"Eternal Feather":57,"Question Card":13,"Cursed Key":0,"obtain_stats":[{"Lantern":41,"Pear":20,"Happy Flower":20,"The Specimen":38,"Golden Idol":4,"Oddly Smooth Stone":28,"Eternal Feather":9,"Question Card":26,"Cursed Key":34,"White Beast Statue":26,"Centennial Puzzle":27,"Matryoshka":13,"TheAbacus":27,"Strawberry":6,"Bird Faced Urn":11,"Gambling Chip":24,"Pandora\u0027s Box":0,"Philosopher\u0027s Stone":17,"Red Mask":39,"Membership Card":37,"Ring of the Snake":0},{"Lantern":21,"Pear":10,"Happy Flower":10,"The Specimen":20,"Golden Idol":1,"Oddly Smooth Stone":13,"Eternal Feather":4,"Question Card":12,"Cursed Key":17,"White Beast Statue":12,"Centennial Puzzle":12,"Matryoshka":7,"TheAbacus":12,"Strawberry":3,"Bird Faced Urn":5,"Gambling Chip":12,"Pandora\u0027s Box":0,"Philosopher\u0027s Stone":9,"Red Mask":20,"Membership Card":19,"Ring of the Snake":0},{"Lantern":133,"Pear":54,"Happy Flower":54,"The Specimen":125,"Golden Idol":3,"Oddly Smooth Stone":73,"Eternal Feather":16,"Question Card":65,"Cursed Key":103,"White Beast Statue":65,"Centennial Puzzle":65,"Matryoshka":35,"TheAbacus":65,"Strawberry":13,"Bird Faced Urn":21,"Gambling Chip":65,"Pandora\u0027s Box":0,"Philosopher\u0027s Stone":49,"Red Mask":125,"Membership Card":115,"Ring of the Snake":0}]},"card_choices":[{"not_picked":["Outmaneuver","Well Laid Plans","Flying Knee"],"picked":"SKIP","floor":1},{"not_picked":["Well Laid Plans","Flying Knee","Prepared"],"picked":"SKIP","floor":5},{"not_picked":["Quick Slash","Distraction"],"picked":"Poisoned Stab","floor":6},{"not_picked":["Underhanded Strike","Outmaneuver"],"picked":"Footwork","floor":8},{"not_picked":["Well Laid Plans","Backstab"],"picked":"Catalyst","floor":11},{"not_picked":["Bullet Time","Outmaneuver","Poisoned Stab"],"picked":"SKIP","floor":12},{"not_picked":["Flechettes","Outmaneuver","Riddle With Holes"],"picked":"SKIP","floor":13},{"not_picked":["Cloak And Dagger","Leg Sweep"],"picked":"Blade Dance","floor":14},{"not_picked":["Bullet Time","Grand Finale"],"picked":"Envenom","floor":16},{"not_picked":["Sucker Punch+1","Slice"],"picked":"Dodge and Roll","floor":18},{"not_picked":["Dagger Throw","Prepared","Predator"],"picked":"SKIP","floor":21},{"not_picked":["Prepared","Acrobatics"],"picked":"PiercingWail","floor":24},{"not_picked":["Heel Hook","Backflip","Leg Sweep"],"picked":"Wraith Form v2","floor":28},{"not_picked":["Cloak And Dagger","Outmaneuver","Reflex+1","Bane"],"picked":"SKIP","floor":29},{"not_picked":["Quick Slash","Blade Dance","Expertise"],"picked":"Caltrops","floor":30},{"not_picked":["Underhanded Strike","Infinite Blades","Flechettes"],"picked":"PiercingWail","floor":31},{"not_picked":["Adrenaline","Malaise","Burst"],"picked":"Night Terror","floor":33},{"not_picked":["Dagger Throw","Cloak And Dagger+1","Prepared","Terror"],"picked":"SKIP","floor":35},{"not_picked":["Backflip","Prepared","Setup+1","Outmaneuver"],"picked":"SKIP","floor":36},{"not_picked":["Poisoned Stab","Riddle With Holes","Catalyst"],"picked":"Corpse Explosion","floor":38},{"not_picked":["Sucker Punch","Calculated Gamble","Doppelganger"],"picked":"Footwork+1","floor":41},{"not_picked":["PiercingWail","Infinite Blades","Expertise"],"picked":"Acrobatics","floor":42},{"not_picked":["Riddle With Holes+1","Dagger Spray","Predator"],"picked":"Catalyst","floor":45},{"not_picked":["Skewer","All Out Attack+1","Dodge and Roll"],"picked":"Acrobatics","floor":47},{"not_picked":["Dagger Throw","Quick Slash","Outmaneuver","Acrobatics"],"picked":"SKIP","floor":48}],"player_experience":1107715,"relics_obtained":[{"floor":6,"key":"Strawberry"},{"floor":9,"key":"Eternal Feather"},{"floor":11,"key":"Bird Faced Urn"},{"floor":13,"key":"Matryoshka"},{"floor":20,"key":"Happy Flower"},{"floor":20,"key":"Pear"},{"floor":24,"key":"Gambling Chip"},{"floor":26,"key":"White Beast Statue"},{"floor":26,"key":"Question Card"},{"floor":28,"key":"Oddly Smooth Stone"},{"floor":38,"key":"The Specimen"},{"floor":41,"key":"Lantern"}],"event_choices":[{"damage_healed":0,"gold_gain":0,"player_choice":"Donut","damage_taken":0,"max_hp_gain":5,"max_hp_loss":0,"event_name":"Big Fish","floor":3,"gold_loss":0},{"damage_healed":0,"gold_gain":0,"player_choice":"Lose Max HP","damage_taken":0,"relics_obtained":["Golden Idol"],"max_hp_gain":0,"max_hp_loss":7,"event_name":"Golden Idol","floor":4,"gold_loss":0},{"damage_healed":0,"gold_gain":0,"player_choice":"Ignored","damage_taken":0,"max_hp_gain":0,"max_hp_loss":0,"event_name":"Vampires","floor":19,"gold_loss":0},{"damage_healed":0,"gold_gain":0,"player_choice":"Read","damage_taken":0,"max_hp_gain":0,"max_hp_loss":0,"event_name":"The Library","floor":22,"gold_loss":0,"cards_obtained":["Blur"]},{"damage_healed":0,"gold_gain":0,"player_choice":"Fight","damage_taken":0,"max_hp_gain":0,"max_hp_loss":0,"event_name":"MindBloom","floor":38,"gold_loss":0},{"damage_healed":0,"gold_gain":0,"player_choice":"Paid","damage_taken":0,"relics_obtained":["Red Mask"],"max_hp_gain":0,"max_hp_loss":0,"event_name":"Tomb of Lord Red Mask","floor":39,"gold_loss":47},{"damage_healed":0,"gold_gain":0,"player_choice":"Max HP","damage_taken":0,"max_hp_gain":0,"max_hp_loss":4,"event_name":"Winding Halls","floor":46,"gold_loss":0}],"is_beta":false,"boss_relics":[{"not_picked":["Snecko Eye","Velvet Choker"],"picked":"Philosopher\u0027s Stone"},{"not_picked":["Sozu","Runic Dome"],"picked":"Cursed Key"}],"items_purged_floors":[],"is_endless":false,"potions_floor_spawned":[5,6,12,13,16,21,28,29,30,31,33,35,36,38,41,42,45,47,48],"ascension_level":19}}