{"host":"254qdhpnbonm8z0p","time":1611223198,"event":{"mods":["AchievementEnabler","BaseMod","Block Reminder","Colored Map","Colored Powertips","Minty Spire (QoL Compilation)","ojb\u0027s Better Paths Mod"],"gold_per_floor":[117,134,134,153,168,168,200,200,248,268,282,282,310,330,330,434,484,496,512,524,155,155,190,190,203,203,219,233,233,233,243,243,340,340,352,104,118,168,43,43,62,91,140,140,158,0,0,15,15,15],"floor_reached":51,"language":"ENG","playtime":5821,"items_purged":["Doubt","Strike_B","Strike_B"],"score":688,"play_id":"eb9057e9-ea40-4c1a-8bcc-05d0c4cc6020","local_time":"20210121015958","is_ascension_mode":false,"campfire_choices":[{"data":"Lockon","floor":6,"key":"SMITH"},{"data":"Storm","floor":8,"key":"SMITH"},{"floor":15,"key":"REST"},{"data":"Defragment","floor":24,"key":"SMITH"},{"data":"Creative AI","floor":30,"key":"SMITH"},{"data":"Thunder Strike","floor":32,"key":"SMITH"},{"data":"Ghostly","floor":40,"key":"SMITH"},{"data":"Ghostly","floor":44,"key":"SMITH"},{"data":"Defragment","floor":47,"key":"SMITH"},{"data":"Ghostly","floor":49,"key":"SMITH"}],"circlet_count":0,"master_deck":["Strike_B","Strike_B","Defend_B","Defend_B","Defend_B","Defend_B","Zap+1","Dualcast","Conserve Battery","Static Discharge+1","Lockon+1","Conserve Battery","Storm+1","Force Field","Ball Lightning","Machine Learning+1","Creative AI+1","Darkness+1","Defragment+1","Ghostly+1","Ghostly+1","Ghostly+1","Ghostly","Ghostly","Thunder Strike+1","Self Repair+1","Defragment+1","Core Surge","Redo+1"],"relics":["Cracked Core","Bird Faced Urn","Question Card","Dream Catcher","PreservedInsect","Tiny House","Pear","Eternal Feather","Sundial","Busted Crown","ClockworkSouvenir","Ice Cream","Ancient Tea Set","Orichalcum","Red Mask"],"acts_visited":["Exordium","TheCity","TheBeyond"],"potions_floor_usage":[16,16,23,33,33,50],"damage_taken":[{"damage":10,"enemies":"Small Slimes","floor":1,"turns":4},{"damage":0,"enemies":"Cultist","floor":2,"turns":4},{"damage":2,"enemies":"Jaw Worm","floor":4,"turns":4},{"damage":2,"enemies":"Large Slime","floor":5,"turns":5},{"damage":31,"enemies":"Gremlin Nob","floor":7,"turns":3},{"damage":8,"enemies":"Looter","floor":10,"turns":2},{"damage":1,"enemies":"2 Fungi Beasts","floor":11,"turns":3},{"damage":11,"enemies":"Lagavulin","floor":13,"turns":5},{"damage":20,"enemies":"Exordium Thugs","floor":14,"turns":5},{"damage":6,"enemies":"Slime Boss","floor":16,"turns":6},{"damage":30,"enemies":"Spheric Guardian","floor":18,"turns":5},{"damage":3,"enemies":"Chosen","floor":19,"turns":4},{"damage":18,"enemies":"Snecko","floor":20,"turns":6},{"damage":8,"enemies":"Book of Stabbing","floor":23,"turns":5},{"damage":12,"enemies":"Cultist and Chosen","floor":25,"turns":4},{"damage":4,"enemies":"3 Cultists","floor":27,"turns":5},{"damage":11,"enemies":"Centurion and Healer","floor":28,"turns":6},{"damage":12,"enemies":"Chosen and Byrds","floor":31,"turns":5},{"damage":32,"enemies":"Champ","floor":33,"turns":7},{"damage":2,"enemies":"Orb Walker","floor":35,"turns":4},{"damage":19,"enemies":"3 Darklings","floor":37,"turns":5},{"damage":12,"enemies":"Mind Bloom Boss Battle","floor":38,"turns":5},{"damage":2,"enemies":"Maw","floor":41,"turns":5},{"damage":8,"enemies":"Nemesis","floor":42,"turns":5},{"damage":0,"enemies":"Transient","floor":45,"turns":5},{"damage":0,"enemies":"Spire Growth","floor":48,"turns":4},{"damage":39,"enemies":"Awakened One","floor":50,"turns":7}],"seed_played":"-7773014705223837449","potions_obtained":[{"floor":1,"key":"SteroidPotion"},{"floor":2,"key":"DuplicationPotion"},{"floor":11,"key":"Fire Potion"},{"floor":17,"key":"Block Potion"},{"floor":18,"key":"SteroidPotion"},{"floor":31,"key":"Fire Potion"},{"floor":33,"key":"EntropicBrew"},{"floor":35,"key":"Energy Potion"}],"is_trial":false,"path_per_floor":["M","M","?","M","M","R","E","R","T","M","M","?","E","M","R","B",null,"M","M","M","$","?","E","R","M","T","M","M","?","R","M","R","B",null,"M","$","M","?","$","R","M","E","T","R","M","?","R","M","R","B",null],"character_chosen":"DEFECT","items_purchased":["Defragment","Pear","ClockworkSouvenir"],"campfire_rested":1,"item_purchase_floors":[21,21,36],"current_hp_per_floor":[65,65,65,65,65,65,36,36,36,32,35,35,28,12,34,34,80,58,67,57,67,45,45,45,37,37,45,45,39,50,50,50,38,50,50,50,50,50,50,50,50,50,50,50,50,50,50,50,50,41],"gold":15,"neow_bonus":"ONE_RARE_RELIC","is_daily":false,"chose_seed":false,"campfire_upgraded":9,"win_rate":0.0,"timestamp":1611223198,"path_taken":["M","M","?","M","?","R","E","R","T","M","M","?","E","M","R","BOSS","M","M","M","$","?","E","R","M","T","M","M","?","R","M","R","BOSS","M","$","M","?","$","R","M","E","T","R","M","?","R","M","R","BOSS"],"items_purchased_type":["Card","Relic","Relic"],"build_version":"2020-12-22","purchased_purges":3,"victory":true,"max_hp_per_floor":[75,75,75,75,75,75,75,75,75,75,75,75,75,75,75,75,80,80,80,80,90,45,45,45,45,45,45,45,50,50,50,50,50,50,50,50,50,50,50,50,50,50,50,50,50,50,50,50,50,50],"card_choices":[{"not_picked":["Steam Power","FTL"],"picked":"Conserve Battery","floor":1},{"not_picked":["Steam","Sweeping Beam"],"picked":"Static Discharge","floor":2},{"not_picked":["Chill","Ball Lightning"],"picked":"Lockon","floor":4},{"not_picked":["Melter","Auto Shields"],"picked":"Conserve Battery","floor":5},{"not_picked":["Gash","Melter"],"picked":"Storm","floor":7},{"not_picked":["Barrage","FTL","Gash"],"picked":"Force Field","floor":10},{"not_picked":["Gash","Lockon","Sweeping Beam"],"picked":"Ball Lightning","floor":11},{"not_picked":["Consume","Hologram","Tempest","Compile Driver"],"picked":"SKIP","floor":13},{"not_picked":["Coolheaded","Steam Power","Steam"],"picked":"Machine Learning","floor":14},{"not_picked":["Seek","Machine Learning","Amplify"],"picked":"Creative AI","floor":16},{"not_picked":["Leap","Cold Snap","Compile Driver"],"picked":"Darkness+1","floor":18},{"not_picked":["Hologram","Barrage","All For One","Compile Driver+1"],"picked":"SKIP","floor":19},{"not_picked":["Hologram","Beam Cell","Compile Driver","Ball Lightning"],"picked":"SKIP","floor":20},{"not_picked":["BootSequence","Skim","Stack"],"picked":"Thunder Strike","floor":23},{"not_picked":["Consume","Streamline","Compile Driver"],"picked":"Self Repair+1","floor":25},{"not_picked":["Sweeping Beam","BootSequence","Beam Cell+1"],"picked":"Defragment","floor":27},{"not_picked":["Auto Shields","Force Field","Leap","FTL"],"picked":"SKIP","floor":28},{"not_picked":["Steam","Consume","Blizzard"],"picked":"Core Surge","floor":31},{"not_picked":["Streamline+1","Steam"],"picked":"SKIP","floor":35},{"not_picked":["Barrage"],"picked":"Redo+1","floor":37},{"not_picked":["Sweeping Beam+1","Go for the Eyes"],"picked":"SKIP","floor":41},{"not_picked":["Go for the Eyes","Leap+1"],"picked":"SKIP","floor":42},{"not_picked":["Conserve Battery+1","Gash+1"],"picked":"SKIP","floor":45},{"not_picked":["Leap","Compile Driver+1"],"picked":"SKIP","floor":48}],"player_experience":98885,"relics_obtained":[{"floor":7,"key":"Question Card"},{"floor":9,"key":"Dream Catcher"},{"floor":13,"key":"PreservedInsect"},{"floor":23,"key":"Eternal Feather"},{"floor":26,"key":"Sundial"},{"floor":38,"key":"Ice Cream"},{"floor":42,"key":"Ancient Tea Set"},{"floor":43,"key":"Orichalcum"}],"event_choices":[{"damage_healed":0,"gold_gain":0,"player_choice":"Upgraded","damage_taken":0,"max_hp_gain":0,"max_hp_loss":0,"event_name":"Upgrade Shrine","floor":3,"gold_loss":0,"cards_upgraded":["Static Discharge"]},{"damage_healed":0,"gold_gain":0,"player_choice":"Grow","damage_taken":0,"max_hp_gain":0,"max_hp_loss":0,"event_name":"Living Wall","floor":12,"gold_loss":0,"cards_upgraded":["Zap"]},{"damage_healed":0,"gold_gain":0,"player_choice":"Became a Ghost","damage_taken":0,"max_hp_gain":0,"max_hp_loss":45,"event_name":"Ghosts","floor":22,"gold_loss":0,"cards_obtained":["Ghostly","Ghostly","Ghostly","Ghostly","Ghostly"]},{"damage_healed":0,"gold_gain":0,"player_choice":"Shed Blood","damage_taken":11,"max_hp_gain":5,"max_hp_loss":0,"event_name":"Forgotten Altar","floor":29,"gold_loss":0},{"damage_healed":0,"gold_gain":0,"player_choice":"Fight","damage_taken":0,"max_hp_gain":0,"max_hp_loss":0,"event_name":"MindBloom","floor":38,"gold_loss":0},{"damage_healed":0,"gold_gain":0,"player_choice":"Paid","damage_taken":0,"relics_obtained":["Red Mask"],"max_hp_gain":0,"max_hp_loss":0,"event_name":"Tomb of Lord Red Mask","floor":46,"gold_loss":158}],"is_beta":false,"boss_relics":[{"not_picked":["Snecko Eye","SacredBark"],"picked":"Tiny House"},{"not_picked":["SlaversCollar","Nuclear Battery"],"picked":"Busted Crown"}],"items_purged_floors":[21,36,39],"is_endless":false,"potions_floor_spawned":[1,2,11,13,18,20,31,33,35,45],"ascension_level":0}}