{"host":"hp5ivm36eqbsv3f0","time":1611211230,"event":{"mods":["AchievementEnabler","BaseMod","Colored Map","DeckTracker","Minty Spire (QoL Compilation)","Rare Cards Sparkle","SuperFastMode"],"gold_per_floor":[115,129,129,143,158,183,183,202,202,234,234,79,90,102,102,198,198,212,226,236,0,19,19,32,32,82,82,117,42,42,71,71,71,71],"floor_reached":33,"language":"KOR","playtime":3704,"items_purged":["Defend_P"],"score":366,"play_id":"aac162e6-4a5f-4dd0-b805-ea8002f361c3","local_time":"20210121154030","is_ascension_mode":true,"campfire_choices":[{"floor":7.0,"key":"REST"},{"data":"Eruption","floor":15.0,"key":"SMITH"},{"floor":23.0,"key":"REST"},{"floor":25.0,"key":"RECALL"},{"floor":27.0,"key":"DIG"},{"floor":30.0,"key":"REST"},{"floor":32,"key":"REST"}],"circlet_count":0,"master_deck":["Strike_P+1","Strike_P+1","Defend_P","Defend_P","Defend_P+1","Eruption+1","Vigilance+1","FlyingSleeves","ClearTheMind","Crescendo+1","EmptyFist","FollowUp","SashWhip","LessonLearned+1","Wallop"],"relics":["HolyWater","Shovel","Singing Bowl","Centennial Puzzle","MealTicket","CaptainsWheel","Bronze Scales","Potion Belt"],"acts_visited":[],"potions_floor_usage":[33,33],"damage_taken":[{"damage":0.0,"enemies":"Jaw Worm","floor":1.0,"turns":5.0},{"damage":0.0,"enemies":"2 Louse","floor":2.0,"turns":2.0},{"damage":0.0,"enemies":"Small Slimes","floor":4.0,"turns":3.0},{"damage":0.0,"enemies":"Looter","floor":5.0,"turns":4.0},{"damage":37.0,"enemies":"3 Sentries","floor":6.0,"turns":18.0},{"damage":10.0,"enemies":"Gremlin Gang","floor":8.0,"turns":4.0},{"damage":11.0,"enemies":"Gremlin Nob","floor":10.0,"turns":3.0},{"damage":3.0,"enemies":"3 Louse","floor":13.0,"turns":2.0},{"damage":2.0,"enemies":"Blue Slaver","floor":14.0,"turns":2.0},{"damage":0.0,"enemies":"Slime Boss","floor":16.0,"turns":6.0},{"damage":7.0,"enemies":"3 Byrds","floor":18.0,"turns":5.0},{"damage":12.0,"enemies":"2 Thieves","floor":19.0,"turns":4.0},{"damage":14.0,"enemies":"Cultist and Chosen","floor":20.0,"turns":5.0},{"damage":32.0,"enemies":"Snake Plant","floor":22.0,"turns":4.0},{"damage":10.0,"enemies":"Centurion and Healer","floor":24.0,"turns":4.0},{"damage":17.0,"enemies":"Slavers","floor":28.0,"turns":9.0},{"damage":36,"enemies":"Gremlin Leader","floor":31,"turns":7},{"damage":67,"enemies":"Champ","floor":33,"turns":9}],"seed_played":"4567212450510523850","potions_obtained":[{"floor":1.0,"key":"SteroidPotion"},{"floor":5.0,"key":"SmokeBomb"},{"floor":6.0,"key":"LiquidBronze"},{"floor":8.0,"key":"Fire Potion"},{"floor":14.0,"key":"DistilledChaos"},{"floor":16.0,"key":"BottledMiracle"},{"floor":19.0,"key":"FairyPotion"},{"floor":31,"key":"ColorlessPotion"}],"is_trial":false,"path_per_floor":["M","M","?","M","M","E","R","M","T","E","?","$","M","M","R","B",null,"M","M","M","?","M","R","M","R","T","R","E","$","R","E","R","B"],"character_chosen":"WATCHER","items_purchased":["MealTicket"],"campfire_rested":4,"item_purchase_floors":[12],"current_hp_per_floor":[65,65,65,65,65,28,47,37,37,26,26,26,23,23,23,23,67,62,52,40,40,10,32,24,24,24,24,7,22,45,11,34,0,0],"gold":71,"neow_bonus":"REMOVE_TWO","is_daily":false,"chose_seed":false,"campfire_upgraded":1,"win_rate":0.0,"timestamp":1611211230,"path_taken":["M","M","?","M","M","E","R","M","T","E","?","?","M","M","R","BOSS","M","M","M","?","M","R","M","R","T","R","E","$","R","E","R","BOSS"],"items_purchased_type":["Relic"],"build_version":"2020-12-22","purchased_purges":1,"victory":false,"max_hp_per_floor":[65,65,65,65,65,65,65,65,65,65,65,65,65,67,67,67,67,69,71,73,73,75,75,77,77,77,77,77,77,77,79,79,79,79],"card_choices":[{"not_picked":["Weave","ThirdEye"],"picked":"FlyingSleeves","floor":1.0},{"not_picked":["SashWhip","Worship"],"picked":"ClearTheMind","floor":2.0},{"not_picked":["EmptyFist","SashWhip"],"picked":"Crescendo","floor":4.0},{"not_picked":["BowlingBash","Prostrate"],"picked":"EmptyFist","floor":5.0},{"not_picked":["CutThroughFate","FlyingSleeves","EmptyFist"],"picked":"SKIP","floor":6.0},{"not_picked":["ReachHeaven","FlyingSleeves","ThirdEye"],"picked":"SKIP","floor":8.0},{"not_picked":["Scrawl","Protect"],"picked":"FollowUp","floor":10.0},{"not_picked":["WreathOfFlame","Nirvana"],"picked":"SashWhip","floor":13.0},{"not_picked":["Worship","WindmillStrike","SashWhip"],"picked":"Singing Bowl","floor":14.0},{"not_picked":["Judgement","ConjureBlade"],"picked":"LessonLearned","floor":16.0},{"not_picked":["BowlingBash","ThirdEye","FollowUp"],"picked":"Singing Bowl","floor":18.0},{"not_picked":["WreathOfFlame","EmptyMind","FlyingSleeves"],"picked":"Singing Bowl","floor":19.0},{"not_picked":["WindmillStrike+1","SashWhip","EmptyFist"],"picked":"Singing Bowl","floor":20.0},{"not_picked":["Evaluate+1","DeceiveReality","WaveOfTheHand"],"picked":"Singing Bowl","floor":22.0},{"not_picked":["Ragnarok","Study","FollowUp"],"picked":"Singing Bowl","floor":24.0},{"not_picked":["Evaluate","Indignation+1"],"picked":"Wallop","floor":28.0},{"not_picked":["Evaluate+1","WreathOfFlame","FlyingSleeves"],"picked":"Singing Bowl","floor":31}],"player_experience":186460,"relics_obtained":[{"floor":6.0,"key":"Shovel"},{"floor":9.0,"key":"Singing Bowl"},{"floor":10.0,"key":"Centennial Puzzle"},{"floor":27.0,"key":"CaptainsWheel"},{"floor":28.0,"key":"Bronze Scales"},{"floor":31,"key":"Potion Belt"}],"event_choices":[{"damage_healed":0.0,"max_hp_gain":0.0,"max_hp_loss":0.0,"gold_gain":0.0,"event_name":"Liars Game","player_choice":"Ignored","floor":3.0,"gold_loss":0.0,"damage_taken":0.0},{"damage_healed":0.0,"max_hp_gain":0.0,"max_hp_loss":0.0,"gold_gain":0.0,"event_name":"Shining Light","player_choice":"Ignored","floor":11.0,"gold_loss":0.0,"damage_taken":0.0},{"damage_healed":0.0,"max_hp_gain":0.0,"max_hp_loss":0.0,"gold_gain":0.0,"event_name":"Masked Bandits","player_choice":"Paid Fearfully","floor":21.0,"gold_loss":236.0,"damage_taken":0.0}],"is_beta":false,"boss_relics":[{"not_picked":["Coffee Dripper","VioletLotus"],"picked":"HolyWater"}],"items_purged_floors":[29],"is_endless":false,"potions_floor_spawned":[1,5,6,8,14,16,19,24,31],"killed_by":"Champ","ascension_level":1}}