{"host":"j204k34h42bd6fas","time":1611209295,"event":{"mods":["Aspiration","BaseMod","Colored Map","Colored Powertips","Conspire","Energized Spire","Hubris","Infinite Spire","JesterMod","Mimic Mod","Minty Spire (QoL Compilation)","Rare Cards Sparkle","Relic Stats","Replay The Spire","Say the Spire","StSLib","The Cursed","The Marked"],"gold_per_floor":[116,9,9,9,9,26,43,77,77,104,104,104,104,104,124,140,140,235,235,252,271,286,286,84,109,109,109,109,109,109],"floor_reached":29,"language":"ENG","playtime":1157,"items_purged":[],"score":314,"play_id":"249b5374-a776-4a23-ac5d-301c23327df5","local_time":"20210121010815","is_ascension_mode":true,"campfire_choices":[{"floor":9,"key":"REST"},{"data":"ReplayTheSpireMod:Scrap Shanks","floor":12,"key":"SMITH"},{"floor":17,"key":"REST"},{"floor":27,"key":"REST"}],"circlet_count":0,"master_deck":["Strike_G+1","Strike_G+1","Strike_G+1","Strike_G+1","Strike_G+1","Defend_G+1","Defend_G+1","Defend_G+1","Defend_G+1","Defend_G+1","Survivor","Neutralize","ReplayTheSpireMod:Scrap Shanks+1","Infinite Blades","Infinite Blades","PiercingWail+1","Cloak And Dagger","Cloak And Dagger","conspire:DoublingDagger","Acrobatics","ReplayTheSpireMod:Private Reserves","Tactician","Cloak And Dagger","Accuracy","Unload","Hidden Blade","Accuracy","Calculated Gamble+1","Deflect","Glass Knife","infinitespire:Execution","Expertise"],"relics":["conspire:SlowCooker","Torii","Gambling Chip","Ornamental Fan","Orichalcum","conspire:RunicOctahedron","Tiny Chest","Quantum Egg"],"acts_visited":["Exordium","TheCity"],"potions_floor_usage":[10,15,25],"damage_taken":[{"damage":15,"enemies":"Small Slimes","floor":1,"turns":4},{"damage":6,"enemies":"2 Louse","floor":6,"turns":5},{"damage":0,"enemies":"Cultist","floor":7,"turns":5},{"damage":18,"enemies":"Replay:BlueRogue","floor":8,"turns":9},{"damage":2,"enemies":"Lagavulin","floor":10,"turns":8},{"damage":0,"enemies":"2 Fungi Beasts","floor":15,"turns":4},{"damage":0,"enemies":"Large Slime","floor":16,"turns":6},{"damage":5,"enemies":"Hexaghost","floor":18,"turns":10},{"damage":7,"enemies":"Shell Parasite","floor":20,"turns":6},{"damage":6,"enemies":"3 Byrds","floor":21,"turns":5},{"damage":7,"enemies":"Cultist and Chosen","floor":22,"turns":5},{"damage":19,"enemies":"Nightmare","floor":25,"turns":6},{"damage":40,"enemies":"Snake Plant","floor":29,"turns":5}],"seed_played":"-226753062859029669","potions_obtained":[{"floor":6,"key":"BlessingOfTheForge"},{"floor":7,"key":"PowerPotion"},{"floor":10,"key":"Cursed Concoction"},{"floor":15,"key":"AttackPotion"},{"floor":20,"key":"LiquidBronze"},{"floor":21,"key":"SteroidPotion"}],"is_trial":false,"path_per_floor":["M","$","?","PTL","PTL","M","M","E","R","E","T","R","?","?","M","M","R","B",null,"M","M","M","?","$","NM","?","R","T","M"],"character_chosen":"THE_SILENT","items_purchased":["Infinite Blades","PiercingWail","Deflect","Glass Knife"],"campfire_rested":3,"item_purchase_floors":[2,2,24,24],"current_hp_per_floor":[55,55,41,41,41,35,35,17,38,36,36,36,3,3,3,3,24,19,57,50,44,37,37,37,18,18,39,39,0,0],"gold":109,"neow_bonus":"BOSS_RELIC","is_daily":false,"chose_seed":false,"campfire_upgraded":1,"win_rate":0.0,"timestamp":1611209295,"path_taken":["M","$","?","PTL","PTL","M","M","E","R","E","T","R","?","?","M","M","R","BOSS","M","M","?","?","$","NM","?","R","T","M"],"items_purchased_type":["Card","Card","Card","Card"],"build_version":"2020-12-22","purchased_purges":0,"victory":false,"max_hp_per_floor":[70,70,70,70,70,70,70,70,70,70,70,70,70,70,70,70,70,70,70,70,70,70,70,70,70,70,70,70,70,70],"relic_stats":{"Torii":33,"counters":[13,78],"Ornamental Fan":[144],"Gambling Chip":[19],"Tiny Chest":0,"Orichalcum":[42],"obtain_stats":[{"Torii":8,"Ornamental Fan":11,"Gambling Chip":10,"Quantum Egg":28,"conspire:RunicOctahedron":19,"Tiny Chest":25,"conspire:SlowCooker":0,"Orichalcum":13,"Ring of the Snake":0},{"Torii":4,"Ornamental Fan":5,"Gambling Chip":5,"Quantum Egg":12,"conspire:RunicOctahedron":8,"Tiny Chest":12,"conspire:SlowCooker":0,"Orichalcum":5,"Ring of the Snake":0},{"Torii":23,"Ornamental Fan":31,"Gambling Chip":31,"Quantum Egg":73,"conspire:RunicOctahedron":51,"Tiny Chest":73,"conspire:SlowCooker":0,"Orichalcum":31,"Ring of the Snake":0}]},"card_choices":[{"not_picked":["Dodge and Roll","Cloak And Dagger"],"picked":"ReplayTheSpireMod:Scrap Shanks","floor":1},{"not_picked":["Sneak Up","Catalyst"],"picked":"Cloak And Dagger","floor":6},{"not_picked":["Heel Hook","Flechettes"],"picked":"Cloak And Dagger","floor":7},{"not_picked":["hubris:Counter","Leg Sweep"],"picked":"conspire:DoublingDagger","floor":8},{"not_picked":["Poisoned Stab","Flying Knee"],"picked":"Acrobatics","floor":10},{"not_picked":["Setup","Bane"],"picked":"Cloak And Dagger","floor":15},{"not_picked":["Bane","PiercingWail"],"picked":"Accuracy","floor":16},{"not_picked":["Night Terror","infinitespire:Neurotoxin"],"picked":"Unload","floor":18},{"not_picked":["Dagger Spray","hubris:SlightOfHand"],"picked":"Hidden Blade","floor":20},{"not_picked":["Poisoned Stab","Bane"],"picked":"Accuracy","floor":21},{"not_picked":["Sucker Punch+1","Dagger Throw+1"],"picked":"Calculated Gamble+1","floor":22},{"not_picked":["ReplayTheSpireMod:Black Plague","Replay:Fractal Strike"],"picked":"infinitespire:Execution","floor":25},{"not_picked":["Deadly Poison+1","Sucker Punch"],"picked":"Expertise","floor":25}],"player_experience":334295,"relics_obtained":[{"floor":8,"key":"Torii"},{"floor":10,"key":"Gambling Chip"},{"floor":11,"key":"Ornamental Fan"},{"floor":25,"key":"Tiny Chest"},{"floor":28,"key":"Quantum Egg"}],"event_choices":[{"damage_healed":0,"gold_gain":0,"player_choice":"Entered Light","damage_taken":14,"max_hp_gain":0,"max_hp_loss":0,"event_name":"Shining Light","floor":3,"gold_loss":0,"cards_upgraded":["Defend_G","PiercingWail"]},{"damage_healed":0,"gold_gain":0,"player_choice":"Success","damage_taken":33,"relics_obtained":["Orichalcum"],"max_hp_gain":0,"max_hp_loss":0,"event_name":"Scrap Ooze","floor":13,"gold_loss":0},{"damage_healed":0,"gold_gain":0,"player_choice":"2 cards matched","damage_taken":0,"max_hp_gain":0,"max_hp_loss":0,"event_name":"Match and Keep!","floor":14,"gold_loss":0,"cards_obtained":["ReplayTheSpireMod:Private Reserves","Tactician"]},{"damage_healed":0,"gold_gain":0,"player_choice":"Simplicity","damage_taken":0,"max_hp_gain":0,"max_hp_loss":0,"event_name":"Back to Basics","floor":23,"gold_loss":0,"cards_upgraded":["Strike_G","Strike_G","Strike_G","Strike_G","Strike_G","Defend_G","Defend_G","Defend_G","Defend_G"]}],"is_beta":false,"boss_relics":[{"not_picked":["SlaversCollar","hubris:BlackHole"],"picked":"conspire:RunicOctahedron"}],"items_purged_floors":[],"is_endless":false,"potions_floor_spawned":[6,7,10,15,20,21],"killed_by":"Snake Plant","ascension_level":5}}