{"host":"qsusua7l529r8z9k","time":1611228726,"event":{"mods":["BaseMod","Minty Spire (QoL Compilation)","Spicy Shops","StSLib"],"gold_per_floor":[115,125,125,135,135,135,166,185,208,242,252,252,266,296,296,371,371,386,386,405,385,48,73,73,84,84,96,129,129,141,173,173,245,245,259,278,12,12,32,52,87,104,177,204,217,217,247,259,259,259,259],"floor_reached":52,"language":"ZHS","playtime":1778,"items_purged":["Strike_P","Defend_P","Defend_P"],"score":2602,"play_id":"01f6fb45-8f16-496f-9fdb-12751206b5a7","local_time":"20210121193206","is_ascension_mode":true,"campfire_choices":[{"data":"Eruption","floor":6.0,"key":"SMITH"},{"data":"SignatureMove","floor":15.0,"key":"SMITH"},{"data":"TalkToTheHand","floor":24.0,"key":"SMITH"},{"data":"EmptyMind","floor":29.0,"key":"SMITH"},{"floor":32.0,"key":"REST"},{"data":"Fasting2","floor":46.0,"key":"SMITH"},{"data":"Panacea","floor":49.0,"key":"SMITH"}],"circlet_count":0,"master_deck":["AscendersBane","Strike_P+1","Defend_P","Defend_P","Eruption+1","Vigilance","ReachHeaven+1","TalkToTheHand+1","SignatureMove+1","InnerPeace","FearNoEvil","Blasphemy","EmptyMind+1","Halt+1","Adaptation+1","Panacea+1","Indignation","Fasting2+1","DevaForm","WheelKick"],"relics":["Runic Pyramid","Whetstone","Omamori","Akabeko","Mercury Hourglass","Calling Bell","MealTicket","Sundial","Prayer Wheel","Enchiridion","Medical Kit","Yang","Juzu Bracelet","Tiny Chest","Mummified Hand","Cursed Key","Membership Card","Bag of Preparation","TungstenRod","TeardropLocket","Pear","Ice Cream"],"acts_visited":["Exordium","TheCity","TheBeyond"],"potions_floor_usage":[50],"damage_taken":[{"damage":1.0,"enemies":"Cultist","floor":1.0,"turns":3.0},{"damage":0.0,"enemies":"2 Louse","floor":2.0,"turns":2.0},{"damage":7.0,"enemies":"Small Slimes","floor":4.0,"turns":3.0},{"damage":0.0,"enemies":"Lagavulin","floor":7.0,"turns":4.0},{"damage":0.0,"enemies":"Exordium Thugs","floor":8.0,"turns":2.0},{"damage":6.0,"enemies":"Gremlin Nob","floor":10.0,"turns":3.0},{"damage":0.0,"enemies":"Exordium Wildlife","floor":11.0,"turns":2.0},{"damage":0.0,"enemies":"Blue Slaver","floor":13.0,"turns":3.0},{"damage":0.0,"enemies":"Lagavulin","floor":14.0,"turns":1.0},{"damage":0.0,"enemies":"Slime Boss","floor":16.0,"turns":3.0},{"damage":0.0,"enemies":"Chosen","floor":18.0,"turns":3.0},{"damage":0.0,"enemies":"3 Byrds","floor":20.0,"turns":2.0},{"damage":0.0,"enemies":"Gremlin Leader","floor":23.0,"turns":2.0},{"damage":6.0,"enemies":"3 Cultists","floor":25.0,"turns":3.0},{"damage":0.0,"enemies":"Centurion and Healer","floor":27.0,"turns":1.0},{"damage":20.0,"enemies":"Slavers","floor":28.0,"turns":2.0},{"damage":12.0,"enemies":"Snake Plant","floor":30.0,"turns":2.0},{"damage":0.0,"enemies":"Gremlin Leader","floor":31.0,"turns":2.0},{"damage":38.0,"enemies":"Collector","floor":33.0,"turns":6.0},{"damage":1.0,"enemies":"3 Shapes","floor":35.0,"turns":2.0},{"damage":5.0,"enemies":"Orb Walker","floor":36.0,"turns":2.0},{"damage":0.0,"enemies":"Jaw Worm Horde","floor":39.0,"turns":2.0},{"damage":4.0,"enemies":"3 Darklings","floor":40.0,"turns":2.0},{"damage":0.0,"enemies":"Reptomancer","floor":41.0,"turns":2.0},{"damage":0.0,"enemies":"Sphere and 2 Shapes","floor":42.0,"turns":2.0},{"damage":0.0,"enemies":"Giant Head","floor":44.0,"turns":3.0},{"damage":0.0,"enemies":"Writhing Mass","floor":45.0,"turns":2.0},{"damage":0.0,"enemies":"Nemesis","floor":47.0,"turns":3.0},{"damage":3.0,"enemies":"Jaw Worm Horde","floor":48.0,"turns":2.0},{"damage":31,"enemies":"Donu and Deca","floor":50,"turns":5},{"damage":19,"enemies":"Time Eater","floor":51,"turns":5}],"seed_played":"4630328961120905177","potions_obtained":[{"floor":1.0,"key":"BottledMiracle"},{"floor":7.0,"key":"BottledMiracle"},{"floor":10.0,"key":"Ambrosia"},{"floor":14.0,"key":"Fire Potion"},{"floor":18.0,"key":"PowerPotion"},{"floor":21.0,"key":"DuplicationPotion"},{"floor":27.0,"key":"EntropicBrew"},{"floor":28.0,"key":"LiquidBronze"},{"floor":33.0,"key":"PowerPotion"},{"floor":39.0,"key":"Swift Potion"},{"floor":41.0,"key":"BottledMiracle"}],"is_trial":false,"path_per_floor":["M","M","?","M","?","R","E","M","T","E","M","?","M","E","R","B",null,"M","?","M","?","$","E","R","M","T","M","E","R","M","E","R","B",null,"M","M","$","?","M","M","E","M","T","E","M","R","E","M","R","B","B",null],"character_chosen":"WATCHER","items_purchased":["Medical Kit","Membership Card","Panacea"],"campfire_rested":1,"item_purchase_floors":[22,37,37],"current_hp_per_floor":[60,60,60,53,58,58,58,58,58,52,52,52,52,52,52,52,68,68,47,47,47,62,62,62,56,56,56,36,36,24,24,45,7,57,56,51,66,66,66,62,62,62,62,72,72,72,72,69,69,38,19],"gold":259,"neow_bonus":"BOSS_RELIC","is_daily":false,"chose_seed":false,"campfire_upgraded":6,"win_rate":0.0,"timestamp":1611228726,"path_taken":["M","M","?","M","?","R","E","M","T","E","M","?","?","E","R","BOSS","M","?","M","?","$","E","R","M","T","M","E","R","M","E","R","BOSS","M","M","$","?","M","M","E","M","T","E","M","R","E","M","R","BOSS","BOSS"],"items_purchased_type":["Relic","Relic","Card"],"build_version":"2020-12-22","purchased_purges":3,"victory":true,"max_hp_per_floor":[68,68,68,68,73,73,73,73,73,73,73,73,73,73,73,73,73,73,73,73,73,73,73,73,73,73,73,73,73,73,73,73,73,73,73,73,73,73,73,73,73,73,73,83,83,83,83,83,83,83,83],"card_choices":[{"not_picked":["DeceiveReality","CutThroughFate","EmptyFist"],"picked":"SKIP","floor":1.0},{"not_picked":["Meditate","Vengeance","FlyingSleeves"],"picked":"SKIP","floor":2.0},{"not_picked":["CrushJoints","Halt","JustLucky"],"picked":"SKIP","floor":4.0},{"not_picked":["Conclude","FlyingSleeves"],"picked":"TalkToTheHand","floor":7.0},{"not_picked":["JustLucky","Protect","Perseverance"],"picked":"SKIP","floor":8.0},{"not_picked":["Nirvana","Crescendo"],"picked":"SignatureMove","floor":10.0},{"not_picked":["Conclude","BattleHymn"],"picked":"InnerPeace","floor":11.0},{"not_picked":["CutThroughFate","SashWhip"],"picked":"FearNoEvil","floor":13.0},{"not_picked":["Worship","Prostrate","EmptyBody"],"picked":"SKIP","floor":14.0},{"not_picked":["ConjureBlade","DevaForm"],"picked":"Blasphemy","floor":16.0},{"not_picked":["Crescendo","JustLucky+1","CutThroughFate"],"picked":"SKIP","floor":18.0},{"not_picked":["Collect","EmptyFist","FlurryOfBlows"],"picked":"SKIP","floor":18.0},{"not_picked":["SignatureMove","FlyingSleeves","WindmillStrike"],"picked":"SKIP","floor":20.0},{"not_picked":["LikeWater","PathToVictory","Devotion"],"picked":"SKIP","floor":20.0},{"not_picked":["Collect","MentalFortress"],"picked":"EmptyMind","floor":23.0},{"not_picked":["EmptyBody+1","ThirdEye","PathToVictory"],"picked":"SKIP","floor":25.0},{"not_picked":["PathToVictory","InnerPeace","LikeWater"],"picked":"SKIP","floor":25.0},{"not_picked":["FlurryOfBlows","FollowUp","TalkToTheHand"],"picked":"SKIP","floor":27.0},{"not_picked":["FlyingSleeves","CutThroughFate","ThirdEye+1"],"picked":"SKIP","floor":27.0},{"not_picked":["ThirdEye+1","LessonLearned","Crescendo"],"picked":"SKIP","floor":28.0},{"not_picked":["SashWhip","EmptyFist+1","Crescendo"],"picked":"SKIP","floor":30.0},{"not_picked":["FearNoEvil","Consecrate","Pray"],"picked":"SKIP","floor":30.0},{"not_picked":["Wish","Crescendo","EmptyFist+1"],"picked":"SKIP","floor":31.0},{"not_picked":["TalkToTheHand+1","Protect","EmptyBody"],"picked":"SKIP","floor":35.0},{"not_picked":["Halt+1","DeceiveReality","CrushJoints"],"picked":"SKIP","floor":35.0},{"not_picked":["DeceiveReality","CrushJoints"],"picked":"Halt+1","floor":35.0},{"not_picked":["TalkToTheHand+1","Protect","EmptyBody"],"picked":"SKIP","floor":35.0},{"not_picked":["FearNoEvil","PathToVictory"],"picked":"Adaptation+1","floor":36.0},{"not_picked":["Sanctity","ClearTheMind","Fasting2"],"picked":"SKIP","floor":36.0},{"not_picked":["Sanctity","ClearTheMind","Fasting2"],"picked":"SKIP","floor":36.0},{"not_picked":["JustLucky","Protect+1"],"picked":"Indignation","floor":39.0},{"not_picked":["Consecrate","JustLucky","MentalFortress+1"],"picked":"SKIP","floor":39.0},{"not_picked":["Nirvana+1","SignatureMove","CrushJoints"],"picked":"SKIP","floor":40.0},{"not_picked":["ThirdEye","LikeWater","Nirvana"],"picked":"SKIP","floor":40.0},{"not_picked":["Consecrate","SashWhip","Indignation+1"],"picked":"SKIP","floor":41.0},{"not_picked":["Vengeance","Adaptation"],"picked":"Fasting2","floor":42.0},{"not_picked":["FlyingSleeves+1","Perseverance","FlurryOfBlows"],"picked":"SKIP","floor":42.0},{"not_picked":["Crescendo","SignatureMove","Perseverance"],"picked":"SKIP","floor":44.0},{"not_picked":["Adaptation","ClearTheMind"],"picked":"DevaForm","floor":45.0},{"not_picked":["BowlingBash","EmptyBody","Prostrate+1"],"picked":"SKIP","floor":45.0},{"not_picked":["PathToVictory","CrushJoints","Halt"],"picked":"SKIP","floor":47.0},{"not_picked":["WindmillStrike","MentalFortress+1"],"picked":"WheelKick","floor":48.0},{"not_picked":["Conclude+1","JustLucky+1","Weave+1"],"picked":"SKIP","floor":48.0}],"player_experience":420097,"relics_obtained":[{"floor":7.0,"key":"Whetstone"},{"floor":9.0,"key":"Omamori"},{"floor":10.0,"key":"Akabeko"},{"floor":14.0,"key":"Mercury Hourglass"},{"floor":17.0,"key":"MealTicket"},{"floor":17.0,"key":"Sundial"},{"floor":17.0,"key":"Prayer Wheel"},{"floor":19.0,"key":"Enchiridion"},{"floor":23.0,"key":"Yang"},{"floor":26.0,"key":"Juzu Bracelet"},{"floor":28.0,"key":"Tiny Chest"},{"floor":31.0,"key":"Mummified Hand"},{"floor":41.0,"key":"TungstenRod"},{"floor":43.0,"key":"TeardropLocket"},{"floor":44.0,"key":"Pear"},{"floor":47.0,"key":"Ice Cream"}],"event_choices":[{"damage_healed":0.0,"max_hp_gain":0.0,"max_hp_loss":0.0,"gold_gain":0.0,"cards_transformed":["Strike_P"],"event_name":"Living Wall","player_choice":"Change","floor":3.0,"gold_loss":0.0,"damage_taken":0.0,"cards_obtained":["ReachHeaven"]},{"damage_healed":0.0,"max_hp_gain":5.0,"max_hp_loss":0.0,"gold_gain":0.0,"event_name":"Big Fish","player_choice":"Donut","floor":5.0,"gold_loss":0.0,"damage_taken":0.0},{"cards_removed":["Strike_P"],"damage_healed":0.0,"max_hp_gain":0.0,"max_hp_loss":0.0,"gold_gain":0.0,"event_name":"Purifier","player_choice":"Purged","floor":12.0,"gold_loss":0.0,"damage_taken":0.0},{"damage_healed":0.0,"max_hp_gain":0.0,"max_hp_loss":0.0,"gold_gain":0.0,"event_name":"Cursed Tome","player_choice":"Obtained Book","floor":19.0,"gold_loss":0.0,"damage_taken":21.0},{"damage_healed":0.0,"max_hp_gain":0.0,"max_hp_loss":0.0,"gold_gain":0.0,"event_name":"The Woman in Blue","player_choice":"Bought 1 Potion","floor":21.0,"gold_loss":0.0,"damage_taken":0.0},{"damage_healed":0.0,"max_hp_gain":0.0,"max_hp_loss":0.0,"gold_gain":0.0,"event_name":"WeMeetAgain","player_choice":"Gave Potion","floor":38.0,"gold_loss":0.0,"damage_taken":0.0,"relics_obtained":["Bag of Preparation"]}],"is_beta":false,"boss_relics":[{"not_picked":["Ectoplasm","Snecko Eye"],"picked":"Calling Bell"},{"not_picked":["Runic Dome","Empty Cage"],"picked":"Cursed Key"}],"items_purged_floors":[22,22,37],"is_endless":false,"potions_floor_spawned":[1,7,10,11,14,18,23,27,28,33,39,41,42,44],"ascension_level":20}}