{"host":"3xls0xm49ftugio7","time":1611247070,"event":{"mods":["2.2 Compatiblity","AchievementEnabler","Act Like it!","BaseMod","Bestiary","Colored Powertips","Infinite Spire","Minty Spire (QoL Compilation)","Quick Restart","StSLib"],"gold_per_floor":[117,172,190,24,24,51,77,104,128,143,143,143,62,77,77,77,77],"floor_reached":16,"language":"ENG","playtime":416,"items_purged":[],"score":266,"play_id":"719001f6-ea8e-45f2-8b52-e4d373a3e815","local_time":"20210121183750","is_ascension_mode":true,"campfire_choices":[{"data":"Feed","floor":11,"key":"SMITH"},{"data":"Flame Barrier","floor":15,"key":"SMITH"}],"circlet_count":0,"master_deck":["AscendersBane","Strike_R","Strike_R","Strike_R","Strike_R","Strike_R","Defend_R","Defend_R","Defend_R","Defend_R","Bash+1","Flame Barrier+1","Shrug It Off","Perfected Strike","Feed+1","Metallicize","Headbutt"],"relics":["Burning Blood","NeowsBlessing","Toy Ornithopter","Membership Card","Happy Flower","Smiling Mask","Tiny Chest","Dream Catcher","CultistMask","Bag of Preparation"],"acts_visited":["Exordium"],"potions_floor_usage":[16],"damage_taken":[{"damage":0,"enemies":"Cultist","floor":1,"turns":1},{"damage":0,"enemies":"Jaw Worm","floor":3,"turns":1},{"damage":0,"enemies":"Lagavulin","floor":6,"turns":1},{"damage":52,"enemies":"Gremlin Nob","floor":8,"turns":5},{"damage":0,"enemies":"Small Slimes","floor":10,"turns":3},{"damage":0,"enemies":"Red Slaver","floor":14,"turns":3},{"damage":69,"enemies":"Hexaghost","floor":16,"turns":11}],"seed_played":"2906578275499415399","potions_obtained":[{"floor":6,"key":"ElixirPotion"},{"floor":10,"key":"Energy Potion"},{"floor":14,"key":"BloodPotion"}],"is_trial":false,"path_per_floor":["M","T","M","$","?","E","T","E","T","M","R","?","$","M","R","B"],"character_chosen":"IRONCLAD","items_purchased":["Membership Card","Bag of Preparation"],"campfire_rested":0,"item_purchase_floors":[4,13],"current_hp_per_floor":[74,74,75,75,75,75,75,29,29,38,38,38,38,48,48,0,0],"gold":77,"neow_bonus":"THREE_ENEMY_KILL","is_daily":false,"chose_seed":false,"campfire_upgraded":2,"win_rate":0.0,"timestamp":1611247070,"path_taken":["M","?","M","$","?","E","?","E","T","M","R","?","$","M","R","BOSS"],"items_purchased_type":["Relic","Relic"],"build_version":"2020-12-22","purchased_purges":0,"victory":false,"max_hp_per_floor":[75,75,75,75,75,75,75,75,75,78,78,78,78,82,82,82,82],"card_choices":[{"not_picked":["Clothesline","Iron Wave"],"picked":"Flame Barrier","floor":1},{"not_picked":["Anger","Inflame"],"picked":"Shrug It Off","floor":3},{"not_picked":["Whirlwind","Iron Wave"],"picked":"Perfected Strike","floor":6},{"not_picked":["Blood for Blood","Anger"],"picked":"Feed","floor":8},{"not_picked":["Warcry","Clash"],"picked":"Metallicize","floor":10},{"not_picked":["Power Through","Body Slam"],"picked":"Headbutt","floor":14}],"player_experience":710147,"relics_obtained":[{"floor":2,"key":"Toy Ornithopter"},{"floor":6,"key":"Happy Flower"},{"floor":7,"key":"Smiling Mask"},{"floor":8,"key":"Tiny Chest"},{"floor":9,"key":"Dream Catcher"}],"event_choices":[{"damage_healed":0,"gold_gain":0,"player_choice":"Grow","damage_taken":0,"max_hp_gain":0,"max_hp_loss":0,"event_name":"Living Wall","floor":5,"gold_loss":0,"cards_upgraded":["Bash"]},{"damage_healed":0,"gold_gain":0,"player_choice":"Trade","damage_taken":0,"relics_obtained":["CultistMask"],"max_hp_gain":0,"max_hp_loss":0,"event_name":"FaceTrader","floor":12,"gold_loss":0}],"is_beta":false,"boss_relics":[],"items_purged_floors":[],"is_endless":false,"potions_floor_spawned":[6,10,14],"killed_by":"Hexaghost","ascension_level":20}}