{"host":"g0kvl32a5uvdvg3r","time":1611190405,"event":{"mods":["BaseMod","Hermit","Minty Spire (QoL Compilation)","Replay The Spire","Shop Mod","StSLib"],"gold_per_floor":[114,114,189,71,71,71,86,101,126,126,126],"floor_reached":10,"language":"ENG","playtime":401,"items_purged":[],"score":56,"play_id":"a7881fb9-347b-48ee-a0b2-efe671255b2e","local_time":"20210121005325","daily_mods":["Chimera","Hoarder","Binary"],"is_ascension_mode":false,"campfire_choices":[{"data":"ReplayTheSpireMod:Muscle Training","floor":6,"key":"SMITH"}],"circlet_count":0,"master_deck":["Bash","Survivor","Zap","Eruption","Strike_R","Strike_G","Defend_R","Defend_G","Defend_P","Offering+1","Offering+1","Offering+1","Armaments+1","Armaments+1","Armaments+1","ReplayTheSpireMod:Muscle Training+1","ReplayTheSpireMod:Muscle Training+1","ReplayTheSpireMod:Muscle Training","ReplayTheSpireMod:Corrosion Curse","ReplayTheSpireMod:Corrosion Curse","ReplayTheSpireMod:Corrosion Curse"],"relics":["Burning Blood","Strawberry"],"acts_visited":["Exordium"],"potions_floor_usage":[10],"damage_taken":[{"damage":1,"enemies":"Jaw Worm","floor":1,"turns":4},{"damage":12,"enemies":"Small Slimes","floor":7,"turns":3},{"damage":6,"enemies":"2 Louse","floor":8,"turns":3},{"damage":142,"enemies":"Gremlin Nob","floor":10,"turns":5}],"seed_played":"811174962971598332","potions_obtained":[{"floor":1,"key":"Weak Potion"}],"is_trial":false,"path_per_floor":["M","?","?","$","?","R","M","M","T","E"],"character_chosen":"IRONCLAD","items_purchased":["Armaments+1","ReplayTheSpireMod:Muscle Training"],"campfire_rested":0,"item_purchase_floors":[4,4],"current_hp_per_floor":[80,80,69,69,69,69,63,63,70,0,0],"gold":126,"neow_bonus":"","is_daily":true,"chose_seed":false,"campfire_upgraded":1,"win_rate":0.0,"timestamp":1611190405,"path_taken":["M","?","?","$","?","R","M","M","T","E"],"items_purchased_type":["Card","Card"],"build_version":"2020-12-22","purchased_purges":0,"victory":false,"max_hp_per_floor":[80,80,80,80,80,80,80,80,87,87,87],"card_choices":[{"not_picked":["Life Link","Uppercut"],"picked":"SKIP","floor":1},{"not_picked":["Warcry","Pommel Strike"],"picked":"SKIP","floor":7},{"not_picked":["Replay:Undeath\u0027s Touch"],"picked":"ReplayTheSpireMod:Corrosion Curse","floor":8}],"player_experience":1149478,"relics_obtained":[{"floor":9,"key":"Strawberry"}],"event_choices":[{"damage_healed":0,"gold_gain":75,"player_choice":"Gather Gold","damage_taken":11,"max_hp_gain":0,"max_hp_loss":0,"event_name":"World of Goop","floor":3,"gold_loss":0},{"damage_healed":0,"gold_gain":0,"player_choice":"Grow","damage_taken":0,"max_hp_gain":0,"max_hp_loss":0,"event_name":"Living Wall","floor":5,"gold_loss":0,"cards_upgraded":["ReplayTheSpireMod:Muscle Training"]}],"is_beta":false,"boss_relics":[],"items_purged_floors":[],"is_endless":false,"potions_floor_spawned":[1],"killed_by":"Gremlin Nob","ascension_level":0}}