{"host":"t7rtdu4954o308h4","time":1611227746,"event":{"mods":["100% Spire Juice","ATMod(阿瑾Mod)","BaseMod","Conspire","Downfall","Highlight Path","Hubris","Infinite Spire","Minty Spire (QoL Compilation)","MostiFishMod","StSLib","TestMod","Waifu the Spire","【遗物卡牌】REMEMod"],"gold_per_floor":[349,349,363,21,37,37,37,37,57,77,101,127,127,527,549,666,666,666,684,713,713,713,713,738,738,595,595,595,595,5,43,60,170,170,170,203,230,263,0,24,51,85,136,136,158,192,192,226,248,274],"floor_reached":51,"language":"ZHS","playtime":3145,"items_purged":["hubris:Sloth","sneckomod:Defend"],"score":1168,"play_id":"d7d60d7e-f0e9-4b88-8e88-dbf2f2bb202b","local_time":"20210121191546","is_ascension_mode":false,"campfire_choices":[{"data":"sneckomod:SnekBite","floor":1,"key":"SMITH"},{"data":"testmod-AutoReboundSystem","floor":6,"key":"SMITH"},{"data":"sneckomod:CheapStock","floor":8,"key":"SMITH"},{"data":"AT_FamilyPortrait","floor":13,"key":"SMITH"},{"data":"sneckomod:UnknownBoss","floor":18,"key":"SMITH"},{"data":"sneckomod:UnknownRareSkill","floor":25,"key":"SMITH"},{"data":"sneckomod:ImprovisedAttack","floor":28,"key":"SMITH"},{"data":"sneckomod:UnknownRarePower","floor":35,"key":"SMITH"},{"floor":47,"key":"RECALL"}],"circlet_count":0,"master_deck":["hubris:Hubris","sneckomod:Strike","sneckomod:Strike+1","sneckomod:Strike","sneckomod:Defend","sneckomod:Defend+1","sneckomod:TailWhip+1","sneckomod:SnekBite+1","sneckomod:Unknown","sneckomod:Unknown","MostiFishMod:Wind","AT_FamilyPortrait+1","downfall:Malfunctioning","sneckomod:Unknown1Cost","sneckomod:CheapStock+1","testmod-AutoReboundSystem+1","sneckomod:UnknownRareSkill+1","sneckomod:UnknownX","sneckomod:UnknownDexterity","sneckomod:SlitherStrike","sneckomod:UnknownUncommonAttack","sneckomod:SoulRoll","sneckomod:UnknownStrike","sneckomod:UnknownBoss+1","sneckomod:UnknownClassINFINITE_BLACK+1","sneckomod:UnknownBoss+1","sneckomod:ImprovisedAttack+1","sneckomod:UnknownExhaust","sneckomod:UnknownUncommonPower","sneckomod:Cheat","sneckomod:UnknownColorless","sneckomod:UnknownRarePower+1","MostiFishMod:SephirahHod","sneckomod:UnknownDraw","sneckomod:Memorize","expansioncontent:QuickStudy","sneckomod:UnknownRarePower","sneckomod:UnendingSupply+1","sneckomod:UnknownVulnerable+1","CurseOfTheBell","sneckomod:SerpentIdol+1","sneckomod:UnknownRareAttack"],"relics":["sneckomod:SneckoSoul","AT_ATBox","DaveBox","testmod-TestBox","testmod-DeterminationOfClimber","ArrowTower","AT_GuinsooRageblade","expansioncontent:StudyCardRelic","DollysMirror","ClockworkSouvenir","REME_HourglassOfDeath","hubris:Metronome","hubris:Potato","hubris:HerbalPaste","Shuriken","MostiFishMod:Hod","testmod-TurbochargingSystem","infinitespire:WardingShard","Dream Catcher","hubris:DeckOfHolding","CombinedTypeHook"],"acts_visited":["Exordium","TheCity","TheBeyond"],"potions_floor_usage":[9,26,26,30,31],"damage_taken":[{"damage":0,"enemies":"2 Louse","floor":3,"turns":1},{"damage":10,"enemies":"downfall:FleeingMerchant","floor":4,"turns":4},{"damage":0,"enemies":"Jaw Worm","floor":5,"turns":1},{"damage":7,"enemies":"Small Slimes","floor":9,"turns":2},{"damage":12,"enemies":"Blue Slaver","floor":10,"turns":2},{"damage":1,"enemies":"Large Slime","floor":11,"turns":3},{"damage":0,"enemies":"Exordium Wildlife","floor":12,"turns":1},{"damage":3,"enemies":"Large Slime","floor":15,"turns":2},{"damage":36,"enemies":"IC_STATUS_ARCHETYPE","floor":16,"turns":5},{"damage":7,"enemies":"Chosen","floor":19,"turns":2},{"damage":0,"enemies":"Snake Plant","floor":20,"turns":1},{"damage":0,"enemies":"downfall:FleeingMerchant","floor":26,"turns":4},{"damage":40,"enemies":"Slavers","floor":31,"turns":3},{"damage":8,"enemies":"Snecko","floor":32,"turns":3},{"damage":0,"enemies":"WA_ARCHETYPE_CALM","floor":33,"turns":2},{"damage":0,"enemies":"3 Darklings","floor":36,"turns":1},{"damage":0,"enemies":"Orb Walker","floor":37,"turns":1},{"damage":0,"enemies":"Sphere and 2 Shapes","floor":38,"turns":1},{"damage":0,"enemies":"3 Darklings","floor":40,"turns":1},{"damage":0,"enemies":"Spire Growth","floor":42,"turns":2},{"damage":0,"enemies":"Giant Head","floor":43,"turns":3},{"damage":0,"enemies":"Sphere and 2 Shapes","floor":45,"turns":1},{"damage":0,"enemies":"Jaw Worm Horde","floor":46,"turns":1},{"damage":0,"enemies":"Spire Growth","floor":48,"turns":1},{"damage":0,"enemies":"Sphere and 2 Shapes","floor":49,"turns":1},{"damage":0,"enemies":"DF_ARCHETYPE_ORBS","floor":50,"turns":1}],"seed_played":"-8315256675066377193","potions_obtained":[{"floor":5,"key":"Fire Potion"},{"floor":10,"key":"LiquidBronze"},{"floor":11,"key":"Fire Potion"},{"floor":31,"key":"Energy Potion"},{"floor":32,"key":"GamblersBrew"},{"floor":38,"key":"ColorlessPotion"},{"floor":43,"key":"bronze:BurnAndBuffPotion"},{"floor":48,"key":"testmod-TestPotion"}],"is_trial":false,"path_per_floor":["R","?","M","$","M","R","T","R","M","M","M","M","R","?","M","B",null,"R","M","M","AVR","?","?","T","R","$","?","R","?","$","E","M","B",null,"R","M","M","M","$","M","T","M","E","?","M","M","R","M","M","B",null],"character_chosen":"THE_SNECKO","items_purchased":["testmod-AutoReboundSystem","sneckomod:UnknownRareSkill","ClockworkSouvenir","REME_HourglassOfDeath","hubris:Potato","sneckomod:UnknownUncommonPower","hubris:HerbalPaste","testmod-SpacePotion","expansioncontent:QuickStudy"],"campfire_rested":0,"item_purchase_floors":[4,4,26,26,30,30,30,30,39],"current_hp_per_floor":[90,90,90,81,84,84,84,84,80,74,81,90,90,90,90,73,90,90,85,90,90,90,90,90,90,90,90,90,90,90,53,57,75,90,90,90,90,90,90,90,90,90,90,90,90,90,90,90,90,90],"gold":274,"neow_bonus":"TWO_FIFTY_GOLD","is_daily":false,"chose_seed":false,"campfire_upgraded":8,"win_rate":0.0,"timestamp":1611227746,"path_taken":["R","?","M","$","M","R","T","R","M","M","M","M","R","?","M","BOSS","R","M","M","AVR","?","?","T","R","$","?","R","?","$","E","M","BOSS","R","M","M","M","$","M","T","M","E","?","M","M","R","M","M","BOSS"],"items_purchased_type":["Card","Card","Relic","Relic","Relic","Card","Relic","Potion","Card"],"build_version":"2020-12-22","purchased_purges":2,"victory":true,"max_hp_per_floor":[90,90,90,90,90,90,90,90,90,90,90,90,90,90,90,90,90,90,90,90,90,90,90,90,90,90,90,90,90,90,90,90,90,90,90,90,90,90,90,90,90,90,90,90,90,90,90,90,90,90],"card_choices":[{"not_picked":["sneckomod:UnknownCommonSkill","sneckomod:IronFang"],"picked":"sneckomod:Unknown1Cost","floor":3},{"not_picked":["sneckomod:SlitherStrike","sneckomod:SoulDraw"],"picked":"sneckomod:CheapStock","floor":4},{"not_picked":["sneckomod:SnakeSap","sneckomod:QuickMove"],"picked":"sneckomod:UnknownX","floor":5},{"not_picked":["sneckomod:IronFang","sneckomod:SnekBeam"],"picked":"sneckomod:UnknownDexterity","floor":9},{"not_picked":["sneckomod:IronFang","sneckomod:DefensiveFlair"],"picked":"sneckomod:SlitherStrike","floor":10},{"not_picked":["sneckomod:QuickBite","sneckomod:WideSting"],"picked":"sneckomod:UnknownUncommonAttack","floor":11},{"not_picked":["sneckomod:UnknownCommonSkill","sneckomod:Unknown0Cost"],"picked":"sneckomod:SoulRoll","floor":12},{"not_picked":["sneckomod:Unknown2Cost","sneckomod:WideSting"],"picked":"sneckomod:UnknownStrike","floor":15},{"not_picked":["sneckomod:Cheat","sneckomod:Transmogrify"],"picked":"sneckomod:UnknownBoss","floor":16},{"not_picked":["sneckomod:SoulDraw+1","sneckomod:UnknownBlock+1"],"picked":"sneckomod:UnknownClassINFINITE_BLACK+1","floor":19},{"not_picked":["sneckomod:SoulRoll","sneckomod:DiceCrush+1","sneckomod:QuickMove"],"picked":"SKIP","floor":20},{"not_picked":["sneckomod:ImprovisedGuard","sneckomod:SnakeSap"],"picked":"sneckomod:ImprovisedAttack","floor":26},{"not_picked":["sneckomod:UnknownWeak","sneckomod:UnknownCommonAttack"],"picked":"sneckomod:Cheat","floor":31},{"not_picked":["sneckomod:Unknown1Cost","sneckomod:UnknownCommonSkill"],"picked":"sneckomod:UnknownColorless","floor":32},{"not_picked":["sneckomod:Unknown3Cost","sneckomod:Restock"],"picked":"sneckomod:UnknownRarePower","floor":33},{"not_picked":["sneckomod:UnknownCommonSkill+1","sneckomod:SnekBeam"],"picked":"sneckomod:UnknownDraw","floor":36},{"not_picked":["sneckomod:UnknownClassTHE_CHAMP_GRAY+1","sneckomod:UnknownClassGUARDIAN+1"],"picked":"sneckomod:Memorize","floor":37},{"not_picked":["sneckomod:QuickBite","sneckomod:CheapStock+1","sneckomod:SoulRoll+1"],"picked":"SKIP","floor":38},{"not_picked":["sneckomod:TrashToTreasure+1","sneckomod:UnknownDexterity+1"],"picked":"sneckomod:UnknownRarePower","floor":40},{"not_picked":["sneckomod:RainOfDice+1","sneckomod:UnknownBlock+1"],"picked":"sneckomod:UnendingSupply+1","floor":42},{"not_picked":["sneckomod:UnknownClassTHE_CHAMP_GRAY","sneckomod:QuickMove+1"],"picked":"sneckomod:UnknownVulnerable+1","floor":43},{"not_picked":["sneckomod:UnknownClassGUARDIAN+1","sneckomod:Nope","sneckomod:UnknownCommonSkill"],"picked":"SKIP","floor":45},{"not_picked":["sneckomod:DiceCrush","sneckomod:UnknownClassTHE_CHAMP_GRAY+1"],"picked":"sneckomod:SerpentIdol+1","floor":46},{"not_picked":["sneckomod:CheapStock+1","sneckomod:DiceBlock","sneckomod:MixItUp+1"],"picked":"SKIP","floor":48},{"not_picked":["sneckomod:Unknown0Cost","sneckomod:WideSting+1"],"picked":"sneckomod:UnknownRareAttack","floor":49}],"player_experience":111037,"relics_obtained":[{"floor":7,"key":"AT_GuinsooRageblade"},{"floor":31,"key":"Shuriken"},{"floor":41,"key":"testmod-TurbochargingSystem"},{"floor":43,"key":"infinitespire:WardingShard"},{"floor":44,"key":"Dream Catcher"},{"floor":44,"key":"hubris:DeckOfHolding"},{"floor":44,"key":"CombinedTypeHook"}],"event_choices":[{"damage_healed":0,"gold_gain":400,"player_choice":"Sell","damage_taken":0,"max_hp_gain":0,"max_hp_loss":0,"event_name":"恩洛斯的盘子","floor":14,"relics_lost":["REME_ComplimentaryCards"],"gold_loss":0},{"damage_healed":0,"gold_gain":0,"player_choice":"Leave","damage_taken":0,"max_hp_gain":0,"max_hp_loss":0,"event_name":"conspire:Investor","floor":22,"gold_loss":0},{"damage_healed":0,"gold_gain":0,"player_choice":"Ignored","damage_taken":0,"max_hp_gain":0,"max_hp_loss":0,"event_name":"Ghosts","floor":23,"gold_loss":0},{"damage_healed":0,"gold_gain":0,"player_choice":"Read","damage_taken":0,"max_hp_gain":0,"max_hp_loss":0,"event_name":"The Library","floor":29,"gold_loss":0,"cards_obtained":["sneckomod:UnknownExhaust"]},{"damage_healed":0,"gold_gain":0,"player_choice":"Swap Relic","damage_taken":0,"relics_obtained":["Calling Bell"],"max_hp_gain":0,"max_hp_loss":0,"event_name":"给自己的盒子","floor":44,"relics_lost":["Calling Bell"],"gold_loss":0}],"is_beta":false,"boss_relics":[{"not_picked":["hubris:TerracottaHorce","Pandora\u0027s Box"],"picked":"expansioncontent:StudyCardRelic"},{"not_picked":["testmod-Recursion","Runic Pyramid"],"picked":"MostiFishMod:Hod"}],"items_purged_floors":[26,39],"is_endless":false,"potions_floor_spawned":[5,10,11,20,31,32,38,43,48],"ascension_level":0}}