{"host":"g8a0qo0vjtg6u5wv","time":1611226030,"event":{"mods":["BaseMod","Colored Map","Custom Start","KOR Keyword Fix","Minty Spire (QoL Compilation)","StSLib","SuperFastMode"],"gold_per_floor":[116,116,130,130,146,146,175,193,193,193,193,143,166,188,200,313,325,348,370,398,426,203,230,244,144,144,144,155,165,40,74,74,169,169,181,233,233,83,83,83,99,99,123,123,71,84,36,53,53,53],"floor_reached":51,"language":"KOR","playtime":1321,"items_purged":["Strike_P","Strike_P","Strike_P","Defend_P"],"score":1109,"play_id":"0d6ffdc5-682b-424e-84d7-4657f221df5b","local_time":"20210121194710","is_ascension_mode":true,"campfire_choices":[{"data":"Eruption","floor":6.0,"key":"SMITH"},{"floor":10.0,"key":"REST"},{"data":"SashWhip","floor":15.0,"key":"SMITH"},{"data":"DevaForm","floor":27.0,"key":"SMITH"},{"floor":32.0,"key":"REST"},{"data":"Scrawl","floor":40.0,"key":"SMITH"},{"data":"DeusExMachina","floor":44.0,"key":"SMITH"},{"data":"Wallop","floor":49,"key":"SMITH"}],"circlet_count":0,"master_deck":["Eruption+1","Vigilance","Alpha","SpiritShield","InnerPeace","FearNoEvil","WheelKick","EmptyBody","DeusExMachina+1","EmptyFist","SignatureMove+1","ClearTheMind+1","DevaForm+1","LikeWater","Crescendo+1","EmptyMind","Scrawl+1","Wallop+1","BowlingBash","Protect+1","Worship+1"],"relics":["HolyWater","Bag of Marbles","Yang","MawBank","Calipers","Ornamental Fan","MealTicket","Coffee Dripper","Bird Faced Urn","Omamori"],"acts_visited":["Exordium","TheCity","TheBeyond"],"potions_floor_usage":[46,50,50],"damage_taken":[{"damage":13.0,"enemies":"Jaw Worm","floor":1.0,"turns":4.0},{"damage":0.0,"enemies":"Cultist","floor":3.0,"turns":3.0},{"damage":12.0,"enemies":"Small Slimes","floor":5.0,"turns":3.0},{"damage":10.0,"enemies":"3 Sentries","floor":7.0,"turns":6.0},{"damage":8.0,"enemies":"3 Louse","floor":8.0,"turns":2.0},{"damage":13.0,"enemies":"Large Slime","floor":14.0,"turns":3.0},{"damage":11.0,"enemies":"Hexaghost","floor":16.0,"turns":6.0},{"damage":1.0,"enemies":"2 Thieves","floor":18.0,"turns":3.0},{"damage":3.0,"enemies":"Spheric Guardian","floor":19.0,"turns":3.0},{"damage":0.0,"enemies":"Snecko","floor":20.0,"turns":3.0},{"damage":8.0,"enemies":"Snake Plant","floor":21.0,"turns":4.0},{"damage":10.0,"enemies":"Gremlin Leader","floor":23.0,"turns":4.0},{"damage":0.0,"enemies":"Centurion and Healer","floor":24.0,"turns":4.0},{"damage":13.0,"enemies":"Snecko","floor":28.0,"turns":4.0},{"damage":3.0,"enemies":"Sentry and Sphere","floor":29.0,"turns":5.0},{"damage":14.0,"enemies":"Slavers","floor":31.0,"turns":7.0},{"damage":13.0,"enemies":"Collector","floor":33.0,"turns":5.0},{"damage":9.0,"enemies":"3 Shapes","floor":35.0,"turns":5.0},{"damage":3.0,"enemies":"2 Orb Walkers","floor":36.0,"turns":4.0},{"damage":0.0,"enemies":"Orb Walker","floor":41.0,"turns":1.0},{"damage":18.0,"enemies":"Reptomancer","floor":42.0,"turns":2.0},{"damage":0,"enemies":"Spire Growth","floor":46,"turns":2},{"damage":0,"enemies":"4 Shapes","floor":48,"turns":4},{"damage":43,"enemies":"Donu and Deca","floor":50,"turns":8}],"seed_played":"1565821311616374884","potions_obtained":[{"floor":5.0,"key":"Ancient Potion"},{"floor":8.0,"key":"BottledMiracle"},{"floor":14.0,"key":"Explosive Potion"},{"floor":18.0,"key":"Swift Potion"},{"floor":20.0,"key":"Regen Potion"},{"floor":21.0,"key":"PowerPotion"},{"floor":36.0,"key":"Ambrosia"},{"floor":41.0,"key":"SmokeBomb"},{"floor":48,"key":"SpeedPotion"}],"is_trial":false,"path_per_floor":["M","?","M","?","M","R","E","M","T","R","?","?","T","M","R","B",null,"M","M","M","M","$","E","M","$","T","R","M","M","$","E","R","B",null,"M","?","?","$","?","R","M","E","T","R","$","M","$","M","R","B",null],"character_chosen":"WATCHER","items_purchased":["DevaForm","PowerPotion","SkillPotion"],"campfire_rested":2,"item_purchase_floors":[22,45,47],"current_hp_per_floor":[52,52,52,45,33,33,23,15,15,34,34,34,34,21,21,10,51,50,47,47,53,53,43,43,43,43,43,30,27,27,13,32,19,54,45,42,42,57,57,57,57,43,43,43,58,60,65,65,65,24],"gold":53,"neow_bonus":"TRANSFORM_TWO_CARDS","is_daily":false,"chose_seed":false,"campfire_upgraded":6,"win_rate":0.0,"timestamp":1611226030,"path_taken":["M","?","?","?","M","R","E","M","T","R","?","?","?","?","R","BOSS","M","M","M","M","$","E","?","?","T","R","M","M","$","E","R","BOSS","M","?","?","$","?","R","?","E","T","R","?","M","$","?","R","BOSS"],"items_purchased_type":["Card","Potion","Potion"],"build_version":"2020-12-22","purchased_purges":4,"victory":true,"max_hp_per_floor":[65,65,65,65,65,65,65,65,65,65,65,65,65,65,65,65,65,65,65,65,65,65,65,65,65,65,65,65,65,65,65,65,65,65,65,65,65,65,65,65,65,65,65,65,65,65,65,65,65,65],"card_choices":[{"not_picked":["Protect","Nirvana"],"picked":"InnerPeace","floor":1.0},{"not_picked":["Sanctity","BowlingBash"],"picked":"FearNoEvil","floor":3.0},{"not_picked":["Consecrate","Protect"],"picked":"WheelKick","floor":5.0},{"not_picked":["FlurryOfBlows","CutThroughFate"],"picked":"SashWhip","floor":7.0},{"not_picked":["WheelKick","BowlingBash","FlyingSleeves"],"picked":"SKIP","floor":8.0},{"not_picked":["Protect","Devotion"],"picked":"EmptyBody","floor":14.0},{"not_picked":["DevaForm","ConjureBlade"],"picked":"DeusExMachina","floor":16.0},{"not_picked":["JustLucky","WindmillStrike+1"],"picked":"EmptyFist","floor":18.0},{"not_picked":["Prostrate","PathToVictory"],"picked":"SignatureMove+1","floor":19.0},{"not_picked":["Conclude","CrushJoints"],"picked":"ClearTheMind+1","floor":20.0},{"not_picked":["Evaluate","Weave","Wireheading+1"],"picked":"SKIP","floor":21.0},{"not_picked":["CutThroughFate","SandsOfTime+1"],"picked":"LikeWater","floor":23.0},{"not_picked":["Prostrate+1","PathToVictory+1"],"picked":"Crescendo+1","floor":24.0},{"not_picked":["Crescendo+1","Conclude"],"picked":"Establishment","floor":28.0},{"not_picked":["FollowUp","EmptyBody","Swivel"],"picked":"SKIP","floor":29.0},{"not_picked":["Worship","FlyingSleeves"],"picked":"EmptyMind","floor":31.0},{"not_picked":["Brilliance","LessonLearned"],"picked":"Scrawl","floor":33.0},{"not_picked":["FlyingSleeves+1","SignatureMove","Swivel"],"picked":"SKIP","floor":35.0},{"not_picked":["Prostrate","TalkToTheHand"],"picked":"Wallop","floor":36.0},{"not_picked":["FlyingSleeves+1","InnerPeace","CutThroughFate"],"picked":"SKIP","floor":41.0},{"not_picked":["Protect+1","CutThroughFate+1","Consecrate"],"picked":"SKIP","floor":46},{"not_picked":["CutThroughFate+1","Consecrate"],"picked":"Protect+1","floor":46},{"not_picked":["Collect+1","Crescendo+1"],"picked":"Worship+1","floor":48}],"player_experience":570741,"relics_obtained":[{"floor":7.0,"key":"Bag of Marbles"},{"floor":9.0,"key":"Yang"},{"floor":13.0,"key":"MawBank"},{"floor":23.0,"key":"Calipers"},{"floor":26.0,"key":"Ornamental Fan"},{"floor":31.0,"key":"MealTicket"},{"floor":36.0,"key":"Bird Faced Urn"},{"floor":43.0,"key":"Omamori"}],"event_choices":[{"damage_healed":0.0,"max_hp_gain":0.0,"max_hp_loss":0.0,"gold_gain":0.0,"event_name":"Match and Keep!","player_choice":"0 cards matched","floor":2.0,"gold_loss":0.0,"damage_taken":0.0,"cards_obtained":[]},{"cards_removed":["Defend_P"],"damage_healed":0.0,"max_hp_gain":0.0,"max_hp_loss":0.0,"gold_gain":0.0,"event_name":"Golden Wing","player_choice":"Card Removal","floor":4.0,"gold_loss":0.0,"damage_taken":7.0},{"damage_healed":0.0,"max_hp_gain":0.0,"max_hp_loss":0.0,"gold_gain":0.0,"event_name":"Liars Game","player_choice":"Ignored","floor":11.0,"gold_loss":0.0,"damage_taken":0.0},{"cards_removed":["Defend_P"],"damage_healed":0.0,"max_hp_gain":0.0,"max_hp_loss":0.0,"gold_gain":0.0,"event_name":"The Cleric","player_choice":"Card Removal","floor":12.0,"gold_loss":50.0,"damage_taken":0.0},{"damage_healed":0.0,"max_hp_gain":0.0,"max_hp_loss":0.0,"gold_gain":0.0,"event_name":"Mysterious Sphere","player_choice":"Fight","floor":36.0,"gold_loss":0.0,"damage_taken":0.0},{"cards_removed":["SashWhip"],"damage_healed":0.0,"max_hp_gain":0.0,"max_hp_loss":0.0,"gold_gain":0.0,"event_name":"Falling","player_choice":"Removed Attack","floor":37.0,"gold_loss":0.0,"damage_taken":0.0},{"damage_healed":0.0,"max_hp_gain":0.0,"max_hp_loss":0.0,"gold_gain":0.0,"cards_transformed":["Establishment"],"event_name":"Transmorgrifier","player_choice":"Transformed","floor":39.0,"gold_loss":0.0,"damage_taken":0.0,"cards_obtained":["BowlingBash"]}],"is_beta":false,"boss_relics":[{"not_picked":["Runic Pyramid","Sozu"],"picked":"HolyWater"},{"not_picked":["SacredBark","SlaversCollar"],"picked":"Coffee Dripper"}],"items_purged_floors":[22,25,30,38],"is_endless":false,"potions_floor_spawned":[5,8,14,18,20,21,36,41,42,48],"ascension_level":7}}