{"host":"rgy6n2eoa9ji6d0c","time":1611230828,"event":{"mods":["BaseMod","Downfall","Minty Spire (QoL Compilation)","Quick Restart","StSLib"],"gold_per_floor":[99,112,124,124,141,159,183,194,211,111,141,51,51,70,84,182,182,182,195,80,80,99,119,197,197,234,243,103,127,138,160,175,272,272,172,188,234,249,264,104,104,126,146,180,180,180,215,215,234,234],"floor_reached":51,"language":"ENG","playtime":3569,"items_purged":["Shame","bronze:Replicate","Pride","bronze:Strike","bronze:Backtrace"],"score":787,"play_id":"d1520e53-4388-42f2-9213-305b5b08bdeb","local_time":"20210121130708","is_ascension_mode":false,"campfire_choices":[{"floor":1,"key":"RECALL"},{"data":"bronze:FineTuning","floor":10,"key":"SMITH"},{"data":"bronze:ForLoop","floor":13,"key":"SMITH"},{"data":"bronze:Verify","floor":18,"key":"SMITH"},{"data":"bronze:RecursiveStrike","floor":25,"key":"SMITH"},{"data":"bronze:Flail","floor":35,"key":"SMITH"},{"data":"bronze:Fortify","floor":46,"key":"SMITH"}],"circlet_count":0,"master_deck":["bronze:Strike","bronze:Strike","bronze:Strike","bronze:Defend","bronze:Defend","bronze:Defend","bronze:Defend","bronze:Repair+1","bronze:Deprecate+1","bronze:Iterate","bronze:Iterate","bronze:FineTuning+1","bronze:Verify+1","bronze:Verify+1","bronze:Shell","bronze:Iterate","bronze:Shell","bronze:WhirlingStrike","bronze:Flail+1","bronze:Fortify+1","bronze:DelayedGuard+1","bronze:Mutator"],"relics":["Philosopher\u0027s Stone","Anchor","downfall:HeartBlessingRed","MealTicket","Sozu","CeramicFish","CaptainsWheel","Busted Crown","downfall:HeartBlessingGreen","Membership Card","Guardian:PocketSentry","bronze:SilverBullet","Mango","Mummified Hand","Meat on the Bone","bronze:BottledCode"],"acts_visited":["Exordium","TheCity","TheBeyond"],"potions_floor_usage":[12,33,33],"damage_taken":[{"damage":4,"enemies":"2 Louse","floor":2,"turns":3},{"damage":0,"enemies":"Cultist","floor":3,"turns":5},{"damage":9,"enemies":"Jaw Worm","floor":5,"turns":5},{"damage":16,"enemies":"Lots of Slimes","floor":6,"turns":6},{"damage":9,"enemies":"Large Slime","floor":8,"turns":8},{"damage":3,"enemies":"Exordium Wildlife","floor":9,"turns":7},{"damage":23,"enemies":"Gremlin Nob","floor":11,"turns":4},{"damage":6,"enemies":"downfall:FleeingMerchant","floor":12,"turns":4},{"damage":0,"enemies":"2 Fungi Beasts","floor":14,"turns":2},{"damage":3,"enemies":"Exordium Thugs","floor":15,"turns":4},{"damage":35,"enemies":"WA_ARCHETYPE_RETAIN","floor":16,"turns":7},{"damage":23,"enemies":"Spheric Guardian","floor":19,"turns":4},{"damage":0,"enemies":"downfall:FleeingMerchant","floor":20,"turns":4},{"damage":18,"enemies":"Snake Plant","floor":22,"turns":4},{"damage":16,"enemies":"Shelled Parasite and Fungi","floor":23,"turns":5},{"damage":0,"enemies":"Gremlin Leader","floor":26,"turns":1},{"damage":10,"enemies":"downfall:FleeingMerchant","floor":28,"turns":4},{"damage":10,"enemies":"3 Cultists","floor":29,"turns":4},{"damage":16,"enemies":"Snecko","floor":30,"turns":4},{"damage":26,"enemies":"Shelled Parasite and Fungi","floor":31,"turns":4},{"damage":11,"enemies":"Sentry and Sphere","floor":32,"turns":5},{"damage":15,"enemies":"SI_MIRROR_ARCHETYPE","floor":33,"turns":5},{"damage":7,"enemies":"3 Darklings","floor":36,"turns":2},{"damage":18,"enemies":"downfall:FleeingMerchant","floor":37,"turns":4},{"damage":2,"enemies":"Orb Walker","floor":38,"turns":5},{"damage":4,"enemies":"Maw","floor":39,"turns":6},{"damage":10,"enemies":"3 Darklings","floor":42,"turns":4},{"damage":65,"enemies":"4 Shapes","floor":43,"turns":4},{"damage":76,"enemies":"Reptomancer","floor":44,"turns":7},{"damage":24,"enemies":"Nemesis","floor":47,"turns":8},{"damage":14,"enemies":"Maw","floor":49,"turns":7},{"damage":106,"enemies":"IC_BLOCK_ARCHETYPE","floor":50,"turns":11}],"seed_played":"-8526610050184031178","potions_obtained":[{"floor":5,"key":"bronze:BurnAndBuffPotion"},{"floor":6,"key":"DistilledChaos"},{"floor":8,"key":"EntropicBrew"},{"floor":14,"key":"sneckomod:MuddlingPotion"}],"is_trial":false,"path_per_floor":["R","M","M","?","M","M","T","M","M","R","E","$","R","M","M","B",null,"R","M","$","?","M","M","T","R","E","?","$","M","M","M","M","B",null,"R","M","$","M","M","$","T","M","M","E","?","R","E","?","M","B",null],"character_chosen":"THE_AUTOMATON","items_purchased":["Membership Card","Guardian:PocketSentry","bronze:SilverBullet"],"campfire_rested":0,"item_purchase_floors":[37,37,40],"current_hp_per_floor":[70,66,70,70,65,59,59,60,68,68,56,70,70,70,67,35,70,70,58,70,70,52,36,36,36,36,36,51,51,45,29,28,23,70,70,70,62,70,70,70,84,84,29,65,65,65,51,51,47,31],"gold":234,"neow_bonus":"BOSS_RELIC","is_daily":false,"chose_seed":false,"campfire_upgraded":6,"win_rate":0.0,"timestamp":1611230828,"path_taken":["R","M","M","?","?","M","T","M","M","R","E","$","R","?","M","BOSS","R","M","$","?","?","M","T","R","E","?","$","M","M","M","M","BOSS","R","M","$","M","M","$","T","M","M","E","?","R","E","?","M","BOSS"],"items_purchased_type":["Relic","Relic","Relic"],"build_version":"2020-12-22","purchased_purges":5,"victory":true,"max_hp_per_floor":[70,70,70,70,70,70,70,70,70,70,70,70,70,70,70,70,70,70,70,70,70,70,70,70,70,70,70,70,70,70,70,70,70,70,70,70,70,70,70,70,84,84,84,84,84,84,84,74,74,74],"card_choices":[{"not_picked":["bronze:CutThrough","bronze:ChildClass"],"picked":"bronze:Repair","floor":2},{"not_picked":["bronze:Turbo","bronze:BuggyMess"],"picked":"bronze:Deprecate","floor":3},{"not_picked":["bronze:ForLoop","bronze:BugBarrage"],"picked":"bronze:Iterate","floor":5},{"not_picked":["bronze:OilSpill","bronze:RecursiveStrike"],"picked":"bronze:Iterate","floor":6},{"not_picked":["bronze:BugBarrage","bronze:Fortify"],"picked":"bronze:FineTuning","floor":8},{"not_picked":["bronze:DelayedGuard","bronze:OilSpill","bronze:DarkDash"],"picked":"SKIP","floor":9},{"not_picked":["bronze:OilSpill","bronze:FollowUp"],"picked":"bronze:ForLoop","floor":11},{"not_picked":["bronze:Frontload","bronze:BitShift","bronze:WhirlingStrike"],"picked":"SKIP","floor":12},{"not_picked":["bronze:Overload","bronze:Deprecate"],"picked":"bronze:RecursiveStrike","floor":14},{"not_picked":["bronze:Branch","bronze:Return","bronze:WildBeam"],"picked":"SKIP","floor":15},{"not_picked":["bronze:Mutator","bronze:HardenedForm"],"picked":"bronze:Verify","floor":16},{"not_picked":["bronze:BronzeArmor","bronze:Safeguard"],"picked":"bronze:Backtrace","floor":19},{"not_picked":["bronze:Overload+1","bronze:DelayedGuard","bronze:BronzeOrb"],"picked":"SKIP","floor":20},{"not_picked":["bronze:BuggyMess","bronze:Invalidate+1"],"picked":"bronze:Shell","floor":22},{"not_picked":["bronze:BuggyMess","bronze:Allocate"],"picked":"bronze:Iterate","floor":23},{"not_picked":["bronze:Fortify","bronze:ThunderWave"],"picked":"bronze:Shell","floor":26},{"not_picked":["bronze:Flail+1","bronze:Turbo","bronze:DelayedSlice"],"picked":"SKIP","floor":28},{"not_picked":["bronze:Iterate","bronze:Turbo"],"picked":"bronze:WhirlingStrike","floor":29},{"not_picked":["bronze:ChildClass","bronze:Repulsor","bronze:Iterate"],"picked":"SKIP","floor":30},{"not_picked":["bronze:NullPointer","bronze:OilSpill+1"],"picked":"bronze:Flail","floor":31},{"not_picked":["bronze:CutThrough","bronze:Return+1","bronze:Repulsor+1"],"picked":"SKIP","floor":32},{"not_picked":["bronze:CutThrough"],"picked":"SKIP","floor":36},{"not_picked":["bronze:ItsAFeature"],"picked":"SKIP","floor":37},{"not_picked":["bronze:Invalidate+1"],"picked":"SKIP","floor":38},{"not_picked":["bronze:BuggyMess+1"],"picked":"SKIP","floor":39},{"not_picked":[],"picked":"bronze:Fortify","floor":42},{"not_picked":["bronze:BitShift"],"picked":"SKIP","floor":43},{"not_picked":[],"picked":"bronze:DelayedGuard+1","floor":44},{"not_picked":[],"picked":"bronze:Mutator","floor":47},{"not_picked":["bronze:DelayedSlice"],"picked":"SKIP","floor":49}],"player_experience":1471022,"relics_obtained":[{"floor":7,"key":"Anchor"},{"floor":11,"key":"MealTicket"},{"floor":24,"key":"Bottled Flame"},{"floor":26,"key":"CeramicFish"},{"floor":41,"key":"Mango"},{"floor":44,"key":"Mummified Hand"},{"floor":47,"key":"Meat on the Bone"}],"event_choices":[{"damage_healed":0,"gold_gain":0,"player_choice":"Stole Relic","damage_taken":0,"relics_obtained":["CaptainsWheel"],"max_hp_gain":0,"max_hp_loss":0,"event_name":"Addict","floor":27,"gold_loss":0,"cards_obtained":["Pride"]},{"cards_removed":["bronze:Goto"],"damage_healed":0,"gold_gain":0,"player_choice":"Removed Skill","damage_taken":0,"max_hp_gain":0,"max_hp_loss":0,"event_name":"Falling","floor":45,"gold_loss":0}],"is_beta":false,"boss_relics":[{"not_picked":["Runic Dome","SlaversCollar"],"picked":"Sozu"},{"not_picked":["SacredBark","Pandora\u0027s Box"],"picked":"Busted Crown"}],"items_purged_floors":[12,20,28,37,40],"is_endless":false,"potions_floor_spawned":[5,6,8,14,23,26,29,31,32,36,38,44,47,49],"ascension_level":0}}