{"host":"2qv44oxt58ptq59r","time":1611258267,"event":{"mods":["AchievementEnabler","BaseMod","Colored Powertips","Highlight Path","Minty Spire (QoL Compilation)","Permanent Neow","StSLib"],"gold_per_floor":[109,122,47,61,76,76,93,162,162,162,172,186,201,235,235,339,339,357,357,373,373,403,403,419,419,419,449,6,106,121,132,132,230,230,244,259,259,0,13,13,26,26,52,65,65,84,84,84,84,84,84,84,12,12,12],"floor_reached":54,"language":"ENG","playtime":14488,"items_purged":["Strike_B"],"score":713,"play_id":"6feebee3-e312-45cf-bf68-1689a93d7f7b","local_time":"20210121194427","is_ascension_mode":false,"campfire_choices":[{"data":"Zap","floor":6.0,"key":"SMITH"},{"data":"Redo","floor":10.0,"key":"SMITH"},{"data":"Dualcast","floor":15.0,"key":"SMITH"},{"floor":23.0,"key":"REST"},{"floor":25.0,"key":"REST"},{"floor":32.0,"key":"REST"},{"floor":40.0,"key":"RECALL"},{"data":"Thunder Strike","floor":42.0,"key":"SMITH"},{"data":"Electrodynamics","floor":45.0,"key":"SMITH"},{"floor":47,"key":"REST"},{"floor":49,"key":"REST"},{"data":"Defragment","floor":52,"key":"SMITH"}],"circlet_count":0,"master_deck":["Strike_B","Defend_B+1","Defend_B+1","Defend_B","Defend_B","Zap+1","Dualcast+1","Leap","Streamline","Ball Lightning","Stack","Lockon","Redo+1","Defragment+1","Melter","Loop","Ball Lightning","All For One","Compile Driver+1","Storm+1","RitualDagger","Tempest+1","Go for the Eyes","Thunder Strike+1","Capacitor","Sunder","Force Field+1","Rip and Tear+1","Electrodynamics+1","Darkness","Beam Cell+1","Rebound","Streamline+1","Capacitor+1","Barrage+1","Coolheaded+1","Zap","Good Instincts","Capacitor"],"relics":["FrozenCore","The Courier","Unceasing Top","MutagenicStrength","Red Mask","Meat on the Bone","Blood Vial","Lizard Tail","Bird Faced Urn","Blue Candle","Empty Cage","Lee\u0027s Waffle","Akabeko","War Paint"],"acts_visited":["Exordium","TheCity","TheBeyond","TheEnding"],"potions_floor_usage":[46,46],"damage_taken":[{"damage":0.0,"enemies":"2 Louse","floor":1.0,"turns":4.0},{"damage":0.0,"enemies":"Small Slimes","floor":2.0,"turns":3.0},{"damage":2.0,"enemies":"Jaw Worm","floor":4.0,"turns":3.0},{"damage":10.0,"enemies":"Exordium Thugs","floor":5.0,"turns":4.0},{"damage":0.0,"enemies":"Looter","floor":7.0,"turns":3.0},{"damage":7.0,"enemies":"Gremlin Gang","floor":11.0,"turns":3.0},{"damage":1.0,"enemies":"2 Fungi Beasts","floor":12.0,"turns":2.0},{"damage":0.0,"enemies":"Red Slaver","floor":13.0,"turns":1.0},{"damage":10.0,"enemies":"Gremlin Nob","floor":14.0,"turns":3.0},{"damage":0.0,"enemies":"Slime Boss","floor":16.0,"turns":7.0},{"damage":12.0,"enemies":"3 Byrds","floor":18.0,"turns":4.0},{"damage":0.0,"enemies":"Spheric Guardian","floor":20.0,"turns":3.0},{"damage":27.0,"enemies":"Masked Bandits","floor":22.0,"turns":4.0},{"damage":11.0,"enemies":"Shelled Parasite and Fungi","floor":24.0,"turns":5.0},{"damage":15.0,"enemies":"Gremlin Leader","floor":27.0,"turns":8.0},{"damage":16.0,"enemies":"Colosseum Slavers","floor":29.0,"turns":4.0},{"damage":19.0,"enemies":"Colosseum Nobs","floor":29.0,"turns":4.0},{"damage":11.0,"enemies":"Snake Plant","floor":30.0,"turns":4.0},{"damage":14.0,"enemies":"Chosen and Byrds","floor":31.0,"turns":4.0},{"damage":47.0,"enemies":"Automaton","floor":33.0,"turns":9.0},{"damage":18.0,"enemies":"3 Shapes","floor":35.0,"turns":4.0},{"damage":66.0,"enemies":"3 Darklings","floor":36.0,"turns":6.0},{"damage":56.0,"enemies":"Spire Growth","floor":39.0,"turns":6.0},{"damage":16.0,"enemies":"Maw","floor":41.0,"turns":6.0},{"damage":27.0,"enemies":"4 Shapes","floor":44.0,"turns":5.0},{"damage":33,"enemies":"3 Darklings","floor":46,"turns":5},{"damage":104,"enemies":"Time Eater","floor":50,"turns":11},{"damage":100,"enemies":"Shield and Spear","floor":54,"turns":7}],"seed_played":"-5721581590847691308","potions_obtained":[{"floor":1.0,"key":"SteroidPotion"},{"floor":5.0,"key":"ColorlessPotion"},{"floor":11.0,"key":"Fire Potion"},{"floor":16.0,"key":"Energy Potion"},{"floor":20.0,"key":"Explosive Potion"},{"floor":22.0,"key":"LiquidMemories"},{"floor":24.0,"key":"Dexterity Potion"},{"floor":29.0,"key":"Weak Potion"},{"floor":31.0,"key":"DuplicationPotion"},{"floor":39.0,"key":"DistilledChaos"},{"floor":41.0,"key":"LiquidBronze"},{"floor":44.0,"key":"FearPotion"}],"is_trial":false,"path_per_floor":["M","M","$","M","M","R","M","?","T","R","M","M","M","E","R","B",null,"M","?","M","?","?","R","M","R","T","E","$","?","M","M","R","B",null,"M","M","?","$","M","R","M","R","T","M","R","M","R","?","R","B",null,"R","$","E"],"character_chosen":"DEFECT","items_purchased":["Blood Vial","Lizard Tail","Capacitor","Sunder","Lee\u0027s Waffle","Akabeko","Rebound","Capacitor","BlessingOfTheForge"],"campfire_rested":5,"item_purchase_floors":[28,28,28,28,38,38,38,53,53],"current_hp_per_floor":[75,75,75,73,63,63,63,63,63,63,56,55,55,45,45,45,75,63,63,63,57,30,52,41,63,63,48,48,41,48,44,66,41,75,61,19,19,82,44,44,52,52,52,45,45,34,58,58,82,40,82,82,82,0,0],"gold":12,"neow_bonus":"THREE_CARDS","is_daily":false,"chose_seed":false,"campfire_upgraded":6,"win_rate":0.0,"timestamp":1611258267,"path_taken":["M","M","$","M","M","R","M","?","T","R","M","M","M","E","R","BOSS","M","?","M","?","?","R","M","R","T","E","$","?","M","M","R","BOSS","M","M","?","$","M","R","M","R","T","M","R","M","R","?","R","BOSS","R","$","E"],"items_purchased_type":["Relic","Relic","Card","Card","Relic","Relic","Card","Card","Potion"],"build_version":"2020-12-22","purchased_purges":1,"victory":false,"max_hp_per_floor":[75,75,75,75,75,75,75,75,75,75,75,75,75,75,75,75,75,75,75,75,75,75,75,75,75,75,75,75,75,75,75,75,75,75,75,75,75,82,82,82,82,82,82,82,82,82,82,82,82,82,82,82,82,82,82],"card_choices":[{"not_picked":["Streamline","Blizzard"],"picked":"Leap","floor":0.0},{"not_picked":["Steam Power","Compile Driver"],"picked":"Streamline","floor":1.0},{"not_picked":["Chill","Stack"],"picked":"Ball Lightning","floor":2.0},{"not_picked":["Barrage","Streamline"],"picked":"Stack","floor":4.0},{"not_picked":["Steam Power","Gash"],"picked":"Lockon","floor":5.0},{"not_picked":["Stack","Gash"],"picked":"Redo","floor":7.0},{"not_picked":["Steam","Go for the Eyes"],"picked":"Defragment","floor":11.0},{"not_picked":["Stack","Hyperbeam"],"picked":"Melter","floor":12.0},{"not_picked":["Cold Snap","Compile Driver"],"picked":"Loop","floor":13.0},{"not_picked":["Loop","Leap"],"picked":"Ball Lightning","floor":14.0},{"not_picked":["Thunder Strike","Reboot"],"picked":"All For One","floor":16.0},{"not_picked":["Steam","Redo"],"picked":"Compile Driver+1","floor":18.0},{"not_picked":["Turbo+1","Conserve Battery"],"picked":"Storm+1","floor":20.0},{"not_picked":["Compile Driver","Hello World+1"],"picked":"Tempest+1","floor":22.0},{"not_picked":["White Noise","Hologram"],"picked":"Go for the Eyes","floor":24.0},{"not_picked":["Rainbow","Hyperbeam"],"picked":"Thunder Strike","floor":27.0},{"not_picked":["Go for the Eyes","Coolheaded"],"picked":"Force Field+1","floor":29.0},{"not_picked":["Gash","Turbo","Compile Driver"],"picked":"SKIP","floor":30.0},{"not_picked":["Hologram","Recycle"],"picked":"Rip and Tear+1","floor":31.0},{"not_picked":["Buffer","Echo Form"],"picked":"Electrodynamics","floor":33.0},{"not_picked":["Rebound","Streamline"],"picked":"Darkness","floor":35.0},{"not_picked":["Hologram+1","Conserve Battery+1"],"picked":"Beam Cell+1","floor":36.0},{"not_picked":["Compile Driver+1","Heatsinks+1"],"picked":"Streamline+1","floor":39.0},{"not_picked":["Darkness","Skim+1"],"picked":"Capacitor+1","floor":41.0},{"not_picked":["Hello World","Rebound"],"picked":"Barrage+1","floor":44.0},{"not_picked":["Rebound+1","Tempest"],"picked":"Coolheaded+1","floor":46}],"player_experience":5429210,"relics_obtained":[{"floor":9.0,"key":"The Courier"},{"floor":14.0,"key":"Unceasing Top"},{"floor":22.0,"key":"Red Mask"},{"floor":27.0,"key":"Meat on the Bone"},{"floor":29.0,"key":"Bird Faced Urn"},{"floor":29.0,"key":"Blue Candle"},{"floor":43.0,"key":"War Paint"}],"event_choices":[{"damage_healed":0.0,"max_hp_gain":0.0,"max_hp_loss":0.0,"gold_gain":69.0,"event_name":"Golden Wing","player_choice":"Gained Gold","floor":8.0,"gold_loss":0.0,"damage_taken":0.0},{"damage_healed":0.0,"max_hp_gain":0.0,"max_hp_loss":0.0,"gold_gain":0.0,"event_name":"Drug Dealer","player_choice":"Inject Mutagens","floor":19.0,"gold_loss":0.0,"damage_taken":0.0,"relics_obtained":["MutagenicStrength"]},{"damage_healed":0.0,"max_hp_gain":0.0,"max_hp_loss":0.0,"gold_gain":0.0,"event_name":"Nest","player_choice":"Joined the Cult","floor":21.0,"gold_loss":0.0,"damage_taken":6.0,"cards_obtained":["RitualDagger"]},{"damage_healed":0.0,"max_hp_gain":0.0,"max_hp_loss":0.0,"gold_gain":0.0,"event_name":"Masked Bandits","player_choice":"Fought Bandits","floor":22.0,"gold_loss":0.0,"damage_taken":0.0},{"damage_healed":0.0,"max_hp_gain":0.0,"max_hp_loss":0.0,"gold_gain":0.0,"event_name":"Colosseum","player_choice":"Fight","floor":29.0,"gold_loss":0.0,"damage_taken":0.0},{"damage_healed":0.0,"max_hp_gain":0.0,"max_hp_loss":0.0,"gold_gain":0.0,"event_name":"Colosseum","player_choice":"Fought Nobs","floor":29.0,"gold_loss":0.0,"damage_taken":0.0},{"damage_healed":0.0,"max_hp_gain":0.0,"max_hp_loss":0.0,"gold_gain":0.0,"event_name":"The Moai Head","player_choice":"Ignored","floor":37.0,"gold_loss":0.0,"damage_taken":0.0},{"damage_healed":0,"gold_gain":0,"player_choice":"2 cards matched","damage_taken":0,"max_hp_gain":0,"max_hp_loss":0,"event_name":"Match and Keep!","floor":48,"gold_loss":0,"cards_obtained":["Zap","Good Instincts"]}],"is_beta":false,"boss_relics":[{"not_picked":["SlaversCollar","Pandora\u0027s Box"],"picked":"FrozenCore"},{"not_picked":["Astrolabe","Fusion Hammer"],"picked":"Empty Cage"}],"items_purged_floors":[3],"is_endless":false,"potions_floor_spawned":[1,5,11,12,16,20,22,24,29,29,31,39,41,44],"killed_by":"Shield and Spear","ascension_level":0}}