{"host":"t2jxv9tm8kj57cky","time":1611206585,"event":{"mods":["BaseMod","Minty Spire (QoL Compilation)","StSLib","The Poker Player"],"gold_per_floor":[99,111,111,111,132,155,180,220,220,18,31,31,47,67,67,67,67],"floor_reached":16,"language":"ENG","playtime":756,"items_purged":[],"score":106,"play_id":"1b2611d5-367b-45fc-a394-902ab55a5570","local_time":"20210120232305","is_ascension_mode":false,"campfire_choices":[{"floor":12,"key":"REST"},{"floor":15,"key":"REST"}],"circlet_count":0,"master_deck":["Strike_G","Strike_G","Strike_G","Strike_G","Strike_G","Defend_G","Defend_G","Defend_G","Defend_G","Defend_G","Survivor","Neutralize","Dagger Spray","Sucker Punch","Quick Slash","Bullet Time","Finisher","Dodge and Roll+1","Blur+1","Dagger Spray"],"relics":["Ring of the Snake","Golden Idol","Toxic Egg 2","Dead Branch","Tiny Chest"],"acts_visited":["Exordium"],"potions_floor_usage":[7,8,8,11,11,16],"damage_taken":[{"damage":1,"enemies":"Jaw Worm","floor":1,"turns":6},{"damage":4,"enemies":"2 Louse","floor":2,"turns":2},{"damage":1,"enemies":"Cultist","floor":5,"turns":4},{"damage":2,"enemies":"Looter","floor":6,"turns":4},{"damage":5,"enemies":"Large Slime","floor":7,"turns":7},{"damage":30,"enemies":"Lagavulin","floor":8,"turns":12},{"damage":7,"enemies":"Exordium Thugs","floor":11,"turns":3},{"damage":0,"enemies":"2 Fungi Beasts","floor":13,"turns":2},{"damage":6,"enemies":"Large Slime","floor":14,"turns":8},{"damage":61,"enemies":"Slime Boss","floor":16,"turns":13}],"seed_played":"5151783163285286277","potions_obtained":[{"floor":5,"key":"EntropicBrew"},{"floor":8,"key":"Fire Potion"},{"floor":13,"key":"EssenceOfSteel"}],"is_trial":false,"path_per_floor":["M","M","?","?","M","M","M","E","T","$","M","R","M","M","R","B"],"character_chosen":"THE_SILENT","items_purchased":["Tiny Chest","SkillPotion"],"campfire_rested":2,"item_purchase_floors":[10,10],"current_hp_per_floor":[69,65,65,65,64,62,57,27,27,27,20,39,39,33,52,0,0],"gold":67,"neow_bonus":"THREE_CARDS","is_daily":false,"chose_seed":false,"campfire_upgraded":0,"win_rate":0.0,"timestamp":1611206585,"path_taken":["M","M","?","?","M","M","M","E","T","$","M","R","?","M","R","BOSS"],"items_purchased_type":["Relic","Potion"],"build_version":"2020-12-22","purchased_purges":0,"victory":false,"max_hp_per_floor":[70,70,65,65,65,65,65,65,65,65,65,65,65,65,65,65,65],"card_choices":[{"not_picked":["Cloak And Dagger","Distraction"],"picked":"Dagger Spray","floor":0},{"not_picked":["Acrobatics","Well Laid Plans","Quick Slash"],"picked":"SKIP","floor":1},{"not_picked":["Sucker Punch","Deflect"],"picked":"Endless Agony","floor":2},{"not_picked":["Masterful Stab","Prepared"],"picked":"Sucker Punch","floor":5},{"not_picked":["Deadly Poison","Acrobatics"],"picked":"Quick Slash","floor":6},{"not_picked":["Bane","Masterful Stab"],"picked":"Bullet Time","floor":7},{"not_picked":["Infinite Blades","Quick Slash"],"picked":"Finisher","floor":8},{"not_picked":["Bane","Sucker Punch"],"picked":"Dodge and Roll+1","floor":11},{"not_picked":["Noxious Fumes","Well Laid Plans"],"picked":"Blur+1","floor":13},{"not_picked":["Poisoned Stab","Underhanded Strike"],"picked":"Dagger Spray","floor":14}],"player_experience":85834,"relics_obtained":[{"floor":8,"key":"Toxic Egg 2"},{"floor":9,"key":"Dead Branch"}],"event_choices":[{"damage_healed":0,"gold_gain":0,"player_choice":"Lose Max HP","damage_taken":0,"relics_obtained":["Golden Idol"],"max_hp_gain":0,"max_hp_loss":5,"event_name":"Golden Idol","floor":3,"gold_loss":0},{"cards_removed":["Endless Agony"],"damage_healed":0,"gold_gain":0,"player_choice":"Offered Uncommon","damage_taken":0,"max_hp_gain":0,"max_hp_loss":0,"event_name":"Bonfire Elementals","floor":4,"gold_loss":0}],"is_beta":false,"boss_relics":[],"items_purged_floors":[],"is_endless":false,"potions_floor_spawned":[5,7,8,13],"killed_by":"Slime Boss","ascension_level":0}}