{"host":"2gp5wz6yqtgtuza6","time":1611252083,"event":{"mods":["Aspiration","Bard","BaseMod","Challenge The Spire","Colored Map","Colored Powertips","Conspire","Downfall","GifTheSpireLib","Highlight Path","Hubris","Infinite Spire","Minty Spire (QoL Compilation)","Quick Restart","READ ME - Snecko Mod","Random Character Mod","Rare Cards Sparkle","Relic Sorter","StSLib","Stuff the Spire","The Bladedancer","The Bug Knight","The Clintock","The Cursed","The Jungle","The Spell Scribe","slay the spire mod where everything is the same but ironclad has a cowboy hat","vexMod"],"gold_per_floor":[117,45,45,65,85,85,118,118,141,167,167,182,200,218,218,315,315,333,352,386,386,397,397,397],"floor_reached":23,"language":"ENG","playtime":2465,"items_purged":[],"score":203,"play_id":"d81e0418-78a2-4fd6-8c1a-e912c8722ffd","local_time":"20210121130123","is_ascension_mode":false,"campfire_choices":[{"floor":8,"key":"REST"},{"floor":15,"key":"REST"}],"circlet_count":0,"master_deck":["Strike_R+1","Strike_R+1","Strike_R+1","Strike_R+1","Defend_R","Defend_R","Defend_R","Defend_R","Bash+1","Intimidate","StuffTheSpire:Incineration+1","Shrug It Off","Searing Blow+1","Perfected Strike+1","Sever Soul+1","Offering","Pommel Strike+1","Perfected Strike","Feel No Pain","Clothesline","Double Tap","Headbutt","Fiend Fire","Thunderclap","StuffTheSpire:Incineration"],"relics":["Burning Blood","StuffTheSpire:GrapeVine","Lantern","conspire:SlowCooker","Red Mask"],"acts_visited":["Exordium","TheCity"],"potions_floor_usage":[],"damage_taken":[{"damage":9,"enemies":"2 Louse","floor":1,"turns":3},{"damage":0,"enemies":"Cultist","floor":4,"turns":3},{"damage":1,"enemies":"conspire:RoseBush","floor":5,"turns":3},{"damage":35,"enemies":"HollowMod:MossKnight","floor":7,"turns":9},{"damage":29,"enemies":"Lagavulin","floor":10,"turns":5},{"damage":5,"enemies":"2 Fungi Beasts","floor":12,"turns":3},{"damage":5,"enemies":"Looter","floor":13,"turns":2},{"damage":12,"enemies":"Lots of Slimes","floor":14,"turns":3},{"damage":61,"enemies":"Hexaghost","floor":16,"turns":8},{"damage":9,"enemies":"2 Thieves","floor":18,"turns":4},{"damage":5,"enemies":"Spheric Guardian","floor":19,"turns":3},{"damage":49,"enemies":"Masked Bandits","floor":20,"turns":5},{"damage":3,"enemies":"Snecko","floor":22,"turns":3},{"damage":38,"enemies":"Nightmare","floor":23,"turns":5}],"seed_played":"719875926360856656","potions_obtained":[{"floor":1,"key":"SmokeBomb"},{"floor":7,"key":"LiquidBronze"},{"floor":13,"key":"BlessingOfTheForge"},{"floor":14,"key":"HeartOfIron"},{"floor":18,"key":"Fire Potion"},{"floor":19,"key":"DuplicationPotion"}],"is_trial":false,"path_per_floor":["M","$","?","M","M","$","E","R","T","E","?","M","M","M","R","B",null,"M","M","?","?","M","NM"],"character_chosen":"IRONCLAD","items_purchased":["StuffTheSpire:Incineration","Shrug It Off"],"campfire_rested":2,"item_purchase_floors":[2,2],"current_hp_per_floor":[85,85,85,88,88,88,59,85,85,62,62,63,64,58,84,29,88,85,86,43,35,38,0,0],"gold":397,"neow_bonus":"TEN_PERCENT_HP_BONUS","is_daily":false,"chose_seed":false,"campfire_upgraded":0,"win_rate":0.0,"timestamp":1611252083,"path_taken":["M","$","?","M","M","?","E","R","T","E","?","M","M","M","R","BOSS","M","M","?","?","M","NM"],"items_purchased_type":["Card","Card"],"build_version":"2020-12-22","purchased_purges":0,"victory":false,"max_hp_per_floor":[88,88,88,88,88,88,88,88,88,88,88,88,88,88,88,88,88,88,88,88,88,88,88,88],"card_choices":[{"not_picked":["StuffTheSpire:Slingshot","StuffTheSpire:Resist"],"picked":"Intimidate","floor":1},{"not_picked":["Battle Trance","True Grit"],"picked":"Perfected Strike","floor":4},{"not_picked":["Juggernaut","Clash"],"picked":"Sever Soul","floor":5},{"not_picked":["Whirlwind","Thunderclap"],"picked":"Offering","floor":7},{"not_picked":["Rage","Warcry"],"picked":"Pommel Strike","floor":10},{"not_picked":["Warcry","Shrug It Off"],"picked":"Perfected Strike","floor":12},{"not_picked":["StuffTheSpire:Pyroclast","Battle Trance"],"picked":"Feel No Pain","floor":13},{"not_picked":["Dark Embrace","Pummel"],"picked":"Clothesline","floor":14},{"not_picked":["Impervious","Berserk"],"picked":"Double Tap","floor":16},{"not_picked":["Heavy Blade","conspire:ExplosiveBarrier+1"],"picked":"Headbutt","floor":18},{"not_picked":["StuffTheSpire:Slingshot","Clothesline+1"],"picked":"Fiend Fire","floor":19},{"not_picked":["Body Slam","Flex"],"picked":"Thunderclap","floor":20},{"not_picked":["Shrug It Off","Twin Strike"],"picked":"StuffTheSpire:Incineration","floor":22}],"player_experience":65633,"relics_obtained":[{"floor":7,"key":"StuffTheSpire:GrapeVine"},{"floor":9,"key":"vexMod:FocusSash"},{"floor":10,"key":"Lantern"},{"floor":20,"key":"Red Mask"}],"event_choices":[{"damage_healed":0,"gold_gain":0,"cards_transformed":["Strike_R"],"player_choice":"Transformed","damage_taken":0,"max_hp_gain":0,"max_hp_loss":0,"event_name":"Transmorgrifier","floor":3,"gold_loss":0,"cards_obtained":["Searing Blow"]},{"damage_healed":0,"gold_gain":0,"player_choice":"Fought Bandits","damage_taken":0,"max_hp_gain":0,"max_hp_loss":0,"event_name":"Masked Bandits","floor":20,"gold_loss":0},{"damage_healed":0,"gold_gain":0,"player_choice":"Damaged","damage_taken":8,"max_hp_gain":0,"max_hp_loss":0,"event_name":"Wheel of Change","floor":21,"gold_loss":0}],"is_beta":false,"boss_relics":[{"not_picked":["vexMod:FluxCapacitor","vexMod:BigBerry"],"picked":"conspire:SlowCooker"}],"items_purged_floors":[],"is_endless":false,"potions_floor_spawned":[1,7,13,14,18,19],"killed_by":"Nightmare","ascension_level":0}}