{"host":"mi0eibewekhugwl1","time":1611230705,"event":{"mods":["AchievementEnabler","BaseMod","Colored Map","Colored Powertips","DeckTracker","Keyboard Shortcuts","Minty Spire (QoL Compilation)","Quick Restart","Rare Cards Sparkle","Relic Stats","StSLib","SuperFastMode","everything is the same but u backflip on backflip"],"gold_per_floor":[109,127,127,202,39,39,55,14,40,40,52,80,80,96,96,173,173,188,64,64,114,132,132,132,132,132,142,142,142],"floor_reached":28,"language":"KOR","playtime":541,"items_purged":["Strike_G"],"score":432,"play_id":"cfc4f12d-c77d-462d-8459-6618a36a0bf3","local_time":"20210121210505","is_ascension_mode":true,"campfire_choices":[{"floor":6,"key":"REST"},{"data":"Footwork","floor":10,"key":"SMITH"},{"floor":13,"key":"REST"},{"data":"Noxious Fumes","floor":15,"key":"SMITH"},{"data":"Calculated Gamble","floor":23,"key":"SMITH"},{"floor":25,"key":"REST"}],"circlet_count":0,"master_deck":["AscendersBane","Strike_G","Strike_G","Strike_G","Strike_G","Defend_G","Defend_G","Defend_G","Defend_G","Defend_G","Survivor","Neutralize","Deadly Poison","Quick Slash","Deadly Poison","Well Laid Plans","Footwork+1","Leg Sweep","Noxious Fumes+1","Caltrops","Adrenaline","Calculated Gamble+1","Blur","Dodge and Roll"],"relics":["Ring of the Snake","HornCleat","Tiny Chest","PreservedInsect","HoveringKite","InkBottle"],"acts_visited":["Exordium","TheCity"],"potions_floor_usage":[12,18,28,28],"damage_taken":[{"damage":0,"enemies":"Small Slimes","floor":1,"turns":5},{"damage":6,"enemies":"Jaw Worm","floor":2,"turns":6},{"damage":1,"enemies":"2 Louse","floor":7,"turns":3},{"damage":0,"enemies":"2 Fungi Beasts","floor":11,"turns":4},{"damage":28,"enemies":"3 Sentries","floor":12,"turns":13},{"damage":3,"enemies":"3 Louse","floor":14,"turns":4},{"damage":6,"enemies":"The Guardian","floor":16,"turns":10},{"damage":2,"enemies":"Shell Parasite","floor":18,"turns":7},{"damage":9,"enemies":"3 Byrds","floor":22,"turns":4},{"damage":26,"enemies":"Shelled Parasite and Fungi","floor":27,"turns":7},{"damage":22,"enemies":"Gremlin Leader","floor":28,"turns":3}],"seed_played":"-5298385798745775607","potions_obtained":[{"floor":2,"key":"LiquidBronze"},{"floor":7,"key":"Block Potion"},{"floor":18,"key":"LiquidBronze"},{"floor":27,"key":"Weak Potion"}],"is_trial":false,"path_per_floor":["M","M","?","?","$","R","M","$","T","R","M","E","R","M","R","B",null,"M","$","?","?","M","R","?","R","T","M","E"],"character_chosen":"THE_SILENT","items_purchased":["Well Laid Plans","Footwork","Calculated Gamble","Blur"],"campfire_rested":3,"item_purchase_floors":[5,8,19,19],"current_hp_per_floor":[59,53,35,24,24,43,42,42,42,42,42,14,33,30,30,24,56,54,54,54,54,45,45,27,48,48,22,0,0],"gold":142,"neow_bonus":"THREE_CARDS","is_daily":false,"chose_seed":false,"campfire_upgraded":3,"win_rate":0.0,"timestamp":1611230705,"path_taken":["M","M","?","?","$","R","M","?","T","R","M","E","R","M","R","BOSS","M","$","?","?","M","R","?","R","T","M","E"],"items_purchased_type":["Card","Card","Card","Card"],"build_version":"2020-12-22","purchased_purges":1,"victory":false,"max_hp_per_floor":[66,66,66,66,66,66,66,66,66,66,66,66,66,66,66,66,66,66,66,66,66,66,66,71,71,71,71,71,71],"relic_stats":{"counters":[11,66],"HoveringKite":[9],"Tiny Chest":0,"PreservedInsect":59,"obtain_stats":[{"HornCleat":3,"HoveringKite":17,"Tiny Chest":9,"PreservedInsect":12,"InkBottle":26,"Ring of the Snake":0},{"HornCleat":2,"HoveringKite":7,"Tiny Chest":3,"PreservedInsect":5,"InkBottle":9,"Ring of the Snake":0},{"HornCleat":11,"HoveringKite":45,"Tiny Chest":14,"PreservedInsect":31,"InkBottle":56,"Ring of the Snake":0}],"InkBottle":[3],"Ring of the Snake":[22]},"card_choices":[{"not_picked":["Slice","Outmaneuver"],"picked":"Deadly Poison","floor":0},{"not_picked":["Slice","Dodge and Roll"],"picked":"Quick Slash","floor":1},{"not_picked":["Poisoned Stab","Bane"],"picked":"Deadly Poison","floor":2},{"not_picked":["Blade Dance","Deadly Poison","Flying Knee"],"picked":"SKIP","floor":7},{"not_picked":["Dagger Spray","Dagger Throw"],"picked":"Leg Sweep","floor":11},{"not_picked":["Burst","PiercingWail"],"picked":"Noxious Fumes","floor":12},{"not_picked":["Dodge and Roll","Riddle With Holes"],"picked":"Caltrops","floor":14},{"not_picked":["Burst","Doppelganger"],"picked":"Adrenaline","floor":16},{"not_picked":["Endless Agony","Poisoned Stab+1","Deflect"],"picked":"SKIP","floor":18},{"not_picked":["Riddle With Holes","Poisoned Stab"],"picked":"Dodge and Roll","floor":22},{"not_picked":["Dagger Throw","Deflect","Expertise"],"picked":"SKIP","floor":27}],"player_experience":1744747,"relics_obtained":[{"floor":9,"key":"Tiny Chest"},{"floor":12,"key":"PreservedInsect"},{"floor":26,"key":"InkBottle"}],"event_choices":[{"damage_healed":0,"gold_gain":0,"player_choice":"Success","damage_taken":18,"relics_obtained":["HornCleat"],"max_hp_gain":0,"max_hp_loss":0,"event_name":"Scrap Ooze","floor":3,"gold_loss":0},{"damage_healed":0,"gold_gain":75,"player_choice":"Gather Gold","damage_taken":11,"max_hp_gain":0,"max_hp_loss":0,"event_name":"World of Goop","floor":4,"gold_loss":0},{"damage_healed":0,"gold_gain":0,"player_choice":"Ignored","damage_taken":0,"max_hp_gain":0,"max_hp_loss":0,"event_name":"Vampires","floor":20,"gold_loss":0},{"damage_healed":0,"gold_gain":50,"player_choice":"Stole From Cult","damage_taken":0,"max_hp_gain":0,"max_hp_loss":0,"event_name":"Nest","floor":21,"gold_loss":0},{"damage_healed":0,"gold_gain":0,"player_choice":"Shed Blood","damage_taken":23,"max_hp_gain":5,"max_hp_loss":0,"event_name":"Forgotten Altar","floor":24,"gold_loss":0}],"is_beta":false,"boss_relics":[{"not_picked":["Runic Dome","Tiny House"],"picked":"HoveringKite"}],"items_purged_floors":[5],"is_endless":false,"potions_floor_spawned":[2,7,11,18,27],"killed_by":"Gremlin Leader","ascension_level":20}}