{"host":"qjjo2tl9lbhe5pjm","time":1611208148,"event":{"mods":["Act Like it!","Aspiration","BaseMod","Better Third Choice","BetterRewards","Challenge The Spire","Conspire","Energized Spire","GifTheSpireLib","Halation","HexUI Lib","Hubris","Infinite Spire","Minty Spire (QoL Compilation)","Pale of the Ancients","Replay The Spire","Shop Mod","StSLib","Stuff the Spire","SuperFastMode","Synergy Search","The Jungle"],"gold_per_floor":[115,115,115,135,154,180,180,44,44,44,78,78,91,120,120,224,224,236,236,247,259,283,283,360,360,430,448,315,315,315,340,340,445,445,464,567,259,259,269,300,300,300,300,300,376,395,395,427,427,427,440,460,460,71,71,71,71,55,55,55],"floor_reached":61,"language":"ENG","playtime":2380,"items_purged":["Strike_B","Strike_B","Strike_B","conspire:NecroticWound","Dualcast","Doubt"],"score":2046,"play_id":"1d1cd139-6718-4b86-a771-9b51df862c57","local_time":"20210120234908","is_ascension_mode":true,"campfire_choices":[{"floor":7.0,"key":"REST"},{"floor":12.0,"key":"REST"},{"data":"Zap","floor":15.0,"key":"SMITH"},{"floor":23.0,"key":"REST"},{"data":"infinitespire:UltimateForm","floor":25.0,"key":"SMITH"},{"data":"ReplayTheSpireMod:GoodbyeWorld","floor":29.0,"key":"SMITH"},{"data":"hubris:Insight","floor":32.0,"key":"SMITH"},{"data":"StuffTheSpire:Synthwave","floor":41.0,"key":"SMITH"},{"floor":44.0,"key":"RECALL"},{"data":"Crystallizer","floor":49.0,"key":"SMITH"},{"floor":55.0,"key":"REST"},{"data":"Mayhem","floor":55.0,"key":"SMITH"},{"data":"Biased Cognition","floor":57.0,"key":"SMITH"}],"circlet_count":0,"master_deck":["AscendersBane","Strike_B","Defend_B","Defend_B","Defend_B","Zap+1","hubris:Insight+1","Ball Lightning","Capacitor","Ball Lightning","Force Field+1","AbeCurse","Biased Cognition+1","Rebound","StuffTheSpire:Plugnplay+1","infinitespire:UltimateForm+1","infinitespire:Starlight+1","CommonCold","Recycle+1","BasicCrystalCard+1","Reboot+1","Steam Power+1","ReplayTheSpireMod:GoodbyeWorld+1","Fission+1","hubris:DoWhile+1","Seek+1","Turbo+1","ReplayTheSpireMod:System Scan+1","Crystallizer+1","hubris:Ukulele","StuffTheSpire:Synthwave+1","Lockon","Parasite","Capacitor","ReplayTheSpireMod:Echoes of Time+1","Turbo+1","Mayhem+1","Master of Strategy+1","Delirium"],"relics":["Cracked Core","MerchantsRug","ClockworkSouvenir","StuffTheSpire:Kangaroo","hubris:Towel","Art of War","Replay:Ringing Soul","Toxic Egg 2","hubris:BallOfYels","energizedSpire:CursedPentagram","Abe\u0027s Treasure","conspire:RunicOctahedron","Prayer Wheel","Mummified Hand","aspiration:TomeofQuesting","hubris:MobiusCoin","OrangePellets","Chameleon Ring","Black Star","StuffTheSpire:Expresso","aspiration:EnhancedActuators","StuffTheSpire:OldFever","infinitespire:Magic Flask","hubris:Icosahedron","Replay:Antivirus Software","Potion Belt","SlaversCollar","Regal Pillow","paleoftheancients:Timepiece","paleoftheancients:KeyRelic","Gremlin Horn","Replay:Wax Seal"],"acts_visited":["Exordium","TheCity","TheBeyond","TheBeyond"],"potions_floor_usage":[],"damage_taken":[{"damage":6.0,"enemies":"Jaw Worm","floor":1.0,"turns":4.0},{"damage":3.0,"enemies":"Small Slimes","floor":4.0,"turns":4.0},{"damage":0.0,"enemies":"Cultist","floor":5.0,"turns":3.0},{"damage":21.0,"enemies":"Lagavulin","floor":6.0,"turns":5.0},{"damage":21.0,"enemies":"Gremlin Nob","floor":11.0,"turns":4.0},{"damage":14.0,"enemies":"Red Slaver","floor":13.0,"turns":2.0},{"damage":20.0,"enemies":"Lagavulin","floor":14.0,"turns":3.0},{"damage":20.0,"enemies":"Hexaghost","floor":16.0,"turns":7.0},{"damage":17.0,"enemies":"3 Byrds","floor":18.0,"turns":4.0},{"damage":31.0,"enemies":"2 Thieves","floor":20.0,"turns":4.0},{"damage":33.0,"enemies":"Shelled Parasite and Fungi","floor":21.0,"turns":4.0},{"damage":32.0,"enemies":"conspire:SneckoGhost","floor":24.0,"turns":5.0},{"damage":0.0,"enemies":"Sentry and Sphere","floor":27.0,"turns":2.0},{"damage":18.0,"enemies":"Replay:Snechameleon","floor":31.0,"turns":2.0},{"damage":1.0,"enemies":"Collector","floor":33.0,"turns":5.0},{"damage":17.0,"enemies":"Orb Walker","floor":35.0,"turns":2.0},{"damage":34.0,"enemies":"2 Orb Walkers","floor":36.0,"turns":3.0},{"damage":19.0,"enemies":"3 Darklings","floor":39.0,"turns":3.0},{"damage":0.0,"enemies":"Reptomancer","floor":40.0,"turns":2.0},{"damage":0.0,"enemies":"Nemesis","floor":45.0,"turns":1.0},{"damage":21.0,"enemies":"Sphere and 2 Shapes","floor":46.0,"turns":2.0},{"damage":0.0,"enemies":"Reptomancer","floor":48.0,"turns":2.0},{"damage":0.0,"enemies":"Replay:Hell Engine","floor":50.0,"turns":1.0},{"damage":100.0,"enemies":"Replay:Hell Engine","floor":51.0,"turns":5.0},{"damage":20.0,"enemies":"Replay:Hell Engine","floor":52.0,"turns":2.0},{"damage":534.0,"enemies":"Replay:Hell Engine","floor":56.0,"turns":3.0},{"damage":25,"enemies":"paleoftheancients:N","floor":60,"turns":6}],"seed_played":"2951971324412164895","potions_obtained":[{"floor":6.0,"key":"Strength Potion"},{"floor":13.0,"key":"conspire:TimeTravelPotion"},{"floor":18.0,"key":"LifebloodPotion"},{"floor":21.0,"key":"Elixir"},{"floor":45.0,"key":"Block Potion"},{"floor":51.0,"key":"Adrenaline Potion"}],"is_trial":false,"path_per_floor":["M","?","?","M","M","E","R","$","T","T","E","R","M","E","R","B",null,"M","AVR","M","M","T","R","E","R","T","M","$","R","?","E","R","B",null,"M","?","$","?","M","E","R","?","T","R","E","M","AVR","E","R","B","M","M","?","$","R","M","R","$","?","B",null],"character_chosen":"DEFECT","items_purchased":["MerchantsRug","ClockworkSouvenir","Capacitor","Ball Lightning","ReplayTheSpireMod:GoodbyeWorld","Fission+1","OrangePellets","Crystallizer","aspiration:EnhancedActuators","Turbo+1","Replay:Wax Seal","Mayhem","Master of Strategy+1"],"campfire_rested":4,"item_purchase_floors":[0,0,8,8,28,28,28,37,37,54,54,54,58],"current_hp_per_floor":[46,46,46,43,43,22,44,44,44,44,23,45,31,34,34,17,68,54,57,44,26,26,53,39,39,39,42,45,60,63,60,75,92,104,105,89,92,92,91,106,120,120,120,120,123,102,105,134,140,140,104,124,92,95,149,149,149,152,152,142],"gold":55,"neow_bonus":"","is_daily":false,"chose_seed":false,"campfire_upgraded":8,"win_rate":0.0,"timestamp":1611208148,"path_taken":["M","?","?","?","M","E","R","?","T","?","E","R","M","E","R","BOSS","M","AVR","M","?","?","R","E","R","T","M","$","R","?","E","R","BOSS","M","?","$","?","?","E","R","?","T","R","E","M","AVR","E","R","BOSS","M","M","?","$","R","M","R","$","?","BOSS"],"items_purchased_type":["Relic","Relic","Card","Card","Card","Card","Relic","Card","Relic","Card","Relic","Card","Card"],"build_version":"2020-12-22","purchased_purges":6,"victory":true,"max_hp_per_floor":[75,75,75,75,75,75,75,75,75,75,75,75,75,78,78,81,84,87,90,93,93,93,93,96,96,96,99,102,102,105,105,105,108,108,111,114,117,117,120,120,120,120,120,120,123,123,126,140,140,140,140,143,146,149,149,149,149,152,152,152],"card_choices":[{"not_picked":["StuffTheSpire:LoadUp","ReplaySolidLightProjector","Stack"],"picked":"SKIP","floor":1.0},{"not_picked":["Leap","Auto Shields","Gash"],"picked":"SKIP","floor":4.0},{"not_picked":["Rip and Tear","Undo"],"picked":"Ball Lightning","floor":5.0},{"not_picked":["Steam","Conserve Battery","Steam Power"],"picked":"SKIP","floor":6.0},{"not_picked":["Streamline","Undo+1","Stack+1"],"picked":"SKIP","floor":11.0},{"not_picked":["ReplayGash","Cold Snap","Recycle+1"],"picked":"SKIP","floor":13.0},{"not_picked":["Barrage","Sweeping Beam"],"picked":"Force Field+1","floor":14.0},{"not_picked":["Core Surge","ReplayTheSpireMod:Omega Cannon"],"picked":"ReplayTheSpireMod:Fabricate Wheel+1","floor":16.0},{"not_picked":["Compile Driver","Stack+1"],"picked":"Rebound","floor":18.0},{"not_picked":["Cold Snap","Beam Cell"],"picked":"StuffTheSpire:Plugnplay+1","floor":18.0},{"not_picked":["Tempest+1","Ball Lightning"],"picked":"Recycle+1","floor":20.0},{"not_picked":["Go for the Eyes","Meteor Strike"],"picked":"BasicCrystalCard+1","floor":20.0},{"not_picked":["Barrage","Cold Snap","StuffTheSpire:NuclearReactor+1"],"picked":"SKIP","floor":21.0},{"not_picked":["Rip and Tear","StuffTheSpire:LaunchingStrike","Stack+1"],"picked":"SKIP","floor":21.0},{"not_picked":["Doom and Gloom","Rebound"],"picked":"Reboot+1","floor":24.0},{"not_picked":["Cold Snap","Leap+1"],"picked":"Steam Power+1","floor":27.0},{"not_picked":["Fusion+1","Compile Driver","Redo+1"],"picked":"SKIP","floor":27.0},{"not_picked":["StuffTheSpire:NuclearReactor+1","Streamline","conspire:Rain+1"],"picked":"SKIP","floor":31.0},{"not_picked":["StuffTheSpire:LaunchingStrike","StuffTheSpire:EventHorizon+1"],"picked":"Seek+1","floor":33.0},{"not_picked":["Gash","Compile Driver+1"],"picked":"Turbo+1","floor":35.0},{"not_picked":["Beam Cell","Undo+1","Compile Driver"],"picked":"SKIP","floor":35.0},{"not_picked":["Gash+1","Aggregate+1"],"picked":"ReplayTheSpireMod:System Scan+1","floor":36.0},{"not_picked":["Rainbow+1","Beam Cell"],"picked":"hubris:Ukulele","floor":39.0},{"not_picked":["Gash","Chaos+1"],"picked":"StuffTheSpire:Synthwave","floor":39.0},{"not_picked":["Gash+1","StuffTheSpire:LoadUp+1","Steam+1"],"picked":"SKIP","floor":40.0},{"not_picked":["Hologram+1","StuffTheSpire:Plugnplay+1"],"picked":"Lockon","floor":45.0},{"not_picked":["Auto Shields+1","BasicCrystalCard+1","StuffTheSpire:Plugnplay+1"],"picked":"SKIP","floor":46.0},{"not_picked":["Go for the Eyes","Beam Cell","Stack+1"],"picked":"SKIP","floor":46.0},{"not_picked":["Rebound","Compile Driver","StuffTheSpire:EventHorizon+1"],"picked":"SKIP","floor":48.0},{"not_picked":["Cold Snap","StuffTheSpire:Rend+1","Compile Driver"],"picked":"SKIP","floor":51.0},{"not_picked":["ReplayTheSpireMod:Dual Polarity+1","Sweeping Beam","Conserve Battery+1"],"picked":"SKIP","floor":51.0},{"not_picked":["Beam Cell","conspire:SharedLibrary"],"picked":"Capacitor","floor":52.0},{"not_picked":["ReplayTheSpireMod:Fabricate Wheel+1","Panic Button+1","aspiration:Polymerization+1"],"picked":"SKIP","floor":52.0},{"not_picked":["hubris:InfiniteBlow","ReplayTheSpireMod:??????????????????????"],"picked":"ReplayTheSpireMod:Echoes of Time","floor":53.0}],"player_experience":676574,"relics_obtained":[{"floor":6.0,"key":"Art of War"},{"floor":9.0,"key":"Replay:Ringing Soul"},{"floor":10.0,"key":"Toxic Egg 2"},{"floor":11.0,"key":"Vajra"},{"floor":14.0,"key":"hubris:BallOfYels"},{"floor":22.0,"key":"aspiration:TomeofQuesting"},{"floor":24.0,"key":"hubris:MobiusCoin"},{"floor":26.0,"key":"Eternal Feather"},{"floor":31.0,"key":"Chameleon Ring"},{"floor":36.0,"key":"StuffTheSpire:Expresso"},{"floor":40.0,"key":"StuffTheSpire:OldFever"},{"floor":40.0,"key":"infinitespire:Magic Flask"},{"floor":45.0,"key":"Replay:Antivirus Software"},{"floor":45.0,"key":"Potion Belt"},{"floor":48.0,"key":"Regal Pillow"},{"floor":48.0,"key":"Mango"}],"event_choices":[{"damage_healed":0.0,"max_hp_gain":0.0,"max_hp_loss":0.0,"gold_gain":0.0,"event_name":"Match and Keep!","player_choice":"1 cards matched","floor":3.0,"gold_loss":0.0,"damage_taken":0.0,"cards_obtained":["hubris:Insight"]},{"damage_healed":0.0,"max_hp_gain":0.0,"max_hp_loss":0.0,"gold_gain":0.0,"event_name":"Mysterious Sphere","player_choice":"Fight","floor":36.0,"gold_loss":0.0,"damage_taken":0.0},{"damage_healed":0.0,"max_hp_gain":0.0,"max_hp_loss":0.0,"gold_gain":0.0,"event_name":"The Woman in Blue","player_choice":"Bought 0 Potions","floor":38.0,"gold_loss":0.0,"damage_taken":0.0}],"is_beta":false,"boss_relics":[{"not_picked":["Runic Dome","Astrolabe"],"picked":"Replay:Grab Bag"},{"not_picked":["energizedSpire:EnergizedDie","hubris:CrackedHourglass"],"picked":"energizedSpire:CursedPentagram"},{"not_picked":["Coffee Dripper","aspiration:FutureDiary"],"picked":"Abe\u0027s Treasure"},{"not_picked":["halation:Prosthetics","Runic Pyramid"],"picked":"conspire:RunicOctahedron"},{"not_picked":["hubris:GrandSneckoEye","Fusion Hammer"],"picked":"Black Star"}],"items_purged_floors":[8,19,28,37,47,54],"is_endless":false,"potions_floor_spawned":[6,13,18,21,35,45,48,51],"ascension_level":12}}