{"host":"4amcrcg6ktw8dbzk","time":1611209378,"event":{"mods":["ATMod(°¢èªMod)","BaseMod","Dota2Spire","Minty Spire (QoL Compilation)","MostiFishMod","Spicy Shops","StSLib","Waifu the Spire"],"gold_per_floor":[117,42,61,61,61,92,111,111,111,111,183,18,33,67,67,139,139,158,170,170,184,3,3,16,16,16,32,32,59,59,78,78,155,155,165,165,178,92,103,133,143,143,192,217,217,217,217,248,248,278,308,308,308,24,58,88],"floor_reached":57,"language":"ZHS","playtime":2803,"items_purged":["Strike_B","Strike_B","Strike_B"],"score":3461,"play_id":"39d74156-4e98-4903-80a0-7bd58ed24a27","local_time":"20210121140938","is_ascension_mode":true,"campfire_choices":[{"data":"Coolheaded","floor":8.0,"key":"SMITH"},{"floor":10.0,"key":"REST"},{"data":"AT_RightCognition","floor":15.0,"key":"SMITH"},{"data":"MostiFishMod:GatherIntelligence","floor":23.0,"key":"SMITH"},{"data":"MostiFishMod:Exploitation","floor":25.0,"key":"SMITH"},{"data":"Coolheaded","floor":28.0,"key":"SMITH"},{"data":"Recycle","floor":32.0,"key":"SMITH"},{"floor":45.0,"key":"RECALL"},{"data":"AT_ThreeBodyProblem","floor":47.0,"key":"SMITH"},{"data":"MostiFishMod:TalkingToTheRain","floor":49,"key":"SMITH"},{"data":"Dualcast","floor":53,"key":"SMITH"}],"circlet_count":0,"master_deck":["AscendersBane","Strike_B","Defend_B","Defend_B","Zap","Dualcast+1","Blizzard","Ball Lightning","Ball Lightning","Coolheaded+1","AT_RightCognition+1","Recycle+1","MostiFishMod:TalkingToTheRain+1","MostiFishMod:GatherIntelligence+1","MostiFishMod:Exploitation+1","Coolheaded+1","AT_RightCognition+1","Skim","MostiFishMod:Overload","Cold Snap","Chill","AT_ThreeBodyProblem+1","Machine Learning","White Noise+1","White Noise","Madness","Madness","Tempest","Steam Power","AT_EMC2+1"],"relics":["FrozenCore","DaveBox","AT_ATBox","BionicSphere","SynthV:TestCard","Dota2Spire:EtherealBlade","Du-Vu Doll","Dota2Spire:BlackKingBar","Medical Kit","AT_RedTearstoneRing","Civilization","InkBottle","Pear","HereWithMe","Question Card","AT_ArcaneBoots","Dota2Spire:Vanguard","Dota2Spire:HandOfMidas","Oddly Smooth Stone","Emotion Chip"],"acts_visited":["Exordium","TheCity","TheBeyond","TheEnding"],"potions_floor_usage":[56,56],"damage_taken":[{"damage":0.0,"enemies":"Cultist","floor":1.0,"turns":3.0},{"damage":0.0,"enemies":"2 Louse","floor":3.0,"turns":2.0},{"damage":23.0,"enemies":"Gremlin Nob","floor":6.0,"turns":5.0},{"damage":0.0,"enemies":"Jaw Worm","floor":7.0,"turns":2.0},{"damage":0.0,"enemies":"Blue Slaver","floor":13.0,"turns":2.0},{"damage":3.0,"enemies":"Lagavulin","floor":14.0,"turns":6.0},{"damage":0.0,"enemies":"Hexaghost","floor":16.0,"turns":8.0},{"damage":25.0,"enemies":"3 Byrds","floor":18.0,"turns":6.0},{"damage":0.0,"enemies":"Shell Parasite","floor":19.0,"turns":5.0},{"damage":0.0,"enemies":"3 Cultists","floor":21.0,"turns":4.0},{"damage":0.0,"enemies":"Centurion and Healer","floor":24.0,"turns":6.0},{"damage":0.0,"enemies":"Snake Plant","floor":27.0,"turns":3.0},{"damage":0.0,"enemies":"Slavers","floor":29.0,"turns":5.0},{"damage":0.0,"enemies":"Snecko","floor":31.0,"turns":3.0},{"damage":0.0,"enemies":"Automaton","floor":33.0,"turns":8.0},{"damage":0.0,"enemies":"Orb Walker","floor":35.0,"turns":4.0},{"damage":0.0,"enemies":"3 Darklings","floor":37.0,"turns":4.0},{"damage":0.0,"enemies":"Maw","floor":39.0,"turns":6.0},{"damage":0.0,"enemies":"Giant Head","floor":40.0,"turns":5.0},{"damage":0.0,"enemies":"Jaw Worm Horde","floor":41.0,"turns":5.0},{"damage":0.0,"enemies":"Nemesis","floor":44.0,"turns":5.0},{"damage":0,"enemies":"Giant Head","floor":48,"turns":5},{"damage":0,"enemies":"Time Eater","floor":50,"turns":8},{"damage":0,"enemies":"Donu and Deca","floor":51,"turns":5},{"damage":0,"enemies":"Shield and Spear","floor":55,"turns":3},{"damage":0,"enemies":"The Heart","floor":56,"turns":10}],"seed_played":"6969564008186705619","potions_obtained":[{"floor":3.0,"key":"Ancient Potion"},{"floor":6.0,"key":"Dota2Spire:Clarity"},{"floor":21.0,"key":"SkillPotion"},{"floor":41.0,"key":"GamblersBrew"}],"is_trial":false,"path_per_floor":["M","$","M","?","?","E","M","R","T","R","T","$","M","E","R","B",null,"M","M","?","M","$","R","M","R","T","M","R","E","?","M","R","B",null,"M","?","M","$","M","E","M","?","T","E","R","?","R","E","R","B","B",null,"R","$","E","B",null],"character_chosen":"DEFECT","items_purchased":["Medical Kit","Civilization","AT_ThreeBodyProblem","Oddly Smooth Stone","Steam Power"],"campfire_rested":1,"item_purchase_floors":[12,22,38,54,54],"current_hp_per_floor":[71,71,71,53,46,23,23,23,23,46,46,46,46,43,43,43,69,44,44,22,22,22,22,24,24,24,27,27,42,42,47,47,52,98,103,103,108,108,113,118,123,123,123,128,128,102,102,107,107,112,117,148,148,148,153,158],"gold":88,"neow_bonus":"TEN_PERCENT_HP_BONUS","is_daily":false,"chose_seed":false,"campfire_upgraded":9,"win_rate":0.0,"timestamp":1611209378,"path_taken":["M","?","M","?","?","E","M","R","T","R","?","$","M","E","R","BOSS","M","M","?","M","$","R","M","R","T","M","R","E","?","?","R","BOSS","M","?","M","$","M","E","M","?","T","E","R","?","R","E","R","BOSS","BOSS","R","$","E","BOSS"],"items_purchased_type":["Relic","Relic","Card","Relic","Card"],"build_version":"2020-12-22","purchased_purges":3,"victory":true,"max_hp_per_floor":[78,78,78,78,78,78,78,78,78,78,78,78,78,78,78,78,78,78,78,83,83,83,83,85,85,85,88,88,103,103,108,108,113,113,118,118,123,123,128,133,138,138,138,143,143,143,143,148,148,153,158,158,158,158,163,168],"card_choices":[{"not_picked":["MostiFishMod:PushDownKick","Streamline"],"picked":"Blizzard","floor":1.0},{"not_picked":["MostiFishMod:Impulse","Conserve Battery","Barrage","Steam"],"picked":"Ball Lightning","floor":3.0},{"not_picked":["White Noise","Lockon","Undo","Doom and Gloom"],"picked":"Ball Lightning","floor":6.0},{"not_picked":["Compile Driver","Ball Lightning","Force Field","Turbo"],"picked":"Coolheaded","floor":7.0},{"not_picked":["Conserve Battery","Compile Driver","Defragment","Turbo"],"picked":"AT_RightCognition","floor":13.0},{"not_picked":["Auto Shields","Rip and Tear","Beam Cell","AT_DarkMatter"],"picked":"Recycle","floor":14.0},{"not_picked":["MostiFishMod:StarOceanB","Echo Form","Buffer","MostiFishMod:Hijack"],"picked":"MostiFishMod:TalkingToTheRain","floor":16.0},{"not_picked":["MostiFishMod:PushDownKick","Coolheaded","Conserve Battery","Compile Driver+1"],"picked":"MostiFishMod:GatherIntelligence","floor":18.0},{"not_picked":["Sweeping Beam","Gash","MostiFishMod:Impulse","Stack","Barrage+1"],"picked":"SKIP","floor":19.0},{"not_picked":["Go for the Eyes","Redo","Self Repair","Rebound"],"picked":"MostiFishMod:Exploitation","floor":21.0},{"not_picked":["Chaos","Leap","Aggregate","Redo","Sweeping Beam"],"picked":"SKIP","floor":24.0},{"not_picked":["Compile Driver+1","AT_WaterDrop","Conserve Battery","AT_ThreeBodyProblem+1"],"picked":"Coolheaded","floor":27.0},{"not_picked":["Loop","Lockon","Compile Driver+1","Fusion","MostiFishMod:PushDownKick"],"picked":"SKIP","floor":29.0},{"not_picked":["Auto Shields","Tempest","Gash","Leap"],"picked":"Skim","floor":31.0},{"not_picked":["Fission","AT_WaterDrop","Biased Cognition","MostiFishMod:Hijack"],"picked":"MostiFishMod:Overload","floor":33.0},{"not_picked":["Scrape","Barrage","Steam","Conserve Battery"],"picked":"Cold Snap","floor":35.0},{"not_picked":["MostiFishMod:PushDownKick","Stack+1","Streamline","Hologram"],"picked":"Chill","floor":37.0},{"not_picked":["Self Repair+1","Cold Snap","Go for the Eyes+1","Force Field","Gash"],"picked":"SKIP","floor":39.0},{"not_picked":["MostiFishMod:PushDownKick+1","Storm","Aggregate","MostiFishMod:ActiveDefenseSystem"],"picked":"Machine Learning","floor":40.0},{"not_picked":["Force Field","Ball Lightning","Hologram","Undo","Loop"],"picked":"White Noise+1","floor":41.0},{"not_picked":["Go for the Eyes","Ball Lightning","Compile Driver+1","Steam+1","Undo"],"picked":"White Noise","floor":44.0},{"not_picked":["Melter","Buffer","Redo","Blizzard","Rebound"],"picked":"Tempest","floor":48},{"not_picked":["AT_DarkMatter","AT_ThreeBodyProblem","Redo","Heatsinks","Coolheaded"],"picked":"AT_EMC2+1","floor":55}],"player_experience":356638,"relics_obtained":[{"floor":1.0,"key":"SynthV:TestCard"},{"floor":6.0,"key":"Du-Vu Doll"},{"floor":11.0,"key":"Dota2Spire:BlackKingBar"},{"floor":14.0,"key":"AT_RedTearstoneRing"},{"floor":26.0,"key":"InkBottle"},{"floor":29.0,"key":"Pear"},{"floor":40.0,"key":"Question Card"},{"floor":43.0,"key":"AT_SpeedBoots"},{"floor":44.0,"key":"Dota2Spire:Vanguard"},{"floor":48,"key":"Dota2Spire:HandOfMidas"},{"floor":55,"key":"Emotion Chip"}],"event_choices":[{"damage_healed":0.0,"max_hp_gain":0.0,"max_hp_loss":0.0,"gold_gain":0.0,"event_name":"Scrap Ooze","player_choice":"Success","floor":4.0,"gold_loss":0.0,"damage_taken":18.0,"relics_obtained":["Dota2Spire:EtherealBlade"]},{"cards_removed":["Defend_B"],"damage_healed":0.0,"max_hp_gain":0.0,"max_hp_loss":0.0,"gold_gain":0.0,"event_name":"Golden Wing","player_choice":"Card Removal","floor":5.0,"gold_loss":0.0,"damage_taken":7.0},{"damage_healed":0.0,"max_hp_gain":5.0,"max_hp_loss":0.0,"gold_gain":0.0,"event_name":"Forgotten Altar","player_choice":"Shed Blood","floor":20.0,"gold_loss":0.0,"damage_taken":27.0},{"damage_healed":0.0,"max_hp_gain":0.0,"max_hp_loss":0.0,"gold_gain":0.0,"event_name":"Duplicator","player_choice":"Copied","floor":30.0,"gold_loss":0.0,"damage_taken":0.0,"cards_obtained":["AT_RightCognition"]},{"cards_removed":["Defend_B"],"damage_healed":0.0,"max_hp_gain":0.0,"max_hp_loss":0.0,"gold_gain":0.0,"event_name":"Falling","player_choice":"Removed Skill","floor":36.0,"gold_loss":0.0,"damage_taken":0.0},{"damage_healed":0.0,"max_hp_gain":0.0,"max_hp_loss":0.0,"gold_gain":0.0,"event_name":"SensoryStone","player_choice":"Memory 1","floor":42.0,"gold_loss":0.0,"damage_taken":0.0},{"damage_healed":0.0,"max_hp_gain":0.0,"max_hp_loss":0.0,"gold_gain":0.0,"event_name":"Winding Halls","player_choice":"Embrace Madness","floor":46.0,"gold_loss":0.0,"damage_taken":26.0,"cards_obtained":["Madness","Madness"]}],"is_beta":false,"boss_relics":[{"not_picked":["Empty Cage","Ectoplasm"],"picked":"FrozenCore"},{"not_picked":["Dota2Spire:Bloodstone","Transparent"],"picked":"HereWithMe"}],"items_purged_floors":[2,22,54],"is_endless":false,"potions_floor_spawned":[3,6,7,14,18,21,29,37,40,41,44,55],"ascension_level":20}}