{"host":"rbccvrvdyhsypb23","time":1611255416,"event":{"mods":["AchievementEnabler","Act Like it!","Arknights The Spire","Aspiration","BaseMod","Better Third Choice","BetterRewards","Fox Events","Friendly Minions","Gensokyo","Hubris","Infinite Spire","Ironclad Rager","KomeijiMod","Minty Spire (QoL Compilation)","Replay The Spire","Shade Mod","StSLib","The Blackbeard","The Marked","The Mystic","Wandering Minibosses","vexMod"],"gold_per_floor":[114,126,143,143,143,178,178,212,237,317,329,361,361,385,385,498,498,509,529,529,541,562,562,581,608,608,649,509,535,554,554,554,658,658,678,678,678,696,705,705,705],"floor_reached":40,"language":"ENG","playtime":2032,"items_purged":[],"score":832,"play_id":"9be91f66-fa5c-4431-b10d-1adc3c32d15f","local_time":"20210121215656","is_ascension_mode":true,"campfire_choices":[{"data":"Shade:OpenGraves","floor":7.0,"key":"SMITH"},{"data":"Shade:UnbarTheGrave","floor":13.0,"key":"SMITH"},{"floor":15.0,"key":"DIG"},{"data":"Shade:Putrefaction","floor":23.0,"key":"SMITH"},{"data":"Shade:GreaterAnimation","floor":32.0,"key":"SMITH"}],"circlet_count":0,"master_deck":["Shade:Strike_Shade+1","Shade:Strike_Shade","Shade:Strike_Shade","Shade:Strike_Shade","Shade:Defend_Shade","Shade:Defend_Shade+1","Shade:Defend_Shade","Shade:Defend_Shade","Shade:AnimateDead","Shade:CarefulCut","Shade:FleshLikeOak","Shade:FleshLikeOak","Shade:Premonition","Shade:FreshBones","Shade:AuraOfUnlife","Shade:Brains","Shade:OpenGraves+1","Shade:UnbarTheGrave+1","Shade:Bonestorm","Shade:Putrefaction+1","Shade:OpenGraves","Shade:OpenGraves","Shade:AblativeArmor","Shade:Frenzy","Shade:GreaterAnimation+1","Shade:Putrefaction","Shade:Putrefaction","Replay:Fractal Strike"],"relics":["Shade:YorickSkull","Incense Burner","Membership Card","Calipers","vexMod:CardConverter","aspiration:TomeofQuesting","aspiration:HummingbirdHeart","infinitespire:Bottled Soul","Ancient Tea Set","CeramicFish","Sozu","wanderingMiniBosses:CarrionFlame","hubris:SphereOfDissonance","hubris:PeanutButter","Simple Rune","Gremlin Horn","aspiration:RandomNobGenerator","Eternal Feather","hubris:TerracottaHorce"],"acts_visited":["Exordium","Gensokyo:Gensokyo","Gensokyo:Gensokyoer"],"potions_floor_usage":[],"damage_taken":[{"damage":0.0,"enemies":"Gensokyo:3_Fairies","floor":1.0,"turns":4.0},{"damage":0.0,"enemies":"Gensokyo:Python","floor":2.0,"turns":3.0},{"damage":0.0,"enemies":"Gensokyo:Gryphon","floor":3.0,"turns":4.0},{"damage":13.0,"enemies":"Gensokyo:5_Fairies","floor":4.0,"turns":6.0},{"damage":17.0,"enemies":"Gensokyo:Cirno","floor":6.0,"turns":8.0},{"damage":0.0,"enemies":"Gensokyo:Mamizou","floor":8.0,"turns":9.0},{"damage":0.0,"enemies":"Gensokyo:LivingMonolith","floor":11.0,"turns":3.0},{"damage":0.0,"enemies":"Gensokyo:Aya","floor":12.0,"turns":6.0},{"damage":0.0,"enemies":"Gensokyo:Python_and_Kodama","floor":14.0,"turns":4.0},{"damage":4.0,"enemies":"Gensokyo:Reimu","floor":16.0,"turns":12.0},{"damage":19.0,"enemies":"Gensokyo:AngelMirror","floor":18.0,"turns":5.0},{"damage":6.0,"enemies":"Gensokyo:2_Gloops","floor":19.0,"turns":4.0},{"damage":0.0,"enemies":"Gensokyo:Slime_Group","floor":21.0,"turns":5.0},{"damage":6.0,"enemies":"Gensokyo:Monolith_and_Dog","floor":22.0,"turns":5.0},{"damage":0.0,"enemies":"Gensokyo:Wraith","floor":24.0,"turns":7.0},{"damage":1.0,"enemies":"Gensokyo:Slime_Group","floor":25.0,"turns":5.0},{"damage":0.0,"enemies":"Nightmare","floor":27.0,"turns":6.0},{"damage":6.0,"enemies":"Gensokyo:Tenshi","floor":29.0,"turns":5.0},{"damage":0.0,"enemies":"Gensokyo:Mirror_and_Dog","floor":30.0,"turns":4.0},{"damage":0.0,"enemies":"Gensokyo:Eiki","floor":33.0,"turns":6.0},{"damage":0,"enemies":"Gensokyo:3_Bats","floor":35,"turns":3},{"damage":0,"enemies":"Gensokyo:AncientGuardian","floor":38,"turns":5},{"damage":84,"enemies":"Gensokyo:Marisa","floor":40,"turns":4}],"seed_played":"-7965976378717930614","potions_obtained":[{"floor":3.0,"key":"Toxic Potion"},{"floor":11.0,"key":"Dexterity Potion"}],"is_trial":false,"path_per_floor":["M","M","M","M","?","E","R","E","T","?","M","E","R","M","R","B",null,"M","M","?","M","M","R","M","M","T","NM","$","E","M","AVR","R","B",null,"M","?","$","M","?","E"],"character_chosen":"SHADE","items_purchased":["Membership Card","vexMod:CardConverter","Shade:FleshLikeOak","aspiration:TomeofQuesting","Shade:Putrefaction","Simple Rune"],"campfire_rested":0,"item_purchase_floors":[0,0,0,0,28,28],"current_hp_per_floor":[71,73,75,62,64,49,49,49,49,49,51,51,51,53,59,57,91,72,68,77,77,73,73,75,76,76,78,80,74,74,74,89,91,102,102,102,102,102,78,0,0],"gold":705,"neow_bonus":"","is_daily":false,"chose_seed":false,"campfire_upgraded":4,"win_rate":0.0,"timestamp":1611255416,"path_taken":["M","M","M","M","?","E","R","E","T","?","M","E","R","M","R","BOSS","M","M","?","M","?","R","M","M","T","NM","?","E","M","AVR","R","BOSS","M","?","$","M","?","E"],"items_purchased_type":["Relic","Relic","Card","Relic","Card","Relic"],"build_version":"2020-12-22","purchased_purges":0,"victory":false,"max_hp_per_floor":[71,73,75,75,77,79,79,79,79,79,81,81,81,83,89,91,91,91,93,93,93,95,95,97,99,99,101,103,103,103,103,103,105,105,105,105,105,105,107,107,107],"card_choices":[{"not_picked":["Shade:FleshToFlesh","Shade:GreyBargain"],"picked":"Shade:Premonition","floor":1.0},{"not_picked":["Shade:FuneraryArmor","Shade:AuraOfUnlife"],"picked":"Shade:FreshBones","floor":2.0},{"not_picked":["Shade:AuraOfUnlife","Shade:CoffinDance","Shade:ExtraLimbs"],"picked":"SKIP","floor":3.0},{"not_picked":["Shade:CoffinDance","Shade:ExtraLimbs"],"picked":"Shade:AuraOfUnlife","floor":3.0},{"not_picked":["Shade:FuneraryArmor","Shade:FingerOfDeath","Shade:FeralStrike"],"picked":"SKIP","floor":4.0},{"not_picked":["Shade:Brains","Shade:CallOfTheGrave"],"picked":"Shade:OpenGraves","floor":6.0},{"not_picked":["Shade:DangerousRitual","Shade:Asphyxiate","Shade:GraveStillness"],"picked":"SKIP","floor":8.0},{"not_picked":["Shade:LyeBath","Shade:FingerOfDeath"],"picked":"Shade:UnbarTheGrave","floor":11.0},{"not_picked":["Shade:Asphyxiate","Shade:OminousRitual","Shade:FreshBones"],"picked":"SKIP","floor":12.0},{"not_picked":["Shade:Haruspicy","Shade:RavenousHorde"],"picked":"Shade:Bonestorm","floor":14.0},{"not_picked":["Shade:Consume","Shade:LoseControl"],"picked":"Shade:Putrefaction","floor":16.0},{"not_picked":["Shade:BoneShards","Shade:CallWraith","Shade:SoulToxin"],"picked":"SKIP","floor":18.0},{"not_picked":["Shade:CommandSoldier+1","Shade:FleshToFlesh"],"picked":"Shade:OpenGraves","floor":19.0},{"not_picked":["Shade:AuraOfUnlife","Shade:SpectralStrikes+1","Shade:AncientSpear"],"picked":"SKIP","floor":21.0},{"not_picked":["Shade:DarkOfNight","Shade:SpontaneousRitual+1"],"picked":"Shade:OpenGraves","floor":22.0},{"not_picked":["Shade:AncientSpear","Shade:AblativeArmor","Shade:CoffinDance"],"picked":"SKIP","floor":24.0},{"not_picked":["Shade:AncientSpear","Shade:CoffinDance"],"picked":"Shade:AblativeArmor","floor":24.0},{"not_picked":["Shade:ClawBack+1","Shade:SkeletonHug"],"picked":"Shade:Frenzy","floor":25.0},{"not_picked":["Shade:CloudOfShrapnel","Shade:Tombstone"],"picked":"Shade:GreaterAnimation","floor":27.0},{"not_picked":["Shade:Brains","Shade:PoundOfFlesh","Shade:CommandSoldier"],"picked":"SKIP","floor":29.0},{"not_picked":["Shade:FuneraryArmor","Shade:Bonestorm","Shade:LyeBath"],"picked":"SKIP","floor":30.0},{"not_picked":["Shade:MadHubris","Shade:SelfBurial"],"picked":"Shade:Putrefaction","floor":33.0},{"not_picked":["Shade:FuneraryArmor","Shade:CoffinDance","Shade:CommandSoldier"],"picked":"SKIP","floor":35},{"not_picked":["Shade:FuneraryArmor+1","Shade:FeralStrike+1","Shade:GraveStillness"],"picked":"SKIP","floor":38},{"not_picked":["infinitespire:Fortify","infinitespire:Execution"],"picked":"Replay:Fractal Strike","floor":39}],"player_experience":567352,"relics_obtained":[{"floor":6.0,"key":"aspiration:HummingbirdHeart"},{"floor":8.0,"key":"infinitespire:Bottled Soul"},{"floor":9.0,"key":"Ancient Tea Set"},{"floor":12.0,"key":"CeramicFish"},{"floor":15.0,"key":"vexMod:BerryBomb"},{"floor":24.0,"key":"wanderingMiniBosses:CarrionFlame"},{"floor":26.0,"key":"hubris:SphereOfDissonance"},{"floor":27.0,"key":"hubris:PeanutButter"},{"floor":29.0,"key":"Gremlin Horn"}],"event_choices":[],"is_beta":false,"boss_relics":[{"not_picked":["vexMod:EndlessSickness","Cursed Key"],"picked":"Sozu"},{"not_picked":["Replay:Drink Me","vexMod:DeviousBotling"],"picked":"hubris:TerracottaHorce"}],"items_purged_floors":[],"is_endless":true,"potions_floor_spawned":[3,6,11,18,19,22,25,33,35],"killed_by":"Gensokyo:Marisa","ascension_level":1}}