{"host":"thin","time":1611223001,"event":{"mods":["BaseMod","Colored Powertips","Minty Spire (QoL Compilation)","Replay The Spire","Shop Mod","StSLib","The Bug Knight"],"gold_per_floor":[317,317,317,2,12,12,42,57,57,3,3,33,33,48,48,125,125,143,159,59,59,59,93,93,120,166,166,196,215,59,86,86,163,163,180,204,257,159,171,171,184,184,184,204,239,239,239,261,261,273,273,273,45,90,90,90],"floor_reached":55,"language":"ZHS","playtime":2314,"items_purged":["Regret","Normality","ReplayTheSpireMod:Restless Dread"],"score":1402,"play_id":"72ca52f4-2c15-4e15-9cc8-c84904cda599","local_time":"20210121175641","is_ascension_mode":true,"campfire_choices":[{"data":"HollowMod:ZotesMagnificence","floor":11.0,"key":"SMITH"},{"data":"HollowMod:theNailsmith","floor":13.0,"key":"SMITH"},{"data":"HollowMod:HerrahsAnger","floor":15.0,"key":"SMITH"},{"floor":24.0,"key":"REST"},{"floor":27.0,"key":"RECALL"},{"data":"HollowMod:HornetsHelp","floor":32.0,"key":"SMITH"},{"floor":40,"key":"REST"},{"data":"1","floor":42,"key":"LIFT"},{"data":"2","floor":46,"key":"LIFT"},{"data":"3","floor":49,"key":"LIFT"},{"data":"Doubt","floor":52,"key":"PURGE"}],"circlet_count":0,"master_deck":["AscendersBane","HollowMod:NailStrikeStart","HollowMod:NailStrikeStart","HollowMod:NailStrikeStart","HollowMod:NailStrikeStart","HollowMod:QuickDashStart","HollowMod:QuickDashStart","HollowMod:QuickDashStart","HollowMod:QuickDashStart","HollowMod:FocusHealStart","HollowMod:PogoStrike+1","HollowMod:ZotesMagnificence+1","Panacea","HollowMod:MonarchWings","HollowMod:HerrahsAnger+1","HollowMod:theNailsmith+1","HollowMod:CloakDash","HollowMod:PerfectDash","HollowMod:PureVessel","HollowMod:MantisMark+1","HollowMod:SoulEater","HollowMod:HornetsHelp+1","ReplayTheSpireMod:Doomed","HollowMod:MantisMark+1","HollowMod:SlysStrikes","HollowMod:SoulEater+1","HollowMod:SiblingsSouls+1"],"relics":["HollowMod:VesselMask","Old Coin","Singing Bowl","BargainBundle","ReplayTheSpireMod:Ring of Addiction","Ring of Fury","White Beast Statue","Chameleon Ring","FossilizedHelix","Gambling Chip","Black Star","MutagenicStrength","ReplayTheSpireMod:Lightbulb","Pet Ghost","HollowMod:LumaflyLanternRelic","HollowMod:StagPassRelic","Toy Ornithopter","Red Mask","Replay:Baseball","Lantern","Strawberry","Replay:Ancient Bell","HollowMod:MillibellesNoteRelic","ReplayTheSpireMod:Ninjato","Girya","Peace Pipe","CaptainsWheel","HollowMod:PaleOreRelic","Centennial Puzzle","Lizard Tail","Toxic Egg 2","Replay:Bandana","Pen Nib","Golden Egg"],"acts_visited":["Exordium","TheCity","TheBeyond","TheEnding"],"potions_floor_usage":[37,37,39,41,44,45,48,50,54,55],"damage_taken":[{"damage":2.0,"enemies":"Jaw Worm","floor":1.0,"turns":5.0},{"damage":0.0,"enemies":"2 Louse","floor":5.0,"turns":2.0},{"damage":6.0,"enemies":"Lagavulin","floor":7.0,"turns":4.0},{"damage":0.0,"enemies":"Small Slimes","floor":8.0,"turns":1.0},{"damage":0.0,"enemies":"Gremlin Nob","floor":12.0,"turns":4.0},{"damage":0.0,"enemies":"Blue Slaver","floor":14.0,"turns":1.0},{"damage":41.0,"enemies":"Slime Boss","floor":16.0,"turns":13.0},{"damage":0.0,"enemies":"Spheric Guardian","floor":18.0,"turns":1.0},{"damage":6.0,"enemies":"Chosen","floor":19.0,"turns":3.0},{"damage":20.0,"enemies":"HollowMod:Nosk","floor":23.0,"turns":8.0},{"damage":38.0,"enemies":"Replay:Snechameleon","floor":25.0,"turns":7.0},{"damage":0.0,"enemies":"Masked Bandits","floor":28.0,"turns":3.0},{"damage":0.0,"enemies":"Sentry and Sphere","floor":29.0,"turns":5.0},{"damage":13.0,"enemies":"HollowMod:Nosk","floor":31.0,"turns":5.0},{"damage":23.0,"enemies":"Pondfish","floor":33.0,"turns":7.0},{"damage":44.0,"enemies":"3 Shapes","floor":35.0,"turns":4.0},{"damage":20,"enemies":"2 Orb Walkers","floor":37,"turns":4},{"damage":9,"enemies":"3 Darklings","floor":39,"turns":5},{"damage":27,"enemies":"Writhing Mass","floor":41,"turns":4},{"damage":0,"enemies":"Transient","floor":44,"turns":5},{"damage":0,"enemies":"HollowMod:StalkingDevout","floor":45,"turns":2},{"damage":0,"enemies":"3 Darklings","floor":48,"turns":4},{"damage":20,"enemies":"Replay:Hell Engine","floor":50,"turns":8},{"damage":57,"enemies":"Shield and Spear","floor":54,"turns":4},{"damage":145,"enemies":"The Heart","floor":55,"turns":8}],"seed_played":"-8806204618840806280","potions_obtained":[{"floor":1.0,"key":"SpeedPotion"},{"floor":5.0,"key":"LifebloodPotion"},{"floor":6.0,"key":"Adrenaline Potion"},{"floor":6.0,"key":"PowerPotion"},{"floor":7.0,"key":"Flashbang"},{"floor":8.0,"key":"Explosive Potion"},{"floor":12.0,"key":"GamblersBrew"},{"floor":14.0,"key":"SkillPotion"},{"floor":16.0,"key":"Adrenaline Potion"},{"floor":18.0,"key":"Dexterity Potion"},{"floor":19.0,"key":"Swift Potion"},{"floor":23.0,"key":"BlessingOfTheForge"},{"floor":25.0,"key":"Fire Potion"},{"floor":28.0,"key":"SkillPotion"},{"floor":29.0,"key":"SpeedPotion"},{"floor":31.0,"key":"Languid Potion"},{"floor":33.0,"key":"Block Potion"},{"floor":35.0,"key":"Explosive Potion"},{"floor":37,"key":"Weak Potion"},{"floor":39,"key":"BlessingOfTheForge"},{"floor":41,"key":"LiquidMemories"},{"floor":44,"key":"FearPotion"},{"floor":45,"key":"Energy Potion"},{"floor":48,"key":"Toxic Potion"},{"floor":54,"key":"EssenceOfSteel"}],"is_trial":false,"path_per_floor":["M","?","?","$","M","?","E","M","T","$","R","E","R","M","R","B",null,"M","M","$","?","?","E","R","E","T","R","?","M","$","E","R","B",null,"M","?","?","?","M","R","M","R","T","M","E","R","T","M","R","B",null,"R","$","E","B"],"character_chosen":"THE_BUGKNIGHT","items_purchased":["BargainBundle","HollowMod:ZotesMagnificence","Panacea","HollowMod:MonarchWings","HollowMod:HerrahsAnger","Doom Potion","Block Potion","HollowMod:CloakDash","Replay:Baseball","HollowMod:SoulEater+1","SkillPotion"],"campfire_rested":2,"item_purchase_floors":[4,4,4,4,4,4,4,10,30,53,53],"current_hp_per_floor":[75,75,75,75,77,77,73,73,73,73,73,79,79,79,79,40,68,70,66,66,51,51,39,64,38,38,38,45,55,55,60,60,49,91,55,15,7,7,13,45,25,25,25,32,37,37,37,50,50,35,95,95,95,43,0,0],"gold":90,"neow_bonus":"ONE_RARE_RELIC","is_daily":false,"chose_seed":false,"campfire_upgraded":4,"win_rate":0.0,"timestamp":1611223001,"path_taken":["M","?","?","$","M","?","E","M","T","?","R","E","R","?","R","BOSS","M","M","$","?","?","E","R","E","T","R","?","?","?","E","R","BOSS","M","?","?","?","M","R","M","R","T","?","E","R","?","M","R","BOSS","R","$","E","BOSS"],"items_purchased_type":["Relic","Card","Card","Card","Card","Potion","Potion","Card","Relic","Card","Potion"],"build_version":"2020-12-18","purchased_purges":3,"victory":false,"max_hp_per_floor":[75,75,75,75,77,77,79,79,79,79,77,79,79,79,79,77,77,79,81,81,86,84,86,86,86,86,86,88,88,88,95,95,97,103,105,107,109,109,109,109,111,111,111,113,113,113,113,115,115,115,115,115,115,113,113,113],"card_choices":[{"not_picked":["HollowMod:DashSlash","HollowMod:WraithStrike","HollowMod:DesolateDive"],"picked":"SKIP","floor":1.0},{"not_picked":["HollowMod:DoubleDash","HollowMod:DreamGate","HollowMod:VengefulVoid"],"picked":"Singing Bowl","floor":5.0},{"not_picked":["HollowMod:DesolateDive","HollowMod:CloakDash","HollowMod:SharpenedNail"],"picked":"Singing Bowl","floor":7.0},{"not_picked":["HollowMod:LuriensSpire","HollowMod:SiblingsShadow"],"picked":"HollowMod:theNailsmith","floor":8.0},{"not_picked":["HollowMod:LuriensSpire","HollowMod:NewGlowingWomb","HollowMod:SiblingsSouls"],"picked":"Singing Bowl","floor":12.0},{"not_picked":["HollowMod:InfectedAttack","HollowMod:MonomonsArchive"],"picked":"HollowMod:PerfectDash","floor":14.0},{"not_picked":["HollowMod:SoulMaster","HollowMod:PaleKingsBlessing"],"picked":"HollowMod:PureVessel","floor":16.0},{"not_picked":["HollowMod:DoubleDash","HollowMod:SiblingsSouls","HollowMod:SoulSplash"],"picked":"Singing Bowl","floor":18.0},{"not_picked":["HollowMod:BlackTendrils","HollowMod:InfectedCysts","HollowMod:MothsMistake"],"picked":"Singing Bowl","floor":19.0},{"not_picked":["HollowMod:DashSlash","HollowMod:VengefulSpirit","HollowMod:GoodIntentions"],"picked":"Singing Bowl","floor":23.0},{"not_picked":["HollowMod:MidwifesHunger","HollowMod:CloakDash"],"picked":"HollowMod:MantisMark+1","floor":25.0},{"not_picked":["HollowMod:ShadowDash+1","HollowMod:DashSlash","HollowMod:NewLittleFool"],"picked":"Singing Bowl","floor":28.0},{"not_picked":["HollowMod:TaintedHusks","HollowMod:WraithStrike"],"picked":"HollowMod:SoulEater","floor":29.0},{"not_picked":["HollowMod:TaintedHusks","HollowMod:CloakDash"],"picked":"HollowMod:HornetsHelp","floor":31.0},{"not_picked":["HollowMod:LifebloodCore","HollowMod:SoulMaster","HollowMod:RadiancesLament"],"picked":"Singing Bowl","floor":33.0},{"not_picked":["ReplayTheSpireMod:Restless Dread","CurseOfTheBell","Parasite"],"picked":"Singing Bowl","floor":34.0},{"not_picked":["Doubt","Hallucinations","Parasite"],"picked":"Singing Bowl","floor":34.0},{"not_picked":["Spreading Infection","ReplayTheSpireMod:Doomed","Shame"],"picked":"Singing Bowl","floor":34.0},{"not_picked":["HollowMod:MothsMistake","HollowMod:DoubleDash","HollowMod:CoiledNail"],"picked":"Singing Bowl","floor":35.0},{"not_picked":["HollowMod:QuirrelsAssistance","HollowMod:VengefulVoid+1","HollowMod:BrokenVessel"],"picked":"Singing Bowl","floor":36.0},{"not_picked":["HollowMod:SoulSplash","HollowMod:CycloneSlash","HollowMod:SiblingsSouls"],"picked":"Singing Bowl","floor":37},{"not_picked":["HollowMod:MonarchWings","HollowMod:ShadowDash"],"picked":"HollowMod:MantisMark+1","floor":39},{"not_picked":["HollowMod:MonomonsArchive","HollowMod:InfectedCysts+1","HollowMod:ShadowDash+1"],"picked":"Singing Bowl","floor":41},{"not_picked":["HollowMod:HornetsHelp","HollowMod:SoulShaman","HollowMod:NewJinnsSoul"],"picked":"Singing Bowl","floor":44},{"not_picked":["HollowMod:ChannelNail+1","HollowMod:NewLittleFool"],"picked":"HollowMod:SlysStrikes","floor":45},{"not_picked":["HollowMod:BrokenVessel+1","HollowMod:HowlingWraiths","HollowMod:NewLittleFool"],"picked":"Singing Bowl","floor":48},{"not_picked":["HollowMod:DungDefenderAura+1","HollowMod:CornifersMapStart+1"],"picked":"HollowMod:SiblingsSouls+1","floor":54}],"player_experience":962153,"relics_obtained":[{"floor":6.0,"key":"ReplayTheSpireMod:Ring of Addiction"},{"floor":6.0,"key":"Ring of Fury"},{"floor":6.0,"key":"White Beast Statue"},{"floor":6.0,"key":"Chameleon Ring"},{"floor":7.0,"key":"FossilizedHelix"},{"floor":12.0,"key":"Gambling Chip"},{"floor":23.0,"key":"ReplayTheSpireMod:Lightbulb"},{"floor":23.0,"key":"Pet Ghost"},{"floor":25.0,"key":"HollowMod:LumaflyLanternRelic"},{"floor":25.0,"key":"HollowMod:StagPassRelic"},{"floor":26.0,"key":"Toy Ornithopter"},{"floor":28.0,"key":"Red Mask"},{"floor":31.0,"key":"Lantern"},{"floor":31.0,"key":"Strawberry"},{"floor":36.0,"key":"Peace Pipe"},{"floor":37,"key":"CaptainsWheel"},{"floor":43,"key":"Centennial Puzzle"},{"floor":45,"key":"Lizard Tail"},{"floor":45,"key":"Toxic Egg 2"},{"floor":47,"key":"Replay:Bandana"},{"floor":54,"key":"Pen Nib"},{"floor":54,"key":"Golden Egg"}],"event_choices":[{"damage_healed":0.0,"max_hp_gain":0.0,"max_hp_loss":0.0,"gold_gain":0.0,"event_name":"Living Wall","player_choice":"Grow","floor":2.0,"gold_loss":0.0,"damage_taken":0.0,"cards_upgraded":["HollowMod:PogoStrike"]},{"damage_healed":0.0,"max_hp_gain":0.0,"max_hp_loss":0.0,"gold_gain":0.0,"event_name":"Big Fish","player_choice":"Box","floor":3.0,"gold_loss":0.0,"damage_taken":0.0,"relics_obtained":["Singing Bowl"],"cards_obtained":["Regret"]},{"damage_healed":0.0,"max_hp_gain":5.0,"max_hp_loss":0.0,"gold_gain":0.0,"event_name":"Forgotten Altar","player_choice":"Shed Blood","floor":21.0,"gold_loss":0.0,"damage_taken":20.0},{"damage_healed":0.0,"max_hp_gain":0.0,"max_hp_loss":0.0,"gold_gain":0.0,"event_name":"Drug Dealer","player_choice":"Inject Mutagens","floor":22.0,"gold_loss":0.0,"damage_taken":0.0,"relics_obtained":["MutagenicStrength"]},{"damage_healed":0.0,"max_hp_gain":0.0,"max_hp_loss":0.0,"gold_gain":0.0,"event_name":"Masked Bandits","player_choice":"Fought Bandits","floor":28.0,"gold_loss":0.0,"damage_taken":0.0},{"damage_healed":0,"gold_gain":0,"player_choice":"Fight","damage_taken":0,"max_hp_gain":0,"max_hp_loss":0,"event_name":"Mysterious Sphere","floor":37,"gold_loss":0},{"damage_healed":0,"gold_gain":0,"player_choice":"Paid Gold","damage_taken":0,"relics_obtained":["HollowMod:PaleOreRelic"],"max_hp_gain":0,"max_hp_loss":0,"event_name":"WeMeetAgain","floor":38,"gold_loss":98}],"is_beta":true,"boss_relics":[{"not_picked":["Fusion Hammer","Cursed Key"],"picked":"Black Star"},{"not_picked":["ChewingGum","Replay:Bronze Core"],"picked":"Replay:Ancient Bell"},{"not_picked":["Regal Pillow","Tiny Chest"],"picked":"HollowMod:MillibellesNoteRelic"},{"not_picked":["Mirror","Molten Egg 2"],"picked":"ReplayTheSpireMod:Ninjato"},{"not_picked":["StoneCalendar","Thread and Needle"],"picked":"Girya"}],"items_purged_floors":[4,20,53],"is_endless":false,"potions_floor_spawned":[1,5,7,8,12,14,16,18,19,23,25,28,29,31,33,35,37,39,41,44,45,48,54],"killed_by":"The Heart","ascension_level":13}}