{"host":"xp5rvh2jwe2ejyfm","time":1611234807,"event":{"mods":["BaseMod","Downfall","Hermit","Minty Spire (QoL Compilation)","Robot Space Explorer","StSLib","The Clintock","The Construct","The Cursed","The Disciple","The Forsaken","The Hierophant","The Runesmith"],"gold_per_floor":[99,99,119,119,136,236,236,247,262,162,188,200,200,232,244,244,244,244],"floor_reached":16,"language":"ENG","playtime":576,"items_purged":[],"score":112,"play_id":"d71de05c-68ba-43fe-97e1-6860647c037a","local_time":"20210121081327","is_ascension_mode":false,"campfire_choices":[{"floor":1,"key":"RECALL"},{"floor":10,"key":"REST"},{"floor":13,"key":"REST"}],"circlet_count":0,"master_deck":["bronze:Strike","bronze:Strike","bronze:Strike","bronze:Strike","bronze:Defend","bronze:Defend","bronze:Defend","bronze:Defend","bronze:Replicate+1","bronze:Goto","bronze:Overheat","bronze:DigitalCarnage","bronze:Constructor+1","bronze:ForLoop+1","bronze:Frontload+1","bronze:BitShift+1","bronze:Iterate+1","bronze:Iterate+1"],"relics":["bronze:BronzeCore","downfall:ShatteredFragment","Eternal Feather","Toxic Egg 2","downfall:HeartBlessingRed","Molten Egg 2","Anchor"],"acts_visited":["Exordium"],"potions_floor_usage":[14,16,16],"damage_taken":[{"damage":5,"enemies":"Small Slimes","floor":3,"turns":3},{"damage":14,"enemies":"Jaw Worm","floor":5,"turns":2},{"damage":11,"enemies":"2 Louse","floor":8,"turns":2},{"damage":9,"enemies":"Lots of Slimes","floor":9,"turns":4},{"damage":15,"enemies":"3 Sentries","floor":11,"turns":6},{"damage":0,"enemies":"2 Fungi Beasts","floor":12,"turns":2},{"damage":13,"enemies":"Lagavulin","floor":14,"turns":4},{"damage":2,"enemies":"Blue Slaver","floor":15,"turns":3},{"damage":40,"enemies":"SI_SHIV_ARCHETYPE","floor":16,"turns":5}],"seed_played":"792255870396442191","potions_obtained":[{"floor":8,"key":"Weak Potion"},{"floor":12,"key":"champ:CounterPotion"},{"floor":14,"key":"BlessingOfTheForge"},{"floor":15,"key":"DuplicationPotion"}],"is_trial":false,"path_per_floor":["R","?","M","?","M","?","T","M","M","R","E","M","R","E","M","B"],"character_chosen":"THE_AUTOMATON","items_purchased":[],"campfire_rested":2,"item_purchase_floors":[],"current_hp_per_floor":[70,49,44,44,30,30,30,19,10,37,22,22,52,39,37,0,0,0],"gold":244,"neow_bonus":"UPGRADE_CARD","is_daily":false,"chose_seed":false,"campfire_upgraded":0,"win_rate":0.0,"timestamp":1611234807,"path_taken":["R","?","M","?","M","?","T","?","M","R","E","M","R","E","M","BOSS"],"items_purchased_type":[],"build_version":"2020-12-22","purchased_purges":0,"victory":false,"max_hp_per_floor":[70,70,70,70,70,70,70,70,70,70,70,70,70,70,70,70,70,70],"card_choices":[{"not_picked":["bronze:Invalidate","bronze:Shield"],"picked":"bronze:Overheat","floor":3},{"not_picked":["bronze:Branch","bronze:OilSpill"],"picked":"bronze:DigitalCarnage","floor":5},{"not_picked":["bronze:Shield+1","bronze:Iterate"],"picked":"bronze:Constructor+1","floor":8},{"not_picked":["bronze:DelayedGuard+1","bronze:Boost+1"],"picked":"bronze:ForLoop+1","floor":9},{"not_picked":["bronze:Overheat+1","bronze:ForceShield+1"],"picked":"bronze:Frontload+1","floor":11},{"not_picked":["bronze:HardenedForm","bronze:Terminator+1"],"picked":"bronze:BitShift+1","floor":12},{"not_picked":["bronze:Branch+1","bronze:Frontload+1"],"picked":"bronze:Iterate+1","floor":14},{"not_picked":["bronze:DelayedSlice+1","bronze:Terminator+1"],"picked":"bronze:Iterate+1","floor":15}],"player_experience":283283,"relics_obtained":[{"floor":7,"key":"Toxic Egg 2"},{"floor":11,"key":"Molten Egg 2"},{"floor":14,"key":"Anchor"}],"event_choices":[{"damage_healed":0,"gold_gain":100,"player_choice":"Gold","damage_taken":0,"max_hp_gain":0,"max_hp_loss":0,"event_name":"Wheel of Change","floor":6,"gold_loss":0}],"is_beta":false,"boss_relics":[],"items_purged_floors":[],"is_endless":false,"potions_floor_spawned":[8,12,14,15],"killed_by":"SI_SHIV_ARCHETYPE","ascension_level":0}}