{"host":"y1oqg7uy0jc6f5mb","time":1611247979,"event":{"mods":["BaseMod","Better Altar","Better Match","Better Note","Better Sensory Stone","Better Skull","Better Third Choice","BetterRewards","Block Reminder","Colored Map","Colored Powertips","Custom Start","DeckTracker","Highlight Path","Minty Spire (QoL Compilation)","Permanent Neow","Quick Restart","Relic Sorter","Relic Stats","Shop Mod","StSLib"],"gold_per_floor":[119,133,153,33,49,49,49,75,151,167,13,33,33,33,33,138,138,148,162,181,200,220,220,247,247,247,172,206,206,224,238,238,339,339,352,352,369,35,35,35,70,88,88,88,122,134,147,162,162,162],"floor_reached":51,"language":"ENG","playtime":5473,"items_purged":["Defend_G","Defend_G"],"score":1036,"play_id":"03ffb944-cfc9-4c1b-99c4-4174a0c3c059","local_time":"20210122005259","is_ascension_mode":true,"campfire_choices":[{"data":"Neutralize","floor":7.0,"key":"SMITH"},{"floor":13.0,"key":"REST"},{"floor":15.0,"key":"REST"},{"floor":23.0,"key":"REST"},{"floor":29.0,"key":"REST"},{"floor":32.0,"key":"REST"},{"data":"1","floor":40.0,"key":"LIFT"},{"data":"2","floor":44.0,"key":"LIFT"},{"data":"3","floor":49,"key":"LIFT"}],"circlet_count":0,"master_deck":["Defend_G","Defend_G","Defend_G","Survivor","Neutralize+1","Bane","Caltrops","Crippling Poison","Prepared","Acrobatics","Dagger Spray","Dagger Spray","After Image","Leg Sweep","Dodge and Roll","PiercingWail","Endless Agony","A Thousand Cuts+1","Blur+1","Outmaneuver","Footwork+1","Choke","Dash","Blade Dance","Blur","Cloak And Dagger+1","Infinite Blades+1","A Thousand Cuts+1","PiercingWail","Blur+1","Accuracy+1","Writhe","Burst","Cloak And Dagger+1","Shame","Tactician+1","Footwork+1"],"relics":["Ring of the Snake","Girya","Frozen Egg 2","Cursed Key","Happy Flower","InkBottle","Kunai","Fusion Hammer","Eternal Feather","Ginger","Omamori","Orichalcum"],"acts_visited":["Exordium","TheCity","TheBeyond"],"potions_floor_usage":[48,50,50],"damage_taken":[{"damage":4.0,"enemies":"Cultist","floor":1.0,"turns":5.0},{"damage":7.0,"enemies":"2 Louse","floor":2.0,"turns":4.0},{"damage":0.0,"enemies":"Small Slimes","floor":3.0,"turns":3.0},{"damage":10.0,"enemies":"Gremlin Gang","floor":5.0,"turns":6.0},{"damage":26.0,"enemies":"3 Sentries","floor":8.0,"turns":8.0},{"damage":5.0,"enemies":"2 Fungi Beasts","floor":10.0,"turns":4.0},{"damage":7.0,"enemies":"Looter","floor":12.0,"turns":5.0},{"damage":28.0,"enemies":"The Guardian","floor":16.0,"turns":21.0},{"damage":5.0,"enemies":"3 Byrds","floor":18.0,"turns":3.0},{"damage":0.0,"enemies":"Chosen","floor":19.0,"turns":7.0},{"damage":7.0,"enemies":"Snake Plant","floor":20.0,"turns":5.0},{"damage":3.0,"enemies":"Centurion and Healer","floor":21.0,"turns":8.0},{"damage":23.0,"enemies":"Snecko","floor":22.0,"turns":10.0},{"damage":10.0,"enemies":"Book of Stabbing","floor":24.0,"turns":7.0},{"damage":12.0,"enemies":"Slavers","floor":28.0,"turns":5.0},{"damage":7.0,"enemies":"Shelled Parasite and Fungi","floor":30.0,"turns":4.0},{"damage":6.0,"enemies":"Centurion and Healer","floor":31.0,"turns":9.0},{"damage":0.0,"enemies":"Champ","floor":33.0,"turns":14.0},{"damage":6.0,"enemies":"3 Shapes","floor":35.0,"turns":5.0},{"damage":15.0,"enemies":"Orb Walker","floor":37.0,"turns":5.0},{"damage":6.0,"enemies":"Reptomancer","floor":41.0,"turns":8.0},{"damage":14.0,"enemies":"Jaw Worm Horde","floor":42.0,"turns":4.0},{"damage":0.0,"enemies":"Giant Head","floor":45.0,"turns":8.0},{"damage":11.0,"enemies":"Writhing Mass","floor":46.0,"turns":6.0},{"damage":4,"enemies":"Sphere and 2 Shapes","floor":47,"turns":4},{"damage":6,"enemies":"Spire Growth","floor":48,"turns":4},{"damage":15,"enemies":"Time Eater","floor":50,"turns":12}],"seed_played":"1864436840371121579","potions_obtained":[{"floor":1.0,"key":"Weak Potion"},{"floor":2.0,"key":"DistilledChaos"},{"floor":10.0,"key":"Block Potion"},{"floor":20.0,"key":"AttackPotion"},{"floor":22.0,"key":"LiquidMemories"},{"floor":24.0,"key":"ColorlessPotion"},{"floor":28.0,"key":"Explosive Potion"},{"floor":31.0,"key":"EssenceOfSteel"},{"floor":33.0,"key":"SteroidPotion"},{"floor":45.0,"key":"SpeedPotion"},{"floor":46.0,"key":"FearPotion"}],"is_trial":false,"path_per_floor":["M","M","M","$","M","?","R","E","T","M","$","M","R","?","R","B",null,"M","M","M","M","M","R","E","?","T","?","E","R","M","M","R","B",null,"M","?","M","$","?","R","E","M","T","R","E","M","M","M","R","B",null],"character_chosen":"THE_SILENT","items_purchased":["Acrobatics","Dodge and Roll","Eternal Feather","Accuracy+1"],"campfire_rested":5,"item_purchase_floors":[4,11,38,38],"current_hp_per_floor":[59,52,52,52,42,42,42,16,16,11,11,4,25,25,46,18,57,52,52,45,42,19,40,30,30,30,30,18,39,32,26,47,47,64,58,58,43,43,61,70,64,50,50,70,70,59,55,49,70,55],"gold":162,"neow_bonus":"TRANSFORM_CARD","is_daily":false,"chose_seed":false,"campfire_upgraded":1,"win_rate":0.0,"timestamp":1611247979,"path_taken":["M","?","M","?","M","?","R","E","T","?","$","M","R","?","R","BOSS","M","M","?","M","M","R","E","?","T","?","E","R","M","M","R","BOSS","M","?","M","$","?","R","E","M","T","R","E","M","M","M","R","BOSS"],"items_purchased_type":["Card","Card","Relic","Card"],"build_version":"2020-12-22","purchased_purges":2,"victory":true,"max_hp_per_floor":[70,70,70,70,70,70,70,70,70,70,70,70,70,70,70,70,70,70,70,70,70,70,70,70,70,70,70,70,70,70,70,70,70,70,70,70,70,70,70,70,70,70,70,70,70,70,70,70,70,70],"relic_stats":{"Happy Flower":[29],"counters":[27,184],"Eternal Feather":50,"Kunai":[43],"Ginger":[8],"Orichalcum":[6],"Cursed Key":2,"obtain_stats":[{"Girya":8,"Happy Flower":24,"Eternal Feather":38,"Fusion Hammer":34,"Omamori":43,"Kunai":28,"Ginger":41,"Frozen Egg 2":9,"Orichalcum":45,"Cursed Key":17,"InkBottle":26,"Ring of the Snake":0},{"Girya":5,"Happy Flower":14,"Eternal Feather":20,"Fusion Hammer":18,"Omamori":22,"Kunai":15,"Ginger":21,"Frozen Egg 2":5,"Orichalcum":23,"Cursed Key":8,"InkBottle":14,"Ring of the Snake":0},{"Girya":26,"Happy Flower":96,"Eternal Feather":138,"Fusion Hammer":128,"Omamori":150,"Kunai":101,"Ginger":146,"Frozen Egg 2":26,"Orichalcum":158,"Cursed Key":56,"InkBottle":96,"Ring of the Snake":0}],"InkBottle":[52],"Ring of the Snake":[58]},"card_choices":[{"not_picked":["Well Laid Plans","Dash"],"picked":"Caltrops","floor":1.0},{"not_picked":["Dagger Spray","Predator"],"picked":"Crippling Poison","floor":2.0},{"not_picked":["Distraction","Quick Slash"],"picked":"Prepared","floor":3.0},{"not_picked":["Sucker Punch","Riddle With Holes"],"picked":"Dagger Spray","floor":5.0},{"not_picked":["Dodge and Roll","Eviscerate"],"picked":"After Image","floor":8.0},{"not_picked":["Cloak And Dagger","Dodge and Roll"],"picked":"Leg Sweep","floor":10.0},{"not_picked":["Calculated Gamble","Slice"],"picked":"PiercingWail","floor":12.0},{"not_picked":["Doppelganger","Glass Knife"],"picked":"A Thousand Cuts+1","floor":16.0},{"not_picked":["Well Laid Plans+1","Sucker Punch"],"picked":"Blur+1","floor":18.0},{"not_picked":["Prepared+1","Flying Knee"],"picked":"Outmaneuver","floor":19.0},{"not_picked":["Bouncing Flask","Prepared"],"picked":"Footwork+1","floor":20.0},{"not_picked":["Calculated Gamble","Dagger Throw"],"picked":"Heel Hook","floor":21.0},{"not_picked":["Dagger Spray","Slice"],"picked":"Choke","floor":22.0},{"not_picked":["Poisoned Stab","Escape Plan","Bane+1"],"picked":"SKIP","floor":24.0},{"not_picked":["Flechettes","Expertise"],"picked":"Blur","floor":28.0},{"not_picked":["Heel Hook","Well Laid Plans+1"],"picked":"Cloak And Dagger+1","floor":30.0},{"not_picked":["Crippling Poison+1","Poisoned Stab"],"picked":"Infinite Blades+1","floor":31.0},{"not_picked":["Glass Knife","After Image+1"],"picked":"A Thousand Cuts+1","floor":33.0},{"not_picked":["Endless Agony","Backflip"],"picked":"PiercingWail","floor":35.0},{"not_picked":["Finisher+1","Masterful Stab+1"],"picked":"Blur+1","floor":37.0},{"not_picked":["Dagger Spray","Flying Knee"],"picked":"Burst","floor":41.0},{"not_picked":["Infinite Blades+1","Concentrate"],"picked":"Cloak And Dagger+1","floor":42.0},{"not_picked":["Blur","Prepared","Dagger Spray+1"],"picked":"SKIP","floor":45.0},{"not_picked":["Backstab+1","Flechettes+1"],"picked":"Tactician+1","floor":46.0},{"not_picked":["Escape Plan+1","Well Laid Plans+1","Flying Knee"],"picked":"SKIP","floor":47},{"not_picked":["Outmaneuver","Acrobatics"],"picked":"Footwork+1","floor":48}],"player_experience":113793,"relics_obtained":[{"floor":8.0,"key":"Girya"},{"floor":9.0,"key":"Frozen Egg 2"},{"floor":24.0,"key":"Happy Flower"},{"floor":26.0,"key":"InkBottle"},{"floor":28.0,"key":"Kunai"},{"floor":41.0,"key":"Ginger"},{"floor":43.0,"key":"Omamori"},{"floor":45.0,"key":"Orichalcum"}],"event_choices":[{"damage_healed":0.0,"max_hp_gain":0.0,"max_hp_loss":0.0,"gold_gain":0.0,"cards_transformed":["Strike_G"],"event_name":"Transmorgrifier","player_choice":"Transformed","floor":6.0,"gold_loss":0.0,"damage_taken":0.0,"cards_obtained":["Dagger Spray"]},{"damage_healed":0.0,"max_hp_gain":0.0,"max_hp_loss":0.0,"gold_gain":0.0,"cards_transformed":["Strike_G"],"event_name":"Transmorgrifier","player_choice":"Transformed","floor":14.0,"gold_loss":0.0,"damage_taken":0.0,"cards_obtained":["Endless Agony"]},{"damage_healed":0.0,"max_hp_gain":0.0,"max_hp_loss":0.0,"gold_gain":0.0,"cards_transformed":["Strike_G","Strike_G"],"event_name":"Drug Dealer","player_choice":"Became Test Subject","floor":25.0,"gold_loss":0.0,"damage_taken":0.0,"cards_obtained":["Dash","Blade Dance"]},{"cards_removed":["Normality"],"damage_healed":0.0,"max_hp_gain":0.0,"max_hp_loss":0.0,"gold_gain":0.0,"event_name":"Beggar","player_choice":"Gave Gold","floor":27.0,"gold_loss":75.0,"damage_taken":0.0},{"cards_removed":["Heel Hook"],"damage_healed":0.0,"max_hp_gain":0.0,"max_hp_loss":0.0,"gold_gain":0.0,"event_name":"Falling","player_choice":"Removed Attack","floor":36.0,"gold_loss":0.0,"damage_taken":0.0},{"damage_healed":18.0,"max_hp_gain":0.0,"max_hp_loss":0.0,"gold_gain":0.0,"event_name":"Winding Halls","player_choice":"Writhe","floor":39.0,"gold_loss":0.0,"damage_taken":0.0,"cards_obtained":["Writhe"]}],"is_beta":false,"boss_relics":[{"not_picked":["WristBlade","Ectoplasm"],"picked":"Cursed Key"},{"not_picked":["Pandora\u0027s Box","Coffee Dripper"],"picked":"Fusion Hammer"}],"items_purged_floors":[4,11],"is_endless":false,"potions_floor_spawned":[1,2,10,20,22,24,28,31,33,45,46,47],"ascension_level":6}}