{"host":"3xls0xm49ftugio7","time":1611232707,"event":{"mods":["2.2 Compatiblity","AchievementEnabler","Act Like it!","BaseMod","Bestiary","Downfall","Minty Spire (QoL Compilation)","Quick Restart","StSLib"],"gold_per_floor":[0,12,23,23,37,37,112,112,125,125,141,158,158,187,200,297,297,297,309,326,344,29,40,40,40,240,240,250,250,250,260,275,370,370,370,387,387,58,69,88,88,185,210,10,10,10,110,110,130,130],"floor_reached":51,"language":"ENG","playtime":4531,"items_purged":["downfall:Bewildered"],"score":1006,"play_id":"e6d984e0-6c42-43b9-be7a-83a39e1bde8d","local_time":"20210121143827","is_ascension_mode":false,"campfire_choices":[{"data":"The Bomb","floor":1.0,"key":"SMITH"},{"data":"bronze:GetLatest","floor":8.0,"key":"SMITH"},{"floor":13.0,"key":"REST"},{"data":"bronze:SpaghettiCode","floor":18.0,"key":"SMITH"},{"data":"bronze:Repair","floor":25.0,"key":"SMITH"},{"data":"bronze:DelayedSlice","floor":30.0,"key":"SMITH"},{"floor":35.0,"key":"RECALL"},{"data":"bronze:Terminator","floor":44,"key":"SMITH"},{"data":"bronze:Constructor","floor":46,"key":"SMITH"}],"circlet_count":0,"master_deck":["bronze:Strike","bronze:Strike+1","bronze:Strike","bronze:Strike+1","bronze:Defend","bronze:Defend+1","bronze:Defend","bronze:Defend+1","bronze:Replicate","bronze:Goto+1","The Bomb+1","bronze:DelayedSlice","bronze:GetLatest+1","downfall:Malfunctioning","bronze:Separator","bronze:Optimize","bronze:DelayedSlice+1","bronze:SpaghettiCode+1","bronze:Verify","bronze:DigitalCarnage","bronze:Repair+1","downfall:Haunted","bronze:Constructor+1","bronze:Terminator+1","bronze:HardenedForm","bronze:Boost","bronze:BronzeOrb","downfall:Bewildered","CurseOfTheBell","downfall:Icky","bronze:Break+1","Shame","Doubt"],"relics":["bronze:PlatinumCore","Darkstone Periapt","FossilizedHelix","Busted Crown","Guardian:BottledAnomaly","Bottled Flame","sneckomod:BabySnecko","bronze:BottledCode","Bag of Preparation","Pantograph","CaptainsWheel","downfall:HeartBlessingRed","downfall:HeartBlessingGreen","Red Mask","downfall:RedIOUUpgrade","Calling Bell","Lantern","Molten Egg 2","Lizard Tail"],"acts_visited":["Exordium","TheCity","TheBeyond"],"potions_floor_usage":[50,50,50,50,50,50],"damage_taken":[{"damage":6.0,"enemies":"Jaw Worm","floor":2.0,"turns":3.0},{"damage":3.0,"enemies":"Small Slimes","floor":3.0,"turns":4.0},{"damage":7.0,"enemies":"2 Louse","floor":5.0,"turns":2.0},{"damage":8.0,"enemies":"Gremlin Gang","floor":9.0,"turns":4.0},{"damage":0.0,"enemies":"2 Fungi Beasts","floor":11.0,"turns":1.0},{"damage":7.0,"enemies":"3 Louse","floor":12.0,"turns":2.0},{"damage":5.0,"enemies":"3 Sentries","floor":14.0,"turns":3.0},{"damage":0.0,"enemies":"Large Slime","floor":15.0,"turns":2.0},{"damage":27.0,"enemies":"IC_STATUS_ARCHETYPE","floor":16.0,"turns":8.0},{"damage":0.0,"enemies":"3 Byrds","floor":19.0,"turns":4.0},{"damage":0.0,"enemies":"Spheric Guardian","floor":20.0,"turns":4.0},{"damage":0.0,"enemies":"3 Cultists","floor":21.0,"turns":2.0},{"damage":4.0,"enemies":"downfall:FleeingMerchant","floor":22.0,"turns":4.0},{"damage":0.0,"enemies":"Centurion and Healer","floor":23.0,"turns":4.0},{"damage":0.0,"enemies":"Snake Plant","floor":28.0,"turns":1.0},{"damage":30.0,"enemies":"Shelled Parasite and Fungi","floor":31.0,"turns":3.0},{"damage":0.0,"enemies":"Centurion and Healer","floor":32.0,"turns":4.0},{"damage":67.0,"enemies":"SI_MIRROR_ARCHETYPE","floor":33.0,"turns":11.0},{"damage":5.0,"enemies":"Orb Walker","floor":36.0,"turns":3.0},{"damage":6.0,"enemies":"downfall:FleeingMerchant","floor":38.0,"turns":4.0},{"damage":24,"enemies":"3 Darklings","floor":39,"turns":5},{"damage":8,"enemies":"Jaw Worm Horde","floor":40,"turns":6},{"damage":0,"enemies":"downfall:FleeingMerchant","floor":42,"turns":4},{"damage":2,"enemies":"Giant Head","floor":43,"turns":7},{"damage":0,"enemies":"Spire Growth","floor":49,"turns":3},{"damage":120,"enemies":"DF_ARCHETYPE_ORBS","floor":50,"turns":11}],"seed_played":"2619695362443333969","potions_obtained":[{"floor":3.0,"key":"champ:CounterPotion"},{"floor":5.0,"key":"Ancient Potion"},{"floor":9.0,"key":"SkillPotion"},{"floor":16.0,"key":"Block Potion"},{"floor":20.0,"key":"SteroidPotion"},{"floor":31.0,"key":"Regen Potion"},{"floor":39,"key":"EntropicBrew"}],"is_trial":false,"path_per_floor":["R","M","M","?","M","?","T","R","M","?","M","M","R","E","M","B",null,"R","M","M","M","$","M","T","R","?","?","M","?","R","M","M","B",null,"R","M","?","$","M","M","T","$","E","R","?","R","?","?","M","B",null],"character_chosen":"THE_AUTOMATON","items_purchased":["Guardian:BottledAnomaly","War Paint","bronze:Terminator","Bag of Preparation","bronze:HardenedForm","bronze:Boost","bronze:BronzeOrb"],"campfire_rested":1,"item_purchase_floors":[22,22,38,38,38,42,42],"current_hp_per_floor":[70,64,61,61,54,54,54,54,46,46,46,39,60,55,55,28,70,70,70,70,70,66,66,66,66,72,78,78,78,78,48,58,1,82,82,77,72,66,48,50,50,60,68,68,68,68,103,103,103,2],"gold":130,"neow_bonus":"RANDOM_COLORLESS_2","is_daily":false,"chose_seed":false,"campfire_upgraded":7,"win_rate":0.0,"timestamp":1611232707,"path_taken":["R","M","M","?","M","?","T","R","M","?","M","M","R","E","M","BOSS","R","M","M","M","$","?","T","R","?","?","M","?","R","M","M","BOSS","R","M","?","$","M","M","T","$","E","R","?","R","?","?","M","BOSS"],"items_purchased_type":["Relic","Relic","Card","Relic","Card","Card","Card"],"build_version":"2020-12-22","purchased_purges":1,"victory":true,"max_hp_per_floor":[70,70,70,70,70,70,70,70,70,70,70,70,70,70,70,70,70,70,70,70,70,70,70,70,70,76,82,82,82,82,82,82,82,82,82,82,72,72,72,72,72,72,72,72,72,72,107,107,107,107],"card_choices":[{"not_picked":["Panache","Thinking Ahead"],"picked":"The Bomb","floor":0.0},{"not_picked":["bronze:Iterate","bronze:ItsAFeature"],"picked":"bronze:DelayedSlice","floor":2.0},{"not_picked":["bronze:Turbo","bronze:OilSpill"],"picked":"bronze:Fortify","floor":3.0},{"not_picked":["bronze:BronzeArmor","bronze:Allocate"],"picked":"bronze:GetLatest","floor":5.0},{"not_picked":["bronze:Return","bronze:CutThrough"],"picked":"bronze:Separator","floor":9.0},{"not_picked":["bronze:Overheat","bronze:Branch","bronze:WildBeam"],"picked":"SKIP","floor":11.0},{"not_picked":["bronze:OilSpill","bronze:CutThrough"],"picked":"bronze:Optimize","floor":12.0},{"not_picked":["bronze:CutThrough","bronze:Iterate"],"picked":"bronze:DelayedSlice","floor":14.0},{"not_picked":["bronze:CutThrough","bronze:DelayedGuard"],"picked":"bronze:SpaghettiCode","floor":15.0},{"not_picked":["bronze:HardenedForm","bronze:Format"],"picked":"bronze:Verify","floor":16.0},{"not_picked":["bronze:WildBeam"],"picked":"SKIP","floor":19.0},{"not_picked":[],"picked":"bronze:DigitalCarnage","floor":20.0},{"not_picked":["bronze:DelayedGuard+1"],"picked":"SKIP","floor":21.0},{"not_picked":[],"picked":"bronze:Repair","floor":22.0},{"not_picked":["bronze:DarkDash"],"picked":"SKIP","floor":23.0},{"not_picked":["bronze:FineTuning+1"],"picked":"SKIP","floor":28.0},{"not_picked":["bronze:Branch"],"picked":"SKIP","floor":31.0},{"not_picked":[],"picked":"bronze:Constructor","floor":32.0},{"not_picked":[],"picked":"bronze:Mutator","floor":33.0},{"not_picked":["bronze:Overheat+1"],"picked":"SKIP","floor":36.0},{"not_picked":["bronze:WildBeam"],"picked":"SKIP","floor":38.0},{"not_picked":["bronze:Allocate"],"picked":"SKIP","floor":39},{"not_picked":["bronze:ForLoop"],"picked":"SKIP","floor":40},{"not_picked":["bronze:WildBeam+1"],"picked":"SKIP","floor":42},{"not_picked":["bronze:DigitalCarnage+1"],"picked":"SKIP","floor":43},{"not_picked":["bronze:DelayedSlice+1"],"picked":"SKIP","floor":49}],"player_experience":949014,"relics_obtained":[{"floor":7.0,"key":"Darkstone Periapt"},{"floor":14.0,"key":"FossilizedHelix"},{"floor":24.0,"key":"Bottled Flame"},{"floor":41,"key":"Pantograph"},{"floor":43,"key":"CaptainsWheel"},{"floor":47,"key":"Lantern"},{"floor":47,"key":"Molten Egg 2"},{"floor":47,"key":"Lizard Tail"}],"event_choices":[{"cards_removed":["bronze:Mutator"],"damage_healed":0,"gold_gain":0,"player_choice":"Removed Power","damage_taken":0,"max_hp_gain":0,"max_hp_loss":0,"event_name":"Falling","floor":48,"gold_loss":0}],"is_beta":false,"boss_relics":[{"not_picked":["Tiny House","Coffee Dripper"],"picked":"Busted Crown"},{"not_picked":["Runic Pyramid","Sozu"],"picked":"bronze:PlatinumCore"}],"items_purged_floors":[42],"is_endless":false,"potions_floor_spawned":[3,5,9,14,16,20,31,32,33,36,39,43],"ascension_level":0}}