{"host":"bf9sa99gaumonoeu","time":1611247728,"event":{"mods":["AchievementEnabler","Act Like it!","Aspiration","BaseMod","Bestiary","Better Note","Block Reminder","Colored Map","Colored Powertips","Fox Events","Friendly Minions","Gensokyo","GifTheSpireLib","Googly Eyes","Hallownest","Hermit","Highlight Path","Jorbs\u0027s Wanderer Trilogy","KinomotoSakuraMod(????)","Koishi","Marisa????????","Minty Spire (QoL Compilation)","Rare Cards Sparkle","Relic Stats","Spire Arcade","StSLib","The Administrix","The Animator","The Bug Knight","The Construct","The Cursed","The Hierophant","The Mystic","The Necromancer","The Poker Player","The Runesmith","The Senshi","The Servant 0.9.4","ojb\u0027s Info Mod"],"gold_per_floor":[119,133,151,70,84,116,116,148,148,159,159,178,202,202,202],"floor_reached":14,"language":"ENG","playtime":1008,"items_purged":[],"score":204,"play_id":"b6fed68f-b9dc-408e-8c9c-baaba766d8cc","local_time":"20210121144848","is_ascension_mode":true,"campfire_choices":[{"floor":7,"key":"REST"}],"circlet_count":0,"master_deck":["AscendersBane","Strike_G","Strike_G","Strike_G","Strike_G","Strike_G","Defend_G","Defend_G","Defend_G","Defend_G","Defend_G","Survivor","Neutralize","Deflect","Flying Knee","Choke","Quick Slash","Cloak And Dagger","Crippling Poison","Predator","Acrobatics","Underhanded Strike"],"relics":["Ring of the Snake","aspiration:SeaSaltIceCream","aspiration:DSix","Akabeko","StrikeDummy","Dream Catcher"],"acts_visited":["Exordium"],"potions_floor_usage":[6,6,8,12],"damage_taken":[{"damage":5,"enemies":"Cultist","floor":1,"turns":5},{"damage":4,"enemies":"Jaw Worm","floor":2,"turns":10},{"damage":6,"enemies":"Small Slimes","floor":3,"turns":5},{"damage":8,"enemies":"Exordium Wildlife","floor":5,"turns":6},{"damage":12,"enemies":"3 Sentries","floor":6,"turns":9},{"damage":35,"enemies":"Lagavulin","floor":8,"turns":6},{"damage":0,"enemies":"Red Slaver","floor":10,"turns":3},{"damage":0,"enemies":"Large Slime","floor":12,"turns":3},{"damage":19,"enemies":"3 Sentries","floor":14,"turns":4}],"seed_played":"3391062566843371680","potions_obtained":[{"floor":3,"key":"EssenceOfSteel"},{"floor":6,"key":"SteroidPotion"},{"floor":10,"key":"CunningPotion"}],"is_trial":false,"path_per_floor":["M","M","M","$","M","E","R","E","T","M","?","M","T","E"],"character_chosen":"THE_SILENT","items_purchased":["Quick Slash","PowerPotion"],"campfire_rested":1,"item_purchase_floors":[4,4],"current_hp_per_floor":[60,56,50,50,42,30,51,16,16,16,16,16,16,0,0],"gold":202,"neow_bonus":"TEN_PERCENT_HP_BONUS","is_daily":false,"chose_seed":false,"campfire_upgraded":0,"win_rate":0.0,"timestamp":1611247728,"path_taken":["M","M","M","$","M","E","R","E","T","M","?","M","?","E"],"items_purchased_type":["Card","Potion"],"build_version":"2020-12-22","purchased_purges":0,"victory":false,"max_hp_per_floor":[72,72,72,72,72,72,72,72,72,72,72,72,72,72,72],"relic_stats":{"Dream Catcher":0,"counters":[9,51],"obtain_stats":[{"Dream Catcher":13,"aspiration:SeaSaltIceCream":6,"aspiration:DSix":6,"StrikeDummy":9,"Akabeko":8,"Ring of the Snake":0},{"Dream Catcher":8,"aspiration:SeaSaltIceCream":5,"aspiration:DSix":5,"StrikeDummy":6,"Akabeko":6,"Ring of the Snake":0},{"Dream Catcher":47,"aspiration:SeaSaltIceCream":35,"aspiration:DSix":35,"StrikeDummy":41,"Akabeko":41,"Ring of the Snake":0}],"Ring of the Snake":[18]},"card_choices":[{"not_picked":["Underhanded Strike","Distraction"],"picked":"Deflect","floor":1},{"not_picked":["Outmaneuver","Deflect"],"picked":"Flying Knee","floor":2},{"not_picked":["Acrobatics","Bane"],"picked":"Choke","floor":3},{"not_picked":["Backflip","PiercingWail"],"picked":"Cloak And Dagger","floor":5},{"not_picked":["Dagger Spray","Leg Sweep"],"picked":"Crippling Poison","floor":6},{"not_picked":["Distraction","Cloak And Dagger"],"picked":"Predator","floor":8},{"not_picked":["Envenom","Quick Slash"],"picked":"Acrobatics","floor":10},{"not_picked":["Blade Dance","Cloak And Dagger"],"picked":"Underhanded Strike","floor":12}],"player_experience":1062375,"relics_obtained":[{"floor":6,"key":"aspiration:SeaSaltIceCream"},{"floor":8,"key":"Akabeko"},{"floor":9,"key":"StrikeDummy"},{"floor":13,"key":"Dream Catcher"}],"event_choices":[{"damage_healed":0,"gold_gain":0,"player_choice":"Ignored","damage_taken":0,"max_hp_gain":0,"max_hp_loss":0,"event_name":"Liars Game","floor":11,"gold_loss":0}],"is_beta":false,"boss_relics":[],"items_purged_floors":[],"is_endless":false,"potions_floor_spawned":[3,6,10],"killed_by":"3 Sentries","ascension_level":20}}