{"host":"tem91ad8xsows22z","time":1611228392,"event":{"mods":["100% Spire Juice","ATMod(∞¢Ë™Mod)","AchievementEnabler","Arknights The Spire","BaseMod","BetterRewards","Dota2Spire","Downfall","Good Game Mod","Hermit","Hunter ¡‘»À","KomeijiMod","Marisa£®ÏF”Í°°ƒß¿Ì…≥£©","Minty Spire (QoL Compilation)","READ ME - Guardian Mod","SIMod","Spicy Shops","StSLib","SuperFastMode","The Administrix","The Blackbeard","The Bladedancer","The Bug Knight","The Construct","The Cursed","The Hierophant","The Poker Player","The Runesmith","The Servant 0.9.4"],"gold_per_floor":[115,115,164,176,74,101,101,101,101,101,120,120,139,153,153,256,16,36,52,52,67,79,112,112,3,3,3,3],"floor_reached":27,"language":"ZHS","playtime":786,"items_purged":["sneckomod:Unknown3Cost"],"score":262,"play_id":"ae1936b0-e713-4cb1-a22e-3ab41b01a46a","local_time":"20210121192632","is_ascension_mode":false,"campfire_choices":[{"data":"AT_DrawKnifeCut","floor":7,"key":"SMITH"},{"data":"Moonworks:IndiscriminateFireSupport","floor":10,"key":"SMITH"},{"data":"Moonworks:DevilHand","floor":12,"key":"SMITH"},{"data":"Moonworks:NicePresent","floor":15,"key":"SMITH"},{"data":"Moonworks:NicePresent","floor":24,"key":"SMITH"}],"circlet_count":0,"master_deck":["Moonworks:Strike","Moonworks:Strike","Moonworks:Strike","Moonworks:Strike","Moonworks:Defend","Moonworks:Defend","Moonworks:Defend","Moonworks:Defend","Moonworks:Ambush","Moonworks:LongDistanceShot","Moonworks:DevilHand+1","AT_DrawKnifeCut+1","Moonworks:IndiscriminateFireSupport+1","Moonworks:ImOnFire","Moonworks:DevilHand","Moonworks:RedAndBlue","Moonworks:NicePresent+1","Moonworks:IndiscriminateFireSupport","Moonworks:NicePresent+1","Moonworks:AnotherUltimateWeapon","Moonworks:NicePresent","Moonworks:ForcedRevival","Moonworks:NicePresent+1","Moonworks:SealedMemories","Moonworks:SakisCookie"],"relics":["Moonworks:SBBomb","Moonworks:Homemark","AT_ATBox","REME:ComplimentaryCards","Dota2Spire:Vanguard","Sling","AT_RedTearstoneRing","AT_ArchangelStaff","Dota2Spire:PhaseBoots","HollowMod:StagPassRelic","Dota2Spire:CrimsonGuard","ShirouKen"],"acts_visited":["Exordium","TheCity"],"potions_floor_usage":[],"damage_taken":[{"damage":8,"enemies":"Small Slimes","floor":1,"turns":3},{"damage":11,"enemies":"Jaw Worm","floor":4,"turns":2},{"damage":0,"enemies":"Cultist","floor":5,"turns":2},{"damage":11,"enemies":"3 Sentries","floor":6,"turns":3},{"damage":0,"enemies":"Red Slaver","floor":11,"turns":1},{"damage":0,"enemies":"3 Louse","floor":13,"turns":1},{"damage":11,"enemies":"Exordium Wildlife","floor":14,"turns":2},{"damage":44,"enemies":"Slime Boss","floor":16,"turns":6},{"damage":0,"enemies":"3 Byrds","floor":18,"turns":2},{"damage":0,"enemies":"Snake Plant","floor":19,"turns":2},{"damage":15,"enemies":"Sentry and Sphere","floor":21,"turns":3},{"damage":18,"enemies":"Shelled Parasite and Fungi","floor":22,"turns":3},{"damage":29,"enemies":"Slavers","floor":23,"turns":2},{"damage":0,"enemies":"3 Cultists","floor":25,"turns":1},{"damage":12,"enemies":"Book of Stabbing","floor":27,"turns":1}],"seed_played":"-4905022745404278940","potions_obtained":[{"floor":5,"key":"Fire Potion"},{"floor":11,"key":"Dexterity Potion"},{"floor":13,"key":"PowerPotion"}],"is_trial":false,"path_per_floor":["M","?","T","M","M","E","R","?","T","R","M","R","M","M","R","B",null,"M","M","?","M","M","E","R","M","T","E"],"character_chosen":"THE_STARBREAKER","items_purchased":["Dota2Spire:Vanguard","Sling","AT_RedTearstoneRing","Moonworks:DevilHand"],"campfire_rested":0,"item_purchase_floors":[0,0,0,0],"current_hp_per_floor":[52,52,52,41,41,30,30,60,60,60,60,60,60,49,49,5,60,60,60,60,45,32,8,8,8,8,0,0],"gold":3,"neow_bonus":"","is_daily":false,"chose_seed":false,"campfire_upgraded":5,"win_rate":0.0,"timestamp":1611228392,"path_taken":["M","?","?","?","M","E","R","?","T","R","M","R","?","M","R","BOSS","M","M","?","?","M","E","R","M","T","E"],"items_purchased_type":["Relic","Relic","Relic","Card"],"build_version":"2020-12-22","purchased_purges":1,"victory":false,"max_hp_per_floor":[60,60,60,60,60,60,60,60,60,60,60,60,60,60,60,60,60,60,60,60,60,60,60,60,60,60,60,60],"card_choices":[{"not_picked":["Moonworks:MixPhenomenon","Moonworks:ImOnFire"],"picked":"Moonworks:IndiscriminateFireSupport","floor":1},{"not_picked":["Moonworks:BigMagnum","Moonworks:LulusLuckyEgg"],"picked":"Moonworks:ImOnFire","floor":4},{"not_picked":["Moonworks:LuckyCharm","Moonworks:BindingChains"],"picked":"Moonworks:DevilHand","floor":5},{"not_picked":["Moonworks:LeapThroughSpace","Moonworks:DeployBits"],"picked":"Moonworks:RedAndBlue","floor":6},{"not_picked":["Moonworks:BigBangBell","Moonworks:TacticalRetreat"],"picked":"Moonworks:NicePresent","floor":11},{"not_picked":["Moonworks:BigMagnum","Moonworks:SakisCookie"],"picked":"Moonworks:IndiscriminateFireSupport","floor":13},{"not_picked":["Moonworks:ImOnFire","Moonworks:MixPhenomenon"],"picked":"Moonworks:NicePresent","floor":14},{"not_picked":["Moonworks:PlushieMaster","Moonworks:SubspaceTunnel"],"picked":"Moonworks:AnotherUltimateWeapon","floor":16},{"not_picked":["Moonworks:DeployBits","Moonworks:ImOnFire+1"],"picked":"Moonworks:NicePresent","floor":18},{"not_picked":["Moonworks:FinalSurgery+1","Moonworks:ReproductionOfRecords"],"picked":"Moonworks:ForcedRevival","floor":19},{"not_picked":["Moonworks:FinalSurgery","Moonworks:MiracleRedBeanIceCream"],"picked":"Moonworks:NicePresent+1","floor":21},{"not_picked":["Moonworks:ExtendedPhotonRifle","Moonworks:ImOnFire+1"],"picked":"Moonworks:SealedMemories","floor":22},{"not_picked":["Moonworks:CloudOfSeagulls","Moonworks:Assault","Moonworks:ImOnFire"],"picked":"SKIP","floor":23},{"not_picked":["Moonworks:LulusLuckyEgg","Moonworks:CastOff"],"picked":"Moonworks:SakisCookie","floor":25}],"player_experience":9444,"relics_obtained":[{"floor":3,"key":"AT_ArchangelStaff"},{"floor":6,"key":"Dota2Spire:PhaseBoots"},{"floor":9,"key":"HollowMod:StagPassRelic"},{"floor":23,"key":"Dota2Spire:CrimsonGuard"},{"floor":26,"key":"ShirouKen"}],"event_choices":[{"damage_healed":0,"gold_gain":0,"player_choice":"Ignored","damage_taken":0,"max_hp_gain":0,"max_hp_loss":0,"event_name":"Liars Game","floor":2,"gold_loss":0},{"damage_healed":30,"gold_gain":0,"player_choice":"Full Heal","damage_taken":0,"max_hp_gain":0,"max_hp_loss":0,"event_name":"Wheel of Change","floor":8,"gold_loss":0},{"damage_healed":0,"gold_gain":0,"player_choice":"Ignored","damage_taken":0,"max_hp_gain":0,"max_hp_loss":0,"event_name":"NoteForYourself","floor":20,"gold_loss":0}],"is_beta":false,"boss_relics":[{"not_picked":["Fusion Hammer","Busted Crown"],"picked":"Moonworks:SBBomb"}],"items_purged_floors":[0],"is_endless":false,"potions_floor_spawned":[5,11,13,14,21],"killed_by":"Book of Stabbing","ascension_level":0}}