{"host":"bq4pt811tk9yrmjl","time":1611233046,"event":{"mods":["AchievementEnabler","BaseMod","Colored Map","Colored Powertips","Defuse TimeMaze Blight","Hermit","Minty Spire (QoL Compilation)","StSLib","SuperFastMode"],"gold_per_floor":[116,45,45,57,57,57,86,14,14,30,43,54,54,54,54,154,154,173,188,206,206,206],"floor_reached":21,"language":"ENG","playtime":397,"items_purged":[],"score":269,"play_id":"fcb3df1e-7daa-4679-9a6d-2fedaf338942","local_time":"20210121104406","is_ascension_mode":true,"campfire_choices":[{"data":"Defragment","floor":6.0,"key":"SMITH"},{"data":"Loop","floor":15.0,"key":"SMITH"}],"circlet_count":0,"master_deck":["Strike_B","Strike_B","Defend_B","Defend_B","Defend_B","Defend_B","Zap","Dualcast","Defragment+1","Cold Snap","Capacitor","Loop+1","Defragment+1","Amplify+1","Blizzard+1","Hyperbeam+1","BootSequence","Go for the Eyes","Barrage"],"relics":["Cracked Core","NeowsBlessing","Bottled Flame","FossilizedHelix","Astrolabe"],"acts_visited":["Exordium","TheCity"],"potions_floor_usage":[],"damage_taken":[{"damage":0.0,"enemies":"Small Slimes","floor":1.0,"turns":1.0},{"damage":0.0,"enemies":"Cultist","floor":4.0,"turns":1.0},{"damage":0.0,"enemies":"Gremlin Nob","floor":7.0,"turns":1.0},{"damage":0.0,"enemies":"Jaw Worm","floor":10.0,"turns":3.0},{"damage":0.0,"enemies":"Blue Slaver","floor":11.0,"turns":3.0},{"damage":6.0,"enemies":"Exordium Thugs","floor":12.0,"turns":3.0},{"damage":0.0,"enemies":"The Guardian","floor":16.0,"turns":10.0},{"damage":27.0,"enemies":"2 Thieves","floor":18.0,"turns":3.0},{"damage":6,"enemies":"Shell Parasite","floor":19,"turns":6},{"damage":0,"enemies":"Snecko","floor":20,"turns":15},{"damage":0,"enemies":"3 Cultists","floor":21,"turns":1}],"seed_played":"-7456380268182328364","potions_obtained":[{"floor":7.0,"key":"Swift Potion"},{"floor":11.0,"key":"AttackPotion"}],"is_trial":false,"path_per_floor":["M","$","?","M","?","R","E","$","T","M","M","M","?","$","R","B",null,"M","M","M","M"],"character_chosen":"DEFECT","items_purchased":["Defragment","Capacitor"],"campfire_rested":0,"item_purchase_floors":[2,8],"current_hp_per_floor":[75,75,75,75,80,80,80,80,80,80,80,74,74,74,74,74,80,53,47,47,47,47],"gold":206,"neow_bonus":"THREE_ENEMY_KILL","is_daily":false,"chose_seed":false,"campfire_upgraded":2,"win_rate":0.0,"timestamp":1611233046,"path_taken":["M","$","?","?","?","R","E","$","T","M","M","M","?","?","R","BOSS","M","M","?","M"],"items_purchased_type":["Card","Card"],"build_version":"2020-12-22","purchased_purges":0,"victory":false,"max_hp_per_floor":[75,75,75,75,80,80,80,80,80,80,80,80,80,80,80,80,80,80,80,80,80,80],"card_choices":[{"not_picked":["Stack","Coolheaded"],"picked":"Beam Cell","floor":1.0},{"not_picked":["Turbo","Stack"],"picked":"Ball Lightning","floor":4.0},{"not_picked":["Thunder Strike","Coolheaded"],"picked":"Cold Snap","floor":7.0},{"not_picked":["Go for the Eyes","Turbo","Barrage"],"picked":"SKIP","floor":10.0},{"not_picked":["Consume","Buffer"],"picked":"Loop","floor":11.0},{"not_picked":["Conserve Battery","Cold Snap"],"picked":"Defragment","floor":12.0},{"not_picked":["Gash","Doom and Gloom"],"picked":"BootSequence","floor":18},{"not_picked":["Streamline","Reprogram"],"picked":"Go for the Eyes","floor":19},{"not_picked":["Turbo+1","Go for the Eyes"],"picked":"Barrage","floor":20}],"player_experience":198564,"relics_obtained":[{"floor":7.0,"key":"Bottled Flame"},{"floor":9.0,"key":"FossilizedHelix"}],"event_choices":[{"cards_removed":["Beam Cell"],"damage_healed":5.0,"max_hp_gain":0.0,"max_hp_loss":0.0,"gold_gain":0.0,"event_name":"Bonfire Elementals","player_choice":"Offered Common","floor":3.0,"gold_loss":0.0,"damage_taken":0.0},{"cards_removed":["Beam Cell"],"damage_healed":5.0,"max_hp_gain":0.0,"max_hp_loss":0.0,"gold_gain":0.0,"event_name":"Bonfire Elementals","player_choice":"Offered Special","floor":3.0,"gold_loss":0.0,"damage_taken":0.0},{"damage_healed":0.0,"max_hp_gain":5.0,"max_hp_loss":0.0,"gold_gain":0.0,"event_name":"Big Fish","player_choice":"Donut","floor":5.0,"gold_loss":0.0,"damage_taken":0.0},{"damage_healed":0.0,"max_hp_gain":0.0,"max_hp_loss":0.0,"gold_gain":0.0,"event_name":"Upgrade Shrine","player_choice":"Upgraded","floor":13.0,"gold_loss":0.0,"damage_taken":0.0,"cards_upgraded":["Defragment"]}],"is_beta":false,"boss_relics":[{"not_picked":["Pandora\u0027s Box","Nuclear Battery"],"picked":"Astrolabe"}],"items_purged_floors":[],"is_endless":false,"potions_floor_spawned":[7,11],"killed_by":"3 Cultists","ascension_level":1}}