{"host":"r53pw7z744tg3fxg","time":1611187516,"event":{"mods":["AchievementEnabler","BaseMod","Colored Map","Colored Powertips","Highlight Path","Minty Spire (QoL Compilation)","Quick Restart","Transform Curses"],"gold_per_floor":[110,128,128,142,100,130,130,205,228,260,260,271,300,326,338,429,441,463,475,487,516,542,554,584,596,608,620,39,69,69,80,80,80,80],"floor_reached":33,"language":"ENG","playtime":1180,"items_purged":[],"score":666,"play_id":"2cf5d00a-11c4-4568-9747-d3646c5f36bc","local_time":"20210120170516","is_ascension_mode":true,"campfire_choices":[{"data":"Judgement","floor":7.0,"key":"SMITH"},{"data":"PathToVictory","floor":11.0,"key":"SMITH"},{"floor":15.0,"key":"REST"},{"floor":23.0,"key":"REST"},{"floor":25.0,"key":"REST"},{"data":"Devotion","floor":27.0,"key":"SMITH"},{"floor":32.0,"key":"REST"}],"circlet_count":0,"master_deck":["AscendersBane","Strike_P","Strike_P","Strike_P","Strike_P","Defend_P","Defend_P","Defend_P","Defend_P","Eruption+1","Vigilance","InnerPeace","DeceiveReality","PathToVictory+1","ReachHeaven","Judgement+1","EmptyBody","Wallop","Sanctity","Devotion+1","CurseOfTheBell","FollowUp","BowlingBash","WindmillStrike+1","CarveReality","Dramatic Entrance","Writhe","Consecrate"],"relics":["PureWater","Ancient Tea Set","Art of War","Blood Vial","MawBank","Calling Bell","Vajra","White Beast Statue","Incense Burner","TeardropLocket","HandDrill","Oddly Smooth Stone","Bag of Preparation","Bottled Lightning","Juzu Bracelet"],"acts_visited":["Exordium","TheCity"],"potions_floor_usage":[33],"damage_taken":[{"damage":2.0,"enemies":"Jaw Worm","floor":1.0,"turns":4.0},{"damage":0.0,"enemies":"2 Louse","floor":2.0,"turns":3.0},{"damage":0.0,"enemies":"Small Slimes","floor":4.0,"turns":4.0},{"damage":0.0,"enemies":"Lagavulin","floor":6.0,"turns":4.0},{"damage":5.0,"enemies":"3 Sentries","floor":10.0,"turns":5.0},{"damage":17.0,"enemies":"Gremlin Gang","floor":12.0,"turns":5.0},{"damage":2.0,"enemies":"Lagavulin","floor":13.0,"turns":7.0},{"damage":0.0,"enemies":"Blue Slaver","floor":14.0,"turns":1.0},{"damage":0.0,"enemies":"Slime Boss","floor":16.0,"turns":5.0},{"damage":0.0,"enemies":"Spheric Guardian","floor":18.0,"turns":1.0},{"damage":14.0,"enemies":"3 Byrds","floor":21.0,"turns":6.0},{"damage":24.0,"enemies":"Centurion and Healer","floor":22.0,"turns":4.0},{"damage":1.0,"enemies":"Shelled Parasite and Fungi","floor":24.0,"turns":2.0},{"damage":12.0,"enemies":"Slavers","floor":29.0,"turns":4.0},{"damage":12.0,"enemies":"Snake Plant","floor":31.0,"turns":3.0},{"damage":67,"enemies":"Collector","floor":33,"turns":7}],"seed_played":"2260972166690120597","potions_obtained":[{"floor":1.0,"key":"LiquidMemories"},{"floor":2.0,"key":"ColorlessPotion"},{"floor":6.0,"key":"Regen Potion"},{"floor":14.0,"key":"Energy Potion"},{"floor":16.0,"key":"StancePotion"},{"floor":18.0,"key":"BottledMiracle"},{"floor":21.0,"key":"Explosive Potion"},{"floor":22.0,"key":"Ancient Potion"},{"floor":24.0,"key":"EntropicBrew"},{"floor":29.0,"key":"CultistPotion"},{"floor":31.0,"key":"Explosive Potion"}],"is_trial":false,"path_per_floor":["M","M","?","M","$","E","R","?","T","E","R","M","E","M","R","B",null,"M","?","?","M","M","R","M","R","T","R","$","E","?","M","R","B"],"character_chosen":"WATCHER","items_purchased":["ReachHeaven","HandDrill","Oddly Smooth Stone","Bag of Preparation","Dramatic Entrance"],"campfire_rested":4,"item_purchase_floors":[5,28,28,28,28],"current_hp_per_floor":[59,59,59,59,59,59,59,48,48,57,57,42,42,44,64,66,68,68,68,49,37,15,36,37,58,58,58,58,48,48,38,59,0,0],"gold":80,"neow_bonus":"UPGRADE_CARD","is_daily":false,"chose_seed":false,"campfire_upgraded":3,"win_rate":0.0,"timestamp":1611187516,"path_taken":["M","M","?","M","$","E","R","?","T","E","R","M","E","M","R","BOSS","M","?","?","M","M","R","M","R","T","R","$","E","?","M","R","BOSS"],"items_purchased_type":["Card","Relic","Relic","Relic","Card"],"build_version":"2020-12-22","purchased_purges":0,"victory":false,"max_hp_per_floor":[68,68,68,68,68,68,68,68,68,68,68,68,68,68,68,68,68,68,68,73,73,73,73,73,73,73,73,73,73,73,73,73,73,73],"card_choices":[{"not_picked":["LikeWater","JustLucky"],"picked":"InnerPeace","floor":1.0},{"not_picked":["Prostrate","Adaptation"],"picked":"DeceiveReality","floor":2.0},{"not_picked":["Perseverance","Crescendo"],"picked":"PathToVictory","floor":4.0},{"not_picked":["ThirdEye","Evaluate"],"picked":"Judgement","floor":6.0},{"not_picked":["DeceiveReality","FollowUp"],"picked":"EmptyBody","floor":10.0},{"not_picked":["Wireheading","Crescendo","ClearTheMind"],"picked":"SKIP","floor":12.0},{"not_picked":["EmptyFist","FlyingSleeves"],"picked":"Wallop","floor":13.0},{"not_picked":["Wallop","EmptyBody"],"picked":"Sanctity","floor":14.0},{"not_picked":["Blasphemy","Judgement"],"picked":"Devotion","floor":16.0},{"not_picked":["Swivel","Protect"],"picked":"FollowUp","floor":18.0},{"not_picked":["WindmillStrike","CrushJoints"],"picked":"BowlingBash","floor":21.0},{"not_picked":["Vengeance+1","FearNoEvil"],"picked":"WindmillStrike+1","floor":22.0},{"not_picked":["Protect","SignatureMove"],"picked":"CarveReality","floor":24.0},{"not_picked":["BowlingBash","JustLucky","Alpha"],"picked":"SKIP","floor":29.0},{"not_picked":["EmptyBody","WreathOfFlame"],"picked":"Consecrate","floor":31.0}],"player_experience":1326352,"relics_obtained":[{"floor":6.0,"key":"Ancient Tea Set"},{"floor":9.0,"key":"Art of War"},{"floor":10.0,"key":"Blood Vial"},{"floor":13.0,"key":"MawBank"},{"floor":17.0,"key":"Vajra"},{"floor":17.0,"key":"White Beast Statue"},{"floor":17.0,"key":"Incense Burner"},{"floor":26.0,"key":"TeardropLocket"},{"floor":29.0,"key":"Bottled Lightning"}],"event_choices":[{"damage_healed":0.0,"max_hp_gain":0.0,"max_hp_loss":0.0,"gold_gain":0.0,"event_name":"The Cleric","player_choice":"Leave","floor":3.0,"gold_loss":0.0,"damage_taken":0.0},{"damage_healed":0.0,"max_hp_gain":0.0,"max_hp_loss":0.0,"gold_gain":75.0,"event_name":"World of Goop","player_choice":"Gather Gold","floor":8.0,"gold_loss":0.0,"damage_taken":11.0},{"damage_healed":0.0,"max_hp_gain":0.0,"max_hp_loss":0.0,"gold_gain":0.0,"event_name":"Beggar","player_choice":"Ignored","floor":19.0,"gold_loss":0.0,"damage_taken":0.0},{"damage_healed":0.0,"max_hp_gain":5.0,"max_hp_loss":0.0,"gold_gain":0.0,"event_name":"Forgotten Altar","player_choice":"Shed Blood","floor":20.0,"gold_loss":0.0,"damage_taken":24.0},{"damage_healed":0.0,"max_hp_gain":0.0,"max_hp_loss":0.0,"gold_gain":0.0,"event_name":"The Mausoleum","player_choice":"Opened","floor":30.0,"gold_loss":0.0,"damage_taken":0.0,"relics_obtained":["Juzu Bracelet"],"cards_obtained":["Writhe"]}],"is_beta":false,"boss_relics":[{"not_picked":["Cursed Key","Sozu"],"picked":"Calling Bell"}],"items_purged_floors":[],"is_endless":false,"potions_floor_spawned":[1,2,6,14,16,18,21,22,24,29,31],"killed_by":"Collector","ascension_level":17}}