{"host":"tne4ru9orcvptaml","time":1611271543,"event":{"mods":["Ascension Reborn","Ascension Unlocker","Aspiration","BaseMod","Colored Map","Colored Powertips","Conspire","Dota2Spire","Downfall","Energized Spire","Minty Spire (QoL Compilation)","MostiFishMod","Quick Restart","RumiaBox-露米娅的神秘盒子","Shop Mod","Spicy Shops","StSLib","Td1madao Mod","TestMod","noobMod","vexMod","【功能Mod】混沌之环修复补丁","【遗物卡牌】REMEMod","篝火指南"],"gold_per_floor":[99,121,106,106,129,151,151,187,187,199,184,200,0,26,46,164,164,64,80,99,99,161,229,293,71,139,307,307,427,489,551,613,787,787,787,847,914,914,889,889,980,980,1041,809,840,244,244,274,334,382,382,466,466,466,514,562],"floor_reached":57,"language":"ZHS","playtime":2635,"items_purged":[],"score":1356,"play_id":"8a503367-f75d-4d33-a100-37ae9775a8a3","local_time":"20210122072543","is_ascension_mode":true,"campfire_choices":[{"floor":1.0,"key":"RECALL"},{"data":"champ:EndlessRage","floor":9.0,"key":"SMITH"},{"data":"champ:BerserkersShout","floor":13.0,"key":"SMITH"},{"data":"champ:LastStand","floor":18.0,"key":"SMITH"},{"data":"champ:BerserkerStyle","floor":35.0,"key":"SMITH"},{"data":"champ:SwordSigil","floor":42,"key":"SMITH"},{"data":"champ:BerserkersShout","floor":47,"key":"SMITH"},{"data":"champ:IgnorePain","floor":54,"key":"SMITH"}],"circlet_count":0,"master_deck":["champ:Strike+1","champ:Strike+1","champ:Strike+1","champ:Strike+1","champ:Defend+1","champ:Defend+1","champ:Defend+1","champ:Defend+1","champ:Execute+1","champ:Taunt+1","champ:PreciseThrust","champ:Execute+1","champ:EndlessRage+1","champ:BerserkersShout+1","champ:BerserkerStyle+1","champ:CrownThrow+1","champ:GutPunch","champ:FanOfKnives","champ:LastStand+1","champ:CrownThrow+1","champ:BerserkerStyle+1","champ:RecklessLeap","champ:Devastate","champ:ShieldSigil+1","champ:DefensiveShout","champ:Encircle","champ:FocusedDefense","champ:SwordSigil+1","champ:EnGarde+1","champ:BringItOn","champ:Shatter","champ:ShieldSlam","champ:BerserkerStyle+1","champ:TornadoPunch+1","champ:Shatter+1","champ:TripleStrike","champ:HoldFirm","champ:IgnorePain+1","champ:StanceDance+1","champ:AdrenalArmor+1","champ:BerserkerStyle+1","champ:BerserkersShout+1","champ:RageSigil","champ:RageSigil","champ:Shatter","champ:PreciseThrust+1"],"relics":["champ:ChampionCrown","ice","DaveBox","testmod-TestBox","REME_ComplimentaryCards","testmod-BouquetWithThorns","Eternal Feather","conspire:Flyswatter","Gremlin Horn","Dota2Spire:BladeMail","vexMod:Dragonfruit","downfall:HeartBlessingRed","downfall:HeartBlessingBlue","Odd Mushroom","testmod-Fortitude","energizedSpire:StickyHand","downfall:HeartBlessingGreen","downfall:KnowingSkull","Regal Pillow","Nunchaku","MetatronsCube","champ:BlackKnightHelmet","Dota2Spire:BattleFury","Kunai","MagicDraw1","testmod-Nyarlathotep","testmod-Fanaticism","Dota2Spire:DrumOfEndurance","Blue Candle","Juzu Bracelet","testmod-Justice","Toy Ornithopter","Smiling Mask","ThornShield","champ:BerserkersGuideToSlaughter","TungstenRod","Darkstone Periapt","aspiration:Lifesprig","aspiration:HummingbirdHeart"],"acts_visited":["Exordium","TheCity","TheBeyond","TheEnding"],"potions_floor_usage":[],"damage_taken":[{"damage":10.0,"enemies":"conspire:RoseBush","floor":2.0,"turns":2.0},{"damage":20.0,"enemies":"downfall:FleeingMerchant","floor":3.0,"turns":4.0},{"damage":10.0,"enemies":"Cultist","floor":5.0,"turns":2.0},{"damage":11.0,"enemies":"Jaw Worm","floor":6.0,"turns":2.0},{"damage":64.0,"enemies":"Gremlin Nob","floor":8.0,"turns":3.0},{"damage":33.0,"enemies":"Exordium Thugs","floor":10.0,"turns":2.0},{"damage":29.0,"enemies":"downfall:FleeingMerchant","floor":11.0,"turns":4.0},{"damage":36.0,"enemies":"conspire:2 RoseBushes","floor":12.0,"turns":3.0},{"damage":28.0,"enemies":"The Mushroom Lair","floor":14.0,"turns":2.0},{"damage":20.0,"enemies":"Gremlin Gang","floor":15.0,"turns":2.0},{"damage":76.0,"enemies":"WA_ARCHETYPE_RETAIN","floor":16.0,"turns":5.0},{"damage":12.0,"enemies":"3 Byrds","floor":19.0,"turns":1.0},{"damage":53.0,"enemies":"Snake Plant","floor":20.0,"turns":2.0},{"damage":41.0,"enemies":"conspire:HollyBat","floor":22.0,"turns":4.0},{"damage":49.0,"enemies":"Centurion and Healer","floor":23.0,"turns":3.0},{"damage":16.0,"enemies":"downfall:FleeingMerchant","floor":25.0,"turns":2.0},{"damage":72.0,"enemies":"Snake Plant","floor":26.0,"turns":2.0},{"damage":122.0,"enemies":"Snake Plant","floor":27.0,"turns":3.0},{"damage":68.0,"enemies":"Sentry and Sphere","floor":30.0,"turns":2.0},{"damage":107.0,"enemies":"conspire:HollyBat","floor":31.0,"turns":3.0},{"damage":49.0,"enemies":"Snecko","floor":32.0,"turns":3.0},{"damage":124.0,"enemies":"SI_MIRROR_ARCHETYPE","floor":33.0,"turns":2.0},{"damage":99,"enemies":"3 Darklings","floor":36,"turns":2},{"damage":70,"enemies":"Orb Walker","floor":37,"turns":3},{"damage":106,"enemies":"4 Shapes","floor":43,"turns":3},{"damage":144,"enemies":"Maw","floor":49,"turns":2},{"damage":331,"enemies":"DF_ARCHETYPE_ORBS","floor":50,"turns":3},{"damage":240,"enemies":"downfall:CharBossMerchant","floor":52,"turns":3},{"damage":326,"enemies":"downfall:NeowBoss","floor":55,"turns":4},{"damage":239,"enemies":"downfall:NeowBossFinal","floor":56,"turns":3}],"seed_played":"675436258772925327","potions_obtained":[{"floor":12.0,"key":"Swift Potion"},{"floor":16.0,"key":"BlessingOfTheForge"}],"is_trial":false,"path_per_floor":["R","M","$","?","M","M","T","E","R","M","$","M","R","?","M","B",null,"R","M","M","?","M","M","T","$","M","?","T","?","M","M","M","B",null,"R","M","M","?","?","?","T","R","M","$","?","$","R","T","M","B",null,"E","$","R","B","B",null],"character_chosen":"THE_CHAMP","items_purchased":["MetatronsCube","champ:Encircle","testmod-Justice","champ:BerserkersShout","ThornShield","champ:BerserkersGuideToSlaughter","TungstenRod","champ:RageSigil"],"campfire_rested":0,"item_purchase_floors":[25,25,44,44,46,46,46,46],"current_hp_per_floor":[108,108,108,108,108,108,108,73,86,81,93,85,112,98,106,101,132,132,132,111,102,102,74,74,72,91,113,113,113,121,132,129,141,141,141,141,141,141,141,141,141,141,141,141,141,141,141,141,141,150,150,150,150,150,159,168],"gold":562,"neow_bonus":"TEN_PERCENT_HP_BONUS","is_daily":false,"chose_seed":false,"campfire_upgraded":7,"win_rate":0.0,"timestamp":1611271543,"path_taken":["R","M","$","?","?","M","T","E","R","M","$","M","R","?","M","BOSS","R","M","M","?","?","M","T","$","M","?","?","?","?","M","M","BOSS","R","M","M","?","?","?","T","R","M","$","?","$","R","?","M","BOSS","E","$","R","BOSS","BOSS"],"items_purchased_type":["Relic","Card","Relic","Card","Relic","Relic","Relic","Card"],"build_version":"2020-12-22","purchased_purges":0,"victory":true,"max_hp_per_floor":[108,108,108,108,108,108,108,108,108,113,113,113,123,123,123,132,132,132,132,132,132,132,132,132,132,132,132,132,132,132,132,132,141,141,141,141,141,141,141,141,141,141,141,141,141,141,141,141,141,150,150,150,150,150,159,168],"card_choices":[{"not_picked":["champ:BladeFlurry","champ:Circumvent+1"],"picked":"champ:PreciseThrust","floor":2.0},{"not_picked":["champ:DefensiveShout","champ:AdrenalArmor","champ:DancingMaster"],"picked":"SKIP","floor":3.0},{"not_picked":["champ:Shatter","champ:StanceDance"],"picked":"champ:EndlessRage","floor":5.0},{"not_picked":["champ:PerfectedStrike","champ:Haymaker+1"],"picked":"champ:BerserkersShout","floor":6.0},{"not_picked":["champ:CrookedStrike","champ:ArenaPreparation"],"picked":"champ:BerserkerStyle+1","floor":8.0},{"not_picked":["champ:Haymaker","champ:TornadoPunch","champ:PerfectedStrike"],"picked":"SKIP","floor":8.0},{"not_picked":["champ:EnGarde","champ:Circumvent"],"picked":"champ:CrownThrow+1","floor":10.0},{"not_picked":["champ:PerfectedStrike+1","champ:Shatter"],"picked":"champ:GutPunch","floor":11.0},{"not_picked":["champ:EnchantCrown","champ:ShieldWall","champ:TornadoPunch"],"picked":"SKIP","floor":12.0},{"not_picked":["champ:Circumvent","champ:FocusedDefense"],"picked":"champ:FanOfKnives","floor":15.0},{"not_picked":["champ:EnchantSword","champ:GladiatorForm"],"picked":"champ:LastStand","floor":16.0},{"not_picked":["champ:CrownThrow+1","champ:RecklessLeap"],"picked":"champ:BerserkerStyle+1","floor":19.0},{"not_picked":["champ:BerserkersShout","champ:RecklessLeap+1","champ:ShieldWall"],"picked":"SKIP","floor":20.0},{"not_picked":["champ:ShieldSigil+1","champ:PreemptiveStrike+1","champ:FalseCounter+1"],"picked":"SKIP","floor":22.0},{"not_picked":["champ:BladeFlurry+1","champ:TornadoPunch","champ:DeathBlow"],"picked":"SKIP","floor":23.0},{"not_picked":["champ:ShieldSigil","champ:DefensiveShout"],"picked":"champ:Devastate","floor":25.0},{"not_picked":["champ:FocusedDefense","champ:SwordSigil"],"picked":"champ:EnGarde+1","floor":26.0},{"not_picked":["champ:BringItOn","champ:ShieldSlam"],"picked":"champ:Shatter","floor":27.0},{"not_picked":["champ:Haymaker+1","champ:CrownThrow","champ:DefensiveShout"],"picked":"SKIP","floor":30.0},{"not_picked":["champ:TornadoPunch+1","champ:Shatter+1"],"picked":"champ:BerserkerStyle","floor":31.0},{"not_picked":["champ:EnchantCrown","champ:BringItOn","champ:CrownThrow+1"],"picked":"SKIP","floor":32.0},{"not_picked":["champ:TripleStrike","champ:HoldFirm"],"picked":"champ:IgnorePain","floor":33.0},{"not_picked":["champ:StanceDance+1","champ:AdrenalArmor+1"],"picked":"champ:BerserkerStyle+1","floor":36},{"not_picked":["champ:BerserkerStyle","champ:AdrenalArmor+1","champ:BladeFlurry+1"],"picked":"SKIP","floor":37},{"not_picked":["champ:GladiatorStyle","champ:Circumvent+1","champ:BringItOn"],"picked":"SKIP","floor":43},{"not_picked":["champ:HeartStrike","champ:ShieldSlam+1","champ:PreemptiveStrike+1"],"picked":"SKIP","floor":49},{"not_picked":["champ:RageSigil","champ:PreciseThrust+1"],"picked":"champ:Shatter","floor":52}],"player_experience":304643,"relics_obtained":[{"floor":5.0,"key":"conspire:Flyswatter"},{"floor":7.0,"key":"Gremlin Horn"},{"floor":8.0,"key":"Dota2Spire:BladeMail"},{"floor":10.0,"key":"vexMod:Dragonfruit"},{"floor":14.0,"key":"Odd Mushroom"},{"floor":16.0,"key":"testmod-Fortitude"},{"floor":24.0,"key":"Regal Pillow"},{"floor":24.0,"key":"Nunchaku"},{"floor":27.0,"key":"champ:BlackKnightHelmet"},{"floor":27.0,"key":"Dota2Spire:BattleFury"},{"floor":28.0,"key":"Kunai"},{"floor":28.0,"key":"MagicDraw1"},{"floor":33.0,"key":"testmod-Nyarlathotep"},{"floor":41,"key":"Dota2Spire:DrumOfEndurance"},{"floor":41,"key":"Blue Candle"},{"floor":43,"key":"Juzu Bracelet"},{"floor":45,"key":"Toy Ornithopter"},{"floor":45,"key":"Smiling Mask"},{"floor":48,"key":"Darkstone Periapt"},{"floor":48,"key":"aspiration:Lifesprig"},{"floor":52,"key":"aspiration:HummingbirdHeart"}],"event_choices":[{"damage_healed":0.0,"max_hp_gain":0.0,"max_hp_loss":0.0,"gold_gain":0.0,"event_name":"Mushrooms","player_choice":"Fought Mushrooms","floor":14.0,"gold_loss":0.0,"damage_taken":0.0}],"is_beta":false,"boss_relics":[{"not_picked":["conspire:RoyalGoblet","JellyFishMachine"],"picked":"energizedSpire:StickyHand"},{"not_picked":["FeatherPendant","vexMod:MysteryBossChallenge"],"picked":"testmod-Fanaticism"}],"items_purged_floors":[],"is_endless":false,"potions_floor_spawned":[5,8,12,16,26,27,30,32,33,36,49,52],"ascension_level":0}}