{"host":"fubl5olmpa6illow","time":1611252184,"event":{"mods":["BaseMod","Colored Map","Colored Powertips","Highlight Path","Minty Spire (QoL Compilation)","Quick Restart","Random Character Button","Relic Sorter","Relic Stats"],"gold_per_floor":[119,22,40,51,51,77,77,94,118,118,136,171,136,164,164,267,267,255,255,106,120,120,150,162,195,195,195,226,243,243,255,255,353,353,371,371,386,386,58,58,92,92,92,123,175,192,220,26,26,26,26,26,26,61,61],"floor_reached":56,"language":"ENG","playtime":9287,"items_purged":["Writhe"],"score":1399,"play_id":"6b007614-bb5c-4dff-8d98-449ce47863ab","local_time":"20210121190304","is_ascension_mode":true,"campfire_choices":[{"data":"Zap","floor":7,"key":"SMITH"},{"floor":10,"key":"REST"},{"data":"Buffer","floor":15,"key":"SMITH"},{"floor":27,"key":"REST"},{"floor":32,"key":"REST"},{"floor":40,"key":"RECALL"},{"data":"Coolheaded","floor":42,"key":"SMITH"},{"data":"Apotheosis","floor":49,"key":"SMITH"},{"data":"Chill","floor":52,"key":"SMITH"}],"circlet_count":0,"master_deck":["Strike_B","Strike_B","Strike_B+1","Strike_B","Defend_B","Defend_B","Defend_B","Defend_B","Zap+1","Dualcast","Rebound","Swift Strike","BootSequence","Buffer+1","Coolheaded+1","Capacitor","Glacier","Genetic Algorithm","Biased Cognition+1","Double Energy+1","RitualDagger","Echo Form","Go for the Eyes+1","Doom and Gloom+1","Barrage","White Noise+1","Compile Driver+1","Ball Lightning+1","Streamline+1","Amplify","Auto Shields+1","Static Discharge+1","Sweeping Beam+1","Echo Form","PanicButton","Skim","Double Energy+1","Chill+1","Apotheosis+1"],"relics":["Black Star","Juzu Bracelet","MealTicket","Bronze Scales","Kunai","Regal Pillow","Odd Mushroom","Inserter","Smiling Mask","Question Card","White Beast Statue","HornCleat","Molten Egg 2","Bottled Flame","Bag of Preparation","Bird Faced Urn","Nuclear Battery","DollysMirror","Ancient Tea Set","Blue Candle","Whetstone","Dream Catcher","Anchor","Ice Cream","DataDisk","Happy Flower","Vajra","Bottled Lightning"],"acts_visited":["Exordium","TheCity","TheBeyond","TheEnding"],"potions_floor_usage":[6,6,6,12,18,23,25,25,28,28,31,31,45,46,50,55,55,55],"damage_taken":[{"damage":4,"enemies":"2 Louse","floor":1,"turns":4},{"damage":1,"enemies":"Cultist","floor":3,"turns":3},{"damage":12,"enemies":"Jaw Worm","floor":4,"turns":3},{"damage":28,"enemies":"Gremlin Nob","floor":6,"turns":5},{"damage":0,"enemies":"Looter","floor":8,"turns":3},{"damage":13,"enemies":"Blue Slaver","floor":11,"turns":4},{"damage":16,"enemies":"Lagavulin","floor":12,"turns":8},{"damage":1,"enemies":"The Mushroom Lair","floor":14,"turns":4},{"damage":36,"enemies":"Hexaghost","floor":16,"turns":12},{"damage":9,"enemies":"2 Thieves","floor":18,"turns":4},{"damage":5,"enemies":"3 Byrds","floor":21,"turns":4},{"damage":11,"enemies":"Book of Stabbing","floor":23,"turns":7},{"damage":26,"enemies":"3 Cultists","floor":24,"turns":6},{"damage":10,"enemies":"Gremlin Leader","floor":25,"turns":9},{"damage":52,"enemies":"Slavers","floor":28,"turns":6},{"damage":0,"enemies":"Centurion and Healer","floor":29,"turns":5},{"damage":0,"enemies":"Cultist and Chosen","floor":31,"turns":5},{"damage":19,"enemies":"Collector","floor":33,"turns":9},{"damage":0,"enemies":"Orb Walker","floor":35,"turns":4},{"damage":6,"enemies":"3 Darklings","floor":37,"turns":5},{"damage":7,"enemies":"Giant Head","floor":41,"turns":9},{"damage":2,"enemies":"Nemesis","floor":44,"turns":7},{"damage":19,"enemies":"2 Orb Walkers","floor":45,"turns":5},{"damage":2,"enemies":"Spire Growth","floor":46,"turns":6},{"damage":2,"enemies":"Reptomancer","floor":47,"turns":7},{"damage":9,"enemies":"Time Eater","floor":50,"turns":8},{"damage":18,"enemies":"Shield and Spear","floor":54,"turns":7},{"damage":69,"enemies":"The Heart","floor":55,"turns":8}],"seed_played":"8926479317558091872","potions_obtained":[{"floor":3,"key":"DistilledChaos"},{"floor":4,"key":"EntropicBrew"},{"floor":6,"key":"Ancient Potion"},{"floor":12,"key":"Energy Potion"},{"floor":21,"key":"PowerPotion"},{"floor":23,"key":"Weak Potion"},{"floor":24,"key":"GamblersBrew"},{"floor":25,"key":"Strength Potion"},{"floor":28,"key":"SteroidPotion"},{"floor":29,"key":"Fire Potion"},{"floor":31,"key":"PotionOfCapacity"},{"floor":33,"key":"Weak Potion"},{"floor":35,"key":"Block Potion"},{"floor":37,"key":"Strength Potion"},{"floor":41,"key":"AttackPotion"},{"floor":45,"key":"Strength Potion"},{"floor":46,"key":"Explosive Potion"},{"floor":54,"key":"PotionOfCapacity"}],"is_trial":false,"path_per_floor":["M","$","M","M","?","E","R","M","T","R","M","E","?","?","R","B",null,"M","?","$","M","?","E","M","E","T","R","E","M","?","M","R","B",null,"M","?","M","?","$","R","E","R","T","E","?","M","E","$","R","B",null,"R","$","E","B",null],"character_chosen":"DEFECT","items_purchased":["Swift Strike","Echo Form","Sweeping Beam+1","DollysMirror","PanicButton","Apotheosis"],"campfire_rested":3,"item_purchase_floors":[2,20,39,39,39,48],"current_hp_per_floor":[71,71,70,58,58,30,30,30,30,52,39,23,41,40,40,4,75,66,60,75,70,70,59,33,23,23,60,8,20,20,24,61,54,75,75,75,73,73,75,75,75,75,75,75,58,72,75,75,75,70,75,75,75,67,16],"gold":61,"neow_bonus":"BOSS_RELIC","is_daily":false,"chose_seed":false,"campfire_upgraded":5,"win_rate":0.0,"timestamp":1611252184,"path_taken":["M","$","M","M","?","E","R","M","T","R","M","E","?","?","R","BOSS","M","?","$","M","?","E","M","E","T","R","E","M","?","M","R","BOSS","M","?","M","?","?","R","E","R","T","E","?","M","E","$","R","BOSS","R","$","E","BOSS"],"items_purchased_type":["Card","Card","Card","Relic","Card","Card"],"build_version":"2020-12-22","purchased_purges":1,"victory":true,"max_hp_per_floor":[75,75,75,75,75,75,75,75,75,75,75,75,75,75,75,75,75,75,75,75,75,75,75,75,75,75,75,75,75,75,75,75,75,75,75,75,75,75,75,75,75,75,75,75,75,75,75,75,75,75,75,75,75,75,75],"relic_stats":{"Regal Pillow":30,"Inserter":[60],"Happy Flower":[7],"counters":[28,167],"Blue Candle":[0],"Juzu Bracelet":3,"Bag of Preparation":[26],"Whetstone":["Doom and Gloom","Strike_B"],"Smiling Mask":25,"Question Card":14,"Dream Catcher":0,"Bronze Scales":[632],"Bird Faced Urn":[96],"MealTicket":17,"Black Star":9,"Kunai":[47],"obtain_stats":[{"Ice Cream":45,"Regal Pillow":12,"Vajra":54,"Juzu Bracelet":5,"Bag of Preparation":28,"Whetstone":43,"Smiling Mask":22,"Ancient Tea Set":41,"Dream Catcher":44,"HornCleat":25,"DollysMirror":39,"MealTicket":6,"Kunai":12,"Cracked Core":0,"Inserter":17,"Happy Flower":47,"Blue Candle":41,"Odd Mushroom":14,"Question Card":23,"White Beast Statue":23,"Nuclear Battery":34,"Bottled Flame":26,"Anchor":44,"DataDisk":47,"Bronze Scales":6,"Bird Faced Urn":28,"Molten Egg 2":25,"Black Star":0,"Bottled Lightning":54},{"Ice Cream":23,"Regal Pillow":7,"Vajra":27,"Juzu Bracelet":3,"Bag of Preparation":15,"Whetstone":21,"Smiling Mask":11,"Ancient Tea Set":21,"Dream Catcher":22,"HornCleat":14,"DollysMirror":20,"MealTicket":4,"Kunai":7,"Cracked Core":0,"Inserter":9,"Happy Flower":25,"Blue Candle":21,"Odd Mushroom":8,"Question Card":12,"White Beast Statue":12,"Nuclear Battery":18,"Bottled Flame":14,"Anchor":22,"DataDisk":25,"Bronze Scales":4,"Bird Faced Urn":15,"Molten Egg 2":14,"Black Star":0,"Bottled Lightning":27},{"Ice Cream":131,"Regal Pillow":30,"Vajra":159,"Juzu Bracelet":10,"Bag of Preparation":82,"Whetstone":119,"Smiling Mask":54,"Ancient Tea Set":119,"Dream Catcher":126,"HornCleat":76,"DollysMirror":110,"MealTicket":15,"Kunai":30,"Cracked Core":0,"Inserter":46,"Happy Flower":144,"Blue Candle":119,"Odd Mushroom":34,"Question Card":61,"White Beast Statue":61,"Nuclear Battery":101,"Bottled Flame":76,"Anchor":126,"DataDisk":144,"Bronze Scales":15,"Bird Faced Urn":82,"Molten Egg 2":76,"Black Star":0,"Bottled Lightning":159}]},"card_choices":[{"not_picked":["Leap","Streamline"],"picked":"Rebound","floor":1},{"not_picked":["Gash","Barrage","Heatsinks"],"picked":"SKIP","floor":3},{"not_picked":["Beam Cell","Rebound"],"picked":"BootSequence","floor":4},{"not_picked":["Rebound","Gash"],"picked":"Buffer","floor":6},{"not_picked":["Gash","Rebound"],"picked":"Coolheaded","floor":8},{"not_picked":["Turbo","Aggregate"],"picked":"Capacitor","floor":11},{"not_picked":["Steam","Gash"],"picked":"Glacier","floor":12},{"not_picked":["BootSequence","Hologram"],"picked":"Genetic Algorithm","floor":14},{"not_picked":["Hyperbeam","Reboot"],"picked":"Biased Cognition","floor":16},{"not_picked":["Hello World+1","Streamline"],"picked":"Double Energy+1","floor":18},{"not_picked":["Gash","Capacitor+1"],"picked":"Go for the Eyes+1","floor":21},{"not_picked":["Scrape","Streamline"],"picked":"Doom and Gloom","floor":23},{"not_picked":["Stack","Rebound","Turbo+1"],"picked":"Barrage","floor":24},{"not_picked":["All For One+1","Coolheaded+1","Thunder Strike+1"],"picked":"White Noise+1","floor":25},{"not_picked":["Thunder Strike+1","Leap","FTL+1"],"picked":"Compile Driver+1","floor":28},{"not_picked":["Recycle","Leap","Conserve Battery+1"],"picked":"Ball Lightning+1","floor":29},{"not_picked":["All For One+1","Fusion","Steam"],"picked":"Streamline+1","floor":31},{"not_picked":["Core Surge+1","Creative AI","Multi-Cast"],"picked":"Amplify","floor":33},{"not_picked":["Steam","Loop+1","Leap"],"picked":"Auto Shields+1","floor":35},{"not_picked":["Defragment+1","Redo","Coolheaded"],"picked":"Static Discharge+1","floor":37},{"not_picked":["All For One+1","Force Field","Stack"],"picked":"Skim","floor":41},{"not_picked":["Ball Lightning+1","Conserve Battery","Auto Shields+1","Redo"],"picked":"SKIP","floor":44},{"not_picked":["Stack+1","Go for the Eyes+1","Redo"],"picked":"Double Energy+1","floor":45},{"not_picked":["Streamline+1","Barrage+1","Echo Form","Leap"],"picked":"SKIP","floor":46},{"not_picked":["Leap","White Noise+1","Redo+1"],"picked":"Chill","floor":47},{"not_picked":["Hologram","FTL+1","Steam+1","Go for the Eyes+1"],"picked":"SKIP","floor":54}],"player_experience":300406,"relics_obtained":[{"floor":6,"key":"MealTicket"},{"floor":6,"key":"Bronze Scales"},{"floor":12,"key":"Kunai"},{"floor":12,"key":"Regal Pillow"},{"floor":14,"key":"Odd Mushroom"},{"floor":23,"key":"Question Card"},{"floor":23,"key":"White Beast Statue"},{"floor":25,"key":"HornCleat"},{"floor":25,"key":"Molten Egg 2"},{"floor":26,"key":"Bottled Flame"},{"floor":28,"key":"Bag of Preparation"},{"floor":28,"key":"Bird Faced Urn"},{"floor":41,"key":"Ancient Tea Set"},{"floor":41,"key":"Blue Candle"},{"floor":43,"key":"Whetstone"},{"floor":44,"key":"Dream Catcher"},{"floor":44,"key":"Anchor"},{"floor":45,"key":"Ice Cream"},{"floor":47,"key":"DataDisk"},{"floor":47,"key":"Happy Flower"},{"floor":54,"key":"Vajra"},{"floor":54,"key":"Bottled Lightning"}],"event_choices":[{"damage_healed":0,"gold_gain":0,"player_choice":"Gave Potion","damage_taken":0,"relics_obtained":["Juzu Bracelet"],"max_hp_gain":0,"max_hp_loss":0,"event_name":"WeMeetAgain","floor":5,"gold_loss":0},{"damage_healed":18,"gold_gain":0,"player_choice":"Healed","damage_taken":0,"max_hp_gain":0,"max_hp_loss":0,"event_name":"The Cleric","floor":13,"gold_loss":35},{"damage_healed":0,"gold_gain":0,"player_choice":"Fought Mushrooms","damage_taken":0,"max_hp_gain":0,"max_hp_loss":0,"event_name":"Mushrooms","floor":14,"gold_loss":0},{"damage_healed":0,"gold_gain":0,"player_choice":"Joined the Cult","damage_taken":6,"max_hp_gain":0,"max_hp_loss":0,"event_name":"Nest","floor":19,"gold_loss":0,"cards_obtained":["RitualDagger"]},{"damage_healed":0,"gold_gain":0,"player_choice":"Opened","damage_taken":0,"relics_obtained":["Smiling Mask"],"max_hp_gain":0,"max_hp_loss":0,"event_name":"The Mausoleum","floor":22,"gold_loss":0,"cards_obtained":["Writhe"]},{"damage_healed":0,"gold_gain":0,"player_choice":"Upgraded","damage_taken":0,"max_hp_gain":0,"max_hp_loss":0,"event_name":"Upgrade Shrine","floor":30,"gold_loss":0,"cards_upgraded":["Biased Cognition"]},{"damage_healed":0,"gold_gain":0,"player_choice":"Ignored","damage_taken":0,"max_hp_gain":0,"max_hp_loss":0,"event_name":"Tomb of Lord Red Mask","floor":36,"gold_loss":0},{"damage_healed":0,"gold_gain":0,"player_choice":"Bought 0 Potions","damage_taken":0,"max_hp_gain":0,"max_hp_loss":0,"event_name":"The Woman in Blue","floor":38,"gold_loss":0},{"damage_healed":0,"gold_gain":0,"player_choice":"Fight","damage_taken":0,"max_hp_gain":0,"max_hp_loss":0,"event_name":"Mysterious Sphere","floor":45,"gold_loss":0}],"is_beta":false,"boss_relics":[{"not_picked":["SacredBark","Sozu"],"picked":"Inserter"},{"not_picked":["Coffee Dripper","Calling Bell"],"picked":"Nuclear Battery"}],"items_purged_floors":[39],"is_endless":false,"potions_floor_spawned":[3,4,6,12,21,23,24,25,28,29,31,33,35,37,41,44,45,46,47,54],"ascension_level":2}}