{"host":"opyh6vr790e42ffe","time":1611260621,"event":{"mods":["BaseMod","Colored Map","Highlight Path","Minty Spire (QoL Compilation)","Relic Stats","StSLib"],"gold_per_floor":[17,17,17,34,53,53,86,105,105,105,122,122,149,165,165,241,241,252,59,59,77,77,77,111,111,111,136,148,158,158,177,177,254,254,264,274,285,265,7,33,49,74,74,90,90,105,105,115,115,115,115,115],"floor_reached":51,"language":"ENG","playtime":5060,"items_purged":["Defend_P","Strike_P+1"],"score":1547,"play_id":"843cbeb6-592f-4eb7-bf8d-ba8cf9dbf7cf","local_time":"20210121122341","is_ascension_mode":true,"campfire_choices":[{"floor":6.0,"key":"REST"},{"floor":10.0,"key":"REST"},{"data":"CutThroughFate","floor":12.0,"key":"SMITH"},{"floor":15.0,"key":"REST"},{"floor":23.0,"key":"REST"},{"floor":25.0,"key":"REST"},{"floor":30.0,"key":"REST"},{"floor":32.0,"key":"REST"},{"floor":45,"key":"REST"},{"floor":47,"key":"RECALL"},{"floor":49,"key":"REST"}],"circlet_count":0,"master_deck":["AscendersBane","Strike_P+1","Strike_P+1","Defend_P+1","Defend_P+1","Eruption+1","Vigilance+1","LessonLearned+1","FearNoEvil+1","Consecrate+1","CutThroughFate+1","FlurryOfBlows+1","SandsOfTime+1","Vengeance+1","ClearTheMind+1","TalkToTheHand+1","Vault+1","Wireheading+1","ForeignInfluence+1","FearNoEvil+1","Meditate+1","Evaluate+1","Protect+1","LikeWater+1","DevaForm+1","Meditate+1","Vault+1","EmptyBody+1","ForeignInfluence+1","FlurryOfBlows+1","Protect+1","MentalFortress+1","Tantrum+1","Adaptation+1","DeceiveReality+1"],"relics":["PureWater","Question Card","Toxic Egg 2","Mercury Hourglass","Empty Cage","InkBottle","Bottled Flame","Darkstone Periapt","Snecko Eye","Sling","Ginger","Meat on the Bone"],"acts_visited":["Exordium","TheCity","TheBeyond"],"potions_floor_usage":[50],"damage_taken":[{"damage":6.0,"enemies":"Jaw Worm","floor":1.0,"turns":4.0},{"damage":20.0,"enemies":"Cultist","floor":4.0,"turns":5.0},{"damage":0.0,"enemies":"2 Louse","floor":5.0,"turns":2.0},{"damage":20.0,"enemies":"Lagavulin","floor":7.0,"turns":4.0},{"damage":5.0,"enemies":"Blue Slaver","floor":8.0,"turns":2.0},{"damage":7.0,"enemies":"Lots of Slimes","floor":11.0,"turns":4.0},{"damage":5.0,"enemies":"3 Sentries","floor":13.0,"turns":5.0},{"damage":9.0,"enemies":"Looter","floor":14.0,"turns":4.0},{"damage":0.0,"enemies":"Slime Boss","floor":16.0,"turns":5.0},{"damage":8.0,"enemies":"Shell Parasite","floor":18.0,"turns":4.0},{"damage":3.0,"enemies":"Chosen","floor":21.0,"turns":3.0},{"damage":14.0,"enemies":"Book of Stabbing","floor":24.0,"turns":4.0},{"damage":20.0,"enemies":"Slavers","floor":27.0,"turns":3.0},{"damage":0.0,"enemies":"3 Cultists","floor":28.0,"turns":5.0},{"damage":6.0,"enemies":"Snecko","floor":29.0,"turns":6.0},{"damage":17.0,"enemies":"Centurion and Healer","floor":31.0,"turns":7.0},{"damage":8.0,"enemies":"Champ","floor":33.0,"turns":8.0},{"damage":7.0,"enemies":"Orb Walker","floor":35.0,"turns":4.0},{"damage":0.0,"enemies":"3 Shapes","floor":36.0,"turns":4.0},{"damage":0.0,"enemies":"Transient","floor":37.0,"turns":8.0},{"damage":17.0,"enemies":"Reptomancer","floor":40.0,"turns":5.0},{"damage":2.0,"enemies":"Maw","floor":41.0,"turns":10.0},{"damage":27.0,"enemies":"Nemesis","floor":42.0,"turns":7.0},{"damage":0,"enemies":"Sphere and 2 Shapes","floor":44,"turns":5},{"damage":10,"enemies":"4 Shapes","floor":46,"turns":7},{"damage":15,"enemies":"Maw","floor":48,"turns":7},{"damage":35,"enemies":"Awakened One","floor":50,"turns":12},{"damage":111,"enemies":"Time Eater","floor":51,"turns":10}],"seed_played":"7186036099186200444","potions_obtained":[{"floor":1.0,"key":"Ancient Potion"},{"floor":2.0,"key":"FairyPotion"},{"floor":28.0,"key":"GamblersBrew"},{"floor":38.0,"key":"Ambrosia"}],"is_trial":false,"path_per_floor":["M","?","$","M","M","R","E","M","T","R","M","R","E","M","R","B",null,"M","$","?","M","?","R","E","R","T","E","M","M","R","M","R","B",null,"M","M","M","?","$","E","M","E","T","M","R","M","R","M","R","B","B"],"character_chosen":"WATCHER","items_purchased":["ForeignInfluence+1","FearNoEvil","Sling"],"campfire_rested":9,"item_purchase_floors":[19,19,39],"current_hp_per_floor":[55,55,55,35,35,55,35,30,30,50,43,43,38,29,49,49,63,55,55,55,52,33,54,40,61,61,41,41,35,56,39,60,52,68,61,61,61,61,61,44,42,15,15,27,48,38,38,35,56,33,0,0],"gold":115,"neow_bonus":"THREE_RARE_CARDS","is_daily":false,"chose_seed":false,"campfire_upgraded":1,"win_rate":0.0,"timestamp":1611260621,"path_taken":["M","?","$","M","M","R","E","?","T","R","M","R","E","M","R","BOSS","M","$","?","M","?","R","E","R","T","E","M","M","R","M","R","BOSS","M","M","M","?","$","E","M","E","T","M","R","M","R","?","R","BOSS","BOSS"],"items_purchased_type":["Card","Card","Relic"],"build_version":"2020-12-22","purchased_purges":2,"victory":false,"max_hp_per_floor":[68,68,68,68,68,68,68,68,68,68,68,68,68,68,68,68,68,68,68,68,68,73,73,73,73,73,73,73,73,73,73,73,73,73,73,73,73,73,73,73,73,73,73,73,73,73,73,73,73,73,73,73],"relic_stats":{"Darkstone Periapt":0,"counters":[28,154],"Snecko Eye":[136,152,175,149],"Ginger":[11],"Question Card":22,"obtain_stats":[{"Darkstone Periapt":27,"Bottled Flame":26,"Snecko Eye":34,"Ginger":40,"PureWater":0,"Toxic Egg 2":9,"Question Card":7,"Empty Cage":17,"Sling":39,"InkBottle":24,"Mercury Hourglass":13,"Meat on the Bone":42},{"Darkstone Periapt":13,"Bottled Flame":12,"Snecko Eye":17,"Ginger":21,"PureWater":0,"Toxic Egg 2":5,"Question Card":4,"Empty Cage":9,"Sling":20,"InkBottle":12,"Mercury Hourglass":7,"Meat on the Bone":23},{"Darkstone Periapt":49,"Bottled Flame":46,"Snecko Eye":75,"Ginger":96,"PureWater":0,"Toxic Egg 2":17,"Question Card":15,"Empty Cage":35,"Sling":91,"InkBottle":46,"Mercury Hourglass":26,"Meat on the Bone":113}],"InkBottle":[50],"Mercury Hourglass":[482],"Meat on the Bone":36},"card_choices":[{"not_picked":["Omniscience","SpiritShield"],"picked":"LessonLearned","floor":0.0},{"not_picked":["Swivel","Evaluate"],"picked":"FearNoEvil","floor":1.0},{"not_picked":["WreathOfFlame","Weave"],"picked":"Consecrate","floor":4.0},{"not_picked":["EmptyBody","Protect"],"picked":"CutThroughFate","floor":5.0},{"not_picked":["Evaluate","CutThroughFate"],"picked":"FlurryOfBlows","floor":7.0},{"not_picked":["Study","PathToVictory","EmptyBody"],"picked":"SandsOfTime","floor":8.0},{"not_picked":["WheelKick","MasterReality","PathToVictory+1"],"picked":"Vengeance+1","floor":11.0},{"not_picked":["FollowUp","ReachHeaven","SandsOfTime"],"picked":"ClearTheMind+1","floor":13.0},{"not_picked":["MasterReality","ThirdEye+1","Perseverance+1"],"picked":"TalkToTheHand","floor":14.0},{"not_picked":["MasterReality","Wish+1","Scrawl+1"],"picked":"Vault+1","floor":16.0},{"not_picked":["ReachHeaven","PathToVictory+1","CrushJoints"],"picked":"Wireheading","floor":18.0},{"not_picked":["ForeignInfluence+1","FollowUp+1","Consecrate"],"picked":"Meditate+1","floor":21.0},{"not_picked":["DeusExMachina+1","FlyingSleeves+1","FearNoEvil"],"picked":"Evaluate+1","floor":24.0},{"not_picked":["FearNoEvil","Nirvana","FlurryOfBlows"],"picked":"Protect+1","floor":27.0},{"not_picked":["Prostrate+1","Nirvana","SandsOfTime"],"picked":"LikeWater+1","floor":28.0},{"not_picked":["FlurryOfBlows","CutThroughFate","CrushJoints"],"picked":"DevaForm","floor":29.0},{"not_picked":["Study","EmptyFist","JustLucky"],"picked":"Meditate+1","floor":31.0},{"not_picked":["Brilliance","Alpha+1","MasterReality"],"picked":"Vault+1","floor":33.0},{"not_picked":["Meditate+1","Consecrate","CutThroughFate"],"picked":"EmptyBody+1","floor":35.0},{"not_picked":["Protect+1","EmptyBody+1","Crescendo+1"],"picked":"ForeignInfluence+1","floor":36.0},{"not_picked":["ThirdEye+1","BowlingBash+1","BattleHymn"],"picked":"FlurryOfBlows","floor":37.0},{"not_picked":["ThirdEye+1","ReachHeaven","Halt+1"],"picked":"Protect+1","floor":40.0},{"not_picked":["Pray+1","EmptyMind+1","BowlingBash"],"picked":"MentalFortress","floor":41.0},{"not_picked":["BowlingBash","Devotion","FearNoEvil"],"picked":"Tantrum+1","floor":42.0},{"not_picked":["Consecrate","Swivel+1","PathToVictory+1"],"picked":"Adaptation","floor":44},{"not_picked":["FlurryOfBlows","BowlingBash+1","SandsOfTime","Study"],"picked":"SKIP","floor":46},{"not_picked":["CutThroughFate","EmptyFist+1","Pray+1"],"picked":"DeceiveReality+1","floor":48}],"player_experience":2412568,"relics_obtained":[{"floor":7.0,"key":"Question Card"},{"floor":9.0,"key":"Toxic Egg 2"},{"floor":13.0,"key":"Mercury Hourglass"},{"floor":24.0,"key":"InkBottle"},{"floor":26.0,"key":"Bottled Flame"},{"floor":27.0,"key":"Darkstone Periapt"},{"floor":40.0,"key":"Ginger"},{"floor":42.0,"key":"Meat on the Bone"}],"event_choices":[{"damage_healed":0.0,"max_hp_gain":0.0,"max_hp_loss":0.0,"gold_gain":0.0,"event_name":"Lab","player_choice":"Got Potions","floor":2.0,"gold_loss":0.0,"damage_taken":0.0},{"damage_healed":0.0,"max_hp_gain":0.0,"max_hp_loss":0.0,"gold_gain":0.0,"event_name":"The Mausoleum","player_choice":"Ignored","floor":20.0,"gold_loss":0.0,"damage_taken":0.0},{"damage_healed":0.0,"max_hp_gain":5.0,"max_hp_loss":0.0,"gold_gain":0.0,"event_name":"Forgotten Altar","player_choice":"Shed Blood","floor":22.0,"gold_loss":0.0,"damage_taken":24.0},{"damage_healed":0.0,"max_hp_gain":0.0,"max_hp_loss":0.0,"gold_gain":0.0,"event_name":"The Woman in Blue","player_choice":"Bought 1 Potion","floor":38.0,"gold_loss":0.0,"damage_taken":0.0}],"is_beta":false,"boss_relics":[{"not_picked":["Velvet Choker","Coffee Dripper"],"picked":"Empty Cage"},{"not_picked":["Runic Pyramid","Runic Dome"],"picked":"Snecko Eye"}],"items_purged_floors":[19,39],"is_endless":false,"potions_floor_spawned":[1,5,7,16,18,21,28,29,31,37,40,41,44,48],"killed_by":"Time Eater","ascension_level":20}}