{"host":"15ff3ltgpietarej","time":1611223440,"event":{"mods":["BaseMod","Bestiary","Downfall","Highlight Path","Minty Spire (QoL Compilation)","Relic Stats","StSLib"],"gold_per_floor":[99,112,131,143,143,172,172,172,14,14,31,60,60,74,94,189,189,89,104,104,104,51,79,106,6,18,30,30,65,84,84,104,199,199,99,295,295,306,321,335,361,361,381,398,412,412,462,220,236,236,236,236],"floor_reached":50,"language":"ENG","playtime":3700,"items_purged":["Writhe","bronze:Strike"],"score":646,"play_id":"b9f7bb14-9117-46f6-88b3-457c214c4f85","local_time":"20210121110400","is_ascension_mode":false,"campfire_choices":[{"floor":1,"key":"RECALL"},{"floor":10,"key":"REST"},{"data":"bronze:MaxOutput","floor":13,"key":"SMITH"},{"data":"bronze:Virus","floor":18,"key":"SMITH"},{"floor":25,"key":"REST"},{"data":"bronze:ItsAFeature","floor":35,"key":"SMITH"},{"data":"bronze:BugBarrage","floor":46,"key":"SMITH"}],"circlet_count":0,"master_deck":["bronze:Strike","bronze:Strike","bronze:Defend","bronze:Defend","bronze:Defend+1","bronze:Defend","bronze:Replicate+1","bronze:Goto","bronze:Repulsor+1","bronze:Iterate+1","bronze:OilSpill","bronze:ItsAFeature+1","bronze:MaxOutput+1","bronze:Frontload+1","bronze:Shield+1","bronze:OilSpill","bronze:BugBarrage","bronze:Virus+1","bronze:Turbo+1","bronze:Allocate+1","bronze:WildBeam+1","bronze:Shield+1","bronze:BugBarrage+1","bronze:WhirlingStrike+1","bronze:Shield+1","bronze:SpaghettiCode+1","bronze:ItsAFeature+1","bronze:BuggyMess+1","bronze:Mutator","bronze:BugBarrage+1","bronze:Shield+1","bronze:Shield+1","bronze:BugBarrage+1","bronze:ShipIt","bronze:Assembly+1"],"relics":["bronze:PlatinumCore","Toxic Egg 2","Lantern","Meat on the Bone","Membership Card","Art of War","Runic Pyramid","downfall:HeartBlessingRed","HornCleat","Mercury Hourglass","downfall:HeartBlessingBlue","Vajra","downfall:HeartBlessingGreen","Pen Nib","Omamori","Turnip","ClockworkSouvenir"],"acts_visited":["Exordium","TheCity","TheBeyond"],"potions_floor_usage":[12,12,16,23,27,29,33,43,50],"damage_taken":[{"damage":6,"enemies":"Jaw Worm","floor":2,"turns":3},{"damage":1,"enemies":"2 Louse","floor":3,"turns":3},{"damage":0,"enemies":"Small Slimes","floor":4,"turns":2},{"damage":26,"enemies":"3 Sentries","floor":6,"turns":8},{"damage":0,"enemies":"downfall:FleeingMerchant","floor":9,"turns":4},{"damage":22,"enemies":"Exordium Wildlife","floor":11,"turns":4},{"damage":0,"enemies":"Gremlin Nob","floor":12,"turns":3},{"damage":7,"enemies":"3 Louse","floor":14,"turns":3},{"damage":16,"enemies":"Red Slaver","floor":15,"turns":5},{"damage":13,"enemies":"WA_ARCHETYPE_RETAIN","floor":16,"turns":4},{"damage":0,"enemies":"Chosen","floor":19,"turns":4},{"damage":0,"enemies":"downfall:FleeingMerchant","floor":22,"turns":4},{"damage":68,"enemies":"Gremlin Leader","floor":23,"turns":6},{"damage":0,"enemies":"Snecko","floor":26,"turns":4},{"damage":14,"enemies":"Snake Plant","floor":27,"turns":4},{"damage":38,"enemies":"Slavers","floor":29,"turns":5},{"damage":6,"enemies":"Centurion and Healer","floor":30,"turns":4},{"damage":0,"enemies":"Chosen and Byrds","floor":32,"turns":3},{"damage":17,"enemies":"SI_MIRROR_ARCHETYPE","floor":33,"turns":9},{"damage":0,"enemies":"downfall:FleeingMerchant","floor":36,"turns":3},{"damage":0,"enemies":"Orb Walker","floor":38,"turns":4},{"damage":1,"enemies":"3 Shapes","floor":39,"turns":4},{"damage":18,"enemies":"Spire Growth","floor":40,"turns":3},{"damage":4,"enemies":"Transient","floor":43,"turns":5},{"damage":38,"enemies":"Jaw Worm Horde","floor":44,"turns":5},{"damage":0,"enemies":"Writhing Mass","floor":45,"turns":5},{"damage":15,"enemies":"Writhing Mass","floor":47,"turns":6},{"damage":0,"enemies":"Spire Growth","floor":49,"turns":4},{"damage":65,"enemies":"DF_ARCHETYPE_ORBS","floor":50,"turns":9}],"seed_played":"6242333006233081145","potions_obtained":[{"floor":2,"key":"DuplicationPotion"},{"floor":11,"key":"Energy Potion"},{"floor":12,"key":"Swift Potion"},{"floor":14,"key":"Strength Potion"},{"floor":23,"key":"Block Potion"},{"floor":26,"key":"AttackPotion"},{"floor":27,"key":"sneckomod:MuddlingPotion"},{"floor":29,"key":"SpeedPotion"},{"floor":30,"key":"Fruit Juice"},{"floor":38,"key":"SpeedPotion"},{"floor":40,"key":"DuplicationPotion"},{"floor":43,"key":"sneckomod:MuddlingPotion"}],"is_trial":false,"path_per_floor":["R","M","M","M","?","E","T","?","$","R","M","E","R","M","M","B",null,"R","M","?","?","$","E","T","R","M","M","?","E","M","?","M","B",null,"R","$","?","M","M","M","T","?","M","M","M","R","?","$","M","B"],"character_chosen":"THE_AUTOMATON","items_purchased":["Membership Card","Pen Nib","Fire Potion","bronze:Optimize","bronze:ShipIt","bronze:Assembly+1","ClockworkSouvenir"],"campfire_rested":2,"item_purchase_floors":[9,36,36,36,48,48,48],"current_hp_per_floor":[70,64,63,63,63,37,37,30,42,63,41,41,41,46,42,41,70,70,70,70,70,70,14,14,48,48,46,46,20,26,26,38,38,85,85,85,77,77,76,58,58,85,81,43,43,43,40,40,52,0,0,0],"gold":236,"neow_bonus":"UPGRADE_CARD","is_daily":false,"chose_seed":false,"campfire_upgraded":4,"win_rate":0.0,"timestamp":1611223440,"path_taken":["R","M","M","M","?","E","T","?","?","R","M","E","R","M","M","BOSS","R","M","?","?","$","E","T","R","M","M","?","E","M","?","M","BOSS","R","?","?","M","M","?","T","?","M","M","?","R","?","$","M","BOSS"],"items_purchased_type":["Relic","Relic","Potion","Card","Card","Card","Relic"],"build_version":"2020-12-22","purchased_purges":2,"victory":false,"max_hp_per_floor":[70,70,70,70,70,70,70,70,70,70,70,70,70,70,70,70,70,70,70,70,70,70,70,70,80,80,80,80,80,80,80,80,85,85,85,85,85,85,85,85,85,85,85,85,85,85,85,85,85,85,85,85],"relic_stats":{"counters":[29,130],"Pen Nib":[8],"Turnip":[0],"Art of War":[11],"obtain_stats":[{"bronze:PlatinumCore":34,"Lantern":7,"bronze:BronzeCore":0,"downfall:HeartBlessingRed":18,"Vajra":29,"downfall:HeartBlessingGreen":35,"Pen Nib":36,"Omamori":41,"Mercury Hourglass":23,"ClockworkSouvenir":48,"HornCleat":21,"downfall:HeartBlessingBlue":25,"Turnip":47,"Art of War":12,"Membership Card":9,"Toxic Egg 2":6,"Meat on the Bone":8,"Runic Pyramid":17},{"bronze:PlatinumCore":19,"Lantern":4,"bronze:BronzeCore":0,"downfall:HeartBlessingRed":10,"Vajra":16,"downfall:HeartBlessingGreen":19,"Pen Nib":20,"Omamori":23,"Mercury Hourglass":13,"ClockworkSouvenir":27,"HornCleat":11,"downfall:HeartBlessingBlue":13,"Turnip":27,"Art of War":7,"Membership Card":5,"Toxic Egg 2":4,"Meat on the Bone":4,"Runic Pyramid":10},{"bronze:PlatinumCore":82,"Lantern":16,"bronze:BronzeCore":0,"downfall:HeartBlessingRed":39,"Vajra":66,"downfall:HeartBlessingGreen":82,"Pen Nib":85,"Omamori":96,"Mercury Hourglass":53,"ClockworkSouvenir":117,"HornCleat":43,"downfall:HeartBlessingBlue":53,"Turnip":117,"Art of War":27,"Membership Card":20,"Toxic Egg 2":16,"Meat on the Bone":16,"Runic Pyramid":39}],"Meat on the Bone":144,"Mercury Hourglass":[208]},"card_choices":[{"not_picked":["bronze:Frontload","bronze:Turbo"],"picked":"bronze:Repulsor","floor":2},{"not_picked":["bronze:Overheat","bronze:DigitalCarnage"],"picked":"bronze:Iterate","floor":3},{"not_picked":["bronze:DelayedGuard","bronze:FollowUp"],"picked":"bronze:OilSpill","floor":4},{"not_picked":["bronze:Shell+1","bronze:BurnOut"],"picked":"bronze:ItsAFeature","floor":6},{"not_picked":["bronze:CutThrough","bronze:Deprecate+1"],"picked":"bronze:MaxOutput","floor":9},{"not_picked":["bronze:DarkDash","bronze:RecursiveStrike"],"picked":"bronze:Frontload+1","floor":11},{"not_picked":["bronze:Fortify","bronze:Assembly+1"],"picked":"bronze:Shield+1","floor":12},{"not_picked":["bronze:BronzeArmor+1","bronze:FollowUp"],"picked":"bronze:OilSpill","floor":14},{"not_picked":["bronze:ItsAFeature","bronze:Deprecate+1"],"picked":"bronze:BugBarrage","floor":15},{"not_picked":["bronze:RecursiveStrike","bronze:HyperBeam"],"picked":"bronze:Virus","floor":16},{"not_picked":["bronze:BitShift+1","bronze:Overheat+1"],"picked":"bronze:Turbo+1","floor":19},{"not_picked":["bronze:Shell+1","bronze:Repair+1"],"picked":"bronze:Allocate+1","floor":22},{"not_picked":["bronze:Verify","bronze:NullPointer","bronze:ClassDefault+1"],"picked":"SKIP","floor":23},{"not_picked":["bronze:Branch+1","bronze:DelayedSlice"],"picked":"bronze:WildBeam+1","floor":26},{"not_picked":["bronze:Overload+1","bronze:BronzeOrb"],"picked":"bronze:Shield+1","floor":27},{"not_picked":["bronze:Deprecate+1","bronze:WildBeam"],"picked":"bronze:BugBarrage","floor":29},{"not_picked":["bronze:CutThrough+1","bronze:DarkDash"],"picked":"bronze:WhirlingStrike+1","floor":30},{"not_picked":["bronze:BronzeOrb","bronze:Frontload+1"],"picked":"bronze:Shield+1","floor":32},{"not_picked":["bronze:HardenedForm","bronze:Verify"],"picked":"bronze:SpaghettiCode+1","floor":33},{"not_picked":["bronze:Branch+1","bronze:MaxOutput"],"picked":"bronze:ItsAFeature+1","floor":36},{"not_picked":["bronze:Invalidate+1","bronze:Branch+1"],"picked":"bronze:BuggyMess+1","floor":38},{"not_picked":["bronze:Iterate+1","bronze:Branch"],"picked":"bronze:Mutator","floor":39},{"not_picked":["bronze:Frontload+1","bronze:Safeguard+1","bronze:ForceShield+1"],"picked":"SKIP","floor":40},{"not_picked":["bronze:Repair+1","bronze:WhirlingStrike+1"],"picked":"bronze:BugBarrage+1","floor":43},{"not_picked":["bronze:CloningBeam+1","bronze:DelayedSlice"],"picked":"bronze:Shield+1","floor":44},{"not_picked":["bronze:Optimize","bronze:Frontload+1"],"picked":"bronze:Shield+1","floor":45},{"not_picked":["bronze:CutThrough","bronze:Iterate"],"picked":"bronze:BugBarrage+1","floor":47},{"not_picked":["bronze:Invalidate+1","bronze:AlphaBuild","bronze:Iterate+1"],"picked":"SKIP","floor":49}],"player_experience":419604,"relics_obtained":[{"floor":6,"key":"Toxic Egg 2"},{"floor":7,"key":"Lantern"},{"floor":12,"key":"Art of War"},{"floor":23,"key":"Mercury Hourglass"},{"floor":29,"key":"Vajra"},{"floor":41,"key":"Omamori"},{"floor":47,"key":"Turnip"}],"event_choices":[{"damage_healed":0,"gold_gain":0,"player_choice":"Grow","damage_taken":0,"max_hp_gain":0,"max_hp_loss":0,"event_name":"Living Wall","floor":5,"gold_loss":0,"cards_upgraded":["bronze:Iterate"]},{"damage_healed":0,"gold_gain":0,"player_choice":"Success","damage_taken":7,"relics_obtained":["Meat on the Bone"],"max_hp_gain":0,"max_hp_loss":0,"event_name":"Scrap Ooze","floor":8,"gold_loss":0},{"damage_healed":0,"gold_gain":0,"player_choice":"Ignored","damage_taken":0,"max_hp_gain":0,"max_hp_loss":0,"event_name":"Vampires","floor":28,"gold_loss":0},{"cards_removed":["bronze:Optimize"],"damage_healed":27,"gold_gain":0,"player_choice":"Offered Uncommon","damage_taken":0,"max_hp_gain":0,"max_hp_loss":0,"event_name":"Bonfire Elementals","floor":42,"gold_loss":0}],"is_beta":false,"boss_relics":[{"not_picked":["Busted Crown","Black Star"],"picked":"Runic Pyramid"},{"not_picked":["Tiny House","Fusion Hammer"],"picked":"bronze:PlatinumCore"}],"items_purged_floors":[22,48],"is_endless":false,"potions_floor_spawned":[2,11,12,14,23,26,27,29,30,38,40,43,45],"killed_by":"DF_ARCHETYPE_ORBS","ascension_level":0}}