{"host":"49c2zf0lajbcs427","time":1611189960,"event":{"mods":["AchievementEnabler","BaseMod","Colored Map","Colored Powertips","Highlight Path","Key Reminder","Minty Spire (QoL Compilation)","Relic Stats","StSLib"],"gold_per_floor":[119,134,146,164,114,114,145,168,168,184,194,227,227,260,260,355,355,370,384,225,235,235,267,277,308,331,345,345,96,96,125,125,226,226,236,11,0,16,16,16,42,60,85,95,121,86,101,39,39,39,39,39,39,70,70],"floor_reached":56,"language":"ENG","playtime":4535,"items_purged":["Strike_B","Strike_B"],"score":1734,"play_id":"50e18bba-e0f8-4852-82d4-07ad53000aff","local_time":"20210121134600","is_ascension_mode":true,"campfire_choices":[{"data":"Rip and Tear","floor":6.0,"key":"SMITH"},{"data":"Capacitor","floor":15.0,"key":"SMITH"},{"floor":28,"key":"REST"},{"floor":32,"key":"REST"},{"floor":40,"key":"RECALL"}],"circlet_count":0,"master_deck":["Strike_B","Strike_B","Defend_B","Defend_B","Defend_B","Zap","Dualcast","Sweeping Beam","Undo","Rip and Tear+1","Glacier","Consume","Cold Snap","Hyperbeam","Capacitor+1","All For One","Enlightenment","Ball Lightning+1","Rainbow","Loop+1","Sunder","Multi-Cast","Echo Form","Defragment","Doom and Gloom","Creative AI","Hologram+1","Defragment","Loop"],"relics":["Snecko Eye","Mercury Hourglass","Odd Mushroom","Darkstone Periapt","Symbiotic Virus","Ice Cream","InkBottle","Fusion Hammer","Happy Flower","Oddly Smooth Stone","MealTicket","Runic Capacitor","Mummified Hand","Coffee Dripper","Anchor","Red Mask","HornCleat","Strawberry","Bag of Preparation","Lantern"],"acts_visited":["Exordium","TheCity","TheBeyond","TheEnding"],"potions_floor_usage":[23,24,25,27,27,27,55,55,55],"damage_taken":[{"damage":7.0,"enemies":"2 Louse","floor":1.0,"turns":3.0},{"damage":0.0,"enemies":"Small Slimes","floor":2.0,"turns":6.0},{"damage":3.0,"enemies":"Jaw Worm","floor":3.0,"turns":4.0},{"damage":18.0,"enemies":"Gremlin Gang","floor":4.0,"turns":3.0},{"damage":2.0,"enemies":"Lagavulin","floor":7.0,"turns":7.0},{"damage":0.0,"enemies":"The Mushroom Lair","floor":8.0,"turns":3.0},{"damage":0.0,"enemies":"Red Slaver","floor":10.0,"turns":3.0},{"damage":0.0,"enemies":"Looter","floor":11.0,"turns":2.0},{"damage":0.0,"enemies":"Gremlin Nob","floor":12.0,"turns":3.0},{"damage":0.0,"enemies":"3 Sentries","floor":14.0,"turns":2.0},{"damage":0.0,"enemies":"The Guardian","floor":16.0,"turns":12.0},{"damage":9.0,"enemies":"2 Thieves","floor":18.0,"turns":3.0},{"damage":0.0,"enemies":"Spheric Guardian","floor":19.0,"turns":2.0},{"damage":3.0,"enemies":"Cultist and Chosen","floor":21.0,"turns":4.0},{"damage":0,"enemies":"Gremlin Leader","floor":23,"turns":5},{"damage":23,"enemies":"Snake Plant","floor":24,"turns":3},{"damage":26,"enemies":"Book of Stabbing","floor":25,"turns":4},{"damage":0,"enemies":"Shelled Parasite and Fungi","floor":27,"turns":2},{"damage":16,"enemies":"Gremlin Leader","floor":31,"turns":4},{"damage":0,"enemies":"Automaton","floor":33,"turns":5},{"damage":14,"enemies":"Orb Walker","floor":35,"turns":2},{"damage":0,"enemies":"3 Shapes","floor":38,"turns":4},{"damage":0,"enemies":"Giant Head","floor":41,"turns":3},{"damage":0,"enemies":"Spire Growth","floor":42,"turns":4},{"damage":0,"enemies":"Transient","floor":44,"turns":5},{"damage":5,"enemies":"Reptomancer","floor":45,"turns":4},{"damage":0,"enemies":"Writhing Mass","floor":47,"turns":3},{"damage":4,"enemies":"Time Eater","floor":50,"turns":8},{"damage":8,"enemies":"Shield and Spear","floor":54,"turns":5},{"damage":55,"enemies":"The Heart","floor":55,"turns":6}],"seed_played":"-8161408799578759402","potions_obtained":[{"floor":1.0,"key":"SkillPotion"},{"floor":2.0,"key":"GamblersBrew"},{"floor":3.0,"key":"Energy Potion"},{"floor":7.0,"key":"Explosive Potion"},{"floor":11.0,"key":"Regen Potion"},{"floor":14.0,"key":"EssenceOfSteel"},{"floor":21,"key":"Dexterity Potion"},{"floor":23,"key":"EntropicBrew"},{"floor":24,"key":"Fire Potion"},{"floor":33,"key":"AttackPotion"},{"floor":35,"key":"GamblersBrew"},{"floor":41,"key":"FocusPotion"}],"is_trial":false,"path_per_floor":["M","M","M","M","?","R","E","?","T","M","M","E","?","E","R","B",null,"M","M","$","M","?","E","M","E","T","M","R","$","$","E","R","B",null,"M","$","?","M","?","R","E","M","T","M","E","$","M","?","R","B",null,"R","$","E","B",null],"character_chosen":"DEFECT","items_purchased":["Enlightenment","Runic Capacitor","Anchor","Doom and Gloom","Defragment"],"campfire_rested":2,"item_purchase_floors":[20,29,36,36,46],"current_hp_per_floor":[68,68,65,47,47,47,45,45,45,45,45,45,33,33,33,33,65,56,56,56,53,47,61,38,12,12,12,34,49,64,48,70,70,74,60,75,75,75,75,75,75,75,75,75,77,82,82,82,82,78,81,81,82,74,19],"gold":70,"neow_bonus":"BOSS_RELIC","is_daily":false,"chose_seed":false,"campfire_upgraded":2,"win_rate":0.0,"timestamp":1611189960,"path_taken":["M","M","M","M","?","R","E","?","T","M","M","E","?","E","R","BOSS","M","M","$","M","?","E","?","E","T","M","R","?","$","E","R","BOSS","M","$","?","M","?","R","E","M","T","M","E","$","M","?","R","BOSS","R","$","E","BOSS"],"items_purchased_type":["Card","Relic","Relic","Card","Card"],"build_version":"2020-12-22","purchased_purges":2,"victory":true,"max_hp_per_floor":[75,75,75,75,75,75,75,75,75,75,75,75,75,75,75,75,75,75,75,75,75,75,75,75,75,75,75,75,75,75,75,75,75,75,75,75,75,75,75,75,75,75,75,75,82,82,82,82,82,82,82,82,82,82,82],"relic_stats":{"Darkstone Periapt":0,"Happy Flower":[20],"counters":[30,122],"Mummified Hand":[134],"Snecko Eye":[210,214,213,237],"MealTicket":51,"Bag of Preparation":[6],"obtain_stats":[{"Darkstone Periapt":9,"Ice Cream":13,"Lantern":54,"Happy Flower":23,"Oddly Smooth Stone":25,"Runic Capacitor":29,"Bag of Preparation":48,"Odd Mushroom":8,"Mercury Hourglass":7,"keyreminder:keyreminder":40,"Anchor":36,"HornCleat":41,"Mummified Hand":31,"Strawberry":45,"Snecko Eye":0,"MealTicket":26,"Fusion Hammer":17,"Coffee Dripper":34,"Red Mask":37,"Cracked Core":0,"Symbiotic Virus":12,"InkBottle":14},{"Darkstone Periapt":6,"Ice Cream":9,"Lantern":29,"Happy Flower":15,"Oddly Smooth Stone":17,"Runic Capacitor":18,"Bag of Preparation":27,"Odd Mushroom":6,"Mercury Hourglass":5,"keyreminder:keyreminder":22,"Anchor":21,"HornCleat":23,"Mummified Hand":19,"Strawberry":26,"Snecko Eye":0,"MealTicket":17,"Fusion Hammer":11,"Coffee Dripper":20,"Red Mask":21,"Cracked Core":0,"Symbiotic Virus":9,"InkBottle":10},{"Darkstone Periapt":26,"Ice Cream":33,"Lantern":116,"Happy Flower":60,"Oddly Smooth Stone":67,"Runic Capacitor":69,"Bag of Preparation":103,"Odd Mushroom":26,"Mercury Hourglass":23,"keyreminder:keyreminder":84,"Anchor":80,"HornCleat":87,"Mummified Hand":73,"Strawberry":100,"Snecko Eye":0,"MealTicket":67,"Fusion Hammer":47,"Coffee Dripper":78,"Red Mask":80,"Cracked Core":0,"Symbiotic Virus":33,"InkBottle":35}],"InkBottle":[41],"Mercury Hourglass":[377]},"card_choices":[{"not_picked":["Darkness","Redo"],"picked":"Sweeping Beam","floor":1.0},{"not_picked":["Ball Lightning","Reinforced Body"],"picked":"Undo","floor":2.0},{"not_picked":["Cold Snap","Compile Driver"],"picked":"Rip and Tear","floor":3.0},{"not_picked":["Chaos","Go for the Eyes"],"picked":"Glacier","floor":4.0},{"not_picked":["Gash","Self Repair"],"picked":"Consume","floor":7.0},{"not_picked":["Heatsinks","Undo"],"picked":"Cold Snap","floor":8.0},{"not_picked":["White Noise","Beam Cell"],"picked":"Hyperbeam","floor":10.0},{"not_picked":["Hologram","Streamline","Darkness"],"picked":"SKIP","floor":11.0},{"not_picked":["Redo","Heatsinks","Ball Lightning"],"picked":"SKIP","floor":12.0},{"not_picked":["Amplify","Genetic Algorithm"],"picked":"Capacitor","floor":14.0},{"not_picked":["Buffer","Machine Learning"],"picked":"All For One","floor":16.0},{"not_picked":["Barrage+1","Conserve Battery","Go for the Eyes"],"picked":"SKIP","floor":18.0},{"not_picked":["Turbo","Ball Lightning","Chill"],"picked":"SKIP","floor":19.0},{"not_picked":["Turbo+1","Stack+1"],"picked":"Ball Lightning+1","floor":21},{"not_picked":["Compile Driver+1","Beam Cell"],"picked":"Rainbow","floor":23},{"not_picked":["Steam","Static Discharge"],"picked":"Loop+1","floor":24},{"not_picked":["Leap+1","Stack","Go for the Eyes"],"picked":"SKIP","floor":25},{"not_picked":["Heatsinks+1","Ball Lightning"],"picked":"Sunder","floor":27},{"not_picked":["Coolheaded+1","Static Discharge+1"],"picked":"Multi-Cast","floor":31},{"not_picked":["Core Surge","All For One"],"picked":"Echo Form","floor":33},{"not_picked":["Rebound","Doom and Gloom+1"],"picked":"Defragment","floor":35},{"not_picked":["Beam Cell","Leap","Rebound+1"],"picked":"SKIP","floor":38},{"not_picked":["Barrage","Stack","Streamline"],"picked":"SKIP","floor":41},{"not_picked":["Ball Lightning+1","Cold Snap+1","Go for the Eyes"],"picked":"SKIP","floor":42},{"not_picked":["Steam Power","Cold Snap"],"picked":"Creative AI","floor":44},{"not_picked":["Compile Driver","Chaos+1"],"picked":"Hologram+1","floor":45},{"not_picked":["Rebound","Redo+1","Cold Snap"],"picked":"SKIP","floor":47},{"not_picked":["Genetic Algorithm+1","Sweeping Beam+1"],"picked":"Loop","floor":54}],"player_experience":2335692,"relics_obtained":[{"floor":7.0,"key":"Mercury Hourglass"},{"floor":8.0,"key":"Odd Mushroom"},{"floor":9.0,"key":"Darkstone Periapt"},{"floor":12.0,"key":"Symbiotic Virus"},{"floor":14.0,"key":"InkBottle"},{"floor":23,"key":"Happy Flower"},{"floor":25,"key":"Oddly Smooth Stone"},{"floor":26,"key":"MealTicket"},{"floor":31,"key":"Mummified Hand"},{"floor":41,"key":"HornCleat"},{"floor":45,"key":"Strawberry"},{"floor":54,"key":"Lantern"}],"event_choices":[{"cards_removed":["Defend_B"],"damage_healed":0.0,"max_hp_gain":0.0,"max_hp_loss":0.0,"gold_gain":0.0,"event_name":"The Cleric","player_choice":"Card Removal","floor":5.0,"gold_loss":50.0,"damage_taken":0.0},{"damage_healed":0.0,"max_hp_gain":0.0,"max_hp_loss":0.0,"gold_gain":0.0,"event_name":"Mushrooms","player_choice":"Fought Mushrooms","floor":8.0,"gold_loss":0.0,"damage_taken":0.0},{"damage_healed":0.0,"max_hp_gain":0.0,"max_hp_loss":0.0,"gold_gain":0.0,"event_name":"Scrap Ooze","player_choice":"Success","floor":13.0,"gold_loss":0.0,"damage_taken":12.0,"relics_obtained":["Ice Cream"]},{"damage_healed":0,"gold_gain":0,"player_choice":"","damage_taken":6,"max_hp_gain":0,"max_hp_loss":0,"event_name":"Knowing Skull","floor":22,"potions_obtained":[],"gold_loss":0,"cards_obtained":[]},{"damage_healed":0,"gold_gain":0,"player_choice":"Paid","damage_taken":0,"relics_obtained":["Red Mask"],"max_hp_gain":0,"max_hp_loss":0,"event_name":"Tomb of Lord Red Mask","floor":37,"gold_loss":11},{"damage_healed":0,"gold_gain":0,"player_choice":"Memory 1","damage_taken":0,"max_hp_gain":0,"max_hp_loss":0,"event_name":"SensoryStone","floor":39,"gold_loss":0},{"damage_healed":0,"gold_gain":0,"player_choice":"Paid Gold","damage_taken":0,"relics_obtained":["Bag of Preparation"],"max_hp_gain":0,"max_hp_loss":0,"event_name":"WeMeetAgain","floor":48,"gold_loss":62}],"is_beta":false,"boss_relics":[{"not_picked":["Velvet Choker","Ectoplasm"],"picked":"Fusion Hammer"},{"not_picked":["Calling Bell","Runic Dome"],"picked":"Coffee Dripper"}],"items_purged_floors":[20,29],"is_endless":false,"potions_floor_spawned":[1,2,3,7,11,14,21,23,24,33,35,41,44],"ascension_level":5}}