{"host":"w05x4i13f2m9joq1","time":1611203932,"event":{"mods":["Act Like it!","Bard","BaseMod","Better Altar","Better Match","Better Note","Better Sensory Stone","Better Skull","Better Third Choice","BetterRewards","Colored Map","Colored Powertips","Duelist Mod","GifTheSpireLib","Googly Eyes","Ironclad Rager","Lobotomy","LobotomyExtend","Marisa????????","Minty Spire (QoL Compilation)","Replay The Spire","Spire Birthday Party","StSLib","The Bug Knight","The Construct","The Hierophant","The IronCluck","The Mystic","TheBandit","everything is the same but u backflip on backflip","slay the spire mod where everything is the same but ironclad has a cowboy hat"],"gold_per_floor":[140,140,158,168,183,216,230,558,558,558,590,600,612,612,612,710,710,726,741,63,83,83,83,83],"floor_reached":23,"language":"ENG","playtime":1466,"items_purged":[],"score":345,"play_id":"5a737867-301c-45b9-8bb8-e0ca01aa85a4","local_time":"20210120233852","is_ascension_mode":true,"campfire_choices":[{"floor":10.0,"key":"REST"},{"floor":15.0,"key":"REST"}],"circlet_count":0,"master_deck":["theDuelist:Nameless:Magic:GoldenApples","theDuelist:ArchfiendSoldier","theDuelist:ArchfiendSoldier","theDuelist:ArchfiendSoldier","theDuelist:CastleWalls","theDuelist:CastleWalls","theDuelist:CastleWalls","theDuelist:FiendMegacyber","theDuelist:Sparks","theDuelist:Sparks","theDuelist:SummonedSkull","theDuelist:GoldenApples","theDuelist:KingYami","theDuelist:PutridPudding","theDuelist:Relinkuriboh","theDuelist:DarkEnergy","theDuelist:TributeDoomed","theDuelist:GoblinKing","theDuelist:CallGrave","theDuelist:BeastTalwar+1","theDuelist:FiendishChain+1","theDuelist:SummonedSkull","theDuelist:SummonedSkull","Blind+1"],"relics":["theDuelist:MillenniumPuzzle","theDuelist:CardPoolRelic","theDuelist:CardPoolBasicRelic","theDuelist:BoosterPackPoolRelic","theDuelist:CardPoolAddRelic","theDuelist:CardPoolMinusRelic","theDuelist:CardPoolSaveRelic","theDuelist:CardPoolOptionsRelic","Replay:Baseball","LetterFromLob","Toy Ornithopter","Old Coin","Tingsha","Counterbalance","Black Star","Frozen Eye","Toxic Egg 2","TheAbacus","theDuelist:MillenniumRod"],"acts_visited":["Exordium","TheCity"],"potions_floor_usage":[21,21,21],"damage_taken":[{"damage":10.0,"enemies":"Small Slimes","floor":1.0,"turns":2.0},{"damage":0.0,"enemies":"Cultist","floor":3.0,"turns":2.0},{"damage":0.0,"enemies":"2 Louse","floor":4.0,"turns":2.0},{"damage":9.0,"enemies":"Red Slaver","floor":5.0,"turns":2.0},{"damage":6.0,"enemies":"Gremlin Nob","floor":6.0,"turns":3.0},{"damage":1.0,"enemies":"3 Louse","floor":7.0,"turns":3.0},{"damage":8.0,"enemies":"3 Sentries","floor":8.0,"turns":6.0},{"damage":18.0,"enemies":"Lagavulin","floor":11.0,"turns":3.0},{"damage":8.0,"enemies":"Large Slime","floor":12.0,"turns":4.0},{"damage":9.0,"enemies":"2 Fungi Beasts","floor":13.0,"turns":3.0},{"damage":0.0,"enemies":"Fading Forest","floor":16.0,"turns":11.0},{"damage":1.0,"enemies":"Chosen","floor":18.0,"turns":4.0},{"damage":25.0,"enemies":"2 Thieves","floor":19.0,"turns":3.0},{"damage":10,"enemies":"Centurion and Healer","floor":21,"turns":5},{"damage":41,"enemies":"Slavers","floor":23,"turns":2}],"seed_played":"415647237733128181","potions_obtained":[{"floor":2.0,"key":"theDuelist:ExtraOrbsBottle"},{"floor":2.0,"key":"theDuelist:ElectricBrew"},{"floor":2.0,"key":"theDuelist:FusionPotion"},{"floor":4.0,"key":"Languid Potion"}],"is_trial":false,"path_per_floor":["M","?","M","M","M","E","M","E","T","R","E","M","M","E","R","B",null,"M","M","$","M","?","E"],"character_chosen":"THE_DUELIST","items_purchased":["Toxic Egg 2","TheAbacus","theDuelist:MillenniumRod","theDuelist:FiendishChain+1","theDuelist:SummonedSkull"],"campfire_rested":2,"item_purchase_floors":[20,20,20,20,20],"current_hp_per_floor":[62,62,62,62,53,47,46,38,38,56,38,30,27,27,44,52,55,53,28,28,35,35,0,0],"gold":83,"neow_bonus":"RANDOM_COMMON_RELIC","is_daily":false,"chose_seed":false,"campfire_upgraded":0,"win_rate":0.0,"timestamp":1611203932,"path_taken":["M","?","M","M","M","E","M","E","T","R","E","M","?","E","R","BOSS","M","M","$","M","?","E"],"items_purchased_type":["Relic","Relic","Relic","Card","Card"],"build_version":"2020-12-22","purchased_purges":0,"victory":false,"max_hp_per_floor":[80,80,77,74,71,68,65,62,62,62,59,56,59,59,59,56,56,53,50,50,52,52,52,52],"card_choices":[{"not_picked":["theDuelist:BlueBloodedOni","theDuelist:GreyGreedOni","theDuelist:YellowBelliedOni"],"picked":"SKIP","floor":1.0},{"not_picked":["theDuelist:ImperialOrder","theDuelist:SilverApples"],"picked":"theDuelist:GoldenApples","floor":3.0},{"not_picked":["theDuelist:VanityFiend","theDuelist:RedMirror"],"picked":"theDuelist:KingYami","floor":4.0},{"not_picked":["theDuelist:BattleguardKing","theDuelist:DarklordSuperbia","theDuelist:GraniteLoyalist"],"picked":"SKIP","floor":5.0},{"not_picked":["theDuelist:FeatherShot","theDuelist:ArchfiendGeneral"],"picked":"theDuelist:PutridPudding","floor":6.0},{"not_picked":["theDuelist:DarkTinker","theDuelist:FlyingSaucer"],"picked":"theDuelist:Relinkuriboh","floor":7.0},{"not_picked":["theDuelist:JamBreeding","theDuelist:ShardGreed"],"picked":"theDuelist:DarkEnergy","floor":8.0},{"not_picked":["theDuelist:CheerfulCoffin","theDuelist:GracefulCharity"],"picked":"theDuelist:TributeDoomed","floor":11.0},{"not_picked":["theDuelist:BigEye","theDuelist:PotAvarice"],"picked":"theDuelist:DestructPotion","floor":12.0},{"not_picked":["theDuelist:Pumpking","theDuelist:FlyingSaucer"],"picked":"theDuelist:GoblinKing","floor":13.0},{"not_picked":["theDuelist:FeatherShot","theDuelist:DarkMasterZorc"],"picked":"theDuelist:ArchfiendGeneral","floor":16.0},{"not_picked":["theDuelist:BottomlessTrapHole","theDuelist:FiendishChain+1"],"picked":"theDuelist:CallGrave","floor":18.0},{"not_picked":["theDuelist:UmbralHorrorUniform","theDuelist:DarkFusion+1"],"picked":"theDuelist:BeastTalwar+1","floor":19.0},{"not_picked":["Good Instincts+1","Impatience+1","Madness+1"],"picked":"Blind+1","floor":21}],"player_experience":118736,"relics_obtained":[{"floor":1.0,"key":"LetterFromLob"},{"floor":6.0,"key":"Toy Ornithopter"},{"floor":8.0,"key":"Old Coin"},{"floor":9.0,"key":"Tingsha"},{"floor":11.0,"key":"Counterbalance"}],"event_choices":[{"damage_healed":0.0,"max_hp_gain":0.0,"max_hp_loss":0.0,"gold_gain":0.0,"event_name":"Lab","player_choice":"Got Potions","floor":2.0,"gold_loss":0.0,"damage_taken":0.0},{"damage_healed":0,"gold_gain":0,"player_choice":"Traded Archfiend General for Golden Apples","duelist":true,"damage_taken":0,"max_hp_gain":0,"max_hp_loss":0,"event_name":"Card Trader","floor":22,"gold_loss":0}],"is_beta":false,"boss_relics":[{"not_picked":["Cursed Key","SacredBark"],"picked":"Black Star"}],"items_purged_floors":[],"is_endless":false,"potions_floor_spawned":[4,6,7,8,16,19],"killed_by":"Slavers","ascension_level":6}}