{"host":"i4yzoangb31cseo0","time":1611233310,"event":{"mods":["AchievementEnabler","BaseMod","Colored Powertips","Curses Come First","Downfall","Hermit","Marisa????????","Minty Spire (QoL Compilation)","StSLib","The Cursed","The Necromancer","The Senshi","The Servant 0.9.4"],"gold_per_floor":[114,114,39,39,94,127,127,55,55,55,69,96,96,113,113,216,216,230,9,84,99,110,110,130,148,148,148,159,190,190,190,190,190,190],"floor_reached":33,"language":"ENG","playtime":1855,"items_purged":["Pain"],"score":337,"play_id":"cdcd8e53-2915-4c82-b039-2ee80690e472","local_time":"20210121231830","is_ascension_mode":true,"campfire_choices":[{"floor":7,"key":"RECALL"},{"floor":10,"key":"REST"},{"data":"Blood for Blood","floor":13,"key":"SMITH"},{"floor":15,"key":"REST"},{"floor":23,"key":"REST"},{"floor":27,"key":"REST"},{"data":"Bloodletting","floor":32,"key":"SMITH"}],"circlet_count":0,"master_deck":["Strike_R","Strike_R","Strike_R","Strike_R","Strike_R","Defend_R","Defend_R","Defend_R","Defend_R","Bash+1","Metallicize","Infernal Blade","Bloodletting+1","Blood for Blood+1","Seeing Red+1","Uppercut","Offering","Shrug It Off+1","Infernal Blade","Anger","Blood for Blood","Bludgeon","Blood for Blood","Blood for Blood"],"relics":["Burning Blood","Toy Ornithopter","Vajra","SacredBark","theSenshi:SailorFukuRelic","InkBottle","Oddly Smooth Stone"],"acts_visited":["Exordium","TheCity"],"potions_floor_usage":[12,22,24,28,29,33,33],"damage_taken":[{"damage":4,"enemies":"Small Slimes","floor":1,"turns":3},{"damage":56,"enemies":"Gremlin Nob","floor":6,"turns":6},{"damage":11,"enemies":"Jaw Worm","floor":11,"turns":2},{"damage":26,"enemies":"Lagavulin","floor":12,"turns":7},{"damage":6,"enemies":"Cultist","floor":14,"turns":4},{"damage":55,"enemies":"The Guardian","floor":16,"turns":10},{"damage":11,"enemies":"Spheric Guardian","floor":18,"turns":3},{"damage":13,"enemies":"Shell Parasite","floor":21,"turns":2},{"damage":36,"enemies":"Snake Plant","floor":22,"turns":5},{"damage":10,"enemies":"Sentry and Sphere","floor":24,"turns":5},{"damage":29,"enemies":"Shelled Parasite and Fungi","floor":25,"turns":5},{"damage":9,"enemies":"Snake Plant","floor":28,"turns":3},{"damage":28,"enemies":"Book of Stabbing","floor":29,"turns":3},{"damage":113,"enemies":"Collector","floor":33,"turns":7}],"seed_played":"-4388775286091418881","potions_obtained":[{"floor":11,"key":"AttackPotion"},{"floor":12,"key":"BlessingOfTheForge"},{"floor":18,"key":"PowerPotion"},{"floor":22,"key":"Swift Potion"},{"floor":24,"key":"Block Potion"},{"floor":25,"key":"GamblersBrew"},{"floor":28,"key":"Regen Potion"}],"is_trial":false,"path_per_floor":["M","?","$","?","?","E","R","$","T","R","M","E","R","M","R","B",null,"M","$","?","M","M","R","M","M","T","R","M","E","?","?","R","B"],"character_chosen":"IRONCLAD","items_purchased":["Bloodletting","theSenshi:SailorFukuRelic","Infernal Blade"],"campfire_rested":4,"item_purchase_floors":[8,19,19],"current_hp_per_floor":[96,96,96,96,96,46,46,46,46,74,69,54,54,54,82,33,96,91,91,82,75,50,78,79,56,56,84,86,83,83,83,83,0,0],"gold":190,"neow_bonus":"TWENTY_PERCENT_HP_BONUS","is_daily":false,"chose_seed":false,"campfire_upgraded":2,"win_rate":0.0,"timestamp":1611233310,"path_taken":["M","?","$","?","?","E","R","?","T","R","M","E","R","?","R","BOSS","M","$","?","M","M","R","?","M","T","R","M","E","?","?","R","BOSS"],"items_purchased_type":["Card","Relic","Card"],"build_version":"2020-12-22","purchased_purges":1,"victory":false,"max_hp_per_floor":[96,96,96,96,96,96,96,96,96,96,96,96,96,96,96,96,96,96,96,96,96,96,96,96,96,96,96,96,96,96,96,96,96,96],"card_choices":[{"not_picked":["Body Slam","Pommel Strike"],"picked":"Metallicize","floor":1},{"not_picked":["Blood for Blood","Heavy Blade"],"picked":"Infernal Blade","floor":6},{"not_picked":["Iron Wave","Power Through"],"picked":"Blood for Blood","floor":11},{"not_picked":["Reckless Charge","True Grit"],"picked":"Seeing Red","floor":12},{"not_picked":["Berserk","Hemokinesis"],"picked":"Uppercut","floor":14},{"not_picked":["Juggernaut","Barricade"],"picked":"Offering","floor":16},{"not_picked":["Clash","Cleave"],"picked":"Shrug It Off+1","floor":18},{"not_picked":["Iron Wave","Twin Strike"],"picked":"Anger","floor":21},{"not_picked":["True Grit","Feel No Pain+1"],"picked":"Blood for Blood","floor":22},{"not_picked":["Warcry","Twin Strike","Battle Trance"],"picked":"SKIP","floor":24},{"not_picked":["Body Slam","Perfected Strike"],"picked":"Bludgeon","floor":25},{"not_picked":["Perfected Strike","Shrug It Off"],"picked":"Blood for Blood","floor":28},{"not_picked":["Rupture","Flex","True Grit"],"picked":"SKIP","floor":29}],"player_experience":138431,"relics_obtained":[{"floor":6,"key":"Toy Ornithopter"},{"floor":12,"key":"Vajra"},{"floor":26,"key":"InkBottle"},{"floor":29,"key":"Oddly Smooth Stone"}],"event_choices":[{"damage_healed":0,"gold_gain":0,"player_choice":"Ignored","damage_taken":0,"max_hp_gain":0,"max_hp_loss":0,"event_name":"Liars Game","floor":2,"gold_loss":0},{"damage_healed":0,"gold_gain":0,"player_choice":"Grow","damage_taken":0,"max_hp_gain":0,"max_hp_loss":0,"event_name":"Living Wall","floor":4,"gold_loss":0,"cards_upgraded":["Bash"]},{"damage_healed":0,"gold_gain":55,"player_choice":"Gained Gold","damage_taken":0,"max_hp_gain":0,"max_hp_loss":0,"event_name":"Golden Wing","floor":5,"gold_loss":0},{"damage_healed":0,"gold_gain":75,"player_choice":"Touch","damage_taken":9,"max_hp_gain":0,"max_hp_loss":0,"event_name":"FaceTrader","floor":20,"gold_loss":0},{"damage_healed":0,"gold_gain":0,"player_choice":"Read","damage_taken":0,"max_hp_gain":0,"max_hp_loss":0,"event_name":"The Library","floor":30,"gold_loss":0,"cards_obtained":["Blood for Blood"]},{"damage_healed":0,"gold_gain":0,"player_choice":"Forge","damage_taken":0,"max_hp_gain":0,"max_hp_loss":0,"event_name":"Accursed Blacksmith","floor":31,"gold_loss":0,"cards_upgraded":["Seeing Red"]}],"is_beta":false,"boss_relics":[{"not_picked":["Sozu","Cursed Key"],"picked":"SacredBark"}],"items_purged_floors":[3],"is_endless":false,"potions_floor_spawned":[11,12,18,22,24,25,28],"killed_by":"Collector","ascension_level":1}}