{"host":"foq4mrde4mssg7vt","time":1611237242,"event":{"mods":["AchievementEnabler","BaseMod","Colored Map","Colored Powertips","Highlight Path","Minty Spire (QoL Compilation)","Relic Stats","everything is the same but u backflip on backflip"],"gold_per_floor":[117,134,150,229,242,242,277,277,303,21,21,33,33,67,67,138,138,157,171,96,147,158,158,184,184,209,209,243,243,253,95,95,174,174,188,200,212,230,249,283,301,301,301,301,301,301,301,315,315,315,315,315,315,36,67,67,67],"floor_reached":56,"language":"ENG","playtime":3668,"items_purged":["Defend_B","Strike_B"],"score":1904,"play_id":"9a9c63f4-4701-40b0-b904-4e46ffefdf11","local_time":"20210121215402","is_ascension_mode":true,"campfire_choices":[{"data":"Doom and Gloom","floor":6.0,"key":"SMITH"},{"floor":11.0,"key":"REST"},{"data":"Coolheaded","floor":15.0,"key":"SMITH"},{"data":"Biased Cognition","floor":23.0,"key":"SMITH"},{"data":"Loop","floor":25.0,"key":"SMITH"},{"data":"Fission","floor":27.0,"key":"SMITH"},{"floor":32.0,"key":"REST"},{"floor":45.0,"key":"REST"},{"floor":47.0,"key":"RECALL"},{"data":"Multi-Cast","floor":49.0,"key":"SMITH"},{"data":"Coolheaded","floor":53.0,"key":"SMITH"}],"circlet_count":0,"master_deck":["AscendersBane","Strike_B","Strike_B","Defend_B","Defend_B+1","Defend_B","Zap","Dualcast","Cold Snap","Ball Lightning","Doom and Gloom+1","Coolheaded+1","Capacitor","FTL","Self Repair","BootSequence+1","Biased Cognition+1","Loop+1","Barrage","Undo","Fission+1","Coolheaded+1","Compile Driver","Hologram","Sweeping Beam","Multi-Cast+1","Conserve Battery","Glacier","Echo Form"],"relics":["Cracked Core","Dream Catcher","Pen Nib","OrangePellets","Smiling Mask","Nuclear Battery","War Paint","Regal Pillow","Orichalcum","DataDisk","SlaversCollar","Darkstone Periapt","Art of War","HornCleat"],"acts_visited":["Exordium","TheCity","TheBeyond","TheEnding"],"potions_floor_usage":[56,56],"damage_taken":[{"damage":2.0,"enemies":"Jaw Worm","floor":1.0,"turns":3.0},{"damage":6.0,"enemies":"2 Louse","floor":2.0,"turns":3.0},{"damage":2.0,"enemies":"Small Slimes","floor":3.0,"turns":3.0},{"damage":11.0,"enemies":"Exordium Wildlife","floor":5.0,"turns":4.0},{"damage":23.0,"enemies":"Lagavulin","floor":7.0,"turns":5.0},{"damage":9.0,"enemies":"3 Louse","floor":12.0,"turns":3.0},{"damage":20.0,"enemies":"3 Sentries","floor":14.0,"turns":8.0},{"damage":17.0,"enemies":"Slime Boss","floor":16.0,"turns":7.0},{"damage":0.0,"enemies":"Chosen","floor":18.0,"turns":5.0},{"damage":14.0,"enemies":"Shell Parasite","floor":19.0,"turns":4.0},{"damage":25.0,"enemies":"Shelled Parasite and Fungi","floor":22.0,"turns":7.0},{"damage":5.0,"enemies":"Gremlin Leader","floor":24.0,"turns":6.0},{"damage":20.0,"enemies":"Book of Stabbing","floor":28.0,"turns":5.0},{"damage":19.0,"enemies":"Centurion and Healer","floor":30.0,"turns":6.0},{"damage":28.0,"enemies":"Automaton","floor":33.0,"turns":13.0},{"damage":10.0,"enemies":"Orb Walker","floor":35.0,"turns":3.0},{"damage":3.0,"enemies":"3 Darklings","floor":36.0,"turns":21.0},{"damage":43.0,"enemies":"Transient","floor":37.0,"turns":6.0},{"damage":0.0,"enemies":"Maw","floor":38.0,"turns":8.0},{"damage":21.0,"enemies":"Sphere and 2 Shapes","floor":39.0,"turns":8.0},{"damage":0.0,"enemies":"Giant Head","floor":40.0,"turns":8.0},{"damage":26.0,"enemies":"Writhing Mass","floor":41.0,"turns":10.0},{"damage":1.0,"enemies":"3 Darklings","floor":48.0,"turns":9.0},{"damage":25.0,"enemies":"Donu and Deca","floor":50.0,"turns":14.0},{"damage":6.0,"enemies":"Awakened One","floor":51.0,"turns":27.0},{"damage":32.0,"enemies":"Shield and Spear","floor":55.0,"turns":4.0},{"damage":48,"enemies":"The Heart","floor":56,"turns":9}],"seed_played":"202878369875824958","potions_obtained":[{"floor":2.0,"key":"Block Potion"},{"floor":5.0,"key":"AttackPotion"},{"floor":16.0,"key":"SpeedPotion"},{"floor":18.0,"key":"DuplicationPotion"},{"floor":24.0,"key":"Fire Potion"},{"floor":38.0,"key":"PotionOfCapacity"},{"floor":41.0,"key":"Swift Potion"},{"floor":48.0,"key":"EssenceOfSteel"}],"is_trial":false,"path_per_floor":["M","M","M","?","M","R","E","?","T","$","R","M","$","E","R","B",null,"M","M","?","T","M","R","E","R","T","R","E","?","M","$","R","B",null,"M","M","M","M","M","E","M","?","T","?","R","?","R","M","R","B","B",null,"R","$","E","B"],"character_chosen":"DEFECT","items_purchased":["FTL","OrangePellets","Self Repair","Hologram","Sweeping Beam","Art of War","FearPotion"],"campfire_rested":3,"item_purchase_floors":[10,10,10,31,31,54,54],"current_hp_per_floor":[69,63,61,61,50,50,27,27,27,27,50,48,48,35,35,25,65,72,65,65,65,47,47,49,49,49,49,36,36,24,24,62,41,69,66,70,34,41,27,34,15,15,15,15,53,53,53,59,59,41,42,69,69,69,44,0,0],"gold":67,"neow_bonus":"TEN_PERCENT_HP_BONUS","is_daily":false,"chose_seed":false,"campfire_upgraded":7,"win_rate":0.0,"timestamp":1611237242,"path_taken":["M","M","M","?","M","R","E","?","T","$","R","M","?","E","R","BOSS","M","M","?","?","M","R","E","R","T","R","E","?","M","$","R","BOSS","M","M","M","M","M","E","M","?","T","?","R","?","R","M","R","BOSS","BOSS","R","$","E","BOSS"],"items_purchased_type":["Card","Relic","Card","Card","Card","Relic","Potion"],"build_version":"2020-12-22","purchased_purges":2,"victory":false,"max_hp_per_floor":[78,78,78,78,78,78,78,78,78,78,78,78,78,78,78,78,78,78,78,78,78,78,78,78,78,78,78,78,78,78,78,78,78,78,78,78,78,78,78,78,78,78,78,78,78,78,78,78,78,78,78,78,78,78,78,78,78],"relic_stats":{"Darkstone Periapt":0,"OrangePellets":[35],"Dream Catcher":3,"Regal Pillow":30,"counters":[27,209],"Pen Nib":[28],"Art of War":[3],"War Paint":["BootSequence","Defend_B"],"Orichalcum":[150],"Smiling Mask":75,"obtain_stats":[{"Darkstone Periapt":40,"Regal Pillow":24,"Pen Nib":9,"War Paint":21,"Orichalcum":26,"Smiling Mask":14,"Nuclear Battery":17,"OrangePellets":10,"SlaversCollar":34,"Dream Catcher":7,"DataDisk":28,"HornCleat":55,"Art of War":54,"Cracked Core":0},{"Darkstone Periapt":21,"Regal Pillow":12,"Pen Nib":5,"War Paint":10,"Orichalcum":12,"Smiling Mask":7,"Nuclear Battery":8,"OrangePellets":5,"SlaversCollar":15,"Dream Catcher":5,"DataDisk":13,"HornCleat":26,"Art of War":25,"Cracked Core":0},{"Darkstone Periapt":136,"Regal Pillow":58,"Pen Nib":18,"War Paint":45,"Orichalcum":58,"Smiling Mask":29,"Nuclear Battery":36,"OrangePellets":18,"SlaversCollar":82,"Dream Catcher":18,"DataDisk":63,"HornCleat":200,"Art of War":196,"Cracked Core":0}]},"card_choices":[{"not_picked":["Tempest","Gash"],"picked":"Cold Snap","floor":1.0},{"not_picked":["Melter","Scrape"],"picked":"Ball Lightning","floor":2.0},{"not_picked":["Undo","Double Energy"],"picked":"Doom and Gloom","floor":3.0},{"not_picked":["Ball Lightning","Turbo"],"picked":"Coolheaded","floor":5.0},{"not_picked":["Recycle","Steam Power"],"picked":"Capacitor","floor":7.0},{"not_picked":["Leap","Heatsinks"],"picked":"BootSequence","floor":11.0},{"not_picked":["Doom and Gloom","Rebound","Recycle"],"picked":"SKIP","floor":12.0},{"not_picked":["Beam Cell","All For One","Streamline"],"picked":"SKIP","floor":14.0},{"not_picked":["Hyperbeam","Reboot"],"picked":"Biased Cognition","floor":16.0},{"not_picked":["Hologram","Barrage"],"picked":"Loop","floor":18.0},{"not_picked":["Leap","Gash"],"picked":"Barrage","floor":19.0},{"not_picked":["Streamline","Redo"],"picked":"Undo","floor":22.0},{"not_picked":["Thunder Strike","Scrape"],"picked":"Fission","floor":24.0},{"not_picked":["Gash","Rip and Tear"],"picked":"Coolheaded","floor":28.0},{"not_picked":["Blizzard","Stack"],"picked":"Compile Driver","floor":30.0},{"not_picked":["Chaos","Rebound"],"picked":"Go for the Eyes+1","floor":32.0},{"not_picked":["Core Surge","Creative AI"],"picked":"Multi-Cast","floor":33.0},{"not_picked":["Coolheaded","Leap","Loop+1"],"picked":"SKIP","floor":35.0},{"not_picked":["Skim","Gash+1","Rebound+1"],"picked":"SKIP","floor":36.0},{"not_picked":["Darkness","Coolheaded","Steam Power"],"picked":"SKIP","floor":37.0},{"not_picked":["Redo","Cold Snap"],"picked":"Conserve Battery","floor":38.0},{"not_picked":["Ball Lightning+1","Heatsinks","Rebound"],"picked":"SKIP","floor":39.0},{"not_picked":["Go for the Eyes+1","Rip and Tear","Compile Driver"],"picked":"SKIP","floor":40.0},{"not_picked":["Sweeping Beam","Rip and Tear","Self Repair"],"picked":"SKIP","floor":41.0},{"not_picked":["Stack+1","Coolheaded+1"],"picked":"Glacier","floor":48.0},{"not_picked":["Stack+1","Force Field+1"],"picked":"Echo Form","floor":55.0}],"player_experience":525758,"relics_obtained":[{"floor":7.0,"key":"Dream Catcher"},{"floor":9.0,"key":"Pen Nib"},{"floor":14.0,"key":"Smiling Mask"},{"floor":21.0,"key":"War Paint"},{"floor":24.0,"key":"Regal Pillow"},{"floor":26.0,"key":"Orichalcum"},{"floor":28.0,"key":"DataDisk"},{"floor":40.0,"key":"Darkstone Periapt"},{"floor":55.0,"key":"HornCleat"}],"event_choices":[{"damage_healed":0.0,"max_hp_gain":0.0,"max_hp_loss":0.0,"gold_gain":79.0,"event_name":"Golden Wing","player_choice":"Gained Gold","floor":4.0,"gold_loss":0.0,"damage_taken":0.0},{"damage_healed":0.0,"max_hp_gain":0.0,"max_hp_loss":0.0,"gold_gain":0.0,"event_name":"Dead Adventurer","player_choice":"Searched \u00270\u0027 times","floor":8.0,"gold_loss":0.0,"damage_taken":0.0},{"cards_removed":["Strike_B"],"damage_healed":0.0,"max_hp_gain":0.0,"max_hp_loss":0.0,"gold_gain":0.0,"event_name":"Beggar","player_choice":"Gave Gold","floor":20.0,"gold_loss":75.0,"damage_taken":0.0},{"damage_healed":0.0,"max_hp_gain":0.0,"max_hp_loss":0.0,"gold_gain":0.0,"event_name":"Vampires","player_choice":"Ignored","floor":29.0,"gold_loss":0.0,"damage_taken":0.0},{"cards_removed":["Go for the Eyes"],"damage_healed":0.0,"max_hp_gain":0.0,"max_hp_loss":0.0,"gold_gain":0.0,"event_name":"Falling","player_choice":"Removed Attack","floor":42.0,"gold_loss":0.0,"damage_taken":0.0},{"damage_healed":0.0,"max_hp_gain":0.0,"max_hp_loss":0.0,"gold_gain":0.0,"event_name":"Mysterious Sphere","player_choice":"Ignored","floor":44.0,"gold_loss":0.0,"damage_taken":0.0},{"damage_healed":0.0,"max_hp_gain":0.0,"max_hp_loss":0.0,"gold_gain":0.0,"event_name":"SensoryStone","player_choice":"Memory 1","floor":46.0,"gold_loss":0.0,"damage_taken":0.0}],"is_beta":false,"boss_relics":[{"not_picked":["Pandora\u0027s Box","Fusion Hammer"],"picked":"Nuclear Battery"},{"not_picked":["Black Star","SacredBark"],"picked":"SlaversCollar"}],"items_purged_floors":[31,54],"is_endless":false,"potions_floor_spawned":[2,5,14,16,18,24,28,33,38,41,48,55],"killed_by":"The Heart","ascension_level":20}}