{"host":"t9zjxed0utvsfjwc","time":1611230034,"event":{"mods":["2.2 Compatiblity","Aspiration","BaseMod","Better Altar","Better Match","Better Note","Better Sensory Stone","Better Skull","Better Third Choice","Block Reminder","Colored Map","Colored Powertips","Hermit","Highlight Path","Hubris","Infinite Spire","Minty Spire (QoL Compilation)","Quick Restart","Rare Cards Sparkle","Replay The Spire","Shade Mod","StSLib","The Cursed","The Marked","The Runesmith","Unceasing Turn Reminder","everything is the same but u backflip on backflip"],"gold_per_floor":[115,40,63,63,26,61,79,79,79,21,52,72,92,107,107,210,210,180,180],"floor_reached":18,"language":"ENG","playtime":959,"items_purged":["hermit:Defend_Hermit"],"score":170,"play_id":"89927085-1916-4ea2-808d-dd660532934c","local_time":"20210121115354","is_ascension_mode":false,"campfire_choices":[{"floor":8,"key":"REST"},{"data":"hermit:Defend_Hermit","floor":15,"key":"PURGE"}],"circlet_count":0,"master_deck":["hermit:Strike_Hermit","hermit:Strike_Hermit","hermit:Strike_Hermit","hermit:Strike_Hermit","hermit:Defend_Hermit","hermit:Defend_Hermit","hermit:Snapshot","hermit:Covet","hermit:FullyLoaded","hermit:WideOpen+1","hermit:Dive","hermit:Midnight","hermit:Midnight","hermit:Combo","hermit:Ricochet","hermit:Dive","hermit:Reprieve"],"relics":["hermit:Momento","Lizard Tail","Smiling Mask","FaceOfCleric","Boot","Omamori","Replay:Mystery Machine","SlaversCollar"],"acts_visited":["Exordium","TheCity"],"potions_floor_usage":[16,16,16],"damage_taken":[{"damage":0,"enemies":"Cultist","floor":1,"turns":3},{"damage":33,"enemies":"3 Sentries","floor":6,"turns":10},{"damage":0,"enemies":"2 Louse","floor":7,"turns":3},{"damage":16,"enemies":"Replay:BlueRogue","floor":11,"turns":5},{"damage":12,"enemies":"infinitespire:Voidling","floor":12,"turns":5},{"damage":2,"enemies":"Red Slaver","floor":13,"turns":4},{"damage":10,"enemies":"Exordium Wildlife","floor":14,"turns":3},{"damage":69,"enemies":"Slime Boss","floor":16,"turns":11},{"damage":13,"enemies":"2 Thieves","floor":18,"turns":2}],"seed_played":"1179409975095404500","potions_obtained":[{"floor":6,"key":"Dexterity Potion"},{"floor":11,"key":"LiquidBronze"},{"floor":14,"key":"Toxic Potion"},{"floor":16,"key":"Dexterity Potion"}],"is_trial":false,"path_per_floor":["M","$","T","?","$","E","M","R","T","$","E","M","M","M","R_BF","B",null,"M"],"character_chosen":"HERMIT","items_purchased":["hermit:WideOpen+1","hermit:Midnight"],"campfire_rested":1,"item_purchase_floors":[5,10],"current_hp_per_floor":[54,54,54,54,54,22,23,46,46,46,31,20,19,10,10,5,82,69,69],"gold":180,"neow_bonus":"ONE_RARE_RELIC","is_daily":false,"chose_seed":false,"campfire_upgraded":0,"win_rate":0.0,"timestamp":1611230034,"path_taken":["M","$","?","?","$","E","M","R","T","$","E","M","?","M","R_BF","BOSS","M"],"items_purchased_type":["Card","Card"],"build_version":"2020-12-22","purchased_purges":1,"victory":false,"max_hp_per_floor":[75,75,75,75,75,76,77,77,77,77,78,79,80,81,81,82,82,82,82],"card_choices":[{"not_picked":["hermit:Glare","hermit:LowProfile"],"picked":"hermit:FullyLoaded","floor":1},{"not_picked":["hermit:LoneWolf","hermit:Feint"],"picked":"hermit:Dive","floor":6},{"not_picked":["hermit:TrackingShot","hermit:LowProfile","hermit:Misfire"],"picked":"SKIP","floor":7},{"not_picked":["hermit:TrackingShot","hermit:GhostlyPresence"],"picked":"hermit:Combo","floor":11},{"not_picked":["hermit:Dive","hermit:Combo"],"picked":"hermit:Ricochet","floor":12},{"not_picked":["hermit:Coalescence","hermit:ItchyTrigger"],"picked":"hermit:Dive","floor":13},{"not_picked":["hermit:Desperado","hermit:Feint","hermit:ItchyTrigger"],"picked":"SKIP","floor":14},{"not_picked":["hermit:BlackWind","hermit:HeroicBravado"],"picked":"hermit:Reprieve","floor":16}],"player_experience":393291,"relics_obtained":[{"floor":3,"key":"Smiling Mask"},{"floor":6,"key":"Boot"},{"floor":9,"key":"Omamori"},{"floor":11,"key":"Replay:Mystery Machine"}],"event_choices":[{"damage_healed":0,"gold_gain":0,"player_choice":"Trade","damage_taken":0,"relics_obtained":["FaceOfCleric"],"max_hp_gain":0,"max_hp_loss":0,"event_name":"FaceTrader","floor":4,"gold_loss":0}],"is_beta":false,"boss_relics":[{"not_picked":["Coffee Dripper","Replay:Drink Me"],"picked":"SlaversCollar"}],"items_purged_floors":[2],"is_endless":false,"potions_floor_spawned":[6,11,14,16],"killed_by":"2 Thieves","ascension_level":0}}