{"host":"08nxni9rwzvm98vp","time":1611238327,"event":{"mods":["AchievementEnabler","BaseMod","BetterRewards","Card Forge","Colored Powertips","Gold Saver","Googly Eyes","Highlight Path","Marisa£¨Ùöéë¡¡Øª×âÞÞ£©","Minty Spire (QoL Compilation)","Quick Restart","Rare Cards Sparkle","Remilia£¨?Ú·×é?£©","Shop Mod","StSLib","SuperFastMode"],"gold_per_floor":[746,746,746,760,775,775,819,819,844,875,54,78,122,136,136,265,265,283,19,32,32,32,65,79,79,79,99,115,41,41,85,85,210,210,223,223,27,48,28,66,66,106,142,475,475,497,23,38,38,38],"floor_reached":51,"language":"ENG","playtime":3043,"items_purged":["Strike_MRS","Strike_MRS","Wraith","VampireKiss+1","Normality"],"score":1217,"play_id":"6f9da39a-fc76-46d6-a71b-f6b3fb2a4fd8","local_time":"20210121231207","is_ascension_mode":true,"campfire_choices":[{"data":"EnergyFlow","floor":6.0,"key":"SMITH"},{"data":"Dash","floor":8,"key":"SMITH"},{"data":"VampireKiss","floor":15,"key":"SMITH"},{"data":"OneTimeOff","floor":25,"key":"SMITH"},{"data":"Envy_TH","floor":32,"key":"PURGE"},{"data":"MasterSpark","floor":41,"key":"PURGE"},{"data":"OortCloud","floor":49,"key":"SMITH"}],"circlet_count":0,"master_deck":["Defend_MRS","Defend_MRS","Defend_MRS","Defend_MRS","UpSweep","Parasite","Parasite","EnergyFlow+1","ChargingUp+1","Dash+1","Steam Power+1","GasGiant+1","SuperNova+1","Seek","OneTimeOff+1","WitchLeyline","OortCloud+1","GasGiant","UltimateShortwave","UnstableBomb+1","GasGiant","Parasite"],"relics":["BewitchedHakkero","Hammer of Thor","Seething Fire","Anvil of the Gods","ShroomBag","Art of War","Peace Pipe","Chemical X","Ice Cream","Bottled Tornado","MerchantsRug","SimpleLauncher","Meat on the Bone","Smiling Mask","Cursed Key","Strange Spoon","White Beast Statue","CeramicFish","MealTicket","Incense Burner"],"acts_visited":["Exordium","TheCity","TheBeyond"],"potions_floor_usage":[27,31],"damage_taken":[{"damage":8.0,"enemies":"Jaw Worm","floor":1.0,"turns":4.0},{"damage":12.0,"enemies":"Small Slimes","floor":4.0,"turns":4.0},{"damage":0.0,"enemies":"Cultist","floor":5.0,"turns":3.0},{"damage":0,"enemies":"Lagavulin","floor":7,"turns":4},{"damage":28,"enemies":"3 Sentries","floor":10,"turns":9},{"damage":7,"enemies":"3 Louse","floor":12,"turns":3},{"damage":1,"enemies":"Gremlin Nob","floor":13,"turns":4},{"damage":8,"enemies":"Blue Slaver","floor":14,"turns":3},{"damage":3,"enemies":"Hexaghost","floor":16,"turns":5},{"damage":12,"enemies":"Spheric Guardian","floor":18,"turns":4},{"damage":21,"enemies":"Shell Parasite","floor":20,"turns":3},{"damage":57,"enemies":"Slavers","floor":23,"turns":6},{"damage":19,"enemies":"3 Cultists","floor":24,"turns":5},{"damage":38,"enemies":"Shelled Parasite and Fungi","floor":27,"turns":6},{"damage":30,"enemies":"Snake Plant","floor":28,"turns":4},{"damage":13,"enemies":"Gremlin Leader","floor":31,"turns":5},{"damage":6,"enemies":"Champ","floor":33,"turns":5},{"damage":15,"enemies":"3 Darklings","floor":35,"turns":7},{"damage":13,"enemies":"3 Shapes","floor":38,"turns":4},{"damage":0,"enemies":"Giant Head","floor":40,"turns":4},{"damage":19,"enemies":"Nemesis","floor":42,"turns":5},{"damage":9,"enemies":"Writhing Mass","floor":46,"turns":4},{"damage":0,"enemies":"Maw","floor":48,"turns":4},{"damage":0,"enemies":"Awakened One","floor":50,"turns":6}],"seed_played":"-1818813807139400811","potions_obtained":[{"floor":1.0,"key":"FairyPotion"},{"floor":10,"key":"Explosive Potion"},{"floor":14,"key":"Ancient Potion"},{"floor":23,"key":"ColorlessPotion"},{"floor":27,"key":"ShroomBrew"},{"floor":31,"key":"LiquidMemories"},{"floor":33,"key":"SpeedPotion"},{"floor":35,"key":"SkillPotion"},{"floor":40,"key":"Dexterity Potion"},{"floor":42,"key":"Ancient Potion"},{"floor":48,"key":"EntropicBrew"}],"is_trial":false,"path_per_floor":["M","?","?","M","M","R","E","R","T","E","$","M","E","M","R","B",null,"M","$","M","$","?","E","M","R","T","M","M","$","?","E","R","B",null,"M","?","$","M","$","E","R","E","T","?","T","M","$","M","R","B",null],"character_chosen":"MARISA","items_purchased":["ShroomBag","PrismaticShard","EnergyFlow","ChargingUp","Chemical X","Ice Cream","Bottled Tornado","MerchantsRug","SimpleLauncher","OortCloud","Strange Spoon","FairyPotion","MealTicket","Incense Burner"],"campfire_rested":0,"item_purchase_floors":[0,0,0,0,11,11,11,19,19,29,37,39,47,47],"current_hp_per_floor":[55,59,35,27,31,31,35,35,35,11,11,8,11,7,7,8,96,84,84,67,67,67,23,14,14,14,29,22,22,22,27,27,39,96,87,87,87,84,84,88,88,73,73,73,73,68,68,76,76,90],"gold":38,"neow_bonus":"","is_daily":false,"chose_seed":false,"campfire_upgraded":5,"win_rate":0.0,"timestamp":1611238327,"path_taken":["M","?","?","M","M","R","E","R","T","E","$","M","E","M","R","BOSS","M","$","M","$","?","E","?","R","T","M","M","$","?","E","R","BOSS","M","?","$","M","$","E","R","E","T","?","?","M","$","M","R","BOSS"],"items_purchased_type":["Relic","Relic","Card","Card","Relic","Relic","Relic","Relic","Relic","Card","Relic","Potion","Relic","Relic"],"build_version":"2020-12-22","purchased_purges":5,"victory":true,"max_hp_per_floor":[89,96,96,96,96,96,96,96,96,96,96,96,96,96,96,96,96,96,96,96,96,96,96,96,96,96,96,96,96,96,96,96,96,96,96,96,96,96,96,96,96,96,96,96,96,96,96,96,96,96],"card_choices":[{"not_picked":["SuperhumanBloodyKnife","Quick Slash","AfternoonTea"],"picked":"SKIP","floor":1.0},{"not_picked":["Whirlwind","WitchLeyline"],"picked":"Dash","floor":4.0},{"not_picked":["Consume","Dodge and Roll","CutThroughFate"],"picked":"SKIP","floor":5.0},{"not_picked":["Intimidate","FollowUp"],"picked":"Steam Power","floor":7},{"not_picked":["Cold Snap","BinaryStars"],"picked":"GasGiant","floor":10},{"not_picked":["SprinkleStarSeal","Turbo","Swivel"],"picked":"SKIP","floor":12},{"not_picked":["Pray","BlasphemousPunishment","StarOfDavid"],"picked":"SKIP","floor":13},{"not_picked":["Deadly Poison","MysteriousBeam"],"picked":"VampireKiss","floor":14},{"not_picked":["Thunder Strike","Rainbow"],"picked":"Seek","floor":16},{"not_picked":["Leap+1","MastersStateliness","Skim+1"],"picked":"SKIP","floor":18},{"not_picked":["DarkSpark+1","SporeBomb+1"],"picked":"OneTimeOff","floor":20},{"not_picked":["MilkyWay","Occultation","SporeBomb"],"picked":"SKIP","floor":23},{"not_picked":["MeteoricShower","Acceleration","GravityBeat"],"picked":"SKIP","floor":24},{"not_picked":["GrandCross+1","WitchOfGreed"],"picked":"WitchLeyline","floor":27},{"not_picked":["OpenUniverse","MagicChant+1","NonDirectionalLaser"],"picked":"SKIP","floor":28},{"not_picked":["SuperNova","IllusionStar"],"picked":"GasGiant","floor":31},{"not_picked":["MaximisePower","SatelliteIllusion"],"picked":"UltimateShortwave","floor":33},{"not_picked":["MilkyWay","DoubleSpark","MysteriousBeam"],"picked":"SKIP","floor":35},{"not_picked":["LuminesStrike","SporeBomb","EventHorizon+1"],"picked":"SKIP","floor":38},{"not_picked":["OneTimeOff","CollectingQuirk"],"picked":"UnstableBomb+1","floor":40},{"not_picked":["SporeBomb","MysteriousBeam"],"picked":"GasGiant","floor":42},{"not_picked":["IllusionStar+1","PulseMagic","GalacticHalo"],"picked":"SKIP","floor":46},{"not_picked":["RefractionSpark","ManaConvection","FinalSpark"],"picked":"SKIP","floor":48}],"player_experience":670272,"relics_obtained":[{"floor":7,"key":"Toy Ornithopter"},{"floor":9,"key":"Art of War"},{"floor":10,"key":"Peace Pipe"},{"floor":13,"key":"Bronze Scales"},{"floor":23,"key":"StoneCalendar"},{"floor":26,"key":"Meat on the Bone"},{"floor":31,"key":"Smiling Mask"},{"floor":40,"key":"White Beast Statue"},{"floor":42,"key":"CeramicFish"}],"event_choices":[{"damage_healed":0.0,"max_hp_gain":0.0,"max_hp_loss":0.0,"gold_gain":0.0,"event_name":"Scrap Ooze","player_choice":"Success","floor":2.0,"gold_loss":0.0,"damage_taken":3.0,"relics_obtained":["Strawberry"]},{"damage_healed":0.0,"max_hp_gain":0.0,"max_hp_loss":0.0,"gold_gain":0.0,"event_name":"Golden Idol","player_choice":"Take Damage","floor":3.0,"gold_loss":0.0,"damage_taken":24.0,"relics_obtained":["Golden Idol"]},{"damage_healed":0,"gold_gain":0,"player_choice":"Ignored","damage_taken":0,"max_hp_gain":0,"max_hp_loss":0,"event_name":"Fountain of Cleansing","floor":22,"gold_loss":0},{"damage_healed":0,"gold_gain":0,"player_choice":"Ignored","damage_taken":0,"max_hp_gain":0,"max_hp_loss":0,"event_name":"OrinTheCat","floor":36,"gold_loss":0},{"damage_healed":0,"gold_gain":333,"player_choice":"Gave Idol","damage_taken":0,"max_hp_gain":0,"max_hp_loss":0,"event_name":"The Moai Head","floor":44,"relics_lost":["Golden Idol"],"gold_loss":0}],"is_beta":false,"boss_relics":[{"not_picked":["Calling Bell","Ectoplasm"],"picked":"BewitchedHakkero"},{"not_picked":["Astrolabe","Velvet Choker"],"picked":"Cursed Key"}],"items_purged_floors":[0,11,37,39,47],"is_endless":false,"potions_floor_spawned":[1,10,14,23,27,31,33,35,40,42,46,48],"ascension_level":2}}