{"host":"2se5dq1do2gp0x9k","time":1611210075,"event":{"mods":["AchievementEnabler","BaseMod","Block Reminder","Colored Map","Colored Powertips","Minty Spire (QoL Compilation)","Relic Stats","StSLib","SuperFastMode"],"gold_per_floor":[111,129,204,215,231,231,265,265,290,290,290,307,320,32,32,32,32],"floor_reached":16,"language":"ENG","playtime":445,"items_purged":[],"score":204,"play_id":"b54430f8-f813-4d6f-9c18-ddc18b319d39","local_time":"20210120222115","is_ascension_mode":true,"campfire_choices":[{"floor":6,"key":"REST"},{"floor":8,"key":"REST"},{"data":"Doom and Gloom","floor":11,"key":"SMITH"},{"data":"Metamorphosis","floor":15,"key":"SMITH"}],"circlet_count":0,"master_deck":["AscendersBane","Strike_B","Strike_B","Strike_B","Defend_B","Defend_B","Defend_B","Zap","Dualcast","Skim","Doom and Gloom+1","Compile Driver","Redo","Aggregate","Ball Lightning","Auto Shields","Metamorphosis+1"],"relics":["Empty Cage","Vajra","Art of War"],"acts_visited":["Exordium"],"potions_floor_usage":[7,16,16],"damage_taken":[{"damage":2.0,"enemies":"Cultist","floor":1.0,"turns":4.0},{"damage":14.0,"enemies":"Jaw Worm","floor":2.0,"turns":4.0},{"damage":10.0,"enemies":"Small Slimes","floor":4.0,"turns":4.0},{"damage":11,"enemies":"3 Louse","floor":5,"turns":3},{"damage":36,"enemies":"Lagavulin","floor":7,"turns":9},{"damage":16,"enemies":"Blue Slaver","floor":12,"turns":3},{"damage":19,"enemies":"Large Slime","floor":13,"turns":5},{"damage":10,"enemies":"Hexaghost","floor":16,"turns":5}],"seed_played":"-408423855052350245","potions_obtained":[{"floor":2.0,"key":"SkillPotion"},{"floor":4.0,"key":"EssenceOfSteel"},{"floor":12,"key":"EntropicBrew"}],"is_trial":false,"path_per_floor":["M","M","?","M","M","R","E","R","T","?","R","M","M","$","R","B"],"character_chosen":"DEFECT","items_purchased":["Auto Shields","Metamorphosis"],"campfire_rested":2,"item_purchase_floors":[14,14],"current_hp_per_floor":[62,48,37,27,16,37,1,22,22,45,45,29,10,10,10,0,0],"gold":32,"neow_bonus":"BOSS_RELIC","is_daily":false,"chose_seed":false,"campfire_upgraded":2,"win_rate":0.0,"timestamp":1611210075,"path_taken":["M","?","?","M","M","R","E","R","T","?","R","?","M","$","R","BOSS"],"items_purchased_type":["Card","Card"],"build_version":"2020-12-22","purchased_purges":0,"victory":false,"max_hp_per_floor":[71,71,71,71,71,71,71,71,71,71,71,71,71,71,71,71,71],"relic_stats":{"counters":[8,37],"Art of War":[1],"obtain_stats":[{"Vajra":7,"Art of War":9,"Cracked Core":0,"Empty Cage":0},{"Vajra":5,"Art of War":5,"Cracked Core":0,"Empty Cage":0},{"Vajra":24,"Art of War":24,"Cracked Core":0,"Empty Cage":0}]},"card_choices":[{"not_picked":["Redo","Hologram"],"picked":"Skim","floor":1.0},{"not_picked":["Static Discharge","Leap"],"picked":"Doom and Gloom","floor":2.0},{"not_picked":["Barrage","Steam"],"picked":"Compile Driver","floor":4.0},{"not_picked":["Streamline","Sweeping Beam"],"picked":"Redo","floor":5},{"not_picked":["Rebound","Tempest"],"picked":"Aggregate","floor":7},{"not_picked":["Thunder Strike","Capacitor","Blizzard"],"picked":"SKIP","floor":12},{"not_picked":["Streamline","Aggregate"],"picked":"Ball Lightning","floor":13}],"player_experience":3928995,"relics_obtained":[{"floor":7,"key":"Vajra"},{"floor":9,"key":"Art of War"}],"event_choices":[{"damage_healed":0.0,"max_hp_gain":0.0,"max_hp_loss":0.0,"gold_gain":75.0,"event_name":"World of Goop","player_choice":"Gather Gold","floor":3.0,"gold_loss":0.0,"damage_taken":11.0},{"damage_healed":23,"gold_gain":0,"player_choice":"Banana","damage_taken":0,"max_hp_gain":0,"max_hp_loss":0,"event_name":"Big Fish","floor":10,"gold_loss":0}],"is_beta":false,"boss_relics":[],"items_purged_floors":[],"is_endless":false,"potions_floor_spawned":[2,4,12,13],"killed_by":"Hexaghost","ascension_level":20}}