{"host":"vyjryxuuuxkt43k4","time":1611231793,"event":{"mods":["AchievementEnabler","BaseMod","Colored Map","DeckTracker","Keyboard Shortcuts","Minty Spire (QoL Compilation)","Permanent Neow","Quick Restart","StSLib","SuperFastMode","everything is the same but u backflip on backflip"],"gold_per_floor":[117,32,45,45,55,86,97,97,165,165,192,192,217,230,230,334,334,344,344,344,23,23,54,70,80,80,80,80,106,117,152,152,254,254,269,281,381,395,32,32,52,86,137,151,182,200,233,213,213,213,213,213,37,62,62],"floor_reached":56,"language":"KOR","playtime":3874,"items_purged":["Strike_G","Strike_G"],"score":2157,"play_id":"097d32c5-9e97-412a-b1e6-670b59ae85f3","local_time":"20210121212313","is_ascension_mode":true,"campfire_choices":[{"data":"Blade Dance","floor":8.0,"key":"SMITH"},{"data":"Cloak And Dagger","floor":10.0,"key":"SMITH"},{"floor":12.0,"key":"REST"},{"data":"Terror","floor":15.0,"key":"SMITH"},{"data":"Adrenaline","floor":27.0,"key":"SMITH"},{"data":"Blade Dance","floor":32.0,"key":"SMITH"},{"data":"Apotheosis","floor":40.0,"key":"SMITH"},{"floor":49.0,"key":"RECALL"},{"data":"Concentrate","floor":52.0,"key":"SMITH"}],"circlet_count":0,"master_deck":["Strike_G","Defend_G","Defend_G","Defend_G","Defend_G","Defend_G","Survivor","Neutralize","Cloak And Dagger+1","PanicButton","Blade Dance+1","Storm of Steel","Neutralize","Dagger Spray","Burst","Backflip","Blade Dance+1","Terror+1","Adrenaline+1","Calculated Gamble","Dodge and Roll+1","Cloak And Dagger","Crippling Poison","PiercingWail+1","Blur+1","Adrenaline","PiercingWail","PiercingWail","Apotheosis+1","Well Laid Plans","Footwork+1","Venomology","Concentrate+1"],"relics":["Ring of the Snake","NeowsBlessing","Dead Branch","Kunai","Akabeko","Dream Catcher","Coffee Dripper","Nilry\u0027s Codex","Mummified Hand","Ancient Tea Set","Orichalcum","Pantograph","Shuriken","Lantern","WristBlade","Bag of Preparation","Regal Pillow","Bag of Marbles","Strawberry","Ninja Scroll"],"acts_visited":["Exordium","TheCity","TheBeyond","TheEnding"],"potions_floor_usage":[55,55,55,55],"damage_taken":[{"damage":0.0,"enemies":"Jaw Worm","floor":1.0,"turns":1.0},{"damage":0.0,"enemies":"Cultist","floor":3.0,"turns":1.0},{"damage":0.0,"enemies":"Small Slimes","floor":5.0,"turns":1.0},{"damage":21.0,"enemies":"3 Sentries","floor":6.0,"turns":8.0},{"damage":0.0,"enemies":"Looter","floor":7.0,"turns":2.0},{"damage":0.0,"enemies":"Gremlin Nob","floor":11.0,"turns":3.0},{"damage":15.0,"enemies":"Lagavulin","floor":13.0,"turns":4.0},{"damage":0.0,"enemies":"Exordium Thugs","floor":14.0,"turns":2.0},{"damage":0.0,"enemies":"Slime Boss","floor":16.0,"turns":4.0},{"damage":0.0,"enemies":"Shell Parasite","floor":18.0,"turns":2.0},{"damage":0.0,"enemies":"Slavers","floor":23.0,"turns":2.0},{"damage":0.0,"enemies":"Chosen","floor":24.0,"turns":2.0},{"damage":0.0,"enemies":"Snake Plant","floor":25.0,"turns":4.0},{"damage":0.0,"enemies":"Gremlin Leader","floor":29.0,"turns":3.0},{"damage":0.0,"enemies":"Centurion and Healer","floor":30.0,"turns":3.0},{"damage":0.0,"enemies":"Book of Stabbing","floor":31.0,"turns":3.0},{"damage":0.0,"enemies":"Champ","floor":33.0,"turns":4.0},{"damage":0.0,"enemies":"3 Darklings","floor":35.0,"turns":2.0},{"damage":0.0,"enemies":"Orb Walker","floor":36.0,"turns":2.0},{"damage":0.0,"enemies":"Jaw Worm Horde","floor":38.0,"turns":2.0},{"damage":4.0,"enemies":"Sphere and 2 Shapes","floor":41.0,"turns":5.0},{"damage":0.0,"enemies":"Nemesis","floor":42.0,"turns":3.0},{"damage":0.0,"enemies":"Writhing Mass","floor":44.0,"turns":5.0},{"damage":0.0,"enemies":"Reptomancer","floor":45.0,"turns":3.0},{"damage":0.0,"enemies":"Transient","floor":46.0,"turns":3.0},{"damage":0.0,"enemies":"Giant Head","floor":47.0,"turns":1.0},{"damage":26.0,"enemies":"Awakened One","floor":50.0,"turns":4.0},{"damage":0.0,"enemies":"Shield and Spear","floor":54.0,"turns":1.0},{"damage":18,"enemies":"The Heart","floor":55,"turns":6}],"seed_played":"1275874477274612771","potions_obtained":[{"floor":1.0,"key":"GamblersBrew"},{"floor":6.0,"key":"EntropicBrew"},{"floor":7.0,"key":"Ancient Potion"},{"floor":13.0,"key":"Strength Potion"},{"floor":24.0,"key":"PowerPotion"},{"floor":29.0,"key":"SpeedPotion"},{"floor":31.0,"key":"CunningPotion"},{"floor":36.0,"key":"CunningPotion"},{"floor":38.0,"key":"Regen Potion"},{"floor":48.0,"key":"CultistPotion"}],"is_trial":false,"path_per_floor":["M","$","M","?","M","E","M","R","T","R","E","R","E","M","R","B",null,"M","?","?","$","?","E","M","M","T","R","?","E","M","E","R","B",null,"M","M","?","M","$","R","M","E","T","M","E","M","E","?","R","B",null,"R","$","E","B",null],"character_chosen":"THE_SILENT","items_purchased":["PanicButton","Mummified Hand","Apotheosis","Bag of Preparation","Well Laid Plans","CunningPotion"],"campfire_rested":1,"item_purchase_floors":[2,21,39,39,39,53],"current_hp_per_floor":[63,63,63,63,63,42,42,42,42,42,42,63,48,48,48,48,65,65,49,49,49,49,49,49,49,49,49,49,49,49,49,49,70,70,70,70,70,70,70,70,66,66,66,66,66,66,73,73,73,51,71,71,71,71,59],"gold":62,"neow_bonus":"THREE_ENEMY_KILL","is_daily":false,"chose_seed":false,"campfire_upgraded":7,"win_rate":0.0,"timestamp":1611231793,"path_taken":["M","$","M","?","?","E","M","R","T","R","E","R","E","M","R","BOSS","M","?","?","$","?","E","?","M","T","R","?","E","M","E","R","BOSS","M","?","?","M","$","R","?","E","T","M","E","M","E","?","R","BOSS","R","$","E","BOSS"],"items_purchased_type":["Card","Relic","Card","Relic","Card","Potion"],"build_version":"2020-12-22","purchased_purges":2,"victory":true,"max_hp_per_floor":[70,70,70,70,70,70,70,70,70,70,70,70,70,70,70,70,70,70,70,70,70,70,70,70,70,70,70,70,70,70,70,70,70,70,70,70,70,70,70,70,70,70,70,70,70,70,77,77,77,77,77,77,77,77,77],"card_choices":[{"not_picked":["Tactician","Underhanded Strike"],"picked":"Cloak And Dagger","floor":1.0},{"not_picked":["Outmaneuver","Blade Dance","PiercingWail"],"picked":"SKIP","floor":3.0},{"not_picked":["Outmaneuver","PiercingWail"],"picked":"Blade Dance","floor":3.0},{"not_picked":["Dodge and Roll","Bane"],"picked":"Dagger Spray","floor":5.0},{"not_picked":["Quick Slash","All Out Attack"],"picked":"Burst","floor":6.0},{"not_picked":["Flying Knee","Setup"],"picked":"Backflip","floor":7.0},{"not_picked":["Heel Hook","Dagger Spray"],"picked":"Blade Dance","floor":11.0},{"not_picked":["Sucker Punch","Backflip","Caltrops"],"picked":"SKIP","floor":13.0},{"not_picked":["Deadly Poison","Heel Hook"],"picked":"Terror","floor":14.0},{"not_picked":["Venomology","Bullet Time"],"picked":"Adrenaline","floor":16.0},{"not_picked":["All Out Attack","Quick Slash"],"picked":"Calculated Gamble","floor":18.0},{"not_picked":["Flechettes","Reflex"],"picked":"Dodge and Roll+1","floor":23.0},{"not_picked":["Dodge and Roll","Flying Knee"],"picked":"Cloak And Dagger","floor":24.0},{"not_picked":["Poisoned Stab","Flying Knee"],"picked":"Crippling Poison","floor":25.0},{"not_picked":["Expertise","Cloak And Dagger"],"picked":"PiercingWail+1","floor":29.0},{"not_picked":["Slice+1","Finisher+1"],"picked":"Blur+1","floor":30.0},{"not_picked":["Deadly Poison","Quick Slash+1","Dash"],"picked":"SKIP","floor":31.0},{"not_picked":["Envenom","Grand Finale"],"picked":"Adrenaline","floor":33.0},{"not_picked":["Cloak And Dagger","Deadly Poison+1"],"picked":"PiercingWail","floor":35.0},{"not_picked":["Sucker Punch","Leg Sweep"],"picked":"PiercingWail","floor":36.0},{"not_picked":["Quick Slash","Flying Knee+1","Deadly Poison"],"picked":"SKIP","floor":38.0},{"not_picked":["Reflex+1","PiercingWail+1"],"picked":"Footwork+1","floor":41.0},{"not_picked":["Slice","Finisher"],"picked":"Venomology","floor":42.0},{"not_picked":["Bane+1","Cloak And Dagger","Flying Knee"],"picked":"SKIP","floor":44.0},{"not_picked":["Well Laid Plans+1","Choke"],"picked":"Concentrate","floor":45.0},{"not_picked":["Dagger Spray","PiercingWail","Poisoned Stab+1"],"picked":"SKIP","floor":46.0},{"not_picked":["Grand Finale","Noxious Fumes","Quick Slash"],"picked":"SKIP","floor":47.0},{"not_picked":["Finisher","Backflip+1","Deadly Poison"],"picked":"SKIP","floor":54.0}],"player_experience":202691,"relics_obtained":[{"floor":6.0,"key":"Dead Branch"},{"floor":9.0,"key":"Kunai"},{"floor":11.0,"key":"Akabeko"},{"floor":13.0,"key":"Dream Catcher"},{"floor":19.0,"key":"Nilry\u0027s Codex"},{"floor":23.0,"key":"Orichalcum"},{"floor":26.0,"key":"Pantograph"},{"floor":29.0,"key":"Shuriken"},{"floor":31.0,"key":"Lantern"},{"floor":42.0,"key":"Regal Pillow"},{"floor":45.0,"key":"Bag of Marbles"},{"floor":47.0,"key":"Strawberry"},{"floor":54.0,"key":"Ninja Scroll"}],"event_choices":[{"damage_healed":0.0,"max_hp_gain":0.0,"max_hp_loss":0.0,"gold_gain":0.0,"event_name":"Match and Keep!","player_choice":"2 cards matched","floor":4.0,"gold_loss":0.0,"damage_taken":0.0,"cards_obtained":["Storm of Steel","Neutralize"]},{"damage_healed":0.0,"max_hp_gain":0.0,"max_hp_loss":0.0,"gold_gain":0.0,"event_name":"Cursed Tome","player_choice":"Obtained Book","floor":19.0,"gold_loss":0.0,"damage_taken":16.0},{"cards_removed":["Strike_G"],"damage_healed":0.0,"max_hp_gain":0.0,"max_hp_loss":0.0,"gold_gain":0.0,"event_name":"Back to Basics","player_choice":"Elegance","floor":20.0,"gold_loss":0.0,"damage_taken":0.0},{"damage_healed":0.0,"max_hp_gain":0.0,"max_hp_loss":0.0,"gold_gain":0.0,"event_name":"WeMeetAgain","player_choice":"Gave Potion","floor":22.0,"gold_loss":0.0,"damage_taken":0.0,"relics_obtained":["Ancient Tea Set"]},{"cards_removed":["Strike_G"],"damage_healed":0.0,"max_hp_gain":0.0,"max_hp_loss":0.0,"gold_gain":0.0,"event_name":"Wheel of Change","player_choice":"Card Removal","floor":28.0,"gold_loss":0.0,"damage_taken":0.0},{"damage_healed":0.0,"max_hp_gain":0.0,"max_hp_loss":0.0,"gold_gain":100.0,"event_name":"Golden Shrine","player_choice":"Pray","floor":37.0,"gold_loss":0.0,"damage_taken":0.0},{"damage_healed":0.0,"max_hp_gain":0.0,"max_hp_loss":0.0,"gold_gain":0.0,"event_name":"The Woman in Blue","player_choice":"Bought 1 Potion","floor":48.0,"gold_loss":0.0,"damage_taken":0.0}],"is_beta":false,"boss_relics":[{"not_picked":["SacredBark","Snecko Eye"],"picked":"Coffee Dripper"},{"not_picked":["Sozu","Empty Cage"],"picked":"WristBlade"}],"items_purged_floors":[21,53],"is_endless":false,"potions_floor_spawned":[1,6,7,13,24,29,31,36,38,42,46],"ascension_level":9}}