{"host":"7js0lodln6rvhp1w","time":1611199872,"event":{"mods":["Act Like it!","Aspiration","BaseMod","Better Match","Better Vampires","BetterRewards","Clockwork Mod","Conspire","Elementarium","Energized Spire","GifTheSpireLib","Hallownest","Hubris","Infinite Spire","Minty Spire (QoL Compilation)","Potionbrewer","Replay The Spire","Spicy Shops","StSLib","Stuff the Spire","The Construct","The Death Knight","The Factory","The Mystic","The Necromancer","vexMod"],"gold_per_floor":[109,109,129,129,143,168,168,180,180,180,206,220,250,270,270,371,371,386,386,397,397,411,442,442,462,462,488,504,504,530,540,540,674,674,736,15,48,63,63,63],"floor_reached":39,"language":"ENG","playtime":2346,"items_purged":["hubris:DoWhile"],"score":646,"play_id":"bf74bc0d-663c-4e84-9bdb-6b89145becce","local_time":"20210120223112","is_ascension_mode":true,"campfire_choices":[{"floor":10,"key":"REST"},{"floor":15,"key":"REST"},{"floor":24,"key":"REST"},{"floor":29,"key":"REST"},{"floor":32,"key":"REST"}],"circlet_count":0,"master_deck":["Strike_B","Strike_B","Strike_B","Strike_B","Defend_B","Defend_B+1","Defend_B+1","Defend_B","Zap","Dualcast","Cold Snap","Buffer","Leap","Conserve Battery","Ball Lightning","Mirror Shield","ReplayGash","Rainbow","ReplayTheSpireMod:Calculation Training+1","ReplayTheSpireMod:Calculation Training+1","Blizzard","Twin Strike","hubris:Prefetch","ReplayTheSpireMod:Reroute Power","Infernal Blade","Chill","Hello World+1","Feed","Genetic Algorithm+1","Static Discharge+1","ReplayTheSpireMod:Private Reserves","Barrage+1","FIFO Queue+1","Parasite"],"relics":["Cracked Core","NeowsBlessing","Orichalcum","Mercury Hourglass","hubris:BottledRain","StuffTheSpire:Gunfinga","hubris:Metronome","aspiration:IroncladSkillbook","aspiration:DSix","hubris:SoftwareUpdate","Frozen Egg 2","Simple Rune","Chameleon Ring","infinitespire:EvilPickle","potionbrewer:BhaskarasWheel","infinitespire:BottledMercury","infinitespire:Bottled Soul"],"acts_visited":["Exordium","TheCity","TheBeyond"],"potions_floor_usage":[13,13,18,18,18,27,28,30,30,35,37,39],"damage_taken":[{"damage":0,"enemies":"2 Louse","floor":1,"turns":1},{"damage":0,"enemies":"Small Slimes","floor":3,"turns":1},{"damage":0,"enemies":"Cultist","floor":5,"turns":1},{"damage":18,"enemies":"Lagavulin","floor":6,"turns":7},{"damage":10,"enemies":"2 Fungi Beasts","floor":8,"turns":3},{"damage":10,"enemies":"3 Sentries","floor":11,"turns":6},{"damage":2,"enemies":"Gremlin Gang","floor":12,"turns":3},{"damage":2,"enemies":"Gremlin Nob","floor":13,"turns":3},{"damage":0,"enemies":"Large Slime","floor":14,"turns":4},{"damage":8,"enemies":"Slime Boss","floor":16,"turns":7},{"damage":3,"enemies":"Shell Parasite","floor":18,"turns":4},{"damage":1,"enemies":"Spheric Guardian","floor":20,"turns":4},{"damage":15,"enemies":"Centurion and Healer","floor":22,"turns":6},{"damage":45,"enemies":"Book of Stabbing","floor":23,"turns":7},{"damage":13,"enemies":"Chosen and Byrds","floor":25,"turns":5},{"damage":7,"enemies":"conspire:Head Lice","floor":27,"turns":6},{"damage":6,"enemies":"Shelled Parasite and Fungi","floor":28,"turns":4},{"damage":31,"enemies":"Slavers","floor":30,"turns":5},{"damage":7,"enemies":"Snecko","floor":31,"turns":5},{"damage":34,"enemies":"Pondfish","floor":33,"turns":15},{"damage":31,"enemies":"3 Darklings","floor":35,"turns":4},{"damage":15,"enemies":"Orb Walker","floor":37,"turns":4},{"damage":27,"enemies":"Jaw Worm Horde","floor":38,"turns":4},{"damage":17,"enemies":"Writhing Mass","floor":39,"turns":5}],"seed_played":"7818267087358345300","potions_obtained":[{"floor":1,"key":"potionbrewer:NoxiousPotion"},{"floor":11,"key":"AttackPotion"},{"floor":12,"key":"potionbrewer:BarricadePotion"},{"floor":14,"key":"GamblersBrew"},{"floor":16,"key":"Block Potion"},{"floor":23,"key":"PotionOfCapacity"},{"floor":25,"key":"potionbrewer:AcidPotion"},{"floor":27,"key":"potionbrewer:CleansingPotion"},{"floor":28,"key":"Regen Potion"},{"floor":31,"key":"potionbrewer:MidasPotion"},{"floor":33,"key":"Explosive Potion"},{"floor":35,"key":"potionbrewer:MidasPotion"},{"floor":38,"key":"PotionOfCapacity"}],"is_trial":false,"path_per_floor":["M","?","M","?","M","E","?","M","T","R","E","M","E","M","R","B",null,"M","?","M","AVR","M","E","R","M","T","E","M","R","E","M","R","B",null,"M","$","M","M","M"],"character_chosen":"DEFECT","items_purchased":["Static Discharge+1","infinitespire:BottledMercury","infinitespire:Bottled Soul","ReplayTheSpireMod:Private Reserves"],"campfire_rested":5,"item_purchase_floors":[36,36,36,36],"current_hp_per_floor":[75,75,75,75,75,57,57,47,47,69,59,57,55,55,75,67,75,72,72,71,71,60,19,41,32,32,29,27,49,36,33,55,25,75,48,48,37,17,0,0],"gold":63,"neow_bonus":"THREE_ENEMY_KILL","is_daily":false,"chose_seed":false,"campfire_upgraded":0,"win_rate":0.0,"timestamp":1611199872,"path_taken":["M","?","M","?","M","E","?","?","T","R","E","M","E","M","R","BOSS","M","?","M","AVR","M","E","R","M","T","E","M","R","E","M","R","BOSS","M","$","M","?","M"],"items_purchased_type":["Card","Relic","Relic","Card"],"build_version":"2020-12-22","purchased_purges":1,"victory":false,"max_hp_per_floor":[75,75,75,75,75,75,75,75,75,75,75,75,75,75,75,75,75,75,75,75,75,75,75,75,75,75,75,75,75,75,75,75,75,75,75,75,75,78,78,78],"card_choices":[{"not_picked":["Coolheaded","StuffTheSpire:SnapShoot"],"picked":"Cold Snap","floor":1},{"not_picked":["Panic Button","Gash"],"picked":"StuffTheSpire:Plugnplay","floor":3},{"not_picked":["Force Field","Panic Button"],"picked":"Buffer","floor":5},{"not_picked":["Ball Lightning","Beam Cell"],"picked":"Leap","floor":6},{"not_picked":["Chill","Compile Driver"],"picked":"Conserve Battery","floor":8},{"not_picked":["Coolheaded","StuffTheSpire:CleanHardDrive","Amplify"],"picked":"SKIP","floor":11},{"not_picked":["Static Discharge","Compile Driver"],"picked":"Ball Lightning","floor":12},{"not_picked":["Amplify","Steam"],"picked":"Mirror Shield","floor":13},{"not_picked":["Beam Cell","Conserve Battery"],"picked":"ReplayGash","floor":14},{"not_picked":["Amplify","Seek"],"picked":"Rainbow","floor":16},{"not_picked":["BasicCrystalCard+1","Skim"],"picked":"ReplayTheSpireMod:Calculation Training+1","floor":18},{"not_picked":["Recycle+1","Conserve Battery"],"picked":"Blizzard","floor":20},{"not_picked":["Rebound","Bloodletting","Steam"],"picked":"Twin Strike","floor":22},{"not_picked":["Armaments+1","Dark Embrace","Replay:Undeath\u0027s Touch"],"picked":"hubris:Prefetch","floor":23},{"not_picked":["Warcry","Clothesline+1","Panic Button"],"picked":"ReplayTheSpireMod:Reroute Power","floor":25},{"not_picked":["Conserve Battery+1","Burning Pact","Sever Soul+1","ReplayTheSpireMod:Strike From Hell"],"picked":"SKIP","floor":27},{"not_picked":["Stack","Wild Strike","conspire:ExplosiveBarrier"],"picked":"Infernal Blade","floor":28},{"not_picked":["Dropkick","Buffer+1","StuffTheSpire:RockThrow"],"picked":"Chill","floor":30},{"not_picked":["Headbutt","Disarm+1","Anger+1"],"picked":"Hello World+1","floor":31},{"not_picked":["Juggernaut+1","StuffTheSpire:ForEach","Fiend Fire"],"picked":"Feed","floor":33},{"not_picked":["Sever Soul","BasicCrystalCard+1","Searing Blow"],"picked":"Genetic Algorithm+1","floor":35},{"not_picked":["Leap+1","Iron Wave","ReplayGash+1"],"picked":"Barrage+1","floor":37},{"not_picked":["StuffTheSpire:EventHorizon","Seeing Red+1","ReplaySolidLightProjector+1"],"picked":"FIFO Queue+1","floor":38}],"player_experience":286466,"relics_obtained":[{"floor":4,"key":"Orichalcum"},{"floor":6,"key":"Mercury Hourglass"},{"floor":9,"key":"hubris:BottledRain"},{"floor":11,"key":"StuffTheSpire:Gunfinga"},{"floor":13,"key":"hubris:Metronome"},{"floor":23,"key":"hubris:SoftwareUpdate"},{"floor":26,"key":"Frozen Egg 2"},{"floor":27,"key":"Simple Rune"},{"floor":30,"key":"Chameleon Ring"}],"event_choices":[{"damage_healed":0,"gold_gain":0,"player_choice":"Disagree","damage_taken":0,"max_hp_gain":0,"max_hp_loss":0,"event_name":"conspire:LoneGhost","floor":2,"gold_loss":0},{"damage_healed":0,"gold_gain":0,"cards_transformed":["StuffTheSpire:Plugnplay"],"player_choice":"Transformed","damage_taken":0,"max_hp_gain":0,"max_hp_loss":0,"event_name":"Transmorgrifier","floor":7,"gold_loss":0,"cards_obtained":["hubris:DoWhile"]},{"damage_healed":0,"gold_gain":0,"player_choice":"Copied","damage_taken":0,"max_hp_gain":0,"max_hp_loss":0,"event_name":"Duplicator","floor":19,"gold_loss":0,"cards_obtained":["ReplayTheSpireMod:Calculation Training"]}],"is_beta":false,"boss_relics":[{"not_picked":["Coffee Dripper","hubris:Stopwatch","energizedSpire:SpiderWeb"]},{"not_picked":["hubris:TerracottaHorce","aspiration:RunicSpoon"],"picked":"potionbrewer:BhaskarasWheel"}],"items_purged_floors":[36],"is_endless":false,"potions_floor_spawned":[1,11,12,14,16,23,25,27,28,31,33,35,38],"killed_by":"Writhing Mass","ascension_level":1}}