{"host":"i2ir6b55gxkcwpt4","time":1611251291,"event":{"mods":["BaseMod","Colored Map","Colored Powertips","Downfall","Minty Spire (QoL Compilation)","StSLib"],"gold_per_floor":[99,116,116,116,162,175,200,219,219,237,237,272,272,300,315,315,315,315],"floor_reached":16,"language":"ZHS","playtime":993,"items_purged":[],"score":110,"play_id":"67bb1d61-9fea-408f-a4d3-fa8b527d9303","local_time":"20210122014811","is_ascension_mode":false,"campfire_choices":[],"circlet_count":0,"master_deck":["sneckomod:Strike","sneckomod:Strike","sneckomod:Strike","sneckomod:Defend+1","sneckomod:Defend","sneckomod:Defend","sneckomod:TailWhip+1","sneckomod:SnekBite","sneckomod:Unknown+1","sneckomod:WideSting+1","Neutralize+1","sneckomod:MasterEye","downfall:Malfunctioning","sneckomod:UnknownUncommonSkill","Envenom","sneckomod:UnknownUncommonSkill","sneckomod:MorePower","sneckomod:UnknownRareSkill+1","sneckomod:UnknownRareSkill","sneckomod:Unknown+1","sneckomod:DiceCrush"],"relics":["sneckomod:SneckoSoul","Nunchaku","Tiny Chest","Whetstone","Orichalcum","Strawberry","Meat on the Bone"],"acts_visited":["Exordium"],"potions_floor_usage":[10,12,15],"damage_taken":[{"damage":0,"enemies":"Small Slimes","floor":2,"turns":2},{"damage":1,"enemies":"2 Louse","floor":6,"turns":2},{"damage":6,"enemies":"Jaw Worm","floor":8,"turns":3},{"damage":10,"enemies":"Lots of Slimes","floor":10,"turns":4},{"damage":28,"enemies":"3 Sentries","floor":12,"turns":7},{"damage":32,"enemies":"Lagavulin","floor":14,"turns":7},{"damage":0,"enemies":"3 Louse","floor":15,"turns":3},{"damage":31,"enemies":"DF_ARCHETYPE_STREAMLINE","floor":16,"turns":6}],"seed_played":"6162006988328059872","potions_obtained":[{"floor":8,"key":"Block Potion"},{"floor":10,"key":"PowerPotion"},{"floor":14,"key":"ColorlessPotion"}],"is_trial":false,"path_per_floor":["R","M","?","?","T","M","T","M","R","M","?","E","?","E","M","B"],"character_chosen":"THE_SNECKO","items_purchased":[],"campfire_rested":0,"item_purchase_floors":[],"current_hp_per_floor":[90,90,90,90,90,89,89,83,83,73,70,49,49,17,29,0,0,0],"gold":315,"neow_bonus":"THREE_CARDS","is_daily":false,"chose_seed":false,"campfire_upgraded":0,"win_rate":0.0,"timestamp":1611251291,"path_taken":["R","M","?","?","?","?","T","M","R","M","?","E","?","E","M","BOSS"],"items_purchased_type":[],"build_version":"2020-12-22","purchased_purges":0,"victory":false,"max_hp_per_floor":[90,90,90,90,90,90,90,90,90,90,90,97,97,97,97,97,97,97],"card_choices":[{"not_picked":["sneckomod:SoulDraw","sneckomod:QuickBite"],"picked":"sneckomod:WideSting","floor":0},{"not_picked":["sneckomod:SnekBeam","sneckomod:UnknownWeak"],"picked":"sneckomod:MasterEye","floor":2},{"not_picked":["sneckomod:Nope","sneckomod:IronFang"],"picked":"sneckomod:UnknownUncommonSkill","floor":6},{"not_picked":["sneckomod:UnknownExhaust","sneckomod:UnknownWeak"],"picked":"sneckomod:Unknown2Cost","floor":8},{"not_picked":["sneckomod:QuickMove","sneckomod:IronFang"],"picked":"sneckomod:UnknownUncommonSkill","floor":10},{"not_picked":["sneckomod:Restock","sneckomod:ImprovisedAttack"],"picked":"sneckomod:MorePower","floor":12},{"not_picked":["sneckomod:UnknownVulnerable+1","sneckomod:UnknownStrike+1"],"picked":"sneckomod:UnknownRareSkill+1","floor":14},{"not_picked":["sneckomod:UnknownUncommonSkill","sneckomod:UnknownDraw"],"picked":"sneckomod:UnknownRareSkill","floor":14},{"not_picked":["sneckomod:UnknownCommonSkill+1","sneckomod:UnknownStrike+1"],"picked":"sneckomod:Unknown+1","floor":15},{"not_picked":["sneckomod:UnknownCommonAttack","sneckomod:WideSting"],"picked":"sneckomod:DiceCrush","floor":15}],"player_experience":78843,"relics_obtained":[{"floor":5,"key":"Tiny Chest"},{"floor":7,"key":"Whetstone"},{"floor":12,"key":"Strawberry"},{"floor":14,"key":"Meat on the Bone"}],"event_choices":[{"damage_healed":0,"gold_gain":0,"player_choice":"Box","damage_taken":0,"relics_obtained":["Nunchaku"],"max_hp_gain":0,"max_hp_loss":0,"event_name":"Big Fish","floor":4,"gold_loss":0,"cards_obtained":["Regret"]},{"damage_healed":0,"gold_gain":0,"player_choice":"Success","damage_taken":3,"relics_obtained":["Orichalcum"],"max_hp_gain":0,"max_hp_loss":0,"event_name":"Scrap Ooze","floor":11,"gold_loss":0},{"cards_removed":["Regret"],"damage_healed":0,"gold_gain":0,"player_choice":"Card Removal","damage_taken":0,"max_hp_gain":0,"max_hp_loss":0,"event_name":"The Cleric","floor":13,"gold_loss":0}],"is_beta":false,"boss_relics":[],"items_purged_floors":[],"is_endless":false,"potions_floor_spawned":[8,10,14],"killed_by":"DF_ARCHETYPE_STREAMLINE","ascension_level":0}}