{"host":"a5lz0e76zb3fcwkm","time":1611231823,"event":{"mods":["AchievementEnabler","BaseMod","Colored Map","Colored Powertips","Minty Spire (QoL Compilation)","StSLib","SuperFastMode"],"gold_per_floor":[111,111,111,129,148,148,148,148],"floor_reached":7,"language":"KOR","playtime":61,"items_purged":[],"score":82,"play_id":"e98803c7-a215-4d1a-be94-a976987c44bd","local_time":"20210121212343","is_ascension_mode":true,"campfire_choices":[{"data":"Terror","floor":6,"key":"SMITH"}],"circlet_count":0,"master_deck":["AscendersBane","Strike_G","Strike_G+1","Strike_G","Strike_G","Defend_G","Defend_G","Defend_G+1","Defend_G","Defend_G","Survivor","Neutralize","Blade Dance","Terror+1"],"relics":["Ring of the Snake","NeowsBlessing"],"acts_visited":["Exordium"],"potions_floor_usage":[],"damage_taken":[{"damage":0.0,"enemies":"Small Slimes","floor":1.0,"turns":1.0},{"damage":0,"enemies":"Jaw Worm","floor":4,"turns":1},{"damage":0,"enemies":"Cultist","floor":5,"turns":1},{"damage":41,"enemies":"Lagavulin","floor":7,"turns":7}],"seed_played":"-3882805162440449279","potions_obtained":[{"floor":1.0,"key":"Ancient Potion"},{"floor":5,"key":"FairyPotion"}],"is_trial":false,"path_per_floor":["M","?","?","M","M","R","E"],"character_chosen":"THE_SILENT","items_purchased":[],"campfire_rested":0,"item_purchase_floors":[],"current_hp_per_floor":[59,39,32,32,32,32,19,19],"gold":148,"neow_bonus":"THREE_ENEMY_KILL","is_daily":false,"chose_seed":false,"campfire_upgraded":1,"win_rate":0.0,"timestamp":1611231823,"path_taken":["M","?","?","?","M","R","E"],"items_purchased_type":[],"build_version":"2020-12-22","purchased_purges":0,"victory":false,"max_hp_per_floor":[66,66,66,66,66,66,66,66],"card_choices":[{"not_picked":["Bane","Backstab"],"picked":"Blade Dance","floor":1.0},{"not_picked":["Quick Slash","Eviscerate"],"picked":"Terror","floor":4},{"not_picked":["Flechettes","Dodge and Roll","Dagger Throw"],"picked":"SKIP","floor":5}],"player_experience":1773736,"relics_obtained":[],"event_choices":[{"damage_healed":0.0,"max_hp_gain":0.0,"max_hp_loss":0.0,"gold_gain":0.0,"event_name":"Shining Light","player_choice":"Entered Light","floor":2.0,"gold_loss":0.0,"damage_taken":20.0,"cards_upgraded":["Strike_G","Defend_G"]},{"cards_removed":["Strike_G"],"damage_healed":0,"gold_gain":0,"player_choice":"Card Removal","damage_taken":7,"max_hp_gain":0,"max_hp_loss":0,"event_name":"Golden Wing","floor":3,"gold_loss":0}],"is_beta":false,"boss_relics":[],"items_purged_floors":[],"is_endless":false,"potions_floor_spawned":[1,5],"killed_by":"Lagavulin","ascension_level":20}}