{"host":"7z347kdhnquy3q4q","time":1611245282,"event":{"mods":["Act Like it!","Aspiration","BaseMod","Hubris","Minty Spire (QoL Compilation)","MostiFishMod","Permanent Neow","Potionbrewer","Replay The Spire","Robot Space Explorer","Spicy Shops","StSLib","Wandering Minibosses"],"gold_per_floor":[113,113,113,113,130,130,165,176,176,193,193,31,31,51,51,122,122,136,165,180,95,95,95,43,77,123,123,133,146,146,13,13,90,90,110,125,141,141,128,128,155,155,155,155,155,155,170,170,180,206,206,206,206],"floor_reached":52,"language":"ENG","playtime":3038,"items_purged":["hubris:Disease"],"score":1431,"play_id":"465f049e-35cd-4db5-873c-59c92bd9a0a8","local_time":"20210121100802","is_ascension_mode":true,"campfire_choices":[{"data":"RobotSpaceExplorer:MiniLasers","floor":6.0,"key":"SMITH"},{"floor":11.0,"key":"REST"},{"data":"RobotSpaceExplorer:Multitool","floor":15.0,"key":"SMITH"},{"floor":32.0,"key":"REST"},{"data":"MostiFishMod:Minus","floor":40.0,"key":"SMITH"},{"floor":42.0,"key":"REST"},{"data":"RobotSpaceExplorer:Fix","floor":44.0,"key":"SMITH"},{"data":"MostiFishMod:Minus+1","floor":48.0,"key":"SMITH"},{"data":"Pain","floor":51.0,"key":"PURGE"}],"circlet_count":0,"master_deck":["AscendersBane","RobotSpaceExplorer:Strike+1","RobotSpaceExplorer:Strike","RobotSpaceExplorer:Strike","RobotSpaceExplorer:Defend","RobotSpaceExplorer:Defend","RobotSpaceExplorer:Defend","RobotSpaceExplorer:Scan","RobotSpaceExplorer:MiniLasers+1","RobotSpaceExplorer:MakeshiftVolley","RobotSpaceExplorer:MetalStrike","RobotSpaceExplorer:Fix+1","RobotSpaceExplorer:MiniDrones","RobotSpaceExplorer:Multitool+1","RobotSpaceExplorer:Discharger","RobotSpaceExplorer:TrailblazerForm","RobotSpaceExplorer:DualCore","RobotSpaceExplorer:StarDust","RobotSpaceExplorer:Blitz+1","RobotSpaceExplorer:ShockMissile","RobotSpaceExplorer:MiniDrones","RobotSpaceExplorer:PlasmaMissile","RobotSpaceExplorer:BigMissile+1","RobotSpaceExplorer:Asteroid","SashWhip+1","RobotSpaceExplorer:ScrapMissile","MostiFishMod:Minus+2","Sanctity","Perseverance","Consecrate","FlyingSleeves"],"relics":["RobotSpaceExplorer:RoboCore","DaveBox","GuanYuAspect","SynthV:TestCard","Sundial","hubris:SphereOfDissonance","hubris:MysteriousPyramids","Lee\u0027s Waffle","aspiration:ArtOfWarUpgrade","Busted Crown","Red Mask","Anchor","Bronze Scales","Whetstone","Orichalcum","Toy Ornithopter","aspiration:WatcherSkillbook","WarpedTongs","ReplayTheSpireMod:CursedCoin","Potion Belt","hubris:TinFlute","wanderingMiniBosses:AbyssPearl","ReplayFunnel"],"acts_visited":["Exordium","TheCity","TheBeyond"],"potions_floor_usage":[],"damage_taken":[{"damage":0.0,"enemies":"Jaw Worm","floor":1.0,"turns":3.0},{"damage":0.0,"enemies":"Cultist","floor":5.0,"turns":3.0},{"damage":41.0,"enemies":"Gremlin Nob","floor":7.0,"turns":6.0},{"damage":0.0,"enemies":"2 Louse","floor":8.0,"turns":2.0},{"damage":3.0,"enemies":"Looter","floor":10.0,"turns":2.0},{"damage":0.0,"enemies":"Blue Slaver","floor":14.0,"turns":5.0},{"damage":13.0,"enemies":"The Guardian","floor":16.0,"turns":14.0},{"damage":0.0,"enemies":"Chosen","floor":18.0,"turns":5.0},{"damage":52.0,"enemies":"Masked Bandits","floor":19.0,"turns":6.0},{"damage":8.0,"enemies":"3 Byrds","floor":20.0,"turns":6.0},{"damage":0.0,"enemies":"Replay:Snechameleon","floor":25.0,"turns":7.0},{"damage":41.0,"enemies":"Shelled Parasite and Fungi","floor":28.0,"turns":5.0},{"damage":20.0,"enemies":"Snake Plant","floor":29.0,"turns":5.0},{"damage":27.0,"enemies":"Pondfish","floor":33.0,"turns":11.0},{"damage":9.0,"enemies":"Orb Walker","floor":35.0,"turns":3.0},{"damage":1.0,"enemies":"3 Shapes","floor":36.0,"turns":3.0},{"damage":6.0,"enemies":"Jaw Worm Horde","floor":37.0,"turns":4.0},{"damage":81.0,"enemies":"Giant Head","floor":41.0,"turns":10.0},{"damage":20.0,"enemies":"4 Shapes","floor":47.0,"turns":6.0},{"damage":20.0,"enemies":"3 Darklings","floor":49.0,"turns":8.0},{"damage":27.0,"enemies":"Nemesis","floor":50.0,"turns":7.0},{"damage":0,"enemies":"Time Eater","floor":52,"turns":1}],"seed_played":"-5305026758783460149","potions_obtained":[{"floor":8.0,"key":"Explosive Potion"},{"floor":14.0,"key":"Swift Potion"},{"floor":16.0,"key":"Block Potion"},{"floor":19.0,"key":"potionbrewer:ToxicPotion"},{"floor":20.0,"key":"potionbrewer:SplittingPotion"},{"floor":29.0,"key":"SmokeBomb"},{"floor":37.0,"key":"potionbrewer:NoxiousPotion"},{"floor":41.0,"key":"ColorlessPotion"},{"floor":47.0,"key":"potionbrewer:FreezingPotion"}],"is_trial":false,"path_per_floor":["M","?","?","?","M","R","E","M","T","M","R","$","T","M","R","B",null,"M","?","M","?","?","R","$","E","T","T","M","M","R","$","R","B",null,"M","M","M","?","$","R","E","R","T","R","PTL","PTL","M","R","M","E","R","B"],"character_chosen":"RobotSpaceExplorer","items_purchased":["Lee\u0027s Waffle","RobotSpaceExplorer:MiniDrones","Toy Ornithopter","SkillPotion","ReplayTheSpireMod:CursedCoin","MostiFishMod:Minus"],"campfire_rested":3,"item_purchase_floors":[12,24,31,31,39,39],"current_hp_per_floor":[41,15,36,36,41,41,11,18,18,25,31,48,48,48,48,48,48,48,17,38,38,38,38,38,48,48,48,34,39,39,39,46,48,48,42,48,48,48,48,48,22,29,29,29,29,29,38,38,48,48,48,48,48],"gold":206,"neow_bonus":"RANDOM_EVENT","is_daily":false,"chose_seed":false,"campfire_upgraded":5,"win_rate":0.0,"timestamp":1611245282,"path_taken":["M","?","?","?","M","R","E","?","T","M","R","$","?","?","R","BOSS","M","?","M","?","?","R","?","E","T","?","M","M","R","$","R","BOSS","M","?","M","?","$","R","E","R","T","R","PTL","PTL","?","R","?","E","R","BOSS"],"items_purchased_type":["Relic","Card","Relic","Potion","Relic","Card"],"build_version":"2020-12-22","purchased_purges":1,"victory":false,"max_hp_per_floor":[41,41,41,41,41,41,41,41,41,41,41,48,48,48,48,48,48,48,48,48,48,48,48,48,48,48,48,48,48,48,48,48,48,48,48,48,48,48,48,48,48,48,48,48,48,48,48,48,48,48,48,48,48],"card_choices":[{"not_picked":["RobotSpaceExplorer:SwiftStep","RobotSpaceExplorer:Counterblock"],"picked":"RobotSpaceExplorer:MakeshiftVolley","floor":1.0},{"not_picked":["RobotSpaceExplorer:FreezingShield","RobotSpaceExplorer:PowerGlove","RobotSpaceExplorer:SurgingStrike","RobotSpaceExplorer:SwiftStep"],"picked":"RobotSpaceExplorer:MetalStrike","floor":5.0},{"not_picked":["RobotSpaceExplorer:FreezingShield","RobotSpaceExplorer:Reload","RobotSpaceExplorer:GearShield","RobotSpaceExplorer:GlueSpray"],"picked":"RobotSpaceExplorer:Fix","floor":7.0},{"not_picked":["RobotSpaceExplorer:FranticSearch","RobotSpaceExplorer:Blitz","RobotSpaceExplorer:SwiftStep","RobotSpaceExplorer:ScrapToss"],"picked":"RobotSpaceExplorer:MiniDrones","floor":8.0},{"not_picked":["RobotSpaceExplorer:FranticSearch","RobotSpaceExplorer:ScrapShield","RobotSpaceExplorer:Ammunition","RobotSpaceExplorer:SwiftStep"],"picked":"RobotSpaceExplorer:Multitool","floor":10.0},{"not_picked":["RobotSpaceExplorer:Ammunition","RobotSpaceExplorer:ImprovisedAttack","RobotSpaceExplorer:Pulsar","RobotSpaceExplorer:MiniDrones"],"picked":"RobotSpaceExplorer:Discharger","floor":14.0},{"not_picked":["RobotSpaceExplorer:DroneSwarm","RobotSpaceExplorer:ShockMissile","RobotSpaceExplorer:Scanner","RobotSpaceExplorer:Explosion"],"picked":"RobotSpaceExplorer:TrailblazerForm","floor":16.0},{"not_picked":["RobotSpaceExplorer:Ammunition","RobotSpaceExplorer:Reload","RobotSpaceExplorer:Probe"],"picked":"SKIP","floor":18.0},{"not_picked":["RobotSpaceExplorer:ImprovisedAttack","RobotSpaceExplorer:ShockKick"],"picked":"RobotSpaceExplorer:DualCore","floor":19.0},{"not_picked":["RobotSpaceExplorer:MetalStrike","RobotSpaceExplorer:GlueShot"],"picked":"RobotSpaceExplorer:StarDust","floor":20.0},{"not_picked":["RobotSpaceExplorer:ImprovisedAttack","RobotSpaceExplorer:ShockKick"],"picked":"RobotSpaceExplorer:PlasmaMissile","floor":25.0},{"not_picked":["RobotSpaceExplorer:Probe","RobotSpaceExplorer:Counterblock+1","RobotSpaceExplorer:MakeshiftVolley"],"picked":"SKIP","floor":28.0},{"not_picked":["RobotSpaceExplorer:Scanner","RobotSpaceExplorer:SurgingStrike"],"picked":"RobotSpaceExplorer:BigMissile+1","floor":29.0},{"not_picked":["RobotSpaceExplorer:Wormhole","RobotSpaceExplorer:Explosion"],"picked":"RobotSpaceExplorer:Asteroid","floor":33.0},{"not_picked":["RobotSpaceExplorer:ScrapToss+1","Protect","CarveReality"],"picked":"SashWhip+1","floor":35.0},{"not_picked":["RobotSpaceExplorer:ShovelStrike","PathToVictory","Vengeance+1","RobotSpaceExplorer:Probe"],"picked":"SKIP","floor":36.0},{"not_picked":["Replay:Hum","RobotSpaceExplorer:MiniDrones","RobotSpaceExplorer:SurgingShield"],"picked":"RobotSpaceExplorer:ScrapMissile","floor":37.0},{"not_picked":["RobotSpaceExplorer:StunGrenade","RobotSpaceExplorer:Multitool","Worship"],"picked":"Sanctity","floor":41.0},{"not_picked":["RobotSpaceExplorer:MiniDrones","DeceiveReality","Fasting2"],"picked":"Perseverance","floor":47.0},{"not_picked":["Halt","RobotSpaceExplorer:Electroshield","FollowUp"],"picked":"Consecrate","floor":49.0},{"not_picked":["RobotSpaceExplorer:SlimeMissile","RobotSpaceExplorer:HighVoltage","Weave"],"picked":"FlyingSleeves","floor":50.0}],"player_experience":1940026,"relics_obtained":[{"floor":1.0,"key":"SynthV:TestCard"},{"floor":7.0,"key":"hubris:SphereOfDissonance"},{"floor":9.0,"key":"hubris:MysteriousPyramids"},{"floor":13.0,"key":"Art of War"},{"floor":19.0,"key":"Red Mask"},{"floor":25.0,"key":"Bronze Scales"},{"floor":26.0,"key":"Whetstone"},{"floor":27.0,"key":"Orichalcum"},{"floor":41.0,"key":"Potion Belt"},{"floor":43.0,"key":"hubris:TinFlute"},{"floor":47.0,"key":"wanderingMiniBosses:AbyssPearl"},{"floor":50.0,"key":"ReplayFunnel"}],"event_choices":[{"damage_healed":0.0,"max_hp_gain":5.0,"max_hp_loss":0.0,"gold_gain":0.0,"event_name":"Big Fish","player_choice":"Donut","floor":0.0,"gold_loss":0.0,"damage_taken":0.0},{"damage_healed":0.0,"max_hp_gain":0.0,"max_hp_loss":0.0,"gold_gain":0.0,"event_name":"Scrap Ooze","player_choice":"Success","floor":2.0,"gold_loss":0.0,"damage_taken":26.0,"relics_obtained":["Sundial"]},{"cards_removed":["Amnesia"],"damage_healed":0.0,"max_hp_gain":0.0,"max_hp_loss":0.0,"gold_gain":0.0,"event_name":"Purifier","player_choice":"Purged","floor":4.0,"gold_loss":0.0,"damage_taken":0.0},{"damage_healed":0.0,"max_hp_gain":0.0,"max_hp_loss":0.0,"gold_gain":0.0,"event_name":"Masked Bandits","player_choice":"Fought Bandits","floor":19.0,"gold_loss":0.0,"damage_taken":0.0},{"damage_healed":0.0,"max_hp_gain":0.0,"max_hp_loss":0.0,"gold_gain":0.0,"event_name":"Addict","player_choice":"Obtained Relic","floor":21.0,"gold_loss":85.0,"damage_taken":0.0,"relics_obtained":["Anchor"]},{"damage_healed":0.0,"max_hp_gain":0.0,"max_hp_loss":0.0,"gold_gain":0.0,"cards_transformed":["RobotSpaceExplorer:Strike","RobotSpaceExplorer:Defend"],"event_name":"Drug Dealer","player_choice":"Became Test Subject","floor":22.0,"gold_loss":0.0,"damage_taken":0.0,"cards_obtained":["RobotSpaceExplorer:Blitz","RobotSpaceExplorer:ShockMissile"]},{"damage_healed":0.0,"max_hp_gain":0.0,"max_hp_loss":0.0,"gold_gain":0.0,"event_name":"Accursed Blacksmith","player_choice":"Rummage","floor":38.0,"gold_loss":0.0,"damage_taken":0.0,"relics_obtained":["WarpedTongs"],"cards_obtained":["Pain"]}],"is_beta":false,"boss_relics":[{"not_picked":["Calling Bell","Ring of Chaos"],"picked":"Busted Crown"},{"not_picked":["Painkiller Herb","aspiration:PoetsPen_weak"],"picked":"aspiration:WatcherSkillbook"}],"items_purged_floors":[39],"is_endless":false,"potions_floor_spawned":[8,14,16,19,20,29,37,41,47],"killed_by":"Time Eater","ascension_level":20}}