{"host":"vsgmwxc1n8l4tqfd","time":1611227473,"event":{"mods":["AchievementEnabler","BaseMod","Bestiary","Block Reminder","Colored Map","Colored Powertips","Minty Spire (QoL Compilation)","Quick Restart"],"gold_per_floor":[117,82,82,95,106,106,19,19,43,43,43,63,28,63,63,163,163,174,0,0,0,0,0,10,28,110,18,38,38,65,75,75,179,179,192,1191,5,5,5,5,5,15,15,15,31,48,48,18,18,18],"floor_reached":51,"language":"ENG","playtime":1747,"items_purged":["Strike_B","Normality"],"score":716,"play_id":"0529e886-2e02-4632-933f-4c0c29b315f3","local_time":"20210121111113","is_ascension_mode":false,"campfire_choices":[{"data":"Loop","floor":6,"key":"SMITH"},{"data":"Static Discharge","floor":8,"key":"SMITH"},{"data":"Barrage","floor":11,"key":"SMITH"},{"floor":15,"key":"REST"},{"floor":23,"key":"REST"},{"floor":29,"key":"REST"},{"data":"Hello World","floor":32,"key":"SMITH"},{"floor":44,"key":"REST"},{"data":"Defragment","floor":49,"key":"SMITH"}],"circlet_count":0,"master_deck":["Zap","Dualcast","Self Repair","Loop+1","Static Discharge+1","Static Discharge","Barrage+1","Hello World+1","Sunder","Electrodynamics","Redo+1","Undo+1","Go for the Eyes+1","BootSequence","Compile Driver","Loop","Thunder Strike","Recycle","Machine Learning","Lockon","Static Discharge","Aggregate","Steam","Conserve Battery+1","Normality","Seek","Ball Lightning","Master of Strategy","Finesse","Dramatic Entrance","Beam Cell","Gash","Electrodynamics","Go for the Eyes","Trip","Writhe","Lockon","Defragment+1","Ball Lightning+1","Reboot","Defragment+1"],"relics":["Cracked Core","Ancient Tea Set","Centennial Puzzle","The Courier","White Beast Statue","Sozu","Pen Nib","Eternal Feather","Whetstone","Pandora\u0027s Box","TheAbacus","Strawberry","Incense Burner","Lizard Tail"],"acts_visited":["TheCity","TheBeyond"],"potions_floor_usage":[14,14,35],"damage_taken":[{"damage":7,"enemies":"2 Louse","floor":1,"turns":3},{"damage":5,"enemies":"Small Slimes","floor":4,"turns":4},{"damage":1,"enemies":"Jaw Worm","floor":5,"turns":5},{"damage":18,"enemies":"Exordium Wildlife","floor":12,"turns":3},{"damage":12,"enemies":"3 Sentries","floor":14,"turns":5},{"damage":40,"enemies":"The Guardian","floor":16,"turns":7},{"damage":17,"enemies":"Shell Parasite","floor":18,"turns":5},{"damage":0,"enemies":"Chosen","floor":24,"turns":3},{"damage":27,"enemies":"Centurion and Healer","floor":25,"turns":5},{"damage":24,"enemies":"Snake Plant","floor":28,"turns":4},{"damage":19,"enemies":"Snecko","floor":31,"turns":5},{"damage":60,"enemies":"Champ","floor":33,"turns":8},{"damage":27,"enemies":"Orb Walker","floor":35,"turns":4},{"damage":41,"enemies":"3 Shapes","floor":42,"turns":4},{"damage":24,"enemies":"Writhing Mass","floor":45,"turns":3},{"damage":44,"enemies":"4 Shapes","floor":46,"turns":3},{"damage":51,"enemies":"Time Eater","floor":50,"turns":8}],"seed_played":"-6206563858249141480","potions_obtained":[{"floor":1,"key":"BlessingOfTheForge"},{"floor":4,"key":"PotionOfCapacity"},{"floor":5,"key":"SkillPotion"},{"floor":16,"key":"Ancient Potion"}],"is_trial":false,"path_per_floor":["M","?","?","M","M","R","$","R","T","?","R","M","?","E","R","B",null,"M","?","?","?","$","R","M","M","T","$","M","R","T","M","R","B",null,"M","?","$","?","?","?","?","M","T","R","M","M","?","$","R","B",null],"character_chosen":"DEFECT","items_purchased":["Static Discharge","Barrage","BootSequence","Seek","Ball Lightning","Master of Strategy","Finesse","Dramatic Entrance","TheAbacus","Strawberry","Incense Burner","Beam Cell","Gash","Electrodynamics","Go for the Eyes","Defragment"],"campfire_rested":4,"item_purchase_floors":[7,7,27,37,37,37,37,37,37,37,37,37,37,37,37,48],"current_hp_per_floor":[68,75,75,75,75,75,75,75,75,72,72,61,61,56,75,42,75,65,65,51,51,51,75,75,55,55,55,38,74,74,62,74,14,80,60,60,67,67,87,87,87,46,46,87,63,26,76,76,76,25],"gold":18,"neow_bonus":"RANDOM_COMMON_RELIC","is_daily":false,"chose_seed":false,"campfire_upgraded":5,"win_rate":0.0,"timestamp":1611227473,"path_taken":["M","?","?","M","M","R","$","R","T","?","R","M","?","E","R","BOSS","M","?","?","?","?","R","M","?","T","$","M","R","?","M","R","BOSS","M","?","$","?","?","?","?","?","T","R","M","M","?","$","R","BOSS"],"items_purchased_type":["Card","Card","Card","Card","Card","Card","Card","Card","Relic","Relic","Relic","Card","Card","Card","Card","Card"],"build_version":"2020-12-22","purchased_purges":2,"victory":true,"max_hp_per_floor":[75,75,75,75,75,75,75,75,75,75,75,75,75,75,75,75,75,75,75,80,80,80,80,80,80,80,80,80,80,80,80,80,80,80,80,80,87,87,87,87,87,87,87,87,87,87,76,76,76,76],"card_choices":[{"not_picked":["FTL","Double Energy"],"picked":"Self Repair","floor":1},{"not_picked":["Rebound","Ball Lightning"],"picked":"Loop","floor":4},{"not_picked":["Sweeping Beam","Cold Snap"],"picked":"Static Discharge","floor":5},{"not_picked":["Go for the Eyes","Beam Cell"],"picked":"Hello World","floor":12},{"not_picked":["Streamline","Ball Lightning"],"picked":"Sunder","floor":14},{"not_picked":["Rainbow","Buffer"],"picked":"Electrodynamics","floor":16},{"not_picked":["Steam","Cold Snap"],"picked":"Redo+1","floor":18},{"not_picked":["Steam+1","Gash"],"picked":"Undo+1","floor":24},{"not_picked":["Turbo","Steam+1"],"picked":"Go for the Eyes+1","floor":25},{"not_picked":["BootSequence+1","Doom and Gloom"],"picked":"Compile Driver","floor":28},{"not_picked":["Streamline","Beam Cell"],"picked":"Loop","floor":31},{"not_picked":["Seek","Biased Cognition"],"picked":"Thunder Strike","floor":33},{"not_picked":["Streamline","Rebound+1"],"picked":"Conserve Battery+1","floor":35},{"not_picked":["PanicButton","Dramatic Entrance"],"picked":"Trip","floor":38},{"not_picked":["Redo","Conserve Battery+1"],"picked":"Defragment+1","floor":42},{"not_picked":["Coolheaded","Beam Cell"],"picked":"Ball Lightning+1","floor":45},{"not_picked":["Streamline","Cold Snap+1"],"picked":"Reboot","floor":46}],"player_experience":52903,"relics_obtained":[{"floor":9,"key":"Centennial Puzzle"},{"floor":14,"key":"White Beast Statue"},{"floor":26,"key":"Eternal Feather"},{"floor":30,"key":"Whetstone"},{"floor":43,"key":"Lizard Tail"}],"event_choices":[{"damage_healed":18,"gold_gain":0,"player_choice":"Healed","damage_taken":0,"max_hp_gain":0,"max_hp_loss":0,"event_name":"The Cleric","floor":2,"gold_loss":35},{"damage_healed":0,"gold_gain":0,"player_choice":"Ignored","damage_taken":0,"max_hp_gain":0,"max_hp_loss":0,"event_name":"Liars Game","floor":3,"gold_loss":0},{"damage_healed":0,"gold_gain":0,"player_choice":"Success","damage_taken":3,"relics_obtained":["The Courier"],"max_hp_gain":0,"max_hp_loss":0,"event_name":"Scrap Ooze","floor":10,"gold_loss":0},{"damage_healed":0,"gold_gain":0,"player_choice":"Left Gold","damage_taken":0,"max_hp_gain":0,"max_hp_loss":0,"event_name":"World of Goop","floor":13,"gold_loss":35},{"damage_healed":0,"gold_gain":0,"player_choice":"Paid Fearfully","damage_taken":0,"max_hp_gain":0,"max_hp_loss":0,"event_name":"Masked Bandits","floor":19,"gold_loss":174},{"damage_healed":0,"gold_gain":0,"player_choice":"Shed Blood","damage_taken":19,"max_hp_gain":5,"max_hp_loss":0,"event_name":"Forgotten Altar","floor":20,"gold_loss":0},{"damage_healed":0,"gold_gain":0,"player_choice":"Opened","damage_taken":0,"relics_obtained":["Pen Nib"],"max_hp_gain":0,"max_hp_loss":0,"event_name":"The Mausoleum","floor":21,"gold_loss":0},{"damage_healed":0,"gold_gain":999,"player_choice":"Gold","damage_taken":0,"max_hp_gain":0,"max_hp_loss":0,"event_name":"MindBloom","floor":36,"gold_loss":0,"cards_obtained":["Normality","Normality"]},{"damage_healed":0,"gold_gain":0,"player_choice":"Memory 1","damage_taken":0,"max_hp_gain":0,"max_hp_loss":0,"event_name":"SensoryStone","floor":38,"gold_loss":0},{"damage_healed":22,"gold_gain":0,"player_choice":"Writhe","damage_taken":0,"max_hp_gain":0,"max_hp_loss":0,"event_name":"Winding Halls","floor":39,"gold_loss":0,"cards_obtained":["Writhe"]},{"cards_removed":["Biased Cognition"],"damage_healed":0,"gold_gain":0,"player_choice":"Removed Power","damage_taken":0,"max_hp_gain":0,"max_hp_loss":0,"event_name":"Falling","floor":40,"gold_loss":0},{"damage_healed":0,"gold_gain":0,"player_choice":"Copied","damage_taken":0,"max_hp_gain":0,"max_hp_loss":0,"event_name":"Duplicator","floor":41,"gold_loss":0,"cards_obtained":["Lockon"]},{"damage_healed":76,"gold_gain":0,"player_choice":"Heal","damage_taken":0,"max_hp_gain":0,"max_hp_loss":11,"event_name":"The Moai Head","floor":47,"gold_loss":0}],"is_beta":false,"boss_relics":[{"not_picked":["Black Star","Philosopher\u0027s Stone"],"picked":"Sozu"},{"not_picked":["Runic Dome","Astrolabe"],"picked":"Pandora\u0027s Box"}],"items_purged_floors":[27,37],"is_endless":false,"potions_floor_spawned":[1,4,5,16,18,24,25,28,31,33,35,42,45,46],"ascension_level":0}}