{"host":"jpzdg3po3tjxdjri","time":1611263867,"event":{"mods":["BaseMod","Better Third Choice","Colored Map","Colored Powertips","Minty Spire (QoL Compilation)","StSLib"],"gold_per_floor":[110,129,279,354,162,162,180,190,190,190,225,238,252,272,272,351,351,364,414,429,429,429],"floor_reached":21,"language":"ENG","playtime":434,"items_purged":["Doubt"],"score":320,"play_id":"67d91a11-a1ab-4aa1-9e05-618f25b2e686","local_time":"20210121211747","is_ascension_mode":true,"campfire_choices":[{"data":"Defragment","floor":6,"key":"SMITH"},{"data":"Zap","floor":10,"key":"SMITH"},{"floor":15,"key":"REST"}],"circlet_count":0,"master_deck":["AscendersBane","Strike_B","Strike_B","Strike_B","Strike_B","Defend_B","Defend_B","Defend_B","Defend_B","Zap+1","Dualcast","Rip and Tear","Ball Lightning","Defragment+1","Melter","Static Discharge","Capacitor","Ball Lightning","Compile Driver","Conserve Battery","Defragment","Amplify","Sweeping Beam","Lockon"],"relics":["Cracked Core","NeowsBlessing","Kunai","FossilizedHelix","SlaversCollar"],"acts_visited":["Exordium","TheCity"],"potions_floor_usage":[16],"damage_taken":[{"damage":0,"enemies":"Jaw Worm","floor":1,"turns":1},{"damage":0,"enemies":"Small Slimes","floor":2,"turns":1},{"damage":0,"enemies":"2 Louse","floor":7,"turns":1},{"damage":12,"enemies":"Looter","floor":8,"turns":2},{"damage":26,"enemies":"Lagavulin","floor":11,"turns":5},{"damage":0,"enemies":"Exordium Wildlife","floor":12,"turns":3},{"damage":0,"enemies":"Red Slaver","floor":13,"turns":3},{"damage":0,"enemies":"Looter","floor":14,"turns":3},{"damage":24,"enemies":"Hexaghost","floor":16,"turns":8},{"damage":19,"enemies":"Spheric Guardian","floor":18,"turns":4},{"damage":18,"enemies":"Chosen","floor":20,"turns":4},{"damage":26,"enemies":"Centurion and Healer","floor":21,"turns":3}],"seed_played":"944262677954531808","potions_obtained":[{"floor":1,"key":"Strength Potion"},{"floor":2,"key":"Dexterity Potion"},{"floor":20,"key":"Ancient Potion"}],"is_trial":false,"path_per_floor":["M","M","?","?","$","R","M","M","T","R","E","M","M","M","R","B",null,"M","?","M","M"],"character_chosen":"DEFECT","items_purchased":["Defragment","Melter"],"campfire_rested":1,"item_purchase_floors":[5,5],"current_hp_per_floor":[64,64,64,53,53,53,53,41,41,41,15,15,15,15,36,12,56,37,37,19,0,0],"gold":429,"neow_bonus":"THREE_ENEMY_KILL","is_daily":false,"chose_seed":false,"campfire_upgraded":2,"win_rate":0.0,"timestamp":1611263867,"path_taken":["M","M","?","?","$","R","M","M","T","R","E","M","M","M","R","BOSS","M","?","M","M"],"items_purchased_type":["Card","Card"],"build_version":"2020-12-22","purchased_purges":1,"victory":false,"max_hp_per_floor":[71,71,71,71,71,71,71,71,71,71,71,71,71,71,71,71,71,71,71,71,71,71],"card_choices":[{"not_picked":["Self Repair","Reinforced Body"],"picked":"Rip and Tear","floor":1},{"not_picked":["BootSequence","Darkness"],"picked":"Ball Lightning","floor":2},{"not_picked":["Melter","Beam Cell"],"picked":"Static Discharge","floor":7},{"not_picked":["Self Repair","Go for the Eyes"],"picked":"Capacitor","floor":8},{"not_picked":["Hologram","Gash"],"picked":"Ball Lightning","floor":11},{"not_picked":["Chaos","Force Field"],"picked":"Compile Driver","floor":12},{"not_picked":["Hologram","Chaos"],"picked":"Conserve Battery","floor":13},{"not_picked":["Skim","Darkness"],"picked":"Defragment","floor":14},{"not_picked":["Multi-Cast","Creative AI"],"picked":"Amplify","floor":16},{"not_picked":["Rebound","Heatsinks"],"picked":"Sweeping Beam","floor":18},{"not_picked":["Steam Power","Fusion"],"picked":"Lockon","floor":20}],"player_experience":849255,"relics_obtained":[{"floor":9,"key":"Kunai"},{"floor":11,"key":"FossilizedHelix"}],"event_choices":[{"damage_healed":0,"gold_gain":150,"player_choice":"AGREE","damage_taken":129,"max_hp_gain":0,"max_hp_loss":0,"event_name":"betterThird:BetterSerpent","floor":3,"gold_loss":0},{"damage_healed":0,"gold_gain":75,"player_choice":"Gold","damage_taken":11,"max_hp_gain":0,"max_hp_loss":0,"event_name":"betterThird:BetterGoop","floor":4,"gold_loss":0},{"damage_healed":0,"gold_gain":50,"player_choice":"Steal","damage_taken":0,"max_hp_gain":0,"max_hp_loss":0,"event_name":"betterThird:BetterNest","floor":19,"gold_loss":0}],"is_beta":false,"boss_relics":[{"not_picked":["Tiny House","Pandora\u0027s Box"],"picked":"SlaversCollar"}],"items_purged_floors":[5],"is_endless":false,"potions_floor_spawned":[1,2,7,11,14,20],"killed_by":"Centurion and Healer","ascension_level":15}}