{"host":"pxmwci5ksxda8grt","time":1611216213,"event":{"mods":["BaseMod","Bestiary","Better Synergies","Better Third Choice","BetterRewards","Block Reminder","Colored Map","Colored Powertips","DeckTracker","Defuse TimeMaze Blight","Energized Spire","GifTheSpireLib","Minty Spire (QoL Compilation)","Quick Restart","Rare Cards Sparkle","Relic Stats","Spire Birthday Party","StSLib","SuperFastMode","Synergy Search","Unceasing Turn Reminder"],"gold_per_floor":[113,133,133,133,145,145,156,168,168,182,214,65,82,94,94,198,198,215,228,248,248,266,301,313,350,440,477,232,250,250,285,285,383,383,400,448,498,511,522,556,556,581,607,607,622,494,507,176,176,176],"floor_reached":51,"language":"ENG","playtime":1768,"items_purged":["Strike_R","Strike_R","Strike_R+1"],"score":1799,"play_id":"7a5eb417-fc83-4ef0-9dff-8db9226b6254","local_time":"20210121210333","is_ascension_mode":true,"campfire_choices":[{"data":"Strike_R","floor":6,"key":"PURGE"},{"data":"Strike_R","floor":15,"key":"PURGE"},{"floor":24,"key":"RECALL"},{"data":"Dark Embrace","floor":32,"key":"SMITH"},{"data":"Metallicize","floor":49,"key":"SMITH"}],"circlet_count":0,"master_deck":["Defend_R+1","Defend_R","Defend_R","Defend_R+1","Bash+1","Flex+1","Thunderclap+1","Apotheosis+1","Twin Strike+1","Spot Weakness+1","Feed+1","Shrug It Off+1","Immolate+1","Flame Barrier+1","True Grit+1","Limit Break+1","Heavy Blade+1","Metallicize+1","Twin Strike+1","Rage+1","Fire Breathing","Dark Embrace+1","Bloodletting+1","Offering+1","Flex+1","Power Through+1","True Grit+1","Feel No Pain+1","Rage+1","Flex+1","Metallicize+1"],"relics":["Burning Blood","Champion Belt","Lantern","Pen Nib","Vajra","Sling","CaptainsWheel","Paper Frog","TheAbacus","Shuriken","Mango","Blood Vial","Juzu Bracelet","Frozen Eye","Potion Belt","FossilizedHelix","ClockworkSouvenir","StoneCalendar","Orichalcum","OrangePellets","Incense Burner","Nunchaku","Medical Kit","Lizard Tail","Peace Pipe","HandDrill","Bag of Preparation","MealTicket","Brimstone","Ornamental Fan","Pocketwatch","Toolbox","Unceasing Top","Molten Egg 2","Membership Card","Eternal Feather","Toxic Egg 2","Mummified Hand","Cauldron","Bronze Scales","Anchor","Lee\u0027s Waffle","War Paint","Letter Opener","PreservedInsect","Turnip","Mark of Pain","MawBank","Bird Faced Urn","Sundial","Omamori","Ice Cream","Red Skull","Question Card","Tiny Chest","energizedSpire:MagnifyingGlass","Thread and Needle","TungstenRod","Centennial Puzzle","HornCleat","Smiling Mask","Torii","Boot","Whetstone","Meat on the Bone","Chemical X"],"acts_visited":["Exordium","TheCity","TheBeyond"],"potions_floor_usage":[],"damage_taken":[{"damage":0,"enemies":"Cultist","floor":1,"turns":2},{"damage":0,"enemies":"Small Slimes","floor":2,"turns":2},{"damage":0,"enemies":"2 Louse","floor":5,"turns":1},{"damage":0,"enemies":"Exordium Thugs","floor":7,"turns":1},{"damage":0,"enemies":"Exordium Wildlife","floor":8,"turns":2},{"damage":0,"enemies":"Blue Slaver","floor":10,"turns":2},{"damage":0,"enemies":"Lagavulin","floor":11,"turns":2},{"damage":0,"enemies":"Large Slime","floor":13,"turns":2},{"damage":0,"enemies":"Looter","floor":14,"turns":1},{"damage":0,"enemies":"Slime Boss","floor":16,"turns":3},{"damage":0,"enemies":"2 Thieves","floor":18,"turns":2},{"damage":2,"enemies":"3 Byrds","floor":19,"turns":3},{"damage":0,"enemies":"Snake Plant","floor":20,"turns":2},{"damage":0,"enemies":"Centurion and Healer","floor":22,"turns":1},{"damage":0,"enemies":"Gremlin Leader","floor":23,"turns":1},{"damage":0,"enemies":"Slavers","floor":25,"turns":1},{"damage":0,"enemies":"Gremlin Leader","floor":27,"turns":1},{"damage":0,"enemies":"Shelled Parasite and Fungi","floor":29,"turns":3},{"damage":0,"enemies":"Slavers","floor":31,"turns":1},{"damage":0,"enemies":"Champ","floor":33,"turns":4},{"damage":0,"enemies":"3 Shapes","floor":35,"turns":1},{"damage":0,"enemies":"2 Orb Walkers","floor":36,"turns":2},{"damage":1,"enemies":"Mind Bloom Boss Battle","floor":37,"turns":2},{"damage":0,"enemies":"3 Darklings","floor":38,"turns":1},{"damage":5,"enemies":"Transient","floor":39,"turns":5},{"damage":0,"enemies":"Nemesis","floor":40,"turns":3},{"damage":5,"enemies":"Giant Head","floor":42,"turns":4},{"damage":2,"enemies":"Sphere and 2 Shapes","floor":45,"turns":3},{"damage":2,"enemies":"Maw","floor":47,"turns":6},{"damage":2,"enemies":"Awakened One","floor":50,"turns":4}],"seed_played":"-2429911439635930806","potions_obtained":[{"floor":0,"key":"Explosive Potion"},{"floor":0,"key":"ColorlessPotion"},{"floor":0,"key":"BloodPotion"},{"floor":0,"key":"BloodPotion"},{"floor":0,"key":"Dexterity Potion"},{"floor":1,"key":"FairyPotion"},{"floor":25,"key":"LiquidBronze"}],"is_trial":false,"path_per_floor":["M","M","?","?","M","R","M","M","T","M","E","$","M","M","R","B",null,"M","M","M","?","M","E","R","E","T","E","$","M","T","E","R","B",null,"M","?","?","M","M","E","?","E","T","T","M","$","M","$","R","B",null],"character_chosen":"IRONCLAD","items_purchased":["Champion Belt","Lantern","Pen Nib","Vajra","Sling","CaptainsWheel","Paper Frog","TheAbacus","Shuriken","Mango","Blood Vial","Juzu Bracelet","Frozen Eye","Potion Belt","FossilizedHelix","ClockworkSouvenir","StoneCalendar","Orichalcum","OrangePellets","Incense Burner","Nunchaku","Medical Kit","Lizard Tail","Peace Pipe","HandDrill","Bag of Preparation","MealTicket","Brimstone","Ornamental Fan","Pocketwatch","Toolbox","Unceasing Top","Molten Egg 2","Membership Card","Eternal Feather","Toxic Egg 2","Mummified Hand","Dream Catcher","Cauldron","Bronze Scales","Anchor","Lee\u0027s Waffle","Turnip","Ice Cream","Red Skull","Boot","Whetstone","Meat on the Bone","Chemical X"],"campfire_rested":0,"item_purchase_floors":[0,0,0,0,0,0,0,0,0,0,0,0,0,0,0,0,0,0,0,0,0,0,0,0,0,0,0,0,0,0,0,0,0,0,0,0,0,0,0,0,0,0,12,28,28,46,48,48,48],"current_hp_per_floor":[101,101,101,94,101,101,101,101,101,101,105,105,105,109,109,113,113,113,113,113,90,98,106,118,122,122,122,122,126,126,126,126,126,126,126,126,130,130,130,130,130,134,134,134,134,134,138,138,138,142],"gold":176,"neow_bonus":"","is_daily":false,"chose_seed":false,"campfire_upgraded":2,"win_rate":0.0,"timestamp":1611216213,"path_taken":["M","M","?","?","M","R","M","M","T","M","E","$","M","M","R","BOSS","M","M","M","?","M","E","R","E","T","E","$","M","?","E","R","BOSS","M","?","?","M","M","E","?","E","T","?","M","$","M","$","R","BOSS"],"items_purchased_type":["Relic","Relic","Relic","Relic","Relic","Relic","Relic","Relic","Relic","Relic","Relic","Relic","Relic","Relic","Relic","Relic","Relic","Relic","Relic","Relic","Relic","Relic","Relic","Relic","Relic","Relic","Relic","Relic","Relic","Relic","Relic","Relic","Relic","Relic","Relic","Relic","Relic","Relic","Relic","Relic","Relic","Relic","Relic","Relic","Relic","Relic","Relic","Relic","Relic"],"build_version":"2020-12-22","purchased_purges":3,"victory":true,"max_hp_per_floor":[101,101,101,101,101,101,101,101,101,101,105,105,105,109,109,113,113,113,113,113,118,118,118,118,122,122,122,122,126,126,126,126,126,126,126,126,130,130,130,130,130,134,134,134,134,134,138,138,138,142],"relic_stats":{"Torii":0,"StoneCalendar":[0],"Juzu Bracelet":0,"Bag of Preparation":[60],"Whetstone":["Strike_R","Bash"],"Smiling Mask":13,"Boot":[0],"Burning Blood":28,"Blood Vial":6,"Nunchaku":[13],"Lizard Tail":0,"Centennial Puzzle":[12],"TheAbacus":[60],"Mummified Hand":[52],"Sundial":[4],"MealTicket":0,"Tiny Chest":1,"HandDrill":[16],"Chemical X":[1],"Lee\u0027s Waffle":15,"counters":[30,68],"Eternal Feather":12,"Pen Nib":[13],"PreservedInsect":347,"Letter Opener":[317],"Orichalcum":[18],"War Paint":["Defend_R","Defend_R"],"Medical Kit":[38],"MawBank":60,"Question Card":11,"Peace Pipe":3,"OrangePellets":[8],"Shuriken":[25],"Ornamental Fan":[100],"Bronze Scales":[109],"Bird Faced Urn":[8],"Turnip":[12],"Champion Belt":[35],"obtain_stats":[{"Ice Cream":28,"Vajra":0,"Whetstone":48,"Sling":0,"Boot":46,"Blood Vial":0,"Lizard Tail":0,"Centennial Puzzle":40,"HornCleat":42,"Sundial":26,"MealTicket":0,"HandDrill":0,"Toxic Egg 2":0,"Eternal Feather":0,"Pen Nib":0,"Letter Opener":9,"War Paint":4,"Question Card":30,"OrangePellets":0,"Shuriken":0,"Brimstone":0,"Bronze Scales":0,"Bird Faced Urn":25,"Molten Egg 2":0,"Mark of Pain":17,"energizedSpire:MagnifyingGlass":34,"Unceasing Top":0,"Pocketwatch":0,"Meat on the Bone":48,"Lantern":0,"Torii":44,"Mango":0,"StoneCalendar":0,"Juzu Bracelet":0,"Incense Burner":0,"Bag of Preparation":0,"Smiling Mask":43,"Burning Blood":0,"ClockworkSouvenir":0,"Frozen Eye":0,"Nunchaku":0,"Dream Catcher":0,"TheAbacus":0,"Mummified Hand":0,"Toolbox":0,"Tiny Chest":31,"Chemical X":48,"Red Skull":28,"Paper Frog":0,"Potion Belt":0,"Lee\u0027s Waffle":0,"Thread and Needle":36,"PreservedInsect":11,"Omamori":27,"Orichalcum":0,"Medical Kit":0,"MawBank":23,"Peace Pipe":0,"Cauldron":0,"CaptainsWheel":0,"Anchor":0,"Ornamental Fan":0,"Turnip":12,"Champion Belt":0,"Membership Card":0,"FossilizedHelix":0,"TungstenRod":37},{"Ice Cream":17,"Vajra":0,"Whetstone":29,"Sling":0,"Boot":28,"Blood Vial":0,"Lizard Tail":0,"Centennial Puzzle":26,"HornCleat":27,"Sundial":16,"MealTicket":0,"HandDrill":0,"Toxic Egg 2":0,"Eternal Feather":0,"Pen Nib":0,"Letter Opener":5,"War Paint":2,"Question Card":18,"OrangePellets":0,"Shuriken":0,"Brimstone":0,"Bronze Scales":0,"Bird Faced Urn":16,"Molten Egg 2":0,"Mark of Pain":10,"energizedSpire:MagnifyingGlass":20,"Unceasing Top":0,"Pocketwatch":0,"Meat on the Bone":29,"Lantern":0,"Torii":27,"Mango":0,"StoneCalendar":0,"Juzu Bracelet":0,"Incense Burner":0,"Bag of Preparation":0,"Smiling Mask":27,"Burning Blood":0,"ClockworkSouvenir":0,"Frozen Eye":0,"Nunchaku":0,"Dream Catcher":0,"TheAbacus":0,"Mummified Hand":0,"Toolbox":0,"Tiny Chest":19,"Chemical X":29,"Red Skull":17,"Paper Frog":0,"Potion Belt":0,"Lee\u0027s Waffle":0,"Thread and Needle":22,"PreservedInsect":7,"Omamori":17,"Orichalcum":0,"Medical Kit":0,"MawBank":15,"Peace Pipe":0,"Cauldron":0,"CaptainsWheel":0,"Anchor":0,"Ornamental Fan":0,"Turnip":7,"Champion Belt":0,"Membership Card":0,"FossilizedHelix":0,"TungstenRod":23},{"Ice Cream":29,"Vajra":0,"Whetstone":64,"Sling":0,"Boot":58,"Blood Vial":0,"Lizard Tail":0,"Centennial Puzzle":51,"HornCleat":55,"Sundial":28,"MealTicket":0,"HandDrill":0,"Toxic Egg 2":0,"Eternal Feather":0,"Pen Nib":0,"Letter Opener":8,"War Paint":4,"Question Card":32,"OrangePellets":0,"Shuriken":0,"Brimstone":0,"Bronze Scales":0,"Bird Faced Urn":28,"Molten Egg 2":0,"Mark of Pain":18,"energizedSpire:MagnifyingGlass":37,"Unceasing Top":0,"Pocketwatch":0,"Meat on the Bone":64,"Lantern":0,"Torii":55,"Mango":0,"StoneCalendar":0,"Juzu Bracelet":0,"Incense Burner":0,"Bag of Preparation":0,"Smiling Mask":55,"Burning Blood":0,"ClockworkSouvenir":0,"Frozen Eye":0,"Nunchaku":0,"Dream Catcher":0,"TheAbacus":0,"Mummified Hand":0,"Toolbox":0,"Tiny Chest":33,"Chemical X":64,"Red Skull":29,"Paper Frog":0,"Potion Belt":0,"Lee\u0027s Waffle":0,"Thread and Needle":40,"PreservedInsect":12,"Omamori":29,"Orichalcum":0,"Medical Kit":0,"MawBank":27,"Peace Pipe":0,"Cauldron":0,"CaptainsWheel":0,"Anchor":0,"Ornamental Fan":0,"Turnip":12,"Champion Belt":0,"Membership Card":0,"FossilizedHelix":0,"TungstenRod":42}],"Unceasing Top":[39],"TungstenRod":5,"Pocketwatch":[21],"Meat on the Bone":0},"card_choices":[{"not_picked":["Anger+1","Dropkick+1"],"picked":"Flex+1","floor":1},{"not_picked":["Cleave+1","Anger+1"],"picked":"Thunderclap+1","floor":2},{"not_picked":["Clash+1","Iron Wave+1"],"picked":"Twin Strike+1","floor":5},{"not_picked":["Shrug It Off+1","Whirlwind+1"],"picked":"Spot Weakness+1","floor":7},{"not_picked":["Blood for Blood+1","Thunderclap+1"],"picked":"Feed+1","floor":8},{"not_picked":["Headbutt+1","Wild Strike+1"],"picked":"Shrug It Off+1","floor":10},{"not_picked":["Shrug It Off+1","Clothesline+1"],"picked":"Immolate+1","floor":11},{"not_picked":["Whirlwind+1","True Grit+1"],"picked":"Flame Barrier+1","floor":13},{"not_picked":["Flame Barrier+1","Power Through+1"],"picked":"True Grit+1","floor":14},{"not_picked":["Corruption","Reaper+1"],"picked":"Limit Break+1","floor":16},{"not_picked":["Anger+1","Carnage+1"],"picked":"Heavy Blade+1","floor":18},{"not_picked":["Cleave+1","Sword Boomerang+1"],"picked":"Metallicize","floor":19},{"not_picked":["Anger+1","Thunderclap+1"],"picked":"Twin Strike+1","floor":20},{"not_picked":["Body Slam+1","Thunderclap+1"],"picked":"Rage+1","floor":22},{"not_picked":["Seeing Red+1","Sentinel+1"],"picked":"Fire Breathing","floor":23},{"not_picked":["Anger+1","Battle Trance+1"],"picked":"Dark Embrace","floor":25},{"not_picked":["Sword Boomerang+1","Intimidate+1"],"picked":"Whirlwind+1","floor":27},{"not_picked":["Second Wind+1","Anger+1","Sword Boomerang+1"],"picked":"SKIP","floor":29},{"not_picked":["Carnage+1","Disarm+1","Blood for Blood+1"],"picked":"Bloodletting+1","floor":31},{"not_picked":["Fiend Fire+1","Reaper+1","Impervious+1"],"picked":"Offering+1","floor":33},{"not_picked":["Pommel Strike+1","Clothesline+1","Clash+1"],"picked":"Flex+1","floor":35},{"not_picked":["Twin Strike+1","Evolve","Thunderclap+1"],"picked":"Power Through+1","floor":36},{"not_picked":["Armaments+1","Sever Soul+1","Perfected Strike+1"],"picked":"True Grit+1","floor":38},{"not_picked":["Anger+1","Intimidate+1","Thunderclap+1","Flame Barrier+1"],"picked":"SKIP","floor":39},{"not_picked":["Hemokinesis+1","Brutality","Havoc+1"],"picked":"Feel No Pain+1","floor":40},{"not_picked":["Sword Boomerang+1","Sentinel+1","Entrench+1"],"picked":"Rage+1","floor":42},{"not_picked":["Reckless Charge+1","Armaments+1","Clash+1"],"picked":"Flex+1","floor":45},{"not_picked":["Cleave+1","Pommel Strike+1","Clash+1"],"picked":"Metallicize+1","floor":47}],"player_experience":574600,"relics_obtained":[{"floor":9,"key":"Letter Opener"},{"floor":11,"key":"PreservedInsect"},{"floor":23,"key":"MawBank"},{"floor":25,"key":"Bird Faced Urn"},{"floor":26,"key":"Sundial"},{"floor":27,"key":"Omamori"},{"floor":30,"key":"Question Card"},{"floor":31,"key":"Tiny Chest"},{"floor":36,"key":"Thread and Needle"},{"floor":37,"key":"TungstenRod"},{"floor":40,"key":"Centennial Puzzle"},{"floor":42,"key":"HornCleat"},{"floor":43,"key":"Smiling Mask"},{"floor":44,"key":"Torii"}],"event_choices":[{"damage_healed":101,"gold_gain":0,"player_choice":"Protect","damage_taken":0,"max_hp_gain":0,"max_hp_loss":101,"event_name":"betterThird:BetterShining","floor":3,"gold_loss":1},{"damage_healed":0,"gold_gain":0,"player_choice":"Relic ","damage_taken":7,"max_hp_gain":0,"max_hp_loss":0,"event_name":"betterThird:BetterScrap","floor":4,"gold_loss":0,"cards_obtained":["Wallop"]},{"damage_healed":0,"gold_gain":0,"player_choice":"Shed Blood","damage_taken":28,"max_hp_gain":5,"max_hp_loss":0,"event_name":"Forgotten Altar","floor":21,"gold_loss":0},{"damage_healed":0,"gold_gain":0,"player_choice":"Fight","damage_taken":0,"max_hp_gain":0,"max_hp_loss":0,"event_name":"Mysterious Sphere","floor":36,"gold_loss":0},{"damage_healed":0,"gold_gain":0,"player_choice":"Fight","damage_taken":0,"max_hp_gain":0,"max_hp_loss":0,"event_name":"MindBloom","floor":37,"gold_loss":0},{"cards_removed":["Whirlwind"],"damage_healed":0,"gold_gain":0,"player_choice":"Removed Attack","damage_taken":0,"max_hp_gain":0,"max_hp_loss":0,"event_name":"Falling","floor":41,"gold_loss":0}],"is_beta":false,"boss_relics":[{"not_picked":["Black Star","Fusion Hammer"],"picked":"Mark of Pain"},{"not_picked":["Astrolabe","energizedSpire:SpiderWeb"],"picked":"energizedSpire:MagnifyingGlass"}],"items_purged_floors":[28,46,48],"is_endless":false,"potions_floor_spawned":[1,5,8,13,22,25,27,29,35,36,37,45],"ascension_level":7}}