{"host":"lv7etzzgwahaenh9","time":1611188644,"event":{"mods":["AchievementEnabler","BaseMod","Colored Map","Colored Powertips","Highlight Path","Minty Spire (QoL Compilation)","Permanent Neow","Quick Restart","Random Character Button","StSLib"],"gold_per_floor":[116,134,153,153,171,171,205,205,231,263,24,53,83,93,93,195,195,207,207,255,267,39,72,72,100,124,155,155,185,199,199,199,304,304,317,73,125,125,139,165,165,192,192,192,205,234,246,258,258,258],"floor_reached":51,"language":"ENG","playtime":2317,"items_purged":[],"score":998,"play_id":"a2bb6b77-e916-4f32-9eb3-364c66ffec96","local_time":"20210120162404","is_ascension_mode":true,"campfire_choices":[{"data":"Conclude","floor":6.0,"key":"SMITH"},{"data":"CrushJoints","floor":8.0,"key":"SMITH"},{"data":"BattleHymn","floor":15.0,"key":"SMITH"},{"floor":24.0,"key":"REST"},{"data":"Wallop","floor":28.0,"key":"SMITH"},{"floor":32.0,"key":"REST"},{"data":"Ragnarok","floor":41.0,"key":"SMITH"},{"data":"WheelKick","floor":44.0,"key":"SMITH"},{"floor":49.0,"key":"REST"}],"circlet_count":0,"master_deck":["Strike_P","Strike_P","Defend_P","Defend_P+1","Eruption+1","Vigilance","ClearTheMind+1","CrushJoints+1","TalkToTheHand","Conclude+1","FlurryOfBlows","MasterReality","WheelKick+1","Evaluate","Wallop+1","BattleHymn+1","Establishment","Crescendo","Evaluate+1","LessonLearned+1","Swivel+1","Halt+1","Ragnarok+1","CutThroughFate+1"],"relics":["SlaversCollar","Nunchaku","Potion Belt","Strawberry","Damaru","Tiny Chest","Odd Mushroom","Philosopher\u0027s Stone","MawBank","Enchiridion","Meat on the Bone","Vajra","Toxic Egg 2","Toy Ornithopter","Omamori","Pen Nib","Empty Cage","Gremlin Horn","Happy Flower","Letter Opener","Blood Vial","Singing Bowl","Regal Pillow","Art of War"],"acts_visited":["Exordium","TheCity","TheBeyond"],"potions_floor_usage":[50,50,50],"damage_taken":[{"damage":0.0,"enemies":"Small Slimes","floor":1.0,"turns":4.0},{"damage":0.0,"enemies":"Jaw Worm","floor":2.0,"turns":5.0},{"damage":1.0,"enemies":"Cultist","floor":3.0,"turns":4.0},{"damage":1.0,"enemies":"Large Slime","floor":5.0,"turns":4.0},{"damage":1.0,"enemies":"3 Sentries","floor":7.0,"turns":3.0},{"damage":16.0,"enemies":"Lagavulin","floor":10.0,"turns":6.0},{"damage":0.0,"enemies":"Gremlin Nob","floor":12.0,"turns":2.0},{"damage":8.0,"enemies":"The Mushroom Lair","floor":13.0,"turns":3.0},{"damage":0.0,"enemies":"2 Fungi Beasts","floor":14.0,"turns":4.0},{"damage":0.0,"enemies":"The Guardian","floor":16.0,"turns":4.0},{"damage":25.0,"enemies":"2 Thieves","floor":18.0,"turns":3.0},{"damage":8.0,"enemies":"Gremlin Leader","floor":23.0,"turns":4.0},{"damage":17.0,"enemies":"Book of Stabbing","floor":25.0,"turns":3.0},{"damage":13.0,"enemies":"Gremlin Leader","floor":27.0,"turns":4.0},{"damage":22.0,"enemies":"Book of Stabbing","floor":29.0,"turns":4.0},{"damage":13.0,"enemies":"3 Byrds","floor":30.0,"turns":4.0},{"damage":51.0,"enemies":"Automaton","floor":33.0,"turns":9.0},{"damage":0.0,"enemies":"Orb Walker","floor":35.0,"turns":3.0},{"damage":0.0,"enemies":"3 Shapes","floor":39.0,"turns":4.0},{"damage":22.0,"enemies":"Nemesis","floor":40.0,"turns":3.0},{"damage":8.0,"enemies":"Giant Head","floor":42.0,"turns":5.0},{"damage":19.0,"enemies":"Writhing Mass","floor":45.0,"turns":3.0},{"damage":6.0,"enemies":"Reptomancer","floor":46.0,"turns":4.0},{"damage":0.0,"enemies":"Transient","floor":47.0,"turns":5.0},{"damage":31.0,"enemies":"Jaw Worm Horde","floor":48.0,"turns":3.0},{"damage":90,"enemies":"Time Eater","floor":50,"turns":6}],"seed_played":"-5728099653895955353","potions_obtained":[{"floor":2.0,"key":"Swift Potion"},{"floor":3.0,"key":"Block Potion"},{"floor":10.0,"key":"Swift Potion"},{"floor":14.0,"key":"PowerPotion"},{"floor":16.0,"key":"Ambrosia"},{"floor":18.0,"key":"DuplicationPotion"},{"floor":23.0,"key":"AttackPotion"},{"floor":33.0,"key":"LiquidBronze"},{"floor":40.0,"key":"ColorlessPotion"},{"floor":45.0,"key":"Regen Potion"},{"floor":47.0,"key":"Fruit Juice"},{"floor":48.0,"key":"Block Potion"}],"is_trial":false,"path_per_floor":["M","M","M","?","M","R","E","R","T","E","$","E","?","M","R","B",null,"M","?","T","?","$","E","R","E","T","E","R","E","M","?","R","B",null,"M","$","T","?","M","E","R","E","T","R","M","E","M","M","R","B",null],"character_chosen":"WATCHER","items_purchased":["Damaru","WheelKick","Evaluate","Meat on the Bone","Gremlin Horn"],"campfire_rested":3,"item_purchase_floors":[11,11,11,22,36],"current_hp_per_floor":[72,72,71,57,56,56,55,55,55,46,46,46,38,38,38,38,79,54,39,39,23,23,27,52,47,47,46,46,36,35,35,60,21,84,84,84,84,84,84,62,62,58,58,58,53,51,55,45,87,36],"gold":258,"neow_bonus":"BOSS_RELIC","is_daily":false,"chose_seed":false,"campfire_upgraded":6,"win_rate":0.0,"timestamp":1611188644,"path_taken":["M","M","M","?","M","R","E","R","T","E","$","E","?","?","R","BOSS","M","?","?","?","?","E","R","E","T","E","R","E","M","?","R","BOSS","M","$","?","?","M","E","R","E","T","R","M","E","?","M","R","BOSS"],"items_purchased_type":["Relic","Card","Card","Relic","Relic"],"build_version":"2020-12-22","purchased_purges":0,"victory":true,"max_hp_per_floor":[72,72,72,72,72,72,72,72,72,79,79,79,79,79,79,79,79,79,84,84,84,84,84,84,84,84,84,84,84,84,84,84,84,84,84,84,84,84,84,84,84,86,86,86,86,88,90,92,92,97],"card_choices":[{"not_picked":["MentalFortress","Nirvana"],"picked":"ClearTheMind","floor":1.0},{"not_picked":["Wireheading","Indignation"],"picked":"CrushJoints","floor":2.0},{"not_picked":["Prostrate","Consecrate"],"picked":"TalkToTheHand","floor":3.0},{"not_picked":["CrushJoints","FlyingSleeves"],"picked":"Conclude","floor":5.0},{"not_picked":["LikeWater","FlyingSleeves"],"picked":"FlurryOfBlows","floor":7.0},{"not_picked":["Crescendo","Nirvana"],"picked":"MasterReality","floor":10.0},{"not_picked":["CrushJoints","WheelKick"],"picked":"EmptyBody","floor":12.0},{"not_picked":["FollowUp","FlurryOfBlows"],"picked":"Wallop","floor":13.0},{"not_picked":["FlyingSleeves","WaveOfTheHand"],"picked":"BattleHymn","floor":14.0},{"not_picked":["Vault","MasterReality"],"picked":"Establishment","floor":16.0},{"not_picked":["Vengeance+1","Nirvana"],"picked":"Crescendo","floor":18.0},{"not_picked":["ForeignInfluence","Crescendo","JustLucky"],"picked":"SKIP","floor":23.0},{"not_picked":["WaveOfTheHand+1","JustLucky"],"picked":"Evaluate+1","floor":25.0},{"not_picked":["BowlingBash","EmptyFist"],"picked":"LessonLearned","floor":27.0},{"not_picked":["Conclude+1","EmptyFist+1","FearNoEvil+1"],"picked":"SKIP","floor":29.0},{"not_picked":["CutThroughFate","CrushJoints","BowlingBash+1"],"picked":"SKIP","floor":30.0},{"not_picked":["Scrawl+1","Wish+1"],"picked":"Ragnarok","floor":33.0},{"not_picked":["Indignation+1","CarveReality+1","Conclude+1"],"picked":"SKIP","floor":35.0},{"not_picked":["PathToVictory+1","Collect+1","Tantrum+1"],"picked":"SKIP","floor":39.0},{"not_picked":["FollowUp+1","SignatureMove+1","Nirvana"],"picked":"SKIP","floor":40.0},{"not_picked":["PathToVictory+1","DeceiveReality+1","Evaluate+1"],"picked":"Singing Bowl","floor":42.0},{"not_picked":["Meditate+1","FearNoEvil+1"],"picked":"CutThroughFate+1","floor":45.0},{"not_picked":["EmptyBody+1","ConjureBlade+1","Crescendo+1"],"picked":"Singing Bowl","floor":46.0},{"not_picked":["CutThroughFate","ThirdEye+1","Nirvana+1"],"picked":"Singing Bowl","floor":47.0},{"not_picked":["CarveReality","EmptyBody+1","FlurryOfBlows+1"],"picked":"Singing Bowl","floor":48.0}],"player_experience":301325,"relics_obtained":[{"floor":7.0,"key":"Nunchaku"},{"floor":9.0,"key":"Potion Belt"},{"floor":10.0,"key":"Strawberry"},{"floor":12.0,"key":"Tiny Chest"},{"floor":13.0,"key":"Odd Mushroom"},{"floor":20.0,"key":"MawBank"},{"floor":21.0,"key":"Enchiridion"},{"floor":23.0,"key":"Vajra"},{"floor":25.0,"key":"Toxic Egg 2"},{"floor":26.0,"key":"Toy Ornithopter"},{"floor":27.0,"key":"Omamori"},{"floor":29.0,"key":"Pen Nib"},{"floor":37.0,"key":"Happy Flower"},{"floor":40.0,"key":"Blood Vial"},{"floor":42.0,"key":"Singing Bowl"},{"floor":43.0,"key":"Regal Pillow"},{"floor":46.0,"key":"Art of War"}],"event_choices":[{"damage_healed":0.0,"max_hp_gain":0.0,"max_hp_loss":0.0,"gold_gain":0.0,"event_name":"Shining Light","player_choice":"Entered Light","floor":4.0,"gold_loss":0.0,"damage_taken":14.0,"cards_upgraded":["Defend_P","Eruption"]},{"damage_healed":0.0,"max_hp_gain":0.0,"max_hp_loss":0.0,"gold_gain":0.0,"event_name":"Mushrooms","player_choice":"Fought Mushrooms","floor":13.0,"gold_loss":0.0,"damage_taken":0.0},{"damage_healed":0.0,"max_hp_gain":5.0,"max_hp_loss":0.0,"gold_gain":0.0,"event_name":"Forgotten Altar","player_choice":"Shed Blood","floor":19.0,"gold_loss":0.0,"damage_taken":20.0},{"damage_healed":0.0,"max_hp_gain":0.0,"max_hp_loss":0.0,"gold_gain":0.0,"event_name":"Cursed Tome","player_choice":"Obtained Book","floor":21.0,"gold_loss":0.0,"damage_taken":16.0},{"damage_healed":0.0,"max_hp_gain":0.0,"max_hp_loss":0.0,"gold_gain":0.0,"cards_transformed":["Strike_P","Defend_P"],"event_name":"Drug Dealer","player_choice":"Became Test Subject","floor":31.0,"gold_loss":0.0,"damage_taken":0.0,"cards_obtained":["Swivel","Halt"]},{"cards_removed":["EmptyBody"],"damage_healed":0.0,"max_hp_gain":0.0,"max_hp_loss":0.0,"gold_gain":0.0,"event_name":"WeMeetAgain","player_choice":"Gave Card","floor":38.0,"gold_loss":0.0,"damage_taken":0.0,"relics_obtained":["Letter Opener"]}],"is_beta":false,"boss_relics":[{"not_picked":["Ectoplasm","Runic Dome"],"picked":"Philosopher\u0027s Stone"},{"not_picked":["Runic Pyramid","Snecko Eye"],"picked":"Empty Cage"}],"items_purged_floors":[],"is_endless":false,"potions_floor_spawned":[2,3,10,14,16,18,23,33,40,45,47,48],"ascension_level":1}}