{"host":"y89x8uui45kcjy42","time":1611226356,"event":{"mods":["2.2 Compatiblity","BaseMod","CapriCore","Colored Map","Colored Powertips","Custom Start","Friendly Minions","Keyboard Shortcuts","Minty Spire (QoL Compilation)","Relic Stats","Replay The Spire","Slay the Relics Exporter","StSLib","SuperFastMode","Uncapped"],"gold_per_floor":[109,109,109,127,144,179,179,37,37,50,50,50,88,113,113,207,207,207,207],"floor_reached":18,"language":"KOR","playtime":450,"items_purged":[],"score":340,"play_id":"5306f63f-358a-4b00-8af7-a43b2cf460d2","local_time":"20210121195236","is_ascension_mode":true,"campfire_choices":[{"data":"Eruption","floor":7,"key":"SMITH"},{"data":"Replay:Battleflow","floor":15,"key":"SMITH"}],"circlet_count":0,"master_deck":["AscendersBane","Strike_P","Strike_P","Strike_P","Strike_P+1","Defend_P","Defend_P","Defend_P","Eruption+1","Vigilance+1","Dramatic Entrance","Replay:Battleflow+1","Collect","TalkToTheHand","ReplayTheSpireMod:Brewmster","Madness","Dramatic Entrance","Replay:Cycle","AbeCurse"],"relics":["HolyWater","Bag of Preparation","Vajra","Oddly Smooth Stone","Chemical X","TungstenRod","ReplayTheSpireMod:ShopPack","Kunai","Golden Idol","Abe\u0027s Treasure"],"acts_visited":["Exordium","TheCity"],"potions_floor_usage":[6,16,16,16],"damage_taken":[{"damage":0,"enemies":"2 Louse","floor":1,"turns":1},{"damage":0,"enemies":"Small Slimes","floor":4,"turns":2},{"damage":0,"enemies":"Jaw Worm","floor":5,"turns":1},{"damage":12,"enemies":"3 Sentries","floor":6,"turns":3},{"damage":0,"enemies":"Exordium Thugs","floor":10,"turns":1},{"damage":10,"enemies":"Gremlin Nob","floor":13,"turns":3},{"damage":0,"enemies":"Lots of Slimes","floor":14,"turns":1},{"damage":20,"enemies":"The Guardian","floor":16,"turns":9},{"damage":63,"enemies":"3 Byrds","floor":18,"turns":4}],"seed_played":"3662779381732893157","potions_obtained":[{"floor":5,"key":"Adrenaline Potion"},{"floor":10,"key":"BottledMiracle"}],"is_trial":false,"path_per_floor":["M","?","?","M","M","E","R","$","T","M","?","T","E","M","R","B",null,"M"],"character_chosen":"WATCHER","items_purchased":["ReplayTheSpireMod:ShopPack"],"campfire_rested":0,"item_purchase_floors":[8],"current_hp_per_floor":[61,41,41,41,41,29,29,29,29,29,7,7,58,58,58,38,61,0,0],"gold":207,"neow_bonus":"RANDOM_COLORLESS","is_daily":false,"chose_seed":false,"campfire_upgraded":2,"win_rate":0.0,"timestamp":1611226356,"path_taken":["M","?","?","M","M","E","R","$","T","M","?","?","E","?","R","BOSS","M"],"items_purchased_type":["Relic"],"build_version":"2020-12-22","purchased_purges":0,"victory":false,"max_hp_per_floor":[68,68,68,68,68,68,68,68,68,68,68,68,68,68,68,68,68,68,68],"relic_stats":{"counters":[9,25],"Golden Idol":32,"Bag of Preparation":[16],"Chemical X":[4],"Kunai":[7],"obtain_stats":[{"Golden Idol":11,"HolyWater":1,"Vajra":1,"Oddly Smooth Stone":1,"Bag of Preparation":1,"Chemical X":5,"Kunai":9,"PureWater":0,"TungstenRod":6,"Abe\u0027s Treasure":17,"ReplayTheSpireMod:ShopPack":8},{"Golden Idol":5,"HolyWater":1,"Vajra":1,"Oddly Smooth Stone":1,"Bag of Preparation":1,"Chemical X":3,"Kunai":4,"PureWater":0,"TungstenRod":4,"Abe\u0027s Treasure":8,"ReplayTheSpireMod:ShopPack":4},{"Golden Idol":8,"HolyWater":1,"Vajra":1,"Oddly Smooth Stone":1,"Bag of Preparation":1,"Chemical X":4,"Kunai":7,"PureWater":0,"TungstenRod":7,"Abe\u0027s Treasure":21,"ReplayTheSpireMod:ShopPack":7}],"TungstenRod":14},"card_choices":[{"not_picked":["Good Instincts","Swift Strike"],"picked":"Dramatic Entrance","floor":0},{"not_picked":["Worship","Crescendo"],"picked":"Replay:Battleflow","floor":1},{"not_picked":["Consecrate","SandsOfTime","EmptyBody"],"picked":"SKIP","floor":4},{"not_picked":["CrushJoints","Replay:AtTheReady"],"picked":"Collect","floor":5},{"not_picked":["SignatureMove","SashWhip"],"picked":"TalkToTheHand","floor":6},{"not_picked":["Mayhem","HandOfGreed"],"picked":"ReplayTheSpireMod:Brewmster","floor":8},{"not_picked":["Dark Shackles","Replay:Bootleg Shield Generator"],"picked":"Madness","floor":8},{"not_picked":["Impatience","Panacea"],"picked":"Dramatic Entrance","floor":8},{"not_picked":["CrushJoints","CutThroughFate","ClearTheMind"],"picked":"SKIP","floor":10},{"not_picked":["Halt","DeusExMachina","Fasting2"],"picked":"SKIP","floor":13},{"not_picked":["EmptyFist","SashWhip"],"picked":"Replay:Cycle","floor":14}],"player_experience":638846,"relics_obtained":[{"floor":6,"key":"TungstenRod"},{"floor":9,"key":"Kunai"}],"event_choices":[{"damage_healed":0,"gold_gain":0,"player_choice":"Entered Light","damage_taken":20,"max_hp_gain":0,"max_hp_loss":0,"event_name":"Shining Light","floor":2,"gold_loss":0,"cards_upgraded":["Strike_P","Vigilance"]},{"damage_healed":0,"gold_gain":0,"player_choice":"Take Damage","damage_taken":23,"relics_obtained":["Golden Idol"],"max_hp_gain":0,"max_hp_loss":0,"event_name":"Golden Idol","floor":11,"gold_loss":0}],"is_beta":false,"boss_relics":[{"not_picked":["Tiny House","Replay:Wanted Poster"],"picked":"Abe\u0027s Treasure"}],"items_purged_floors":[],"is_endless":false,"potions_floor_spawned":[5,10,16],"killed_by":"3 Byrds","ascension_level":20}}