{"host":"caz9phlr9zt22rnt","time":1611246368,"event":{"mods":["AchievementEnabler","BaseMod","Colored Map","Custom Start","Downfall","Minty Spire (QoL Compilation)","Rare Cards Sparkle","Relic Stats","StSLib"],"gold_per_floor":[99,115,126,144,163,163,187,216,216,216,216,229,304,322,336,434,434,434,434,434,85,104,120,120,134,134,134,134,134,134],"floor_reached":28,"language":"ENG","playtime":2826,"items_purged":[],"score":210,"play_id":"1963006c-fde7-4e37-bf7d-5d4bbdd09b11","local_time":"20210121102608","is_ascension_mode":false,"campfire_choices":[{"data":"Slimebound:CorrosiveSpit","floor":1,"key":"SMITH"},{"data":"Slimebound:Repurpose","floor":6,"key":"SMITH"},{"data":"Slimebound:Split","floor":18,"key":"SMITH"},{"floor":26,"key":"REST"}],"circlet_count":0,"master_deck":["Slimebound:Strike_Slimebound","Slimebound:Strike_Slimebound","Slimebound:Strike_Slimebound","Slimebound:Defend_Slimebound","Slimebound:Defend_Slimebound+1","Slimebound:Defend_Slimebound","Slimebound:Defend_Slimebound","Slimebound:Split+1","Slimebound:CorrosiveSpit+1","Slimebound:SplitLeeching","Slimebound:ItLooksTasty","Slimebound:GrowthPunch","Slimebound:PressTheAttack","Slimebound:Repurpose+1","Slimebound:LeechEnergy+1","Slimebound:LeechingTouch","Slimebound:SplitBruiser","Slimebound:MassFeed","Slimebound:LeadByExample","Slimebound:LevelUp","Slimebound:SplitMire+1","Slimebound:LeechLife"],"relics":["Slimebound:AbsorbEndCombatUpgraded","Akabeko","Odd Mushroom","Ornamental Fan","War Paint"],"acts_visited":["Exordium","TheCity"],"potions_floor_usage":[8,15,21],"damage_taken":[{"damage":1,"enemies":"Jaw Worm","floor":2,"turns":4},{"damage":0,"enemies":"Small Slimes","floor":3,"turns":4},{"damage":0,"enemies":"2 Louse","floor":4,"turns":3},{"damage":2,"enemies":"Blue Slaver","floor":5,"turns":3},{"damage":23,"enemies":"The Mushroom Lair","floor":8,"turns":5},{"damage":9,"enemies":"Exordium Thugs","floor":12,"turns":3},{"damage":2,"enemies":"Red Slaver","floor":14,"turns":2},{"damage":5,"enemies":"Blue Slaver","floor":15,"turns":3},{"damage":26,"enemies":"DF_ARCHETYPE_STREAMLINE","floor":16,"turns":11},{"damage":0,"enemies":"Chosen","floor":19,"turns":1},{"damage":0,"enemies":"downfall:FleeingMerchant","floor":21,"turns":4},{"damage":28,"enemies":"3 Cultists","floor":22,"turns":4},{"damage":29,"enemies":"Centurion and Healer","floor":23,"turns":8},{"damage":38,"enemies":"Sentry and Sphere","floor":25,"turns":6},{"damage":35,"enemies":"3 Cultists","floor":28,"turns":3}],"seed_played":"-2682195294543428236","potions_obtained":[{"floor":5,"key":"Block Potion"},{"floor":14,"key":"PowerPotion"},{"floor":16,"key":"Fire Potion"},{"floor":25,"key":"Guardian:BlockOnCardUsePotion"}],"is_trial":false,"path_per_floor":["R","M","M","M","M","R","T","?","?","?","?","M","?","M","M","B",null,"R","M","?","$","M","M","T","M","R","?","M"],"character_chosen":"SLIMEBOUND","items_purchased":["Slimebound:LevelUp","Ornamental Fan"],"campfire_rested":1,"item_purchase_floors":[21,21],"current_hp_per_floor":[65,65,65,65,65,65,65,48,48,65,65,60,60,60,59,41,65,65,65,57,65,43,32,32,6,27,27,0,0,0],"gold":134,"neow_bonus":"THREE_CARDS","is_daily":false,"chose_seed":false,"campfire_upgraded":3,"win_rate":0.0,"timestamp":1611246368,"path_taken":["R","M","M","M","M","R","T","?","?","?","?","M","?","?","M","BOSS","R","M","?","$","M","M","T","?","R","?","M"],"items_purchased_type":["Card","Relic"],"build_version":"2020-12-22","purchased_purges":0,"victory":false,"max_hp_per_floor":[65,65,65,65,65,65,65,65,65,65,65,65,65,65,65,65,65,65,65,65,65,65,68,68,71,71,71,71,71,71],"relic_stats":{"counters":[15,64],"Ornamental Fan":[8],"War Paint":["Slimebound:Defend_Slimebound","Slimebound:SplitMire"],"obtain_stats":[{"downfall:BrokenWingStatue":9,"Ornamental Fan":21,"Slimebound:AbsorbEndCombat":0,"Odd Mushroom":8,"War Paint":24,"Slimebound:AbsorbEndCombatUpgraded":17,"Akabeko":7},{"downfall:BrokenWingStatue":5,"Ornamental Fan":11,"Slimebound:AbsorbEndCombat":0,"Odd Mushroom":5,"War Paint":13,"Slimebound:AbsorbEndCombatUpgraded":9,"Akabeko":4},{"downfall:BrokenWingStatue":19,"Ornamental Fan":43,"Slimebound:AbsorbEndCombat":0,"Odd Mushroom":19,"War Paint":55,"Slimebound:AbsorbEndCombatUpgraded":38,"Akabeko":14}]},"card_choices":[{"not_picked":["Slimebound:Equalize","Slimebound:SamplingLick"],"picked":"Slimebound:SplitLeeching","floor":0},{"not_picked":["Slimebound:GoopTackle","Slimebound:LivingWall"],"picked":"Slimebound:ItLooksTasty","floor":2},{"not_picked":["Slimebound:SamplingLick","Slimebound:Gluttony"],"picked":"Slimebound:GrowthPunch","floor":3},{"not_picked":["Slimebound:Equalize","Slimebound:FormOfPuddle"],"picked":"Slimebound:PressTheAttack","floor":4},{"not_picked":["Slimebound:GoopTackle","Slimebound:PressTheAttack"],"picked":"Slimebound:Repurpose","floor":5},{"not_picked":["Slimebound:SamplingLick","Slimebound:ProtectTheBoss"],"picked":"Slimebound:LeechEnergy","floor":8},{"not_picked":["Slimebound:LivingWall","Slimebound:LeechEnergy"],"picked":"Slimebound:LeechingTouch","floor":12},{"not_picked":["Slimebound:Replication","Slimebound:FlameTackle"],"picked":"Slimebound:SplitBruiser","floor":14},{"not_picked":["Slimebound:SamplingLick","Slimebound:ComboTackle","Slimebound:TongueLash"],"picked":"SKIP","floor":15},{"not_picked":["Slimebound:DuplicatedForm","Slimebound:DouseInSlime"],"picked":"Slimebound:MassFeed","floor":16},{"not_picked":["Slimebound:ComboTackle","Slimebound:FormOfPuddle","Slimebound:GrowthPunch+1"],"picked":"SKIP","floor":19},{"not_picked":["Slimebound:ItLooksTasty+1","Slimebound:SplitBruiser"],"picked":"Slimebound:LeadByExample","floor":21},{"not_picked":["Slimebound:LivingWall","Slimebound:LeadByExample+1","Slimebound:ItLooksTasty"],"picked":"SKIP","floor":22},{"not_picked":["Slimebound:SlimeSpikes","Slimebound:SplitBruiser+1"],"picked":"Slimebound:SplitMire","floor":23},{"not_picked":["Slimebound:BestDefense+1","Slimebound:GrowthPunch"],"picked":"Slimebound:LeechLife","floor":25}],"player_experience":476629,"relics_obtained":[{"floor":7,"key":"Akabeko"},{"floor":8,"key":"Odd Mushroom"},{"floor":24,"key":"War Paint"}],"event_choices":[{"damage_healed":0,"gold_gain":0,"player_choice":"Fought Mushrooms","damage_taken":0,"max_hp_gain":0,"max_hp_loss":0,"event_name":"Mushrooms","floor":8,"gold_loss":0},{"damage_healed":21,"gold_gain":0,"player_choice":"Banana","damage_taken":0,"max_hp_gain":0,"max_hp_loss":0,"event_name":"Big Fish","floor":10,"gold_loss":0},{"damage_healed":0,"gold_gain":0,"player_choice":"Fled","damage_taken":0,"max_hp_gain":0,"max_hp_loss":0,"event_name":"Scrap Ooze","floor":11,"gold_loss":0}],"is_beta":false,"boss_relics":[{"not_picked":["Cursed Key","Tiny House"],"picked":"Slimebound:AbsorbEndCombatUpgraded"}],"items_purged_floors":[],"is_endless":false,"potions_floor_spawned":[5,14,16,25],"killed_by":"3 Cultists","ascension_level":0}}