{"host":"n7mxhpjy89lltbhc","time":1611247979,"event":{"mods":["2.2 Compatiblity","Act Like it!","BaseMod","Better Match","Better Sensory Stone","Better Synergies","BetterRewards","Colored Map","Colored Powertips","Downfall","Exacting","Gensokyo","Infinite Spire","Jedi Mod","Marisa????????","Minty Spire (QoL Compilation)","Permanent Neow","Rare Cards Sparkle","Relic Stats","Shop Mod","Small Relic Pack","Spicy Shops","Spire Arcade","StSLib","The Blue Laboratory","The Servant 0.9.4","Waifu the Spire","Wandering Minibosses"],"gold_per_floor":[99,111,111,151,191,33,33,33,33,61,92,124,226,236,270,380,380,380,390,390,392,430,580,580,594,594,607,634,306,406,416,427,427,427,427],"floor_reached":33,"language":"ENG","playtime":2118,"items_purged":["bronze:Strike","bronze:Strike","bronze:ThunderWave"],"score":288,"play_id":"bceac73e-8f06-48be-be45-4572e16504c0","local_time":"25640121235259","is_ascension_mode":false,"campfire_choices":[{"data":"bronze:Replicate","floor":1,"key":"SMITH"},{"data":"bronze:ChildClass","floor":18,"key":"SMITH"},{"floor":26,"key":"REST"}],"circlet_count":0,"master_deck":["bronze:Strike","bronze:Strike","bronze:Defend","bronze:Defend","bronze:Defend","bronze:Defend","bronze:Replicate+1","bronze:Goto","bronze:FineTuning","bronze:AlphaBuild","bronze:Iterate","bronze:ChildClass+1","bronze:Iterate","bronze:HyperBeam","bronze:Flail","bronze:ShipIt","bronze:BronzeOrb+1","bronze:Turbo","bronze:ForceShield","bronze:Assembly","bronze:DecaBeam"],"relics":["bronze:BronzeCore","downfall:ShatteredFragment","Medical Kit","Toy Ornithopter","SlaversCollar","Peace Pipe","Nilry\u0027s Codex","Mummified Hand","wanderingMiniBosses:AbyssPearl","jedi:bottledfury"],"acts_visited":["Exordium","TheCity"],"potions_floor_usage":[13,13,13,14,16,16,16,33,33],"damage_taken":[{"damage":8,"enemies":"Jaw Worm","floor":2,"turns":5},{"damage":3,"enemies":"Small Slimes","floor":4,"turns":2},{"damage":0,"enemies":"2 Louse","floor":5,"turns":4},{"damage":5,"enemies":"downfall:FleeingMerchant","floor":6,"turns":4},{"damage":17,"enemies":"Blue Slaver","floor":10,"turns":6},{"damage":7,"enemies":"3 Louse","floor":11,"turns":3},{"damage":2,"enemies":"Red Slaver","floor":12,"turns":3},{"damage":11,"enemies":"downfall:LadyInBlue","floor":13,"turns":8},{"damage":0,"enemies":"Blue Slaver","floor":14,"turns":2},{"damage":0,"enemies":"3 Louse","floor":15,"turns":5},{"damage":17,"enemies":"WA_ARCHETYPE_RETAIN","floor":16,"turns":6},{"damage":0,"enemies":"3 Byrds","floor":19,"turns":4},{"damage":25,"enemies":"Shelled Parasite and Fungi","floor":22,"turns":6},{"damage":12,"enemies":"Centurion and Healer","floor":25,"turns":5},{"damage":24,"enemies":"Cultist and Chosen","floor":27,"turns":5},{"damage":9,"enemies":"Book of Stabbing","floor":28,"turns":6},{"damage":0,"enemies":"downfall:FleeingMerchant","floor":29,"turns":4},{"damage":0,"enemies":"downfall:FleeingMerchant","floor":30,"turns":3},{"damage":0,"enemies":"Snake Plant","floor":31,"turns":4},{"damage":0,"enemies":"Snecko","floor":32,"turns":3},{"damage":39,"enemies":"SI_MIRROR_ARCHETYPE","floor":33,"turns":8}],"seed_played":"6724176133504680961","potions_obtained":[{"floor":5,"key":"jedi:holywater"},{"floor":10,"key":"Explosive Potion"},{"floor":11,"key":"GamblersBrew"},{"floor":13,"key":"blueLaboratory:HummingbirdPotion"},{"floor":13,"key":"FearPotion"},{"floor":13,"key":"PowerPotion"},{"floor":14,"key":"blueLaboratory:HorrorPotion"},{"floor":22,"key":"SmokeBomb"},{"floor":28,"key":"blueLaboratory:BottleOfVodka"},{"floor":30,"key":"DistilledChaos"},{"floor":32,"key":"SkillPotion"}],"is_trial":false,"path_per_floor":["R","M","?","M","M","$","T","?","?","M","M","M","?","M","M","B",null,"R","M","AVR","?","M","?","T","M","R","M","E","$","?","M","M","B"],"character_chosen":"THE_AUTOMATON","items_purchased":["Medical Kit","bronze:Assembly"],"campfire_rested":1,"item_purchase_floors":[6,29],"current_hp_per_floor":[70,62,41,38,38,37,37,37,37,20,13,11,1,6,6,6,70,70,70,70,54,29,29,29,17,38,38,29,29,29,29,29,0,0,0],"gold":427,"neow_bonus":"ONE_RANDOM_RARE_CARD","is_daily":false,"chose_seed":false,"campfire_upgraded":2,"win_rate":0.0,"timestamp":1611247979,"path_taken":["R","M","?","M","M","$","T","?","?","?","M","M","?","?","M","BOSS","R","M","AVR","?","M","?","T","?","R","M","E","?","?","M","M","BOSS"],"items_purchased_type":["Relic","Card"],"build_version":"2020-12-22","purchased_purges":3,"victory":false,"max_hp_per_floor":[70,70,70,70,70,70,70,70,70,70,70,70,70,70,70,70,70,70,70,70,70,70,70,70,70,70,70,70,70,70,70,70,70,70,70],"relic_stats":{"Peace Pipe":0,"counters":[21,96],"Mummified Hand":[9],"Medical Kit":[20],"obtain_stats":[{"Peace Pipe":20,"SlaversCollar":17,"bronze:BronzeCore":0,"downfall:ShatteredFragment":3,"Nilry\u0027s Codex":21,"Mummified Hand":24,"wanderingMiniBosses:AbyssPearl":27,"jedi:bottledfury":28,"Medical Kit":6,"Toy Ornithopter":13,"infinitespire:Midas Blood":7},{"Peace Pipe":12,"SlaversCollar":11,"bronze:BronzeCore":0,"downfall:ShatteredFragment":1,"Nilry\u0027s Codex":12,"Mummified Hand":13,"wanderingMiniBosses:AbyssPearl":15,"jedi:bottledfury":16,"Medical Kit":4,"Toy Ornithopter":8,"infinitespire:Midas Blood":4},{"Peace Pipe":52,"SlaversCollar":48,"bronze:BronzeCore":0,"downfall:ShatteredFragment":5,"Nilry\u0027s Codex":52,"Mummified Hand":58,"wanderingMiniBosses:AbyssPearl":68,"jedi:bottledfury":74,"Medical Kit":15,"Toy Ornithopter":35,"infinitespire:Midas Blood":15}],"Toy Ornithopter":30},"card_choices":[{"not_picked":["bronze:Turbo","bronze:Deprecate","bronze:Return"],"picked":"SKIP","floor":2},{"not_picked":["bronze:Fortify","bronze:Safeguard"],"picked":"bronze:FineTuning","floor":4},{"not_picked":["bronze:Backtrace","bronze:WhirlingStrike"],"picked":"bronze:AlphaBuild","floor":5},{"not_picked":["bronze:BronzeArmor","bronze:Return"],"picked":"bronze:Iterate","floor":6},{"not_picked":["bronze:Overheat","bronze:Shell"],"picked":"bronze:ChildClass","floor":10},{"not_picked":["bronze:DelayedGuard","bronze:Invalidate"],"picked":"bronze:Iterate","floor":11},{"not_picked":["bronze:FineTuning","bronze:Branch"],"picked":"bronze:HyperBeam","floor":12},{"not_picked":["bronze:Turbo","bronze:Frontload"],"picked":"bronze:Flail","floor":14},{"not_picked":["bronze:Turbo","bronze:BronzeArmor","bronze:FineTuning"],"picked":"SKIP","floor":15},{"not_picked":["bronze:Break","bronze:BurnOut"],"picked":"bronze:ShipIt","floor":16},{"not_picked":["bronze:OilSpill","bronze:Iterate+1"],"picked":"bronze:BronzeOrb+1","floor":19},{"not_picked":["bronze:WildBeam","bronze:Invalidate+1","bronze:Iterate"],"picked":"SKIP","floor":19},{"not_picked":["bronze:Fortify","bronze:ChildClass"],"picked":"bronze:Turbo","floor":22},{"not_picked":["bronze:Invalidate+1","bronze:Turbo+1"],"picked":"bronze:ForceShield","floor":25},{"not_picked":["bronze:WildBeam+1","bronze:Deprecate","bronze:NullPointer"],"picked":"SKIP","floor":27},{"not_picked":["bronze:WhirlingStrike","bronze:DelayedGuard","bronze:FollowUp"],"picked":"SKIP","floor":28},{"not_picked":["bronze:BitShift","bronze:Boost","bronze:Repulsor+1"],"picked":"SKIP","floor":29},{"not_picked":[],"picked":"bronze:DecaBeam","floor":30},{"not_picked":["bronze:Deprecate+1","bronze:OilSpill","bronze:ClassDefault"],"picked":"SKIP","floor":31},{"not_picked":["bronze:Shield+1","bronze:Repulsor","bronze:Deprecate"],"picked":"SKIP","floor":32}],"player_experience":1012317,"relics_obtained":[{"floor":7,"key":"infinitespire:Midas Blood"},{"floor":13,"key":"Toy Ornithopter"},{"floor":21,"key":"Nilry\u0027s Codex"},{"floor":24,"key":"Mummified Hand"},{"floor":27,"key":"wanderingMiniBosses:AbyssPearl"},{"floor":28,"key":"jedi:bottledfury"}],"event_choices":[],"is_beta":false,"boss_relics":[{"not_picked":["SacredBark","Empty Cage"],"picked":"SlaversCollar"}],"items_purged_floors":[20,29,29],"is_endless":false,"potions_floor_spawned":[5,10,11,13,14,22,28,30,32],"killed_by":"SI_MIRROR_ARCHETYPE","ascension_level":0}}