{"host":"lnt5dzsuhru0aonl","time":1611225660,"event":{"mods":["2.2 Compatiblity","BaseMod","Colored Map","Colored Powertips","DeckTracker","Keyboard Shortcuts","Minty Spire (QoL Compilation)","Permanent Neow","Rare Cards Sparkle","StSLib","SuperFastMode","everything is the same but u backflip on backflip"],"gold_per_floor":[20,20,20,86,11,66,66,66,90,90,128,128,11,53,53,152,152,216,216,216,261,261,261,296,296,296,20,74,89,132,167,167,242,242,283,302,302,302,302,302,359,359,359,386,424,324,340,44,44,44,44],"floor_reached":52,"language":"KOR","playtime":2287,"items_purged":["Strike_G","Defend_G+1"],"score":2217,"play_id":"afe67df3-4827-44ee-8c2c-5576d7713b6f","local_time":"20210121194100","is_ascension_mode":true,"campfire_choices":[{"data":"Deadly Poison","floor":8.0,"key":"SMITH"},{"data":"Infinite Blades","floor":10.0,"key":"SMITH"},{"data":"Survivor","floor":12.0,"key":"SMITH"},{"data":"Blade Dance","floor":15.0,"key":"SMITH"},{"floor":23.0,"key":"REST"},{"floor":25.0,"key":"RECALL"},{"floor":32.0,"key":"REST"},{"floor":40.0,"key":"REST"},{"floor":49.0,"key":"REST"}],"circlet_count":0,"master_deck":["AscendersBane","Defend_G+1","Defend_G+1","Defend_G+1","Defend_G+1","Survivor+1","Neutralize+1","HandOfGreed+1","Deadly Poison+1","Flying Knee+1","PiercingWail+1","Infinite Blades+1","Blade Dance+1","Accuracy+1","Backstab+1","Corpse Explosion+1","Leg Sweep+1","Ghostly+1","Ghostly+1","Ghostly+1","Accuracy+1","Noxious Fumes+1","Burst+1","Acrobatics+1","Catalyst+1","Noxious Fumes+1","Night Terror+1","Panacea","Blur","Blur","Blur","Caltrops","Backstab+1"],"relics":["Ring of the Serpent","Thread and Needle","Blood Vial","Fusion Hammer","Lantern","Bag of Preparation","Incense Burner","Nunchaku","Mark of the Bloom","Shuriken","Ornamental Fan","Dream Catcher","Art of War"],"acts_visited":["Exordium","TheCity","TheBeyond"],"potions_floor_usage":[51],"damage_taken":[{"damage":0.0,"enemies":"Jaw Worm","floor":1.0,"turns":3.0},{"damage":0.0,"enemies":"2 Louse","floor":4.0,"turns":4.0},{"damage":41.0,"enemies":"Lagavulin","floor":6.0,"turns":9.0},{"damage":0.0,"enemies":"Small Slimes","floor":11.0,"turns":2.0},{"damage":0.0,"enemies":"Red Slaver","floor":14.0,"turns":3.0},{"damage":11.0,"enemies":"The Guardian","floor":16.0,"turns":11.0},{"damage":0.0,"enemies":"3 Byrds","floor":18.0,"turns":5.0},{"damage":7.0,"enemies":"Shell Parasite","floor":21.0,"turns":5.0},{"damage":0.0,"enemies":"Cultist and Chosen","floor":24.0,"turns":5.0},{"damage":0.0,"enemies":"Book of Stabbing","floor":28.0,"turns":5.0},{"damage":0.0,"enemies":"Centurion and Healer","floor":29.0,"turns":5.0},{"damage":0.0,"enemies":"Snecko","floor":30.0,"turns":5.0},{"damage":0.0,"enemies":"Gremlin Leader","floor":31.0,"turns":7.0},{"damage":5.0,"enemies":"Champ","floor":33.0,"turns":13.0},{"damage":5.0,"enemies":"3 Shapes","floor":35.0,"turns":7.0},{"damage":4.0,"enemies":"3 Darklings","floor":36.0,"turns":7.0},{"damage":0.0,"enemies":"Reptomancer","floor":41.0,"turns":4.0},{"damage":0.0,"enemies":"Giant Head","floor":44.0,"turns":7.0},{"damage":0.0,"enemies":"Maw","floor":45.0,"turns":7.0},{"damage":0.0,"enemies":"Jaw Worm Horde","floor":47.0,"turns":3.0},{"damage":15,"enemies":"Awakened One","floor":50,"turns":13},{"damage":0,"enemies":"Donu and Deca","floor":51,"turns":12}],"seed_played":"-1315217409870409278","potions_obtained":[{"floor":6.0,"key":"Block Potion"},{"floor":21.0,"key":"DuplicationPotion"},{"floor":29.0,"key":"Dexterity Potion"},{"floor":36.0,"key":"DuplicationPotion"}],"is_trial":false,"path_per_floor":["M","?","?","M","?","E","?","R","T","R","M","R","$","M","R","B",null,"M","?","?","M","?","R","M","R","T","$","E","M","M","E","R","B",null,"M","M","T","?","?","R","E","?","T","E","M","$","M","$","R","B","B",null],"character_chosen":"THE_SILENT","items_purchased":["Accuracy","Backstab","Burst","Acrobatics","Art of War","Blur","Caltrops"],"campfire_rested":4,"item_purchase_floors":[13,13,27,27,48,48,48],"current_hp_per_floor":[59,59,52,52,52,11,11,11,11,11,13,13,13,15,15,6,51,53,33,33,26,26,33,33,33,33,33,33,33,33,33,33,28,32,28,26,26,26,26,26,26,26,26,26,26,26,26,26,26,11,11],"gold":44,"neow_bonus":"RANDOM_COLORLESS_2","is_daily":false,"chose_seed":false,"campfire_upgraded":4,"win_rate":0.0,"timestamp":1611225660,"path_taken":["M","?","?","M","?","E","?","R","T","R","?","R","?","M","R","BOSS","M","?","?","M","?","R","?","R","T","$","E","M","M","E","R","BOSS","M","M","?","?","?","R","E","?","T","E","M","?","M","$","R","BOSS","BOSS"],"items_purchased_type":["Card","Card","Card","Card","Relic","Card","Card"],"build_version":"2020-12-22","purchased_purges":2,"victory":true,"max_hp_per_floor":[66,66,66,66,66,66,66,66,66,66,66,66,66,66,66,66,66,66,33,33,33,33,33,33,33,33,33,33,33,33,33,33,33,33,33,33,33,33,33,33,33,31,31,31,31,31,31,31,31,31,31],"card_choices":[{"not_picked":["Panache","Apotheosis"],"picked":"HandOfGreed","floor":0.0},{"not_picked":["Flechettes","Backflip"],"picked":"Deadly Poison","floor":1.0},{"not_picked":["Outmaneuver","Accuracy"],"picked":"Flying Knee","floor":4.0},{"not_picked":["Cloak And Dagger","Underhanded Strike"],"picked":"PiercingWail","floor":6.0},{"not_picked":["Underhanded Strike","Poisoned Stab"],"picked":"Blade Dance","floor":11.0},{"not_picked":["Quick Slash","Distraction","Deflect"],"picked":"SKIP","floor":14.0},{"not_picked":["Die Die Die","Tools of the Trade"],"picked":"Corpse Explosion","floor":16.0},{"not_picked":["Underhanded Strike","Blade Dance+1"],"picked":"Leg Sweep","floor":18.0},{"not_picked":["Footwork","Blade Dance"],"picked":"Accuracy","floor":21.0},{"not_picked":["Acrobatics","Dagger Spray"],"picked":"Noxious Fumes","floor":24.0},{"not_picked":["Malaise","Leg Sweep","Bouncing Flask"],"picked":"SKIP","floor":28.0},{"not_picked":["Deadly Poison","Infinite Blades","Dodge and Roll"],"picked":"SKIP","floor":29.0},{"not_picked":["Cloak And Dagger","Sucker Punch"],"picked":"Catalyst","floor":30.0},{"not_picked":["Masterful Stab+1","Prepared"],"picked":"Noxious Fumes","floor":31.0},{"not_picked":["Grand Finale","Storm of Steel"],"picked":"Night Terror","floor":33.0},{"not_picked":["Quick Slash+1","Dash+1","Bouncing Flask"],"picked":"SKIP","floor":35.0},{"not_picked":["Deflect","Concentrate","All Out Attack"],"picked":"SKIP","floor":36.0},{"not_picked":["Mayhem","Madness"],"picked":"Panacea","floor":39.0},{"not_picked":["Reflex","Outmaneuver","Dagger Throw"],"picked":"SKIP","floor":41.0},{"not_picked":["Backstab","Quick Slash"],"picked":"Blur","floor":44.0},{"not_picked":["Heel Hook","Reflex","Noxious Fumes"],"picked":"SKIP","floor":45.0},{"not_picked":["Deadly Poison","Endless Agony+1"],"picked":"Blur","floor":47.0},{"not_picked":["Heel Hook","Bane"],"picked":"Backstab+1","floor":49.0}],"player_experience":718881,"relics_obtained":[{"floor":6.0,"key":"Thread and Needle"},{"floor":9.0,"key":"Blood Vial"},{"floor":26.0,"key":"Lantern"},{"floor":28.0,"key":"Bag of Preparation"},{"floor":31.0,"key":"Incense Burner"},{"floor":37.0,"key":"Nunchaku"},{"floor":41.0,"key":"Shuriken"},{"floor":43.0,"key":"Ornamental Fan"},{"floor":44.0,"key":"Dream Catcher"}],"event_choices":[{"damage_healed":0.0,"max_hp_gain":0.0,"max_hp_loss":0.0,"gold_gain":0.0,"event_name":"Living Wall","player_choice":"Grow","floor":2.0,"gold_loss":0.0,"damage_taken":0.0,"cards_upgraded":["HandOfGreed"]},{"cards_removed":["Strike_G"],"damage_healed":0.0,"max_hp_gain":0.0,"max_hp_loss":0.0,"gold_gain":0.0,"event_name":"Golden Wing","player_choice":"Card Removal","floor":3.0,"gold_loss":0.0,"damage_taken":7.0},{"cards_removed":["Strike_G"],"damage_healed":0.0,"max_hp_gain":0.0,"max_hp_loss":0.0,"gold_gain":0.0,"event_name":"The Cleric","player_choice":"Card Removal","floor":5.0,"gold_loss":75.0,"damage_taken":0.0},{"damage_healed":0.0,"max_hp_gain":0.0,"max_hp_loss":0.0,"gold_gain":0.0,"cards_transformed":["Strike_G"],"event_name":"Transmorgrifier","player_choice":"Transformed","floor":7.0,"gold_loss":0.0,"damage_taken":0.0,"cards_obtained":["Infinite Blades"]},{"damage_healed":0.0,"max_hp_gain":0.0,"max_hp_loss":33.0,"gold_gain":0.0,"event_name":"Ghosts","player_choice":"Became a Ghost","floor":19.0,"gold_loss":0.0,"damage_taken":0.0,"cards_obtained":["Ghostly","Ghostly","Ghostly"]},{"damage_healed":0.0,"max_hp_gain":0.0,"max_hp_loss":0.0,"gold_gain":0.0,"event_name":"Vampires","player_choice":"Ignored","floor":20.0,"gold_loss":0.0,"damage_taken":0.0},{"cards_removed":["Strike_G"],"damage_healed":0.0,"max_hp_gain":0.0,"max_hp_loss":0.0,"gold_gain":0.0,"event_name":"Back to Basics","player_choice":"Elegance","floor":22.0,"gold_loss":0.0,"damage_taken":0.0},{"damage_healed":0.0,"max_hp_gain":0.0,"max_hp_loss":0.0,"gold_gain":0.0,"event_name":"MindBloom","player_choice":"Upgrade","floor":38.0,"gold_loss":0.0,"damage_taken":0.0,"cards_upgraded":["Defend_G","Defend_G","Defend_G","Defend_G","Defend_G","Neutralize","Flying Knee","PiercingWail","Accuracy","Backstab","Corpse Explosion","Leg Sweep","Ghostly","Ghostly","Ghostly","Accuracy","Noxious Fumes","Burst","Acrobatics","Catalyst","Noxious Fumes","Night Terror"],"relics_obtained":["Mark of the Bloom"]},{"damage_healed":0.0,"max_hp_gain":0.0,"max_hp_loss":0.0,"gold_gain":0.0,"event_name":"SensoryStone","player_choice":"Memory 1","floor":39.0,"gold_loss":0.0,"damage_taken":0.0},{"damage_healed":0.0,"max_hp_gain":0.0,"max_hp_loss":2.0,"gold_gain":0.0,"event_name":"Winding Halls","player_choice":"Max HP","floor":42.0,"gold_loss":0.0,"damage_taken":0.0}],"is_beta":false,"boss_relics":[{"not_picked":["Runic Dome","Cursed Key"],"picked":"Fusion Hammer"},{"not_picked":["Pandora\u0027s Box","Velvet Choker"],"picked":"Ring of the Serpent"}],"items_purged_floors":[27,46],"is_endless":false,"potions_floor_spawned":[6,21,29,36,45],"ascension_level":20}}