{"host":"k1zte7p040j04785","time":1611262281,"event":{"mods":["AchievementEnabler","BaseMod","Googly Eyes","Hermit","Minty Spire (QoL Compilation)","StSLib","The Cursed"],"gold_per_floor":[119,139,166,166,183,216,216,235,535,15,26,84,160,173,173,271,271,291,291,305,315,315,315,325,341,341,341,351,351,385,396,396,396,396],"floor_reached":33,"language":"RUS","playtime":2208,"items_purged":[],"score":271,"play_id":"5e939d88-ed20-4b87-b4e0-f9bbeae8fb9c","local_time":"20210121235121","is_ascension_mode":false,"campfire_choices":[{"floor":7,"key":"REST"},{"floor":15,"key":"REST"},{"floor":23,"key":"REST"},{"floor":27,"key":"REST"},{"floor":29,"key":"REST"},{"floor":32,"key":"REST"}],"circlet_count":0,"master_deck":["Strike_R","Strike_R","Strike_R","Strike_R","Strike_R","Defend_R","Defend_R","Bash","Feel No Pain","True Grit","Rampage","Rampage","Thunderclap","Perfected Strike","Flex","Inflame","Pummel","Clash","Wild Strike","Double Tap","Flex","Madness","Hemokinesis","Flex+1","Perfected Strike","Demon Form","Rampage+1","Pommel Strike+1","Twin Strike","Cleave+1"],"relics":["Burning Blood","Ancient Tea Set","Pear","MealTicket","Old Coin","Lizard Tail","OrangePellets","Art of War","Black Star","Incense Burner","The Courier","FossilizedHelix"],"acts_visited":["Exordium","TheCity"],"potions_floor_usage":[12,16,21,21,24,24,25,30,30,33],"damage_taken":[{"damage":10,"enemies":"Cultist","floor":1,"turns":4},{"damage":4,"enemies":"2 Louse","floor":2,"turns":2},{"damage":17,"enemies":"Small Slimes","floor":5,"turns":4},{"damage":27,"enemies":"Gremlin Nob","floor":6,"turns":4},{"damage":6,"enemies":"2 Fungi Beasts","floor":8,"turns":3},{"damage":8,"enemies":"Large Slime","floor":11,"turns":5},{"damage":32,"enemies":"Lagavulin Event","floor":12,"turns":4},{"damage":13,"enemies":"Red Slaver","floor":14,"turns":2},{"damage":30,"enemies":"Slime Boss","floor":16,"turns":8},{"damage":30,"enemies":"3 Byrds","floor":18,"turns":6},{"damage":29,"enemies":"Spheric Guardian","floor":20,"turns":4},{"damage":45,"enemies":"Centurion and Healer","floor":21,"turns":6},{"damage":24,"enemies":"Cultist and Chosen","floor":24,"turns":5},{"damage":30,"enemies":"Sentry and Sphere","floor":25,"turns":5},{"damage":10,"enemies":"Snecko","floor":28,"turns":3},{"damage":54,"enemies":"Slavers","floor":30,"turns":5},{"damage":14,"enemies":"Snake Plant","floor":31,"turns":2},{"damage":95,"enemies":"Automaton","floor":33,"turns":6}],"seed_played":"-937068475876967918","potions_obtained":[{"floor":1,"key":"BloodPotion"},{"floor":2,"key":"Fire Potion"},{"floor":5,"key":"SkillPotion"},{"floor":16,"key":"SkillPotion"},{"floor":21,"key":"AttackPotion"},{"floor":22,"key":"PowerPotion"},{"floor":22,"key":"Energy Potion"},{"floor":24,"key":"ColorlessPotion"},{"floor":25,"key":"DuplicationPotion"},{"floor":30,"key":"LiquidMemories"}],"is_trial":false,"path_per_floor":["M","M","T","?","M","E","R","M","T","$","M","?","?","M","R","B",null,"M","?","M","M","?","R","M","M","T","R","M","R","E","M","R","B"],"character_chosen":"IRONCLAD","items_purchased":["Lizard Tail","Inflame","OrangePellets"],"campfire_rested":6,"item_purchase_floors":[10,10,10],"current_hp_per_floor":[68,70,70,73,62,41,65,65,65,80,78,52,52,45,69,45,82,58,58,35,12,12,36,18,37,37,61,57,81,33,25,49,0,0],"gold":396,"neow_bonus":"TRANSFORM_TWO_CARDS","is_daily":false,"chose_seed":false,"campfire_upgraded":0,"win_rate":0.0,"timestamp":1611262281,"path_taken":["M","?","?","?","M","E","R","M","T","$","M","?","?","M","R","BOSS","M","?","?","M","?","R","?","M","T","R","M","R","E","M","R","BOSS"],"items_purchased_type":["Relic","Card","Relic"],"build_version":"2020-12-22","purchased_purges":0,"victory":false,"max_hp_per_floor":[72,72,72,82,82,82,82,82,82,82,82,82,82,82,82,82,82,82,82,82,82,82,82,82,82,82,82,82,82,82,82,82,82,82],"card_choices":[{"not_picked":["Power Through","Battle Trance"],"picked":"Rampage","floor":1},{"not_picked":["Cleave","Twin Strike"],"picked":"Rampage","floor":2},{"not_picked":["Iron Wave","Cleave"],"picked":"Thunderclap","floor":5},{"not_picked":["Iron Wave","Barricade"],"picked":"Perfected Strike","floor":6},{"not_picked":["Fire Breathing","Disarm"],"picked":"Flex","floor":8},{"not_picked":["Body Slam","Metallicize"],"picked":"Pummel","floor":11},{"not_picked":["Pommel Strike","Power Through"],"picked":"Clash","floor":12},{"not_picked":["Juggernaut","Iron Wave"],"picked":"Wild Strike","floor":14},{"not_picked":["Reaper","Corruption"],"picked":"Double Tap","floor":16},{"not_picked":["Metallicize","Warcry"],"picked":"Flex","floor":18},{"not_picked":["Cleave","Rage"],"picked":"Flex+1","floor":20},{"not_picked":["Cleave","Shrug It Off"],"picked":"Perfected Strike","floor":21},{"not_picked":["Wild Strike","Intimidate+1"],"picked":"Demon Form","floor":24},{"not_picked":["Sword Boomerang","Uppercut"],"picked":"Rampage+1","floor":25},{"not_picked":["Bloodletting","Flame Barrier"],"picked":"Pommel Strike+1","floor":28},{"not_picked":["Bloodletting","Searing Blow"],"picked":"Twin Strike","floor":30},{"not_picked":["Clothesline+1","Flex"],"picked":"Cleave+1","floor":31}],"player_experience":85199,"relics_obtained":[{"floor":3,"key":"Ancient Tea Set"},{"floor":6,"key":"MealTicket"},{"floor":9,"key":"Old Coin"},{"floor":12,"key":"Art of War"},{"floor":26,"key":"Incense Burner"},{"floor":30,"key":"The Courier"},{"floor":30,"key":"FossilizedHelix"}],"event_choices":[{"damage_healed":0,"gold_gain":0,"player_choice":"Success","damage_taken":7,"relics_obtained":["Pear"],"max_hp_gain":0,"max_hp_loss":0,"event_name":"Scrap Ooze","floor":4,"gold_loss":0},{"damage_healed":0,"gold_gain":0,"player_choice":"Searched \u00271\u0027 times","damage_taken":0,"max_hp_gain":0,"max_hp_loss":0,"event_name":"Dead Adventurer","floor":12,"gold_loss":0},{"damage_healed":0,"gold_gain":76,"player_choice":"Gained Gold","damage_taken":0,"max_hp_gain":0,"max_hp_loss":0,"event_name":"Golden Wing","floor":13,"gold_loss":0},{"damage_healed":0,"gold_gain":0,"player_choice":"2 cards matched","damage_taken":0,"max_hp_gain":0,"max_hp_loss":0,"event_name":"Match and Keep!","floor":19,"gold_loss":0,"cards_obtained":["Madness","Hemokinesis"]},{"damage_healed":0,"gold_gain":0,"player_choice":"Got Potions","damage_taken":0,"max_hp_gain":0,"max_hp_loss":0,"event_name":"Lab","floor":22,"gold_loss":0}],"is_beta":false,"boss_relics":[{"not_picked":["Runic Dome","Astrolabe"],"picked":"Black Star"}],"items_purged_floors":[],"is_endless":false,"potions_floor_spawned":[1,2,5,16,21,24,25,30],"killed_by":"Automaton","ascension_level":0}}