{"host":"79pwvnyrdes6uj7k","time":1611187846,"event":{"mods":["2.2 Compatiblity","Astrologer","BaseMod","Beaked The Cultist","Colored Powertips","Conspire","Downfall","Exacting","Friendly Minions","HexUI Lib","Highlight Path","Hubris","Infinite Spire","JesterMod","Mad Scientist","Mimic Mod","Minty Spire (QoL Compilation)","Poor People Problems","Random Character Button","Reworked Bosses","Shop Mod","Somnambulant","StSLib","The Cursed","The Disciple","The Factory","The Judge","The Jungle","The Marked","The Poker Player","The Runesmith","TheHeartMod"],"gold_per_floor":[99,116,133,133,164,179,206,656,456,456,456,473,499,529,547,547,547,547],"floor_reached":16,"language":"ENG","playtime":1094,"items_purged":[],"score":104,"play_id":"f6dfd05c-37aa-496a-a14b-bcf5c53016cf","local_time":"20210120181046","is_ascension_mode":false,"campfire_choices":[{"floor":1,"key":"RECALL"},{"data":"bronze:Format","floor":9,"key":"SMITH"},{"data":"bronze:BuggyMess","floor":11,"key":"SMITH"}],"circlet_count":0,"master_deck":["bronze:Replicate","bronze:Goto","bronze:Break","bronze:CutThrough","bronze:Overheat","bronze:ChildClass","bronze:OilSpill","bronze:WildBeam","bronze:Deprecate","bronze:ChosenStrike","bronze:BuggyMess+1","bronze:AlphaBuild+1","bronze:Format+1","bronze:WhirlingStrike","downfall:Icky","downfall:Icky","downfall:Icky","bronze:FineTuning","bronze:MaxOutput","bronze:FollowUp","bronze:Repulsor"],"relics":["Pandora\u0027s Box","downfall:HeartBlessingRed","downfall:HeartBlessingBlue","Blood Vial"],"acts_visited":["Exordium"],"potions_floor_usage":[13,15,15,16],"damage_taken":[{"damage":8,"enemies":"conspire:RoseBush","floor":2,"turns":1},{"damage":11,"enemies":"Small Slimes","floor":3,"turns":4},{"damage":3,"enemies":"Cultist","floor":5,"turns":2},{"damage":0,"enemies":"Exordium Wildlife","floor":6,"turns":3},{"damage":12,"enemies":"Blue Slaver","floor":12,"turns":2},{"damage":26,"enemies":"Lagavulin","floor":13,"turns":4},{"damage":4,"enemies":"2 Fungi Beasts","floor":14,"turns":3},{"damage":1,"enemies":"conspire:2 RoseBushes","floor":15,"turns":3},{"damage":22,"enemies":"DF_ARCHETYPE_STREAMLINE","floor":16,"turns":3}],"seed_played":"-7360637511753668996","potions_obtained":[{"floor":2,"key":"EssenceOfSteel"},{"floor":12,"key":"Slimebound:ThreeZeroPotion"},{"floor":13,"key":"PowerPotion"},{"floor":14,"key":"Block Potion"}],"is_trial":false,"path_per_floor":["R","M","M","?","M","M","T","?","R","?","R","M","E","M","M","B"],"character_chosen":"THE_AUTOMATON","items_purchased":[],"campfire_rested":0,"item_purchase_floors":[],"current_hp_per_floor":[70,62,51,51,48,48,48,48,58,58,58,46,20,18,19,0,0,0],"gold":547,"neow_bonus":"BOSS_RELIC","is_daily":false,"chose_seed":false,"campfire_upgraded":2,"win_rate":0.0,"timestamp":1611187846,"path_taken":["R","M","M","?","M","M","T","?","R","?","R","?","E","M","M","BOSS"],"items_purchased_type":[],"build_version":"2020-12-22","purchased_purges":0,"victory":false,"max_hp_per_floor":[70,70,70,70,70,70,70,70,80,80,80,80,80,80,80,80,80,80],"card_choices":[{"not_picked":["bronze:Invalidate","bronze:Overheat"],"picked":"bronze:BuggyMess","floor":2},{"not_picked":["bronze:Allocate","bronze:Iterate"],"picked":"bronze:AlphaBuild","floor":3},{"not_picked":["bronze:Branch","bronze:Allocate"],"picked":"bronze:Format","floor":5},{"not_picked":["bronze:DelayedSlice","bronze:WildBeam"],"picked":"bronze:WhirlingStrike","floor":6},{"not_picked":["bronze:NullPointer","bronze:Shield"],"picked":"bronze:FineTuning","floor":12},{"not_picked":["bronze:HyperBeam","bronze:Safeguard"],"picked":"bronze:MaxOutput","floor":13},{"not_picked":["bronze:Fortify","bronze:BuggyMess"],"picked":"bronze:FollowUp","floor":14},{"not_picked":["bronze:Iterate","bronze:Philosophize"],"picked":"bronze:Repulsor","floor":15}],"player_experience":377734,"relics_obtained":[{"floor":13,"key":"Blood Vial"}],"event_choices":[{"damage_healed":0,"gold_gain":0,"player_choice":"Ignored","damage_taken":0,"max_hp_gain":0,"max_hp_loss":0,"event_name":"NoteForYourself","floor":10,"gold_loss":0}],"is_beta":false,"boss_relics":[],"items_purged_floors":[],"is_endless":false,"potions_floor_spawned":[2,12,13,14],"killed_by":"DF_ARCHETYPE_STREAMLINE","ascension_level":0}}