{"host":"cxvb37eaaiijvrl4","time":1611228545,"event":{"mods":["ATMod(°¢èªMod)","BaseMod","Better Third Choice","Minty Spire (QoL Compilation)","MostiFishMod","Quick Restart","Rare Cards Sparkle","Shop Mod","Spicy Shops","StSLib","TestMod","Uncapped","²ÐÁôÖ®Îï"],"gold_per_floor":[111,36,36,51,64,64,80,80,80,99,159,193,193,203,203,280,280,296,312,92,102,112,137,153,153,153,153,153,285,297,315,315,493,493,508,377,393,409,425,425,558,577,577,593,720,740,740,216,216,316,516,516,516,25,250,350],"floor_reached":57,"language":"ZHS","playtime":1718,"items_purged":["Strike_R","Strike_R","Strike_R","Strike_R","Strike_R"],"score":3424,"play_id":"1536f163-80ea-49b5-b437-dfc7d65e7007","local_time":"20210121032905","is_ascension_mode":true,"campfire_choices":[{"data":"MostiFishMod:UltimateDefense+1","floor":6,"key":"SMITH"},{"data":"MostiFishMod:UltimateDefense+2","floor":8,"key":"SMITH"},{"data":"Sword Boomerang","floor":13,"key":"SMITH"},{"data":"AT_BodySlamDance","floor":15,"key":"SMITH"},{"data":"Burning Pact","floor":25,"key":"SMITH"},{"data":"Feel No Pain","floor":27,"key":"SMITH"},{"data":"MostiFishMod:UltimateDefense+3","floor":32,"key":"SMITH"},{"data":"Second Wind","floor":40,"key":"SMITH"},{"floor":49,"key":"RECALL"},{"data":"MostiFishMod:UltimateDefense+5","floor":53,"key":"SMITH"}],"circlet_count":0,"master_deck":["AscendersBane","Defend_R","Defend_R","Defend_R","Defend_R","Bash","MostiFishMod:UltimateDefense+6","Feel No Pain+1","Burning Pact+1","Sword Boomerang+1","AT_ShrugMaster","AT_BodySlamDance+1","Feed","MostiFishMod:404NotFound+1","Feel No Pain+1","Second Wind+1","Burning Pact+1","Body Slam+1","Power Through+1"],"relics":["Burning Blood","testmod-TestBox","DaveBox","AT_ATBox","JellyFishMachine","testmod-CasingShield","SynthV:TestCard","The Courier","DianPoetry","PlaceholderMod:LiveLive","StrikeDummy","AT_TheCollector","testmod-RainbowHikingShoes","testmod-FatalChain","Transparent","Eternal Feather","Prayer Wheel","Technique","Ice Cream","Sundial","Strawberry","AT_SunfireAegis"],"acts_visited":["Exordium","TheCity","TheBeyond","TheEnding"],"potions_floor_usage":[12],"damage_taken":[{"damage":0,"enemies":"Cultist","floor":1,"turns":3},{"damage":3,"enemies":"Jaw Worm","floor":4,"turns":3},{"damage":10,"enemies":"Small Slimes","floor":5,"turns":3},{"damage":12,"enemies":"Gremlin Gang","floor":7,"turns":9},{"damage":0,"enemies":"3 Louse","floor":10,"turns":4},{"damage":0,"enemies":"Looter","floor":11,"turns":3},{"damage":0,"enemies":"Gremlin Nob","floor":12,"turns":3},{"damage":9,"enemies":"Exordium Wildlife","floor":14,"turns":3},{"damage":10,"enemies":"The Guardian","floor":16,"turns":5},{"damage":17,"enemies":"2 Thieves","floor":18,"turns":2},{"damage":3,"enemies":"Shell Parasite","floor":19,"turns":3},{"damage":0,"enemies":"Cultist and Chosen","floor":21,"turns":5},{"damage":0,"enemies":"Centurion and Healer","floor":22,"turns":3},{"damage":14,"enemies":"Book of Stabbing","floor":23,"turns":4},{"damage":2,"enemies":"Snake Plant","floor":24,"turns":2},{"damage":6,"enemies":"Slavers","floor":29,"turns":3},{"damage":0,"enemies":"Shelled Parasite and Fungi","floor":30,"turns":2},{"damage":0,"enemies":"3 Cultists","floor":31,"turns":3},{"damage":0,"enemies":"Collector","floor":33,"turns":2},{"damage":18,"enemies":"3 Darklings","floor":35,"turns":2},{"damage":9,"enemies":"3 Shapes","floor":37,"turns":1},{"damage":9,"enemies":"Maw","floor":38,"turns":1},{"damage":9,"enemies":"Writhing Mass","floor":39,"turns":1},{"damage":9,"enemies":"Reptomancer","floor":41,"turns":1},{"damage":9,"enemies":"4 Shapes","floor":42,"turns":1},{"damage":9,"enemies":"Spire Growth","floor":44,"turns":1},{"damage":9,"enemies":"Nemesis","floor":45,"turns":1},{"damage":18,"enemies":"Transient","floor":46,"turns":2},{"damage":9,"enemies":"Time Eater","floor":50,"turns":1},{"damage":9,"enemies":"Donu and Deca","floor":51,"turns":1},{"damage":10,"enemies":"Shield and Spear","floor":55,"turns":1},{"damage":40,"enemies":"The Heart","floor":56,"turns":4}],"seed_played":"8251980698672754853","potions_obtained":[{"floor":5,"key":"Strength Potion"},{"floor":11,"key":"EntropicBrew"},{"floor":12,"key":"ElixirPotion"}],"is_trial":false,"path_per_floor":["M","$","?","M","M","R","M","R","T","M","M","E","R","M","R","B",null,"M","M","$","M","M","E","M","R","T","R","?","E","M","M","R","B",null,"M","$","M","M","M","R","E","M","T","M","E","M","?","$","R","B","B",null,"R","$","E","B",null],"character_chosen":"IRONCLAD","items_purchased":["MostiFishMod:404NotFound","Second Wind","Technique","Ice Cream","Sundial","Strawberry"],"campfire_rested":0,"item_purchase_floors":[20,36,48,48,54,54],"current_hp_per_floor":[56,56,56,59,55,55,49,49,49,55,61,67,67,64,64,60,71,63,69,69,78,87,82,89,89,89,89,89,92,96,99,99,99,99,99,99,99,99,99,99,99,99,99,99,99,99,99,99,99,99,99,99,99,106,106,106],"gold":350,"neow_bonus":"THREE_RARE_CARDS","is_daily":false,"chose_seed":false,"campfire_upgraded":9,"win_rate":0.0,"timestamp":1611228545,"path_taken":["M","?","?","M","M","R","M","R","T","?","M","E","R","M","R","BOSS","M","M","$","M","M","E","M","R","T","R","?","E","M","M","R","BOSS","M","$","M","?","M","R","E","?","T","M","E","M","?","$","R","BOSS","BOSS","R","$","E","BOSS"],"items_purchased_type":["Card","Card","Relic","Relic","Relic","Relic"],"build_version":"2020-12-22","purchased_purges":5,"victory":true,"max_hp_per_floor":[75,75,75,75,75,75,75,75,75,75,75,75,75,75,75,75,75,78,81,81,84,87,90,93,93,93,93,93,96,96,99,99,99,99,99,99,99,99,99,99,99,99,99,99,99,99,99,99,99,99,99,99,99,106,106,106],"card_choices":[{"not_picked":["Berserk","Limit Break"],"picked":"MostiFishMod:UltimateDefense","floor":0},{"not_picked":["Shrug It Off","Rampage","Flame Barrier"],"picked":"SKIP","floor":1},{"not_picked":["MostiFishMod:#F4004","Armaments","Heavy Blade","Warcry"],"picked":"Feel No Pain","floor":4},{"not_picked":["AT_BodySlamDance","Reckless Charge","Wild Strike","Pommel Strike"],"picked":"Burning Pact","floor":5},{"not_picked":["Wild Strike","AT_IchimonjiDouble","True Grit","Battle Trance","Intimidate"],"picked":"SKIP","floor":7},{"not_picked":["Anger","Havoc","Twin Strike","Perfected Strike"],"picked":"Sword Boomerang","floor":10},{"not_picked":["AT_DrawKnifeCut","Intimidate","Sentinel","Cleave","Combust"],"picked":"SKIP","floor":11},{"not_picked":["Ghostly Armor","Power Through","True Grit","MostiFishMod:Mania"],"picked":"AT_ShrugMaster","floor":12},{"not_picked":["Dark Embrace","Clash","Armaments","Evolve"],"picked":"AT_BodySlamDance","floor":14},{"not_picked":["MostiFishMod:FireWorks","MostiFishMod:OrdinaryWorld","MostiFishMod:NewArrival","MostiFishMod:DarkDeal"],"picked":"Feed","floor":16},{"not_picked":["AT_IchimonjiDouble","Flame Barrier","Cleave","True Grit","Searing Blow"],"picked":"SKIP","floor":18},{"not_picked":["Rampage","Shrug It Off","Heavy Blade","Flex","True Grit"],"picked":"SKIP","floor":19},{"not_picked":["Dropkick","Battle Trance+1","Flex","Anger+1","Combust"],"picked":"SKIP","floor":21},{"not_picked":["Headbutt","Reaper","Reckless Charge","Rage","Carnage"],"picked":"SKIP","floor":22},{"not_picked":["Seeing Red","Pommel Strike+1","Heavy Blade","Headbutt","Anger"],"picked":"SKIP","floor":23},{"not_picked":["MostiFishMod:#F4004","Dropkick","AT_IchimonjiDouble","Headbutt"],"picked":"Feel No Pain+1","floor":24},{"not_picked":["Iron Wave","Clash","AT_GerminateFire","Armaments","Ghostly Armor+1"],"picked":"SKIP","floor":29},{"not_picked":["Rampage","AT_IchimonjiDouble","Dropkick","Twin Strike+1","AT_DrawKnifeCut"],"picked":"SKIP","floor":30},{"not_picked":["AT_BodySlamDance","Dual Wield","MostiFishMod:BrandingRite","Headbutt","Burning Pact"],"picked":"SKIP","floor":31},{"not_picked":["Warcry","Anger","Iron Wave","Heavy Blade+1","AT_BodySlamDance"],"picked":"SKIP","floor":35},{"not_picked":["True Grit+1","Wild Strike","Cleave","Heavy Blade"],"picked":"Burning Pact+1","floor":37},{"not_picked":["Havoc+1","Exhume","AT_BodySlamDance","Blood for Blood","Disarm"],"picked":"SKIP","floor":38},{"not_picked":["Blood for Blood+1","Perfected Strike","Heavy Blade","Burning Pact","AT_BodySlamDance"],"picked":"SKIP","floor":39},{"not_picked":["Clothesline","AT_ShrugMaster+1","Hemokinesis","Perfected Strike","AT_BodySlamDance"],"picked":"SKIP","floor":41},{"not_picked":["Iron Wave+1","AT_ManFootWork","Sever Soul","True Grit"],"picked":"Body Slam+1","floor":42},{"not_picked":["Perfected Strike","Battle Trance","Searing Blow","Heavy Blade+1","Clash"],"picked":"SKIP","floor":44},{"not_picked":["True Grit","AT_ManFootWork+1","Rage","Sword Boomerang","MostiFishMod:ChineseTea"],"picked":"SKIP","floor":45},{"not_picked":["Body Slam","Feel No Pain","Perfected Strike","Iron Wave"],"picked":"Power Through+1","floor":46},{"not_picked":["Flex","AT_IchimonjiDouble","Whirlwind","Intimidate","Feel No Pain"],"picked":"SKIP","floor":46},{"not_picked":["Blood for Blood","Thunderclap","Pommel Strike+1","Dropkick","AT_GerminateFire+1"],"picked":"SKIP","floor":55}],"player_experience":708535,"relics_obtained":[{"floor":1,"key":"SynthV:TestCard"},{"floor":9,"key":"The Courier"},{"floor":12,"key":"DianPoetry"},{"floor":23,"key":"StrikeDummy"},{"floor":26,"key":"AT_TheCollector"},{"floor":29,"key":"testmod-FatalChain"},{"floor":41,"key":"Eternal Feather"},{"floor":45,"key":"Prayer Wheel"},{"floor":55,"key":"AT_SunfireAegis"}],"event_choices":[{"damage_healed":0,"gold_gain":0,"player_choice":"Forge","damage_taken":0,"max_hp_gain":0,"max_hp_loss":0,"event_name":"Accursed Blacksmith","floor":3,"gold_loss":0,"cards_upgraded":["MostiFishMod:UltimateDefense"]},{"cards_removed":["AT_DivineConfetti"],"damage_healed":0,"gold_gain":0,"player_choice":"Gave Card","damage_taken":0,"relics_obtained":["testmod-RainbowHikingShoes"],"max_hp_gain":0,"max_hp_loss":0,"event_name":"WeMeetAgain","floor":28,"gold_loss":0},{"damage_healed":0,"gold_gain":0,"player_choice":"Memory 1","damage_taken":0,"max_hp_gain":0,"max_hp_loss":0,"event_name":"SensoryStone","floor":47,"gold_loss":0}],"is_beta":false,"boss_relics":[{"not_picked":["EE1DDrone","BloodWine"],"picked":"PlaceholderMod:LiveLive"},{"not_picked":["testmod-NegativeEmotionEnhancer","TimeKeys"],"picked":"Transparent"}],"items_purged_floors":[2,20,36,48,54],"is_endless":false,"potions_floor_spawned":[5,11,12,18,23,37,38,41,42,46],"ascension_level":20}}