{"host":"l84l8xigz5v5foa2","time":1611217293,"event":{"mods":["2.2 Compatiblity","AchievementEnabler","BaseMod","Better Note","Better Vampires","Card Filter","Colored Map","DeckTracker","Gremlin Skip","Hermit","Highlight Path","Keyboard Shortcuts","Minty Spire (QoL Compilation)","Permanent Neow","Quick Restart","Relic Filter","Relic Stats","Shop Mod","StSLib","SuperFastMode","Transform Curses","Unknown Chances"],"gold_per_floor":[116,216,235,235,267,267,294,294,294,360,387,164,164,218,218,218,218],"floor_reached":16,"language":"KOR","playtime":643,"items_purged":["Normality"],"score":105,"play_id":"525514a1-32c0-4345-af2a-d8396e6e4d37","local_time":"20210121172133","is_ascension_mode":true,"campfire_choices":[{"data":"Thinking Ahead","floor":6.0,"key":"SMITH"},{"data":"hermit:DeadOrAlive","floor":8,"key":"SMITH"},{"data":"hermit:Adapt","floor":13,"key":"SMITH"},{"data":"hermit:DeadMansHand","floor":15,"key":"SMITH"}],"circlet_count":0,"master_deck":["hermit:Strike_Hermit","hermit:Strike_Hermit","hermit:Strike_Hermit","hermit:Defend_Hermit","hermit:Defend_Hermit","hermit:Defend_Hermit","hermit:Defend_Hermit","hermit:Snapshot","hermit:Covet","Thinking Ahead+1","hermit:WideOpen","hermit:DeadOrAlive+1","hermit:TrackingShot","hermit:Adapt+1","hermit:Showdown+1","hermit:PistolWhip+1","hermit:DeadMansHand+1"],"relics":["hermit:Momento","Molten Egg 2","Du-Vu Doll","Toy Ornithopter"],"acts_visited":["Exordium"],"potions_floor_usage":[10],"damage_taken":[{"damage":0.0,"enemies":"2 Louse","floor":1.0,"turns":3.0},{"damage":0.0,"enemies":"Cultist","floor":3.0,"turns":3.0},{"damage":1.0,"enemies":"Jaw Worm","floor":5.0,"turns":3.0},{"damage":6,"enemies":"2 Fungi Beasts","floor":7,"turns":4},{"damage":38,"enemies":"Lagavulin","floor":10,"turns":10},{"damage":0,"enemies":"Looter","floor":11,"turns":5},{"damage":30,"enemies":"The Guardian","floor":16,"turns":5}],"seed_played":"2134085386126469648","potions_obtained":[{"floor":1.0,"key":"Weak Potion"},{"floor":3.0,"key":"hermit:BlackBile"}],"is_trial":false,"path_per_floor":["M","?","M","?","M","R","M","R","T","E","M","$","R","T","R","B"],"character_chosen":"HERMIT","items_purchased":["hermit:PistolWhip+1","hermit:DeadMansHand"],"campfire_rested":0,"item_purchase_floors":[12,12],"current_hp_per_floor":[75,75,75,75,74,74,68,68,68,30,30,30,30,30,30,0,0],"gold":218,"neow_bonus":"RANDOM_COLORLESS_2","is_daily":false,"chose_seed":false,"campfire_upgraded":4,"win_rate":0.0,"timestamp":1611217293,"path_taken":["M","?","?","?","M","R","M","R","T","E","M","?","R","?","R","BOSS"],"items_purchased_type":["Card","Card"],"build_version":"2020-12-22","purchased_purges":1,"victory":false,"max_hp_per_floor":[75,75,75,75,75,75,75,75,75,75,75,75,75,75,75,75,75],"relic_stats":{"counters":[7,33],"obtain_stats":[{"Du-Vu Doll":10,"Molten Egg 2":9,"hermit:Momento":0,"Toy Ornithopter":14},{"Du-Vu Doll":5,"Molten Egg 2":4,"hermit:Momento":0,"Toy Ornithopter":6},{"Du-Vu Doll":23,"Molten Egg 2":13,"hermit:Momento":0,"Toy Ornithopter":28}],"Toy Ornithopter":0},"card_choices":[{"not_picked":["Mayhem","Secret Technique"],"picked":"Thinking Ahead","floor":0.0},{"not_picked":["hermit:Misfire","hermit:HighCaliber","hermit:Coalescence"],"picked":"SKIP","floor":1.0},{"not_picked":["hermit:GhostlyPresence","hermit:TrackingShot"],"picked":"hermit:WideOpen","floor":3.0},{"not_picked":["hermit:Headshot","hermit:NoHoldsBarred"],"picked":"hermit:TrackingShot","floor":5.0},{"not_picked":["hermit:CalledShot","hermit:Spite","hermit:Coalescence"],"picked":"SKIP","floor":7},{"not_picked":["hermit:BigShot","hermit:Vantage"],"picked":"hermit:Adapt","floor":10},{"not_picked":["hermit:Roulette+1","hermit:FlashPowder"],"picked":"hermit:Showdown+1","floor":11}],"player_experience":1418971,"relics_obtained":[{"floor":9,"key":"Molten Egg 2"},{"floor":10,"key":"Du-Vu Doll"},{"floor":14,"key":"Toy Ornithopter"}],"event_choices":[{"damage_healed":0.0,"max_hp_gain":0.0,"max_hp_loss":0.0,"gold_gain":100.0,"event_name":"Golden Shrine","player_choice":"Pray","floor":2.0,"gold_loss":0.0,"damage_taken":0.0},{"damage_healed":0.0,"max_hp_gain":0.0,"max_hp_loss":0.0,"gold_gain":0.0,"cards_transformed":["hermit:Strike_Hermit"],"event_name":"Transmorgrifier","player_choice":"Transformed","floor":4.0,"gold_loss":0.0,"damage_taken":0.0,"cards_obtained":["hermit:DeadOrAlive"]}],"is_beta":false,"boss_relics":[],"items_purged_floors":[12],"is_endless":false,"potions_floor_spawned":[1,3],"killed_by":"The Guardian","ascension_level":1}}