{"host":"2sct7qpnpunnnd84","time":1611196023,"event":{"mods":["BaseMod","Googly Eyes","Minty Spire (QoL Compilation)","Quick Restart","Shop Mod","StSLib","The IronCluck"],"gold_per_floor":[112,112,112,173,188,188,238,238,238,258,308,326,337,30,30,125,125,139,104,154,165,165,165,215,215,215,175,239,251,267,30,30,125,125,145,25,36,131,32,99,99,119,119,138,157,207,207,6,6,6],"floor_reached":51,"language":"ENG","playtime":4360,"items_purged":[],"score":689,"play_id":"5b3c5bb7-8ade-4462-827a-25f2646a1dc0","local_time":"20210120182703","is_ascension_mode":false,"campfire_choices":[{"floor":6.0,"key":"REST"},{"floor":8.0,"key":"REST"},{"data":"Backstab","floor":15.0,"key":"SMITH"},{"floor":23,"key":"REST"},{"data":"Cloak And Dagger","floor":25,"key":"SMITH"},{"floor":32,"key":"REST"},{"floor":41,"key":"REST"},{"data":"Accuracy","floor":47,"key":"SMITH"},{"floor":49,"key":"REST"}],"circlet_count":0,"master_deck":["Strike_G+1","Strike_G","Strike_G","Strike_G","Defend_G","Defend_G","Defend_G","Defend_G","Defend_G","Survivor","Neutralize","Dagger Spray","Dagger Spray+1","Blade Dance","Cloak And Dagger+1","Infinite Blades","Dodge and Roll","Backstab+1","Corpse Explosion","Blade Dance","Poisoned Stab","Backstab+1","Accuracy+1","Deadly Poison+1","Infinite Blades","Dagger Spray","Noxious Fumes","Venomology","Quick Slash+1","Footwork","Cloak And Dagger","Catalyst+1","Cloak And Dagger+1","Caltrops+1","Sucker Punch+1","Deadly Poison+1","Catalyst+1","Deadly Poison","Blade Dance+1","Dash+1","Flying Knee+1","Accuracy+1","Deadly Poison"],"relics":["Ring of the Snake","Bag of Preparation","Strawberry","SsserpentHead","HornCleat","Lizard Tail","Runic Pyramid","Akabeko","Ornamental Fan","TwistedFunnel","SacredBark","Prayer Wheel","Anchor","Pear","DollysMirror"],"acts_visited":["Exordium","TheCity","TheBeyond"],"potions_floor_usage":[33,50,50,50],"damage_taken":[{"damage":4.0,"enemies":"Jaw Worm","floor":1.0,"turns":5.0},{"damage":0.0,"enemies":"2 Louse","floor":4.0,"turns":3.0},{"damage":0.0,"enemies":"Cultist","floor":5.0,"turns":3.0},{"damage":0.0,"enemies":"Blue Slaver","floor":10.0,"turns":3.0},{"damage":0.0,"enemies":"3 Louse","floor":12.0,"turns":2.0},{"damage":14.0,"enemies":"Large Slime","floor":13.0,"turns":4.0},{"damage":36.0,"enemies":"Slime Boss","floor":16.0,"turns":12.0},{"damage":13.0,"enemies":"Chosen","floor":18.0,"turns":6.0},{"damage":15,"enemies":"2 Thieves","floor":21,"turns":2},{"damage":8,"enemies":"Centurion and Healer","floor":28,"turns":5},{"damage":0,"enemies":"Snecko","floor":29,"turns":3},{"damage":1,"enemies":"Chosen and Byrds","floor":30,"turns":4},{"damage":73,"enemies":"Champ","floor":33,"turns":11},{"damage":6,"enemies":"Orb Walker","floor":35,"turns":3},{"damage":0,"enemies":"3 Shapes","floor":37,"turns":1},{"damage":14,"enemies":"2 Orb Walkers","floor":38,"turns":2},{"damage":0,"enemies":"Jaw Worm Horde","floor":40,"turns":2},{"damage":0,"enemies":"Sphere and 2 Shapes","floor":42,"turns":1},{"damage":0,"enemies":"Transient","floor":44,"turns":5},{"damage":10,"enemies":"Spire Growth","floor":45,"turns":4},{"damage":100,"enemies":"Time Eater","floor":50,"turns":12}],"seed_played":"-828397746651211752","potions_obtained":[{"floor":4.0,"key":"Poison Potion"},{"floor":10.0,"key":"AttackPotion"},{"floor":16.0,"key":"Fruit Juice"},{"floor":21,"key":"DuplicationPotion"},{"floor":28,"key":"CunningPotion"},{"floor":38,"key":"Poison Potion"},{"floor":45,"key":"AttackPotion"}],"is_trial":false,"path_per_floor":["M","?","?","M","M","R","?","R","T","M","?","M","M","$","R","B",null,"M","?","?","M","$","R","?","R","T","$","M","M","M","$","R","B",null,"M","$","M","?","$","M","R","M","T","M","M","?","R","$","R","B",null],"character_chosen":"THE_SILENT","items_purchased":["Backstab","Lizard Tail","Accuracy","TwistedFunnel","Noxious Fumes","Footwork","Cloak And Dagger","Anchor","DollysMirror","Deadly Poison"],"campfire_rested":6,"item_purchase_floors":[14,14,27,31,31,36,36,39,48,48],"current_hp_per_floor":[66,55,55,55,55,77,62,77,77,77,77,77,63,63,63,32,82,69,69,69,54,54,78,78,78,78,78,70,70,69,69,82,9,82,76,76,76,62,62,62,82,82,92,92,82,82,82,82,92,46],"gold":6,"neow_bonus":"RANDOM_COMMON_RELIC","is_daily":false,"chose_seed":false,"campfire_upgraded":3,"win_rate":0.0,"timestamp":1611196023,"path_taken":["M","?","?","?","M","R","?","R","T","M","?","M","M","?","R","BOSS","M","?","?","M","$","R","?","R","T","$","?","M","M","$","R","BOSS","M","$","M","?","?","?","R","M","T","M","M","?","R","$","R","BOSS"],"items_purchased_type":["Card","Relic","Card","Relic","Card","Card","Card","Relic","Relic","Card"],"build_version":"2020-12-22","purchased_purges":0,"victory":true,"max_hp_per_floor":[70,77,77,77,77,77,77,77,77,77,77,77,77,77,77,82,82,82,82,82,82,82,82,82,82,82,82,82,82,82,82,82,82,82,82,82,82,82,82,82,82,82,92,92,92,92,92,92,92,92],"card_choices":[{"not_picked":["Outmaneuver","Acrobatics"],"picked":"Dagger Spray","floor":1.0},{"not_picked":["Acrobatics","Dagger Throw"],"picked":"Dagger Spray","floor":4.0},{"not_picked":["Riddle With Holes","Slice"],"picked":"Blade Dance","floor":5.0},{"not_picked":["Venomology","Dagger Throw"],"picked":"Cloak And Dagger","floor":10.0},{"not_picked":["Quick Slash","Expertise"],"picked":"Infinite Blades","floor":12.0},{"not_picked":["Prepared","Outmaneuver"],"picked":"Dodge and Roll","floor":13.0},{"not_picked":["Storm of Steel","After Image"],"picked":"Corpse Explosion","floor":16.0},{"not_picked":["Cloak And Dagger","Backflip"],"picked":"Blade Dance","floor":18.0},{"not_picked":["Calculated Gamble","Slice"],"picked":"Poisoned Stab","floor":21},{"not_picked":["Skewer","Underhanded Strike"],"picked":"Deadly Poison+1","floor":28},{"not_picked":["Dagger Spray+1","Phantasmal Killer"],"picked":"Infinite Blades","floor":29},{"not_picked":["Dagger Throw","Prepared"],"picked":"Dagger Spray","floor":30},{"not_picked":["Die Die Die","Adrenaline"],"picked":"Venomology","floor":33},{"not_picked":["Underhanded Strike","Bane"],"picked":"Quick Slash+1","floor":35},{"not_picked":["Riddle With Holes+1","Deflect+1"],"picked":"Catalyst+1","floor":37},{"not_picked":["Slice","Backflip+1"],"picked":"Cloak And Dagger+1","floor":38},{"not_picked":["Choke","Deadly Poison+1"],"picked":"Caltrops+1","floor":40},{"not_picked":["Endless Agony+1","Outmaneuver"],"picked":"Sucker Punch+1","floor":40},{"not_picked":["Endless Agony","Outmaneuver+1"],"picked":"Deadly Poison+1","floor":42},{"not_picked":["Burst","Deadly Poison+1"],"picked":"Catalyst+1","floor":42},{"not_picked":["Outmaneuver+1","Poisoned Stab"],"picked":"Deadly Poison","floor":44},{"not_picked":["PiercingWail+1","Masterful Stab+1"],"picked":"Blade Dance+1","floor":44},{"not_picked":["Slice+1","Endless Agony"],"picked":"Dash+1","floor":45},{"not_picked":["Escape Plan+1","Slice"],"picked":"Flying Knee+1","floor":45}],"player_experience":3403964,"relics_obtained":[{"floor":9.0,"key":"HornCleat"},{"floor":26,"key":"Ornamental Fan"},{"floor":38,"key":"Prayer Wheel"},{"floor":43,"key":"Pear"}],"event_choices":[{"damage_healed":0.0,"max_hp_gain":0.0,"max_hp_loss":0.0,"gold_gain":0.0,"event_name":"Scrap Ooze","player_choice":"Success","floor":2.0,"gold_loss":0.0,"damage_taken":18.0,"relics_obtained":["Strawberry"]},{"damage_healed":0.0,"max_hp_gain":0.0,"max_hp_loss":0.0,"gold_gain":0.0,"event_name":"FaceTrader","player_choice":"Trade","floor":3.0,"gold_loss":0.0,"damage_taken":0.0,"relics_obtained":["SsserpentHead"]},{"damage_healed":0.0,"max_hp_gain":0.0,"max_hp_loss":0.0,"gold_gain":0.0,"event_name":"Shining Light","player_choice":"Entered Light","floor":7.0,"gold_loss":0.0,"damage_taken":15.0,"cards_upgraded":["Dagger Spray","Strike_G"]},{"damage_healed":0.0,"max_hp_gain":0.0,"max_hp_loss":0.0,"gold_gain":0.0,"event_name":"Golden Wing","player_choice":"Ignored","floor":11.0,"gold_loss":0.0,"damage_taken":0.0},{"damage_healed":0.0,"max_hp_gain":0.0,"max_hp_loss":0.0,"gold_gain":0.0,"event_name":"Addict","player_choice":"Obtained Relic","floor":19.0,"gold_loss":85.0,"damage_taken":0.0,"relics_obtained":["Akabeko"]},{"damage_healed":0.0,"max_hp_gain":0.0,"max_hp_loss":0.0,"gold_gain":0.0,"event_name":"Beggar","player_choice":"Ignored","floor":20.0,"gold_loss":0.0,"damage_taken":0.0},{"damage_healed":0,"gold_gain":0,"player_choice":"Copied","damage_taken":0,"max_hp_gain":0,"max_hp_loss":0,"event_name":"Duplicator","floor":24,"gold_loss":0,"cards_obtained":["Backstab"]},{"damage_healed":0,"gold_gain":0,"player_choice":"Fight","damage_taken":0,"max_hp_gain":0,"max_hp_loss":0,"event_name":"Mysterious Sphere","floor":38,"gold_loss":0},{"cards_removed":["Strike_G"],"damage_healed":0,"gold_gain":0,"player_choice":"Removed Attack","damage_taken":0,"max_hp_gain":0,"max_hp_loss":0,"event_name":"Falling","floor":46,"gold_loss":0}],"is_beta":false,"boss_relics":[{"not_picked":["Astrolabe","Black Star"],"picked":"Runic Pyramid"},{"not_picked":["Empty Cage","Ring of the Serpent"],"picked":"SacredBark"}],"items_purged_floors":[],"is_endless":false,"potions_floor_spawned":[4,10,16,21,28,29,30,38,40,45],"ascension_level":0}}