{"host":"j4g6ia6asvpyu2b0","time":1611238593,"event":{"mods":["BaseMod","Colored Map","Minty Spire (QoL Compilation)","Permanent Neow","Quick Restart","Relic Stats","StSLib","Unceasing Turn Reminder"],"gold_per_floor":[219,219,127,146,166,194,206,241,287,287,313,324,167,181,181,258,258,274,174,185,198,123,123,148,148,148,171,214,226,269,461,473,558,570,594,626,477,477,493,493,524,536,536,536,536,554,570,605,605,605,605,605,52,82,82,82],"floor_reached":55,"language":"ENG","playtime":2230,"items_purged":["Strike_B","Defend_B","Defend_B","Zap"],"score":1315,"play_id":"fefc578f-92e7-4313-9b19-9ff8da0e17cd","local_time":"20210121071632","is_ascension_mode":true,"campfire_choices":[{"data":"Defragment","floor":10.0,"key":"SMITH"},{"data":"Capacitor","floor":15.0,"key":"SMITH"},{"data":"Storm","floor":23.0,"key":"SMITH"},{"data":"Creative AI","floor":25.0,"key":"SMITH"},{"floor":32.0,"key":"REST"},{"data":"Consume","floor":40.0,"key":"SMITH"},{"data":"Static Discharge","floor":45.0,"key":"SMITH"},{"floor":49.0,"key":"RECALL"},{"data":"Capacitor","floor":52.0,"key":"SMITH"}],"circlet_count":0,"master_deck":["AscendersBane","Dualcast","Reinforced Body","Static Discharge","Cold Snap","Capacitor+1","Defragment+1","BootSequence","Consume+1","Self Repair","Cold Snap","Hologram","Glacier","Ball Lightning","Doom and Gloom","Creative AI+1","Hello World+1","White Noise+1","Cold Snap+1","Doom and Gloom","Blizzard","Storm+1","Conserve Battery+1","Capacitor+1","Biased Cognition","Static Discharge+1","Defragment"],"relics":["Cracked Core","StoneCalendar","Matryoshka","MealTicket","Blood Vial","Astrolabe","Unceasing Top","Pear","MawBank","Torii","DataDisk","Busted Crown","Letter Opener","Happy Flower","Lantern","Bottled Tornado","Thread and Needle"],"acts_visited":["Exordium","TheCity","TheBeyond","TheEnding"],"potions_floor_usage":[55,55],"damage_taken":[{"damage":2.0,"enemies":"Jaw Worm","floor":1.0,"turns":4.0},{"damage":0.0,"enemies":"Cultist","floor":4.0,"turns":3.0},{"damage":7.0,"enemies":"2 Louse","floor":5.0,"turns":3.0},{"damage":7.0,"enemies":"3 Sentries","floor":6.0,"turns":3.0},{"damage":18.0,"enemies":"Exordium Thugs","floor":7.0,"turns":4.0},{"damage":14.0,"enemies":"Gremlin Nob","floor":8.0,"turns":5.0},{"damage":15.0,"enemies":"3 Sentries","floor":11.0,"turns":7.0},{"damage":12.0,"enemies":"Lots of Slimes","floor":12.0,"turns":4.0},{"damage":0.0,"enemies":"Exordium Wildlife","floor":14.0,"turns":6.0},{"damage":13.0,"enemies":"Hexaghost","floor":16.0,"turns":8.0},{"damage":0.0,"enemies":"Shell Parasite","floor":18.0,"turns":7.0},{"damage":7.0,"enemies":"Spheric Guardian","floor":20.0,"turns":6.0},{"damage":20.0,"enemies":"3 Cultists","floor":21.0,"turns":4.0},{"damage":13.0,"enemies":"Book of Stabbing","floor":24.0,"turns":6.0},{"damage":7.0,"enemies":"Snecko","floor":27.0,"turns":5.0},{"damage":24.0,"enemies":"Slavers","floor":28.0,"turns":6.0},{"damage":31.0,"enemies":"Book of Stabbing","floor":30.0,"turns":5.0},{"damage":20.0,"enemies":"Automaton","floor":33.0,"turns":7.0},{"damage":11.0,"enemies":"3 Darklings","floor":35.0,"turns":4.0},{"damage":2.0,"enemies":"Orb Walker","floor":36.0,"turns":3.0},{"damage":25.0,"enemies":"Writhing Mass","floor":39.0,"turns":4.0},{"damage":0.0,"enemies":"Nemesis","floor":41.0,"turns":7.0},{"damage":14.0,"enemies":"3 Darklings","floor":42.0,"turns":2.0},{"damage":15.0,"enemies":"Transient","floor":46.0,"turns":5.0},{"damage":10.0,"enemies":"Sphere and 2 Shapes","floor":47.0,"turns":5.0},{"damage":1.0,"enemies":"Giant Head","floor":48.0,"turns":7.0},{"damage":44.0,"enemies":"Time Eater","floor":50.0,"turns":7.0},{"damage":30,"enemies":"Shield and Spear","floor":54,"turns":6},{"damage":68,"enemies":"The Heart","floor":55,"turns":3}],"seed_played":"-1353069075326828081","potions_obtained":[{"floor":5.0,"key":"PowerPotion"},{"floor":7.0,"key":"EssenceOfSteel"},{"floor":11.0,"key":"Weak Potion"},{"floor":14.0,"key":"Fire Potion"},{"floor":27.0,"key":"Energy Potion"},{"floor":28.0,"key":"DistilledChaos"},{"floor":30.0,"key":"DistilledChaos"},{"floor":33.0,"key":"Weak Potion"},{"floor":41.0,"key":"AttackPotion"},{"floor":46.0,"key":"CultistPotion"},{"floor":48.0,"key":"SneckoOil"}],"is_trial":false,"path_per_floor":["M","?","$","M","M","E","M","E","T","R","E","M","$","M","R","B",null,"M","$","M","M","?","R","E","R","T","M","E","$","E","?","R","B",null,"M","M","$","?","M","R","E","M","T","?","R","M","M","E","R","B",null,"R","$","E","B"],"character_chosen":"DEFECT","items_purchased":["Static Discharge","Cold Snap","Glacier","Ball Lightning","Static Discharge","Defragment","Bottled Tornado","DistilledChaos"],"campfire_rested":1,"item_purchase_floors":[3,3,13,13,37,53,53,53],"current_hp_per_floor":[66,66,66,66,59,52,34,20,20,20,12,9,24,33,33,29,64,73,75,75,55,55,55,51,51,61,56,34,49,27,8,33,15,68,59,59,74,74,58,58,67,55,55,55,55,49,48,56,56,14,67,67,82,61,0,0],"gold":82,"neow_bonus":"HUNDRED_GOLD","is_daily":false,"chose_seed":false,"campfire_upgraded":7,"win_rate":0.0,"timestamp":1611238592,"path_taken":["M","?","$","M","M","E","M","E","T","R","E","M","?","M","R","BOSS","M","?","?","?","?","R","E","R","T","M","E","$","E","?","R","BOSS","M","M","$","?","?","R","E","M","T","?","R","M","M","E","R","BOSS","R","$","E","BOSS"],"items_purchased_type":["Card","Card","Card","Card","Card","Card","Relic","Potion"],"build_version":"2020-12-22","purchased_purges":4,"victory":false,"max_hp_per_floor":[75,75,75,75,75,75,75,75,75,75,75,75,75,75,75,75,75,75,75,75,75,75,75,75,75,85,85,85,85,85,85,85,85,85,85,85,85,85,85,85,85,85,85,85,85,85,85,85,85,85,85,85,85,85,85,85],"relic_stats":{"Blood Vial":40,"Busted Crown":18,"Torii":51,"Happy Flower":[11],"counters":[29,146],"Astrolabe":["Hello World","White Noise","Cold Snap"],"StoneCalendar":[198],"MealTicket":62,"Letter Opener":[30],"MawBank":132,"obtain_stats":[{"Lantern":48,"Pear":26,"Torii":28,"Happy Flower":43,"Astrolabe":17,"StoneCalendar":6,"Thread and Needle":54,"Letter Opener":41,"Bottled Tornado":53,"MawBank":26,"Blood Vial":11,"DataDisk":30,"Matryoshka":8,"Busted Crown":34,"MealTicket":9,"Cracked Core":0,"Unceasing Top":24},{"Lantern":26,"Pear":14,"Torii":16,"Happy Flower":23,"Astrolabe":10,"StoneCalendar":4,"Thread and Needle":28,"Letter Opener":22,"Bottled Tornado":27,"MawBank":14,"Blood Vial":7,"DataDisk":17,"Matryoshka":6,"Busted Crown":18,"MealTicket":6,"Cracked Core":0,"Unceasing Top":14},{"Lantern":130,"Pear":70,"Torii":81,"Happy Flower":113,"Astrolabe":47,"StoneCalendar":13,"Thread and Needle":143,"Letter Opener":111,"Bottled Tornado":137,"MawBank":70,"Blood Vial":29,"DataDisk":86,"Matryoshka":22,"Busted Crown":93,"MealTicket":22,"Cracked Core":0,"Unceasing Top":70}],"Unceasing Top":[10]},"card_choices":[{"not_picked":["Compile Driver","Coolheaded"],"picked":"Reinforced Body","floor":1.0},{"not_picked":["Compile Driver","Rebound"],"picked":"Capacitor","floor":4.0},{"not_picked":["Cold Snap","Beam Cell"],"picked":"Defragment","floor":5.0},{"not_picked":["Leap","Sweeping Beam"],"picked":"BootSequence","floor":6.0},{"not_picked":["Gash","Go for the Eyes"],"picked":"Consume","floor":7.0},{"not_picked":["Undo","Steam"],"picked":"Self Repair","floor":8.0},{"not_picked":["Fusion","Beam Cell"],"picked":"Cold Snap","floor":11.0},{"not_picked":["Streamline","Chaos"],"picked":"Hologram","floor":12.0},{"not_picked":["Sweeping Beam","Rebound"],"picked":"Doom and Gloom","floor":14.0},{"not_picked":["Thunder Strike","Buffer"],"picked":"Creative AI","floor":16.0},{"not_picked":["Reprogram","Streamline"],"picked":"Doom and Gloom","floor":18.0},{"not_picked":["Genetic Algorithm+1","Beam Cell"],"picked":"Blizzard","floor":20.0},{"not_picked":["Compile Driver","Steam"],"picked":"Storm","floor":21.0},{"not_picked":["Hologram","Thunder Strike","Steam"],"picked":"SKIP","floor":24.0},{"not_picked":["Gash","Stack"],"picked":"Conserve Battery+1","floor":27.0},{"not_picked":["Go for the Eyes","BootSequence+1","Beam Cell"],"picked":"SKIP","floor":28.0},{"not_picked":["Beam Cell","Scrape"],"picked":"Capacitor","floor":30.0},{"not_picked":["Core Surge","Thunder Strike"],"picked":"Biased Cognition","floor":33.0},{"not_picked":["Turbo"],"picked":"SKIP","floor":35.0},{"not_picked":["Go for the Eyes"],"picked":"SKIP","floor":36.0},{"not_picked":[],"picked":"Undo","floor":39.0},{"not_picked":["Hello World"],"picked":"SKIP","floor":41.0},{"not_picked":["Beam Cell"],"picked":"SKIP","floor":42.0},{"not_picked":["Redo"],"picked":"SKIP","floor":46.0},{"not_picked":["Stack+1"],"picked":"SKIP","floor":47.0},{"not_picked":["Undo"],"picked":"SKIP","floor":48.0},{"not_picked":["Aggregate"],"picked":"SKIP","floor":54}],"player_experience":902137,"relics_obtained":[{"floor":6.0,"key":"StoneCalendar"},{"floor":8.0,"key":"Matryoshka"},{"floor":9.0,"key":"MealTicket"},{"floor":11.0,"key":"Blood Vial"},{"floor":24.0,"key":"Unceasing Top"},{"floor":26.0,"key":"Pear"},{"floor":26.0,"key":"MawBank"},{"floor":28.0,"key":"Torii"},{"floor":30.0,"key":"DataDisk"},{"floor":41.0,"key":"Letter Opener"},{"floor":43.0,"key":"Happy Flower"},{"floor":48.0,"key":"Lantern"},{"floor":54,"key":"Thread and Needle"}],"event_choices":[{"cards_removed":["Defend_B"],"damage_healed":0.0,"max_hp_gain":0.0,"max_hp_loss":0.0,"gold_gain":0.0,"event_name":"Bonfire Elementals","player_choice":"Offered Basic","floor":2.0,"gold_loss":0.0,"damage_taken":0.0},{"cards_removed":["Defend_B"],"damage_healed":0.0,"max_hp_gain":0.0,"max_hp_loss":0.0,"gold_gain":0.0,"event_name":"Beggar","player_choice":"Gave Gold","floor":22.0,"gold_loss":75.0,"damage_taken":0.0},{"damage_healed":0.0,"max_hp_gain":0.0,"max_hp_loss":0.0,"gold_gain":180.0,"event_name":"Knowing Skull","player_choice":"GOLD GOLD ","floor":31.0,"potions_obtained":[],"gold_loss":0.0,"damage_taken":19.0,"cards_obtained":[]},{"damage_healed":0.0,"max_hp_gain":0.0,"max_hp_loss":0.0,"gold_gain":0.0,"event_name":"SecretPortal","player_choice":"Ignored","floor":38.0,"gold_loss":0.0,"damage_taken":0.0},{"cards_removed":["Undo"],"damage_healed":0.0,"max_hp_gain":0.0,"max_hp_loss":0.0,"gold_gain":0.0,"event_name":"Falling","player_choice":"Removed Skill","floor":44.0,"gold_loss":0.0,"damage_taken":0.0}],"is_beta":false,"boss_relics":[{"not_picked":["Empty Cage","SacredBark"],"picked":"Astrolabe"},{"not_picked":["Fusion Hammer","Cursed Key"],"picked":"Busted Crown"}],"items_purged_floors":[13,19,37,53],"is_endless":false,"potions_floor_spawned":[5,7,11,14,16,27,28,30,33,41,46,48],"killed_by":"The Heart","ascension_level":13}}