{"host":"szp1d6dso4pv7ddl","time":1611208397,"event":{"mods":["AchievementEnabler","Alarm Clock","BaseMod","Bestiary","Block Reminder","Colored Map","Colored Powertips","Curses Come First","Dark Map","Displayed Cursed Tome","Highlight Path","Minty Spire (QoL Compilation)","Permanent Neow","Quick Restart","Relic Sorter","Relic Stats","StSLib","Synergy Search"],"gold_per_floor":[367,367,129,149,167,167,184,184,184,109,122,122,122,142,142,214,214,232,251,251,251,251],"floor_reached":21,"language":"ENG","playtime":835,"items_purged":["Pain"],"score":316,"play_id":"aa338b3a-0b1f-45d5-a3c5-0cf893766459","local_time":"20210120215317","is_ascension_mode":true,"campfire_choices":[{"data":"Noxious Fumes","floor":6,"key":"SMITH"},{"floor":8,"key":"REST"},{"floor":13,"key":"REST"},{"floor":15,"key":"REST"}],"circlet_count":0,"master_deck":["AscendersBane","Strike_G","Strike_G","Strike_G","Strike_G","Strike_G","Defend_G","Defend_G","Defend_G","Defend_G","Defend_G","Survivor","Neutralize","Acrobatics","Catalyst+1","Blur","Quick Slash","Cloak And Dagger","Dagger Throw","Catalyst","Noxious Fumes+1","Corpse Explosion","Bane","Bane","After Image","Tactician","Dodge and Roll"],"relics":["Ring of the Snake","CultistMask","Orrery","Mummified Hand","Sundial","Sozu"],"acts_visited":["Exordium","TheCity"],"potions_floor_usage":[16],"damage_taken":[{"damage":14,"enemies":"Small Slimes","floor":1,"turns":4},{"damage":1,"enemies":"Cultist","floor":4,"turns":3},{"damage":1,"enemies":"2 Louse","floor":5,"turns":3},{"damage":18,"enemies":"2 Fungi Beasts","floor":7,"turns":4},{"damage":9,"enemies":"Blue Slaver","floor":11,"turns":4},{"damage":39,"enemies":"Exordium Thugs","floor":14,"turns":6},{"damage":5,"enemies":"Hexaghost","floor":16,"turns":8},{"damage":20,"enemies":"Shell Parasite","floor":18,"turns":6},{"damage":26,"enemies":"2 Thieves","floor":19,"turns":3},{"damage":11,"enemies":"Shelled Parasite and Fungi","floor":21,"turns":1}],"seed_played":"-7364972592434575905","potions_obtained":[{"floor":4,"key":"Dexterity Potion"},{"floor":5,"key":"AttackPotion"}],"is_trial":false,"path_per_floor":["M","?","$","M","M","R","M","R","T","?","M","?","R","M","R","B",null,"M","M","?","M"],"character_chosen":"THE_SILENT","items_purchased":["Orrery"],"campfire_rested":3,"item_purchase_floors":[3],"current_hp_per_floor":[45,45,45,44,43,43,25,44,44,44,35,30,49,10,29,24,56,36,10,10,0,0],"gold":251,"neow_bonus":"TWO_FIFTY_GOLD","is_daily":false,"chose_seed":false,"campfire_upgraded":1,"win_rate":0.0,"timestamp":1611208397,"path_taken":["M","?","$","?","M","R","M","R","T","?","M","?","R","M","R","BOSS","M","M","?","M"],"items_purchased_type":["Relic"],"build_version":"2020-12-22","purchased_purges":1,"victory":false,"max_hp_per_floor":[66,66,66,66,66,66,66,66,66,66,66,66,66,66,66,66,66,66,66,66,66,66],"relic_stats":{"Sozu":1,"counters":[10,42],"Mummified Hand":[6],"Sundial":[2],"obtain_stats":[{"Sozu":17,"Mummified Hand":9,"Sundial":12,"Orrery":3,"CultistMask":2,"Ring of the Snake":0},{"Sozu":7,"Mummified Hand":4,"Sundial":5,"Orrery":1,"CultistMask":1,"Ring of the Snake":0},{"Sozu":32,"Mummified Hand":14,"Sundial":18,"Orrery":4,"CultistMask":4,"Ring of the Snake":0}],"Ring of the Snake":[20]},"card_choices":[{"not_picked":["Flying Knee","Slice"],"picked":"Acrobatics","floor":1},{"not_picked":["Deadly Poison","Prepared"],"picked":"Catalyst","floor":3},{"not_picked":["Flechettes","Expertise"],"picked":"Blur","floor":3},{"not_picked":["Unload","Underhanded Strike"],"picked":"Quick Slash","floor":3},{"not_picked":["Accuracy","Backflip"],"picked":"Cloak And Dagger","floor":3},{"not_picked":["Dagger Spray","Flechettes"],"picked":"Dagger Throw","floor":3},{"not_picked":["Infinite Blades","Dagger Spray"],"picked":"Catalyst","floor":4},{"not_picked":["Backstab","Slice"],"picked":"Noxious Fumes","floor":5},{"not_picked":["Expertise","Dodge and Roll"],"picked":"Corpse Explosion","floor":7},{"not_picked":["Deflect","Sucker Punch"],"picked":"Bane","floor":11},{"not_picked":["Deflect","Sucker Punch"],"picked":"Bane","floor":14},{"not_picked":["Envenom","Night Terror"],"picked":"After Image","floor":16},{"not_picked":["PiercingWail","Reflex"],"picked":"Tactician","floor":18},{"not_picked":["Deadly Poison","Dagger Throw"],"picked":"Dodge and Roll","floor":19}],"player_experience":1253805,"relics_obtained":[{"floor":9,"key":"Mummified Hand"}],"event_choices":[{"damage_healed":0,"gold_gain":0,"player_choice":"Trade","damage_taken":0,"relics_obtained":["CultistMask"],"max_hp_gain":0,"max_hp_loss":0,"event_name":"FaceTrader","floor":2,"gold_loss":0},{"damage_healed":0,"gold_gain":0,"player_choice":"Left Gold","damage_taken":0,"max_hp_gain":0,"max_hp_loss":0,"event_name":"World of Goop","floor":10,"gold_loss":75},{"damage_healed":0,"gold_gain":0,"player_choice":"Success","damage_taken":5,"relics_obtained":["Sundial"],"max_hp_gain":0,"max_hp_loss":0,"event_name":"Scrap Ooze","floor":12,"gold_loss":0},{"damage_healed":0,"gold_gain":0,"player_choice":"Upgraded","damage_taken":0,"max_hp_gain":0,"max_hp_loss":0,"event_name":"Upgrade Shrine","floor":20,"gold_loss":0,"cards_upgraded":["Catalyst"]}],"is_beta":false,"boss_relics":[{"not_picked":["Ectoplasm","HoveringKite"],"picked":"Sozu"}],"items_purged_floors":[3],"is_endless":false,"potions_floor_spawned":[4,5,14,19],"killed_by":"Shelled Parasite and Fungi","ascension_level":17}}