{"host":"56ghxnzsglgdq727","time":1611215773,"event":{"mods":["AchievementEnabler","BaseMod","Downfall","Duelist Mod","Minty Spire (QoL Compilation)","Rare Cards Sparkle","StSLib","The Bug Knight","The Exalted","The Senshi","The Wild Card"],"gold_per_floor":[137,148,161,174,174,209,222,222,222,232,157,177,190,225,225,324,324,340,240,251,271,283,312,272,285,309,309,309,10,41,55,55,55,55],"floor_reached":33,"language":"ENG","playtime":1798,"items_purged":["Normality","theDuelist:SummoningCurse","theDuelist:GravekeeperCurse"],"score":564,"play_id":"361613b0-0214-46dd-8cfc-d626a0add5a0","local_time":"20210121025613","is_ascension_mode":true,"campfire_choices":[{"data":"theDuelist:KamionTimelord","floor":8,"key":"SMITH"},{"floor":15,"key":"REST"},{"data":"theDuelist:Raigeki","floor":27,"key":"SMITH"},{"data":"theDuelist:RainbowMagician","floor":32,"key":"SMITH"}],"circlet_count":0,"master_deck":["theDuelist:CastleWalls","theDuelist:CastleWalls+1","theDuelist:DunamesDarkWitch","theDuelist:Eva","theDuelist:Hayate","theDuelist:RainbowFlower","theDuelist:RainbowKuribohBasic","theDuelist:RainbowNeos+1","theDuelist:Sparks","theDuelist:Sparks","theDuelist:ReinforcementsArmy","theDuelist:WhiteHowling","theDuelist:KamionTimelord+1","Parasite","downfall:Malfunctioning","theDuelist:VampireCurse","theDuelist:SmashingGround","theDuelist:Raigeki+1","theDuelist:RainbowMagician+1","theDuelist:RainbowRefraction+1","theDuelist:Mathematician"],"relics":["theDuelist:MillenniumPuzzle","theDuelist:CardPoolRelic","theDuelist:CardPoolBasicRelic","theDuelist:BoosterPackPoolRelic","theDuelist:CardPoolAddRelic","theDuelist:CardPoolMinusRelic","theDuelist:CardPoolSaveRelic","theDuelist:CardPoolOptionsRelic","Cursed Key","Lizard Tail","theDuelist:SummonAnchor","theDuelist:ZoneToken","Bromod:ArcaneBarrier","theDuelist:Monsterbox","Self Forming Clay","HollowMod:PaleOreRelic","Bromod:ArcaneMomentum"],"acts_visited":["Exordium","TheCity"],"potions_floor_usage":[12,13,14,23,23,23,33],"damage_taken":[{"damage":4,"enemies":"Jaw Worm","floor":1,"turns":4},{"damage":0,"enemies":"Small Slimes","floor":2,"turns":4},{"damage":0,"enemies":"Cultist","floor":3,"turns":3},{"damage":0,"enemies":"2 Fungi Beasts","floor":4,"turns":2},{"damage":0,"enemies":"3 Sentries","floor":6,"turns":4},{"damage":27,"enemies":"Exordium Thugs","floor":7,"turns":3},{"damage":2,"enemies":"3 Louse","floor":10,"turns":4},{"damage":0,"enemies":"2 Fungi Beasts","floor":12,"turns":3},{"damage":0,"enemies":"Looter","floor":13,"turns":3},{"damage":0,"enemies":"HollowMod:MossKnight","floor":14,"turns":4},{"damage":0,"enemies":"Slime Boss","floor":16,"turns":3},{"damage":0,"enemies":"Chosen","floor":18,"turns":3},{"damage":0,"enemies":"2 Thieves","floor":20,"turns":1},{"damage":2,"enemies":"Cultist and Chosen","floor":21,"turns":4},{"damage":3,"enemies":"Snake Plant","floor":22,"turns":3},{"damage":14,"enemies":"Slavers","floor":23,"turns":2},{"damage":12,"enemies":"Shelled Parasite and Fungi","floor":25,"turns":3},{"damage":14,"enemies":"theDuelist:KaibaA2","floor":30,"turns":7},{"damage":32,"enemies":"Snecko","floor":31,"turns":6},{"damage":79,"enemies":"Collector","floor":33,"turns":8}],"seed_played":"3724380591891804220","potions_obtained":[{"floor":2,"key":"SpeedPotion"},{"floor":3,"key":"theDuelist:LavaBottle"},{"floor":7,"key":"theDuelist:SolderPotionB"},{"floor":10,"key":"theDuelist:LavaBottle"},{"floor":16,"key":"theDuelist:FireBottle"},{"floor":20,"key":"EssenceOfSteel"},{"floor":22,"key":"FocusPotion"},{"floor":31,"key":"bronze:BurnAndBuffPotion"}],"is_trial":false,"path_per_floor":["M","M","M","M","?","E","M","R","T","M","$","M","M","E","R","B",null,"M","$","M","M","M","E","?","M","T","R","?","$","E","M","R","B"],"character_chosen":"THE_DUELIST","items_purchased":["theDuelist:Monsterbox","theDuelist:Mathematician"],"campfire_rested":1,"item_purchase_floors":[19,29],"current_hp_per_floor":[68,68,68,68,68,68,41,41,41,39,39,39,39,39,63,63,76,76,76,76,74,71,57,57,45,45,45,45,45,31,40,40,0,0],"gold":55,"neow_bonus":"THREE_CARDS","is_daily":false,"chose_seed":false,"campfire_upgraded":3,"win_rate":0.0,"timestamp":1611215773,"path_taken":["M","M","M","M","?","E","M","R","T","M","$","M","M","E","R","BOSS","M","$","M","M","M","E","?","?","T","R","?","$","E","M","R","BOSS"],"items_purchased_type":["Relic","Card"],"build_version":"2020-12-22","purchased_purges":3,"victory":false,"max_hp_per_floor":[80,80,80,80,80,80,80,80,80,80,80,80,80,80,80,80,80,80,80,80,80,80,80,80,80,80,80,80,80,80,80,80,80,80],"card_choices":[{"not_picked":["theDuelist:Mudora","theDuelist:WeepingIdol","theDuelist:EvilswarmHeliotrope","theDuelist:ReinforcementsArmy","theDuelist:Electrowhip"],"picked":"SKIP","floor":1},{"not_picked":["theDuelist:Mudora","theDuelist:WeepingIdol","theDuelist:EvilswarmHeliotrope","theDuelist:Electrowhip"],"picked":"theDuelist:ReinforcementsArmy","floor":1},{"not_picked":["theDuelist:CardSafeReturn","theDuelist:WhiteHornDragon","theDuelist:Yami"],"picked":"theDuelist:WhiteHowling","floor":2},{"not_picked":["theDuelist:DunamesDarkWitch","theDuelist:HappyLover","theDuelist:Eva","theDuelist:RainbowOverdragon"],"picked":"theDuelist:KamionTimelord","floor":3},{"not_picked":["theDuelist:GoblinZombie","theDuelist:BetaMagnet","theDuelist:Boneheimer","theDuelist:ShallowGrave","theDuelist:ShadowVampire"],"picked":"SKIP","floor":4},{"not_picked":["theDuelist:WanderingKing","theDuelist:Boneheimer","theDuelist:AmphibiousBugroth","theDuelist:SevenColoredFish","theDuelist:IronDraw"],"picked":"SKIP","floor":6},{"not_picked":["theDuelist:BattleOx","theDuelist:FuryFire","theDuelist:GraniteLoyalist","theDuelist:HammerShot"],"picked":"theDuelist:SmashingGround","floor":7},{"not_picked":["theDuelist:CardSafeReturn","theDuelist:Jinzo","theDuelist:StatueAnguishPattern","theDuelist:WhiteHornDragon","theDuelist:Mountain"],"picked":"SKIP","floor":10},{"not_picked":["theDuelist:ZombieWarrior","theDuelist:SevenColoredFish","theDuelist:DarkMagician","theDuelist:RainbowFlower","theDuelist:Gernia"],"picked":"SKIP","floor":12},{"not_picked":["theDuelist:SevenColoredFish","theDuelist:MaskedDragon","theDuelist:DesLacooda","theDuelist:IslandTurtle","theDuelist:StatueAnguishPattern"],"picked":"SKIP","floor":13},{"not_picked":["theDuelist:LightningDarts","theDuelist:LightningVortex","theDuelist:MudGolem","theDuelist:SolemnStrike"],"picked":"theDuelist:Raigeki","floor":14},{"not_picked":["theDuelist:DunamesDarkWitch","theDuelist:MaleficRainbowDragon","theDuelist:RainbowDarkDragon","theDuelist:RainbowOverdragon"],"picked":"theDuelist:RainbowMagician","floor":16},{"not_picked":["theDuelist:ZombieWarrior","theDuelist:DarkMagician+1","theDuelist:TwinHeadedFire","theDuelist:YamataDragon","theDuelist:BlacklandFireDragon"],"picked":"SKIP","floor":18},{"not_picked":["theDuelist:ZombieWarrior","theDuelist:ShadowVampire","theDuelist:RevivalJam","theDuelist:NeoMagic","theDuelist:RedGadget+1"],"picked":"SKIP","floor":20},{"not_picked":["theDuelist:Kasha","theDuelist:KingYami","theDuelist:CatShark+1","theDuelist:NeoMagic","theDuelist:Lajinn"],"picked":"SKIP","floor":21},{"not_picked":["theDuelist:CardSafeReturn","theDuelist:Jinzo+1","theDuelist:Yami"],"picked":"theDuelist:RainbowRefraction+1","floor":22},{"not_picked":["theDuelist:SpiralSpearStrike","theDuelist:FluteSummoning","theDuelist:VioletCrystal","theDuelist:RainbowRuins","theDuelist:PotDuality"],"picked":"SKIP","floor":23},{"not_picked":["theDuelist:Kasha+1","theDuelist:DunamesDarkWitch","theDuelist:DesLacooda+1","theDuelist:Eva+1","theDuelist:CharcoalInpachi"],"picked":"SKIP","floor":25},{"not_picked":["theDuelist:WhiteHornDragon","theDuelist:TyrantWing","theDuelist:Umi+1","theDuelist:Mountain","theDuelist:VioletCrystal"],"picked":"SKIP","floor":30},{"not_picked":["theDuelist:Lajinn","theDuelist:CurseDragon+1","theDuelist:ZombieWarrior","theDuelist:Gernia","theDuelist:AmphibiousBugroth"],"picked":"SKIP","floor":31}],"player_experience":293079,"relics_obtained":[{"floor":6,"key":"Lizard Tail"},{"floor":9,"key":"theDuelist:SummonAnchor"},{"floor":14,"key":"theDuelist:ZoneToken"},{"floor":23,"key":"Self Forming Clay"},{"floor":26,"key":"HollowMod:PaleOreRelic"},{"floor":30,"key":"Bromod:ArcaneMomentum"}],"event_choices":[{"damage_healed":0,"gold_gain":0,"player_choice":"Upgraded Two","damage_taken":0,"max_hp_gain":0,"max_hp_loss":0,"event_name":"Designer","floor":24,"gold_loss":40,"cards_upgraded":["theDuelist:RainbowNeos","theDuelist:CastleWalls"]},{"damage_healed":0,"gold_gain":0,"player_choice":"Leave","duelist":true,"damage_taken":0,"max_hp_gain":0,"max_hp_loss":0,"event_name":"Tomb of the Nameless","floor":28,"gold_loss":0}],"is_beta":false,"boss_relics":[{"not_picked":["theDuelist:MillenniumKey","Runic Dome"],"picked":"Bromod:ArcaneBarrier"}],"items_purged_floors":[11,19,29],"is_endless":false,"potions_floor_spawned":[2,3,7,10,16,20,22,31],"killed_by":"Collector","ascension_level":8}}