{"host":"h3bgw7p7cb1roykn","time":1611232744,"event":{"mods":["BaseMod","Colored Map","Downfall","Minty Spire (QoL Compilation)","StSLib"],"gold_per_floor":[112,131,142,158,108,138,149,177,224,224,242,242,253,278,278,381,381,367,384,309,130,147,147,147,147],"floor_reached":24,"language":"ENG","playtime":1210,"items_purged":[],"score":231,"play_id":"c8b158a5-ee74-44f0-9487-19869091830c","local_time":"20210121133904","is_ascension_mode":true,"campfire_choices":[{"floor":10.0,"key":"REST"},{"floor":15.0,"key":"REST"},{"floor":23,"key":"REST"}],"circlet_count":0,"master_deck":["Strike_B","Strike_B","Defend_B+1","Defend_B","Defend_B","Zap","Dualcast+1","Sweeping Beam","Beam Cell","Amplify","Self Repair","Chill","Double Energy","White Noise","Conserve Battery","Creative AI","Streamline","Double Energy","Melter","Conserve Battery"],"relics":["Cracked Core","Art of War","War Paint","Ornamental Fan","Sozu","Oddly Smooth Stone"],"acts_visited":["Exordium","TheCity"],"potions_floor_usage":[24],"damage_taken":[{"damage":5.0,"enemies":"Small Slimes","floor":1.0,"turns":4.0},{"damage":1.0,"enemies":"Jaw Worm","floor":2.0,"turns":3.0},{"damage":0.0,"enemies":"Cultist","floor":3.0,"turns":3.0},{"damage":4.0,"enemies":"3 Louse","floor":4.0,"turns":3.0},{"damage":31.0,"enemies":"Gremlin Nob","floor":6.0,"turns":4.0},{"damage":6.0,"enemies":"2 Fungi Beasts","floor":7.0,"turns":2.0},{"damage":21.0,"enemies":"Lagavulin","floor":8.0,"turns":6.0},{"damage":4.0,"enemies":"Exordium Thugs","floor":11.0,"turns":4.0},{"damage":5.0,"enemies":"Looter","floor":13.0,"turns":3.0},{"damage":12.0,"enemies":"3 Sentries","floor":14.0,"turns":6.0},{"damage":24.0,"enemies":"Slime Boss","floor":16.0,"turns":12.0},{"damage":28.0,"enemies":"2 Thieves","floor":18.0,"turns":4.0},{"damage":21.0,"enemies":"Shell Parasite","floor":19.0,"turns":5.0},{"damage":31,"enemies":"3 Cultists","floor":22,"turns":7},{"damage":64,"enemies":"Book of Stabbing","floor":24,"turns":8}],"seed_played":"3758142326328212250","potions_obtained":[{"floor":2.0,"key":"PotionOfCapacity"},{"floor":4.0,"key":"Explosive Potion"},{"floor":6.0,"key":"FearPotion"},{"floor":13.0,"key":"DuplicationPotion"},{"floor":14.0,"key":"DistilledChaos"}],"is_trial":false,"path_per_floor":["M","M","M","M","?","E","M","E","T","R","M","?","M","E","R","B",null,"M","M","?","$","M","R","E"],"character_chosen":"DEFECT","items_purchased":["Melter","Oddly Smooth Stone"],"campfire_rested":3,"item_purchase_floors":[21,21],"current_hp_per_floor":[77,76,76,72,72,41,35,21,21,45,48,48,57,59,82,65,82,68,54,54,54,37,61,0,0],"gold":147,"neow_bonus":"TEN_PERCENT_HP_BONUS","is_daily":false,"chose_seed":false,"campfire_upgraded":0,"win_rate":0.0,"timestamp":1611232744,"path_taken":["M","M","M","M","?","E","M","E","T","R","M","?","?","E","R","BOSS","M","M","?","$","M","R","E"],"items_purchased_type":["Card","Relic"],"build_version":"2020-12-22","purchased_purges":0,"victory":false,"max_hp_per_floor":[82,82,82,82,82,82,82,82,82,82,82,82,82,82,82,82,82,82,82,82,82,82,82,82,82],"card_choices":[{"not_picked":["Compile Driver","Hello World"],"picked":"Sweeping Beam","floor":1.0},{"not_picked":["Turbo","Barrage"],"picked":"Beam Cell","floor":2.0},{"not_picked":["Barrage","Ball Lightning"],"picked":"Amplify","floor":3.0},{"not_picked":["Go for the Eyes","Compile Driver","Redo"],"picked":"SKIP","floor":4.0},{"not_picked":["Turbo","Reinforced Body"],"picked":"Self Repair","floor":6.0},{"not_picked":["Compile Driver","Go for the Eyes","Redo"],"picked":"SKIP","floor":7.0},{"not_picked":["Tempest","Force Field"],"picked":"Chill","floor":8.0},{"not_picked":["Auto Shields","Go for the Eyes"],"picked":"Double Energy","floor":11.0},{"not_picked":["Hello World","Scrape"],"picked":"White Noise","floor":13.0},{"not_picked":["Hologram","Defragment"],"picked":"Conserve Battery","floor":14.0},{"not_picked":["Buffer","Rainbow"],"picked":"Creative AI","floor":16.0},{"not_picked":["Compile Driver+1","Gash"],"picked":"Streamline","floor":18.0},{"not_picked":["Recycle","Compile Driver"],"picked":"Double Energy","floor":19.0},{"not_picked":["Recycle+1","Blizzard"],"picked":"Conserve Battery","floor":22}],"player_experience":249510,"relics_obtained":[{"floor":6.0,"key":"Art of War"},{"floor":8.0,"key":"War Paint"},{"floor":14.0,"key":"Ornamental Fan"}],"event_choices":[{"cards_removed":["Strike_B"],"damage_healed":0.0,"max_hp_gain":0.0,"max_hp_loss":0.0,"gold_gain":0.0,"event_name":"The Cleric","player_choice":"Card Removal","floor":5.0,"gold_loss":50.0,"damage_taken":0.0},{"cards_removed":["Defend_B"],"damage_healed":0.0,"max_hp_gain":0.0,"max_hp_loss":0.0,"gold_gain":0.0,"event_name":"Wheel of Change","player_choice":"Card Removal","floor":12.0,"gold_loss":0.0,"damage_taken":0.0},{"cards_removed":["Strike_B"],"damage_healed":0.0,"max_hp_gain":0.0,"max_hp_loss":0.0,"gold_gain":0.0,"event_name":"Beggar","player_choice":"Gave Gold","floor":20.0,"gold_loss":75.0,"damage_taken":0.0}],"is_beta":false,"boss_relics":[{"not_picked":["Coffee Dripper","Runic Pyramid"],"picked":"Sozu"}],"items_purged_floors":[],"is_endless":false,"potions_floor_spawned":[2,4,6,13,14,22],"killed_by":"Book of Stabbing","ascension_level":1}}