{"host":"13o02hya6v6rzuva","time":1611236684,"event":{"mods":["BaseMod","Minty Spire (QoL Compilation)","Relic Stats"],"gold_per_floor":[114,130,130,149,168,194,144,178,178,178,193,211,211,211,211,316,316,328,328,341,351,41,41,69,69,69,69,69,98,148,159,159,261,261,272,287,307,3,17,47,47,66,93,93,93,104,115,135,135,135,135,135,57,57,57],"floor_reached":54,"language":"ENG","playtime":2799,"items_purged":["Decay"],"score":1044,"play_id":"088af312-c20c-49a8-aa6d-bea1d35fb2e8","local_time":"20210121144444","is_ascension_mode":true,"campfire_choices":[{"data":"Glacier","floor":10,"key":"SMITH"},{"data":"Zap","floor":13,"key":"SMITH"},{"floor":15,"key":"REST"},{"floor":23,"key":"REST"},{"floor":25,"key":"RECALL"},{"floor":32,"key":"REST"},{"data":"Dualcast","floor":41,"key":"SMITH"},{"floor":44,"key":"REST"},{"floor":49,"key":"REST"},{"data":"Force Field","floor":52,"key":"SMITH"}],"circlet_count":0,"master_deck":["AscendersBane","Strike_B","Strike_B","Strike_B","Defend_B","Defend_B","Defend_B","Defend_B","Zap+1","Dualcast+1","Beam Cell","Genetic Algorithm+1","Coolheaded","Defragment+1","Glacier+1","Barrage","FTL","Creative AI+1","White Noise+1","Stack","Echo Form+1","Storm+1","Stack+1","Defragment+1","Tempest+1","Conserve Battery+1","Force Field+1","Defragment+1","Melter+1","Capacitor+1","Capacitor+1"],"relics":["Cracked Core","Happy Flower","Bottled Lightning","Emotion Chip","Frozen Egg 2","SacredBark","TungstenRod","Sundial","FossilizedHelix","Inserter","Regal Pillow","Pear","Pen Nib"],"acts_visited":["Exordium","TheCity","TheBeyond","TheEnding"],"potions_floor_usage":[6,24,29,29,33,33,33,39,39,39,46,54],"damage_taken":[{"damage":0,"enemies":"2 Louse","floor":1,"turns":2},{"damage":1,"enemies":"Cultist","floor":2,"turns":3},{"damage":2,"enemies":"Jaw Worm","floor":4,"turns":3},{"damage":4,"enemies":"Looter","floor":5,"turns":3},{"damage":15,"enemies":"Gremlin Nob","floor":6,"turns":4},{"damage":9,"enemies":"Lagavulin","floor":8,"turns":12},{"damage":1,"enemies":"Blue Slaver","floor":11,"turns":5},{"damage":3,"enemies":"3 Louse","floor":12,"turns":4},{"damage":2,"enemies":"Slime Boss","floor":16,"turns":16},{"damage":18,"enemies":"Spheric Guardian","floor":18,"turns":5},{"damage":8,"enemies":"Shell Parasite","floor":20,"turns":9},{"damage":10,"enemies":"Shelled Parasite and Fungi","floor":21,"turns":7},{"damage":8,"enemies":"Book of Stabbing","floor":24,"turns":8},{"damage":10,"enemies":"Gremlin Leader","floor":29,"turns":6},{"damage":7,"enemies":"Snake Plant","floor":31,"turns":5},{"damage":14,"enemies":"Collector","floor":33,"turns":10},{"damage":10,"enemies":"3 Shapes","floor":35,"turns":3},{"damage":2,"enemies":"Orb Walker","floor":36,"turns":4},{"damage":2,"enemies":"Spire Growth","floor":37,"turns":5},{"damage":24,"enemies":"3 Darklings","floor":39,"turns":5},{"damage":23,"enemies":"Nemesis","floor":40,"turns":8},{"damage":0,"enemies":"4 Shapes","floor":42,"turns":4},{"damage":0,"enemies":"Sphere and 2 Shapes","floor":46,"turns":4},{"damage":0,"enemies":"Transient","floor":47,"turns":5},{"damage":38,"enemies":"Jaw Worm Horde","floor":48,"turns":4},{"damage":47,"enemies":"Donu and Deca","floor":50,"turns":8},{"damage":76,"enemies":"Shield and Spear","floor":54,"turns":3}],"seed_played":"8637223331629150472","potions_obtained":[{"floor":1,"key":"Swift Potion"},{"floor":4,"key":"Weak Potion"},{"floor":8,"key":"FocusPotion"},{"floor":11,"key":"ColorlessPotion"},{"floor":16,"key":"Explosive Potion"},{"floor":24,"key":"Explosive Potion"},{"floor":29,"key":"FocusPotion"},{"floor":31,"key":"DistilledChaos"},{"floor":33,"key":"LiquidBronze"},{"floor":35,"key":"Regen Potion"},{"floor":36,"key":"Weak Potion"},{"floor":39,"key":"AttackPotion"},{"floor":46,"key":"PotionOfCapacity"},{"floor":48,"key":"Weak Potion"}],"is_trial":false,"path_per_floor":["M","M","?","M","M","E","?","E","T","R","M","M","R","?","R","B",null,"M","?","M","M","$","R","E","R","T","$","?","E","?","M","R","B",null,"M","M","M","$","M","E","R","M","T","R","$","M","M","M","R","B",null,"R","$","E"],"character_chosen":"DEFECT","items_purchased":["TungstenRod","Regal Pillow","Defragment+1","Capacitor+1"],"campfire_rested":5,"item_purchase_floors":[22,38,38,53],"current_hp_per_floor":[68,67,67,65,61,46,46,37,37,37,36,33,33,33,55,53,70,52,52,44,34,34,56,48,48,48,48,48,38,38,31,53,39,66,56,54,52,52,55,42,42,42,42,82,82,82,82,44,84,37,73,73,73,0,0],"gold":57,"neow_bonus":"RANDOM_COMMON_RELIC","is_daily":false,"chose_seed":false,"campfire_upgraded":4,"win_rate":0.0,"timestamp":1611236684,"path_taken":["M","M","?","M","?","E","?","E","T","R","M","M","R","?","R","BOSS","M","?","M","M","$","R","E","R","T","$","?","E","?","M","R","BOSS","M","?","M","$","M","E","R","M","T","R","$","M","M","M","R","BOSS","R","$","E"],"items_purchased_type":["Relic","Relic","Card","Card"],"build_version":"2020-12-22","purchased_purges":1,"victory":false,"max_hp_per_floor":[75,75,75,75,75,75,75,75,75,75,75,75,75,75,75,75,75,75,75,75,75,75,75,75,75,75,75,75,75,75,75,75,75,75,75,75,75,75,75,85,85,85,85,85,85,85,85,85,85,85,85,85,85,85,85],"relic_stats":{"Emotion Chip":[104,69,35,0,0],"Regal Pillow":30,"Inserter":[26],"Happy Flower":[51],"counters":[27,155],"Sundial":[6],"Pen Nib":[2],"obtain_stats":[{"Regal Pillow":38,"Inserter":34,"Pear":40,"Happy Flower":0,"SacredBark":17,"Pen Nib":43,"Frozen Egg 2":9,"Emotion Chip":8,"Sundial":24,"Bottled Lightning":6,"Cracked Core":0,"TungstenRod":22,"FossilizedHelix":29},{"Regal Pillow":19,"Inserter":16,"Pear":21,"Happy Flower":0,"SacredBark":9,"Pen Nib":22,"Frozen Egg 2":6,"Emotion Chip":6,"Sundial":13,"Bottled Lightning":5,"Cracked Core":0,"TungstenRod":12,"FossilizedHelix":14},{"Regal Pillow":114,"Inserter":102,"Pear":127,"Happy Flower":0,"SacredBark":52,"Pen Nib":131,"Frozen Egg 2":27,"Emotion Chip":27,"Sundial":81,"Bottled Lightning":15,"Cracked Core":0,"TungstenRod":73,"FossilizedHelix":87}],"TungstenRod":29},"card_choices":[{"not_picked":["Heatsinks","Double Energy"],"picked":"Beam Cell","floor":1},{"not_picked":["Compile Driver","Consume"],"picked":"Genetic Algorithm","floor":2},{"not_picked":["Leap","Barrage"],"picked":"Coolheaded","floor":4},{"not_picked":["Hologram","BootSequence"],"picked":"Defragment","floor":5},{"not_picked":["Rip and Tear","Stack"],"picked":"Glacier","floor":6},{"not_picked":["Gash","Rebound"],"picked":"Barrage","floor":8},{"not_picked":["Fusion","Aggregate"],"picked":"FTL","floor":11},{"not_picked":["Undo","Redo","Blizzard"],"picked":"SKIP","floor":12},{"not_picked":["All For One","Fission"],"picked":"Creative AI+1","floor":16},{"not_picked":["Leap","Undo","Genetic Algorithm+1"],"picked":"SKIP","floor":18},{"not_picked":["Barrage","FTL","Hologram"],"picked":"SKIP","floor":20},{"not_picked":["Steam","Rebound","Darkness"],"picked":"SKIP","floor":21},{"not_picked":["Go for the Eyes","Reprogram"],"picked":"White Noise+1","floor":24},{"not_picked":["Redo","Leap","Seek"],"picked":"SKIP","floor":29},{"not_picked":["Rebound+1","Double Energy"],"picked":"Stack","floor":31},{"not_picked":["Creative AI+1","Seek"],"picked":"Echo Form+1","floor":33},{"not_picked":["Conserve Battery","Tempest"],"picked":"Storm+1","floor":35},{"not_picked":["Scrape+1","Cold Snap","Skim"],"picked":"SKIP","floor":36},{"not_picked":["Gash","Darkness"],"picked":"Stack+1","floor":37},{"not_picked":["Steam+1","Streamline+1"],"picked":"Tempest+1","floor":39},{"not_picked":["Gash","Blizzard"],"picked":"Conserve Battery+1","floor":40},{"not_picked":["Barrage+1","Gash"],"picked":"Force Field","floor":42},{"not_picked":["Streamline+1","Compile Driver"],"picked":"Defragment+1","floor":46},{"not_picked":["Reprogram","Conserve Battery"],"picked":"Melter+1","floor":47},{"not_picked":["Barrage","Stack+1"],"picked":"Capacitor+1","floor":48}],"player_experience":1143988,"relics_obtained":[{"floor":6,"key":"Bottled Lightning"},{"floor":8,"key":"Emotion Chip"},{"floor":9,"key":"Frozen Egg 2"},{"floor":24,"key":"Sundial"},{"floor":29,"key":"FossilizedHelix"},{"floor":40,"key":"Pear"},{"floor":43,"key":"Pen Nib"}],"event_choices":[{"damage_healed":0,"gold_gain":0,"player_choice":"Forge","damage_taken":0,"max_hp_gain":0,"max_hp_loss":0,"event_name":"Accursed Blacksmith","floor":3,"gold_loss":0,"cards_upgraded":["Genetic Algorithm"]},{"cards_removed":["Strike_B"],"damage_healed":0,"gold_gain":0,"player_choice":"Card Removal","damage_taken":0,"max_hp_gain":0,"max_hp_loss":0,"event_name":"The Cleric","floor":7,"gold_loss":50},{"damage_healed":0,"gold_gain":0,"player_choice":"Grow","damage_taken":0,"max_hp_gain":0,"max_hp_loss":0,"event_name":"Living Wall","floor":14,"gold_loss":0,"cards_upgraded":["Defragment"]},{"damage_healed":0,"gold_gain":0,"player_choice":"Smashed Altar","damage_taken":0,"max_hp_gain":0,"max_hp_loss":0,"event_name":"Forgotten Altar","floor":19,"gold_loss":0,"cards_obtained":["Decay"]},{"damage_healed":0,"gold_gain":0,"player_choice":"Ignored","damage_taken":0,"max_hp_gain":0,"max_hp_loss":0,"event_name":"Vampires","floor":28,"gold_loss":0},{"damage_healed":0,"gold_gain":100,"player_choice":"Bet on Murderer","damage_taken":0,"max_hp_gain":0,"max_hp_loss":0,"event_name":"The Joust","floor":30,"gold_loss":50}],"is_beta":false,"boss_relics":[{"not_picked":["Runic Pyramid","Velvet Choker"],"picked":"SacredBark"},{"not_picked":["Coffee Dripper","Snecko Eye"],"picked":"Inserter"}],"items_purged_floors":[38],"is_endless":false,"potions_floor_spawned":[1,4,8,11,12,16,21,24,29,31,33,35,36,39,46,48],"killed_by":"Shield and Spear","ascension_level":10}}