{"host":"6a9c3xws62y7efyw","time":1611198043,"event":{"mods":["BaseMod","Minty Spire (QoL Compilation)","Relic Stats","StSLib"],"gold_per_floor":[114,125,71,84,84,110,110,133,133,133,157,172,172,44,44,140,140,159,180,219,219,233,267,267,267,292,292,330,355,389,389,389,487,487,512,526,526,545,606,606,646,661,715,715,715,736,761,797,797,797,797],"floor_reached":50,"language":"ENG","playtime":4969,"items_purged":[],"score":1224,"play_id":"ba3e17cc-acf7-4fe5-8c23-43c88aab94e7","local_time":"20210120190043","is_ascension_mode":true,"campfire_choices":[{"floor":10.0,"key":"REST"},{"data":"Crippling Poison","floor":13.0,"key":"SMITH"},{"data":"Footwork","floor":15.0,"key":"SMITH"},{"floor":24.0,"key":"REST"},{"data":"Catalyst","floor":27.0,"key":"SMITH"},{"floor":32.0,"key":"REST"},{"floor":40.0,"key":"RECALL"},{"floor":49,"key":"REST"}],"circlet_count":0,"master_deck":["AscendersBane","Strike_G","Strike_G","Defend_G","Defend_G","Defend_G","Defend_G","Survivor","Neutralize+1","Envenom","Flying Knee","Crippling Poison+1","Poisoned Stab","Sucker Punch","Predator","Dash+1","Bouncing Flask","Backflip","Footwork+1","Catalyst+1","Corpse Explosion","Footwork","Leg Sweep","Acrobatics","Footwork","PiercingWail","Predator+1","Dodge and Roll","Dodge and Roll+1","Acrobatics","Bouncing Flask","PiercingWail+1","Backflip+1"],"relics":["Ring of the Snake","Art of War","Golden Idol","Question Card","Snecko Eye","Red Mask","The Specimen","Blood Vial","Mummified Hand","Centennial Puzzle","Fusion Hammer","Ninja Scroll","Tingsha","Boot","Ancient Tea Set","Whetstone"],"acts_visited":["Exordium","TheCity","TheBeyond"],"potions_floor_usage":[],"damage_taken":[{"damage":8.0,"enemies":"Jaw Worm","floor":1.0,"turns":8.0},{"damage":0.0,"enemies":"2 Louse","floor":2.0,"turns":2.0},{"damage":8.0,"enemies":"Small Slimes","floor":4.0,"turns":4.0},{"damage":28.0,"enemies":"3 Sentries","floor":6.0,"turns":11.0},{"damage":3.0,"enemies":"Looter","floor":8.0,"turns":3.0},{"damage":1.0,"enemies":"Red Slaver","floor":11.0,"turns":5.0},{"damage":3.0,"enemies":"2 Fungi Beasts","floor":12.0,"turns":3.0},{"damage":4.0,"enemies":"The Guardian","floor":16.0,"turns":10.0},{"damage":7.0,"enemies":"Shell Parasite","floor":18.0,"turns":3.0},{"damage":8.0,"enemies":"Spheric Guardian","floor":19.0,"turns":4.0},{"damage":0.0,"enemies":"Masked Bandits","floor":20.0,"turns":2.0},{"damage":5.0,"enemies":"Shelled Parasite and Fungi","floor":22.0,"turns":4.0},{"damage":10.0,"enemies":"Gremlin Leader","floor":23.0,"turns":5.0},{"damage":22.0,"enemies":"Book of Stabbing","floor":28.0,"turns":6.0},{"damage":0.0,"enemies":"Cultist and Chosen","floor":29.0,"turns":3.0},{"damage":11.0,"enemies":"Gremlin Leader","floor":30.0,"turns":7.0},{"damage":3.0,"enemies":"Collector","floor":33.0,"turns":6.0},{"damage":0.0,"enemies":"Orb Walker","floor":35.0,"turns":2.0},{"damage":5.0,"enemies":"3 Darklings","floor":36.0,"turns":3.0},{"damage":8.0,"enemies":"Maw","floor":38.0,"turns":5.0},{"damage":0.0,"enemies":"2 Orb Walkers","floor":39.0,"turns":3.0},{"damage":0.0,"enemies":"Reptomancer","floor":41.0,"turns":4.0},{"damage":1.0,"enemies":"Sphere and 2 Shapes","floor":42.0,"turns":4.0},{"damage":23.0,"enemies":"4 Shapes","floor":46.0,"turns":4.0},{"damage":0.0,"enemies":"Maw","floor":47.0,"turns":4.0},{"damage":10,"enemies":"Giant Head","floor":48,"turns":7},{"damage":37,"enemies":"Time Eater","floor":50,"turns":9}],"seed_played":"-5889507058651870601","potions_obtained":[{"floor":1.0,"key":"Block Potion"},{"floor":6.0,"key":"SteroidPotion"},{"floor":8.0,"key":"BlessingOfTheForge"},{"floor":16.0,"key":"ColorlessPotion"},{"floor":19.0,"key":"ColorlessPotion"},{"floor":29.0,"key":"Regen Potion"},{"floor":30.0,"key":"SpeedPotion"},{"floor":38.0,"key":"SteroidPotion"},{"floor":39.0,"key":"SkillPotion"},{"floor":41.0,"key":"Strength Potion"}],"is_trial":false,"path_per_floor":["M","M","$","M","?","E","?","M","T","R","M","M","R","$","R","B",null,"M","M","?","?","M","E","R","?","T","R","E","M","E","T","R","B",null,"M","M","?","M","?","R","E","M","T","?","?","M","M","E","R","B"],"character_chosen":"THE_SILENT","items_purchased":["Poisoned Stab","Footwork","Catalyst"],"campfire_rested":4,"item_purchase_floors":[3,14,14],"current_hp_per_floor":[51,51,51,43,36,8,8,5,5,21,20,17,17,17,17,13,44,37,29,29,29,24,14,30,30,30,30,8,10,16,16,32,31,48,50,47,47,41,43,43,45,46,46,46,46,25,27,19,34,0,0],"gold":797,"neow_bonus":"THREE_RARE_CARDS","is_daily":false,"chose_seed":false,"campfire_upgraded":3,"win_rate":0.0,"timestamp":1611198043,"path_taken":["M","M","$","M","?","E","?","M","T","R","M","M","R","$","R","BOSS","M","M","?","?","M","E","R","?","T","R","E","M","E","?","R","BOSS","M","M","?","?","?","R","E","M","T","?","?","M","M","E","R","BOSS"],"items_purchased_type":["Card","Card","Card"],"build_version":"2020-12-22","purchased_purges":0,"victory":false,"max_hp_per_floor":[60,60,60,60,60,60,54,54,54,54,54,54,54,54,54,54,54,54,54,54,54,54,54,54,54,54,54,54,54,54,54,54,54,54,54,54,54,54,54,54,54,54,54,51,51,51,51,51,51,51,51],"relic_stats":{"counters":[27,131],"Golden Idol":149,"Tingsha":[36],"Whetstone":["Neutralize","Dash"],"Question Card":21,"Boot":[17],"Blood Vial":26,"Centennial Puzzle":[21],"Mummified Hand":[66],"Snecko Eye":[194,197,191,188],"Art of War":[22],"obtain_stats":[{"The Specimen":23,"Golden Idol":7,"Tingsha":39,"Whetstone":48,"Question Card":9,"Boot":41,"Ancient Tea Set":43,"Blood Vial":28,"Centennial Puzzle":31,"Mummified Hand":30,"Ninja Scroll":37,"Snecko Eye":17,"Fusion Hammer":34,"Art of War":6,"Red Mask":20,"Ring of the Snake":0},{"The Specimen":13,"Golden Idol":4,"Tingsha":21,"Whetstone":26,"Question Card":5,"Boot":22,"Ancient Tea Set":23,"Blood Vial":14,"Centennial Puzzle":16,"Mummified Hand":16,"Ninja Scroll":19,"Snecko Eye":8,"Fusion Hammer":17,"Art of War":4,"Red Mask":11,"Ring of the Snake":0},{"The Specimen":64,"Golden Idol":25,"Tingsha":99,"Whetstone":122,"Question Card":28,"Boot":103,"Ancient Tea Set":107,"Blood Vial":70,"Centennial Puzzle":80,"Mummified Hand":80,"Ninja Scroll":91,"Snecko Eye":46,"Fusion Hammer":86,"Art of War":25,"Red Mask":55,"Ring of the Snake":0}],"Ring of the Snake":[38]},"card_choices":[{"not_picked":["Night Terror","Grand Finale"],"picked":"Envenom","floor":0.0},{"not_picked":["Deflect","Well Laid Plans"],"picked":"Flying Knee","floor":1.0},{"not_picked":["Cloak And Dagger","Catalyst"],"picked":"Crippling Poison","floor":2.0},{"not_picked":["Flechettes","Eviscerate"],"picked":"Sucker Punch","floor":4.0},{"not_picked":["Slice","Acrobatics"],"picked":"Predator","floor":6.0},{"not_picked":["PiercingWail","Masterful Stab"],"picked":"Dash","floor":8.0},{"not_picked":["Slice","Distraction","Escape Plan"],"picked":"Bouncing Flask","floor":11.0},{"not_picked":["Dodge and Roll","Terror","Bane"],"picked":"Backflip","floor":12.0},{"not_picked":["Venomology","Night Terror","Phantasmal Killer"],"picked":"Corpse Explosion","floor":16.0},{"not_picked":["Escape Plan","PiercingWail","Calculated Gamble"],"picked":"Footwork","floor":18.0},{"not_picked":["Deadly Poison","Prepared+1","Dodge and Roll"],"picked":"Leg Sweep","floor":19.0},{"not_picked":["Bane","Reflex","Poisoned Stab"],"picked":"Acrobatics","floor":20.0},{"not_picked":["Quick Slash+1","Well Laid Plans","Accuracy"],"picked":"Predator+1","floor":22.0},{"not_picked":["Finisher","Riddle With Holes","Expertise","Deflect"],"picked":"SKIP","floor":23.0},{"not_picked":["Glass Knife","Deadly Poison","Blade Dance","Die Die Die"],"picked":"SKIP","floor":28.0},{"not_picked":["Quick Slash","Slice+1","Deadly Poison+1"],"picked":"Dodge and Roll","floor":29.0},{"not_picked":["Skewer","Grand Finale","All Out Attack"],"picked":"Dodge and Roll+1","floor":30.0},{"not_picked":["Distraction","Dodge and Roll","Predator"],"picked":"Acrobatics","floor":35.0},{"not_picked":["Deadly Poison","Cloak And Dagger","Reflex","Endless Agony"],"picked":"SKIP","floor":36.0},{"not_picked":["Dagger Throw","Distraction","Quick Slash"],"picked":"Bouncing Flask","floor":38.0},{"not_picked":["Masterful Stab","Dagger Spray","A Thousand Cuts","Eviscerate"],"picked":"SKIP","floor":41.0},{"not_picked":["Riddle With Holes+1","Deflect","Outmaneuver","Bane+1"],"picked":"SKIP","floor":42.0},{"not_picked":["Sucker Punch","Concentrate+1","Prepared+1"],"picked":"PiercingWail+1","floor":46.0},{"not_picked":["Infinite Blades","Prepared","Calculated Gamble"],"picked":"Backflip+1","floor":47.0},{"not_picked":["Dagger Spray","Storm of Steel","Underhanded Strike","Dagger Throw"],"picked":"SKIP","floor":48}],"player_experience":1379207,"relics_obtained":[{"floor":6.0,"key":"Art of War"},{"floor":9.0,"key":"Question Card"},{"floor":20.0,"key":"Red Mask"},{"floor":23.0,"key":"The Specimen"},{"floor":28.0,"key":"Blood Vial"},{"floor":30.0,"key":"Mummified Hand"},{"floor":31.0,"key":"Centennial Puzzle"},{"floor":39.0,"key":"Tingsha"},{"floor":41.0,"key":"Boot"},{"floor":43.0,"key":"Ancient Tea Set"},{"floor":48,"key":"Whetstone"}],"event_choices":[{"cards_removed":["Strike_G"],"damage_healed":0.0,"max_hp_gain":0.0,"max_hp_loss":0.0,"gold_gain":0.0,"event_name":"Golden Wing","player_choice":"Card Removal","floor":5.0,"gold_loss":0.0,"damage_taken":7.0},{"damage_healed":0.0,"max_hp_gain":0.0,"max_hp_loss":6.0,"gold_gain":0.0,"event_name":"Golden Idol","player_choice":"Lose Max HP","floor":7.0,"gold_loss":0.0,"damage_taken":0.0,"relics_obtained":["Golden Idol"]},{"damage_healed":0.0,"max_hp_gain":0.0,"max_hp_loss":0.0,"gold_gain":0.0,"event_name":"Masked Bandits","player_choice":"Fought Bandits","floor":20.0,"gold_loss":0.0,"damage_taken":0.0},{"damage_healed":0.0,"max_hp_gain":0.0,"max_hp_loss":0.0,"gold_gain":0.0,"cards_transformed":["Strike_G","Strike_G"],"event_name":"Drug Dealer","player_choice":"Became Test Subject","floor":21.0,"gold_loss":0.0,"damage_taken":0.0,"cards_obtained":["Footwork","PiercingWail"]},{"damage_healed":0.0,"max_hp_gain":0.0,"max_hp_loss":0.0,"gold_gain":0.0,"event_name":"Vampires","player_choice":"Ignored","floor":25.0,"gold_loss":0.0,"damage_taken":0.0},{"damage_healed":0.0,"max_hp_gain":0.0,"max_hp_loss":0.0,"gold_gain":0.0,"event_name":"WeMeetAgain","player_choice":"Gave Potion","floor":37.0,"gold_loss":0.0,"damage_taken":0.0,"relics_obtained":["Ninja Scroll"]},{"damage_healed":0.0,"max_hp_gain":0.0,"max_hp_loss":0.0,"gold_gain":0.0,"event_name":"Mysterious Sphere","player_choice":"Fight","floor":39.0,"gold_loss":0.0,"damage_taken":0.0},{"damage_healed":0.0,"max_hp_gain":0.0,"max_hp_loss":3.0,"gold_gain":0.0,"event_name":"Winding Halls","player_choice":"Max HP","floor":44.0,"gold_loss":0.0,"damage_taken":0.0},{"cards_removed":["Defend_G"],"damage_healed":0.0,"max_hp_gain":0.0,"max_hp_loss":0.0,"gold_gain":0.0,"event_name":"Falling","player_choice":"Removed Skill","floor":45.0,"gold_loss":0.0,"damage_taken":0.0}],"is_beta":false,"boss_relics":[{"not_picked":["Coffee Dripper","Ring of the Serpent"],"picked":"Snecko Eye"},{"not_picked":["Black Star","SlaversCollar"],"picked":"Fusion Hammer"}],"items_purged_floors":[],"is_endless":false,"potions_floor_spawned":[1,6,8,16,18,19,29,30,38,39,41,46],"killed_by":"Time Eater","ascension_level":20}}