{"host":"TheShotgunBoss","time":1611194228,"event":{"mods":["AchievementEnabler","Always Whale","Aspiration","BaseMod","Beaked The Cultist","Colored Map","Colored Powertips","Colorless Booster Pack","Conspire","Downfall","Energized Spire","FetchMod","GifTheSpireLib","Halation","Hubris","Infinite Spire","Jedi Mod","Minty Spire (QoL Compilation)","Quick Restart","RNG!","Relic Sorter","SacredBarkPlus","Shop Mod","Spikes Relics","StSLib","Stuff the Spire","The Blue Laboratory","The Construct","Uncapped","Unceasing Turn Reminder","everything is the same but u backflip on backflip","vexMod","??????REMEMod"],"gold_per_floor":[99,110,110,129,129,129,177,204,204,219,219,239,239,78,89,187,187,187,197,210,45,60,60,60,72,72,72,88,88,108,108,108],"floor_reached":31,"language":"ENG","playtime":1240,"items_purged":["Slimebound:Strike_Slimebound","Slimebound:Strike_Slimebound"],"score":249,"play_id":"c799ed87-5a5d-4c5a-8f73-7642d7dacd9d","local_time":"20210120205708","is_ascension_mode":true,"campfire_choices":[{"data":"Fasting2","floor":1,"key":"PURGE"},{"data":"Slimebound:Split","floor":6,"key":"SMITH"},{"data":"Slimebound:SplitLeeching","floor":9,"key":"SMITH"},{"data":"Slimebound:CorrosiveSpit","floor":11,"key":"SMITH"},{"data":"Slimebound:LevelUp","floor":13,"key":"SMITH"},{"data":"Slimebound:SplitSpecialist","floor":18,"key":"SMITH"},{"data":"Slimebound:Prepare","floor":23,"key":"SMITH"},{"floor":29,"key":"REST"}],"circlet_count":0,"master_deck":["Slimebound:Defend_Slimebound+1","Slimebound:Defend_Slimebound+1","Slimebound:Defend_Slimebound","Slimebound:Split+1","Slimebound:CorrosiveSpit+1","Slimebound:SplitLeeching+1","Slimebound:Tackle+1","Slimebound:LevelUp+1","Slimebound:SplitBruiser+1","Slimebound:SplitSpecialist+1","Slimebound:LevelUp+1","Slimebound:SplitBruiser+1","Slimebound:Prepare+1","Slimebound:SplitSpecialist","Slimebound:LivingWall"],"relics":["Slimebound:AbsorbEndCombat","REME_ComplimentaryCards","Peace Pipe","StuffTheSpire:Experiment12","StuffTheSpire:Mouthbags","halation:HeavySnake","StuffTheSpire:ForceGauntlet"],"acts_visited":["Exordium","TheCity"],"potions_floor_usage":[8,16,22,30,31],"damage_taken":[{"damage":1,"enemies":"Jaw Worm","floor":2,"turns":4},{"damage":4,"enemies":"Cultist","floor":4,"turns":4},{"damage":38,"enemies":"Gremlin Nob","floor":8,"turns":5},{"damage":0,"enemies":"2 Louse","floor":10,"turns":2},{"damage":5,"enemies":"Red Slaver","floor":12,"turns":3},{"damage":1,"enemies":"downfall:FleeingMerchant","floor":14,"turns":4},{"damage":2,"enemies":"Exordium Wildlife","floor":15,"turns":4},{"damage":25,"enemies":"IC_STATUS_ARCHETYPE","floor":16,"turns":8},{"damage":15,"enemies":"Spheric Guardian","floor":19,"turns":4},{"damage":24,"enemies":"Centurion and Healer","floor":20,"turns":7},{"damage":10,"enemies":"downfall:FleeingMerchant","floor":21,"turns":4},{"damage":7,"enemies":"Snake Plant","floor":22,"turns":4},{"damage":11,"enemies":"Shelled Parasite and Fungi","floor":25,"turns":5},{"damage":7,"enemies":"Cultist and Chosen","floor":28,"turns":5},{"damage":10,"enemies":"Sentry and Sphere","floor":30,"turns":5},{"damage":36,"enemies":"Slavers","floor":31,"turns":3}],"seed_played":"-437375119917659920","potions_obtained":[{"floor":2,"key":"blueLaboratory:BubblePotion"},{"floor":4,"key":"jedi:StrikingPotion"},{"floor":8,"key":"Slimebound:SlimedPotion"},{"floor":15,"key":"blueLaboratory:Moonshine"},{"floor":16,"key":"blueLaboratory:BubblePotion"},{"floor":25,"key":"blueLaboratory:CorrosionFlask"},{"floor":28,"key":"blueLaboratory:FruitPunch"},{"floor":30,"key":"construct:ShiftPotion"}],"is_trial":false,"path_per_floor":["R","M","?","M","?","R","T","E","R","M","R","M","R","$","M","B",null,"R","M","M","$","M","R","T","M","?","?","M","R","M","E"],"character_chosen":"SLIMEBOUND","items_purchased":["Slimebound:SplitSpecialist","Slimebound:Prepare"],"campfire_rested":1,"item_purchase_floors":[14,21],"current_hp_per_floor":[59,59,59,55,55,55,55,23,23,25,25,24,24,29,31,14,59,59,46,28,22,15,15,15,6,25,25,20,37,29,0,0],"gold":108,"neow_bonus":"ONE_RARE_RELIC","is_daily":false,"chose_seed":false,"campfire_upgraded":6,"win_rate":0.0,"timestamp":1611194228,"path_taken":["R","M","?","?","?","R","T","E","R","?","R","M","R","$","M","BOSS","R","M","M","$","M","R","T","M","?","?","?","R","M","E"],"items_purchased_type":["Card","Card"],"build_version":"2020-12-18","purchased_purges":2,"victory":false,"max_hp_per_floor":[59,59,59,59,59,59,59,59,59,59,59,59,59,59,59,59,59,59,59,59,59,59,59,59,59,59,59,59,59,61,61,61],"card_choices":[{"not_picked":["Slimebound:LeechEnergy","Slimebound:RollThrough","Slimebound:SamplingLick"],"picked":"SKIP","floor":2},{"not_picked":["Slimebound:Schlurp","Slimebound:Grow","Slimebound:ViciousTackle"],"picked":"SKIP","floor":4},{"not_picked":["Slimebound:GrowthPunch","Slimebound:LeechEnergy"],"picked":"Slimebound:SplitLeeching","floor":8},{"not_picked":["Slimebound:FormOfPuddle","Slimebound:SpikyOuterGoop","Slimebound:SlimeTap"],"picked":"SKIP","floor":10},{"not_picked":["Slimebound:Recollect","Slimebound:ServeAndProtect"],"picked":"Slimebound:LevelUp","floor":12},{"not_picked":["Slimebound:RallyTheTroops","Slimebound:GrowthPunch"],"picked":"Slimebound:SplitBruiser","floor":14},{"not_picked":["Slimebound:LivingWall","Slimebound:RollThrough","Slimebound:AcidTongue"],"picked":"SKIP","floor":15},{"not_picked":["Slimebound:FinishingTackle+1","Slimebound:PressTheAttack+1"],"picked":"Slimebound:LevelUp","floor":19},{"not_picked":["Slimebound:LevelUp","Slimebound:SplitAcid","Slimebound:ComboTackle"],"picked":"SKIP","floor":20},{"not_picked":["Slimebound:SplitAcid","Slimebound:ComboTackle"],"picked":"Slimebound:SplitBruiser","floor":21},{"not_picked":["Slimebound:Prepare","Slimebound:Repurpose","Slimebound:PressTheAttack"],"picked":"SKIP","floor":22},{"not_picked":["Slimebound:FormOfPuddle","Slimebound:ItLooksTasty"],"picked":"Slimebound:SplitSpecialist","floor":25},{"not_picked":["Slimebound:BestDefense","Slimebound:Recollect","Slimebound:SamplingLick"],"picked":"SKIP","floor":28},{"not_picked":["Slimebound:GrowthPunch","Slimebound:LeechingTouch+1"],"picked":"Slimebound:LivingWall","floor":30}],"player_experience":263878,"relics_obtained":[{"floor":7,"key":"StuffTheSpire:Experiment12"},{"floor":8,"key":"StuffTheSpire:Mouthbags"},{"floor":24,"key":"StuffTheSpire:ForceGauntlet"}],"event_choices":[{"cards_removed":["Slimebound:Strike_Slimebound"],"damage_healed":0,"gold_gain":0,"player_choice":"Offered Basic","damage_taken":0,"max_hp_gain":0,"max_hp_loss":0,"event_name":"Bonfire Elementals","floor":3,"gold_loss":0},{"cards_removed":["Slimebound:Defend_Slimebound"],"damage_healed":0,"gold_gain":0,"player_choice":"Card Removal","damage_taken":0,"max_hp_gain":0,"max_hp_loss":0,"event_name":"Wheel of Change","floor":5,"gold_loss":0},{"damage_healed":19,"gold_gain":0,"player_choice":"Heal","damage_taken":0,"max_hp_gain":0,"max_hp_loss":0,"event_name":"The Library","floor":26,"gold_loss":0}],"is_beta":true,"boss_relics":[{"not_picked":["conspire:RoyalGoblet","REME_ChargedStone"],"picked":"halation:HeavySnake"}],"items_purged_floors":[14,21],"is_endless":false,"potions_floor_spawned":[2,4,8,15,16,25,28,30],"killed_by":"Slavers","ascension_level":1}}