{"host":"545ma68kbj6ggddn","time":1611195524,"event":{"mods":["BaseMod","Colored Powertips","Downfall","Minty Spire (QoL Compilation)","Permanent Neow","Quick Restart","SIMod","StSLib"],"gold_per_floor":[99,114,114,129,129,139,139,139,152,59,86,86,86],"floor_reached":11,"language":"ENG","playtime":692,"items_purged":[],"score":73,"play_id":"eed6655f-61d2-422a-a7f0-c4ab2685dd22","local_time":"20210120201844","is_ascension_mode":false,"campfire_choices":[{"data":"bronze:Format","floor":1,"key":"SMITH"},{"data":"bronze:Shell","floor":8,"key":"SMITH"}],"circlet_count":0,"master_deck":["bronze:Strike","bronze:Strike","bronze:Defend","bronze:Defend","bronze:Defend","bronze:Defend","bronze:Replicate","bronze:Goto","bronze:Format+1","bronze:Shell+1","bronze:CutThrough","bronze:Fortify","bronze:Invalidate","bronze:ClassDefault"],"relics":["bronze:BronzeCore","Bronze Scales","Oddly Smooth Stone"],"acts_visited":["Exordium"],"potions_floor_usage":[9,9],"damage_taken":[{"damage":0,"enemies":"Small Slimes","floor":2,"turns":3},{"damage":0,"enemies":"Jaw Worm","floor":4,"turns":2},{"damage":0,"enemies":"Cultist","floor":6,"turns":3},{"damage":4,"enemies":"Lots of Slimes","floor":9,"turns":4},{"damage":0,"enemies":"downfall:FleeingMerchant","floor":10,"turns":4},{"damage":5,"enemies":"3 Sentries","floor":11,"turns":7}],"seed_played":"-5676216411979633138","potions_obtained":[{"floor":2,"key":"EssenceOfSteel"},{"floor":6,"key":"EntropicBrew"}],"is_trial":false,"path_per_floor":["R","M","?","M","?","M","T","R","M","$","E"],"character_chosen":"THE_AUTOMATON","items_purchased":["bronze:ClassDefault"],"campfire_rested":0,"item_purchase_floors":[10],"current_hp_per_floor":[49,49,49,49,49,49,49,49,45,45,40,40,40],"gold":86,"neow_bonus":"THREE_RARE_CARDS","is_daily":false,"chose_seed":false,"campfire_upgraded":2,"win_rate":0.0,"timestamp":1611195524,"path_taken":["R","M","?","M","?","M","T","R","?","?","E"],"items_purchased_type":["Card"],"build_version":"2020-12-22","purchased_purges":0,"victory":false,"max_hp_per_floor":[70,70,70,70,70,70,70,70,70,70,70,70,70],"card_choices":[{"not_picked":["bronze:ShipIt","bronze:BurnOut"],"picked":"bronze:Format","floor":0},{"not_picked":["bronze:DelayedGuard","bronze:Constructor"],"picked":"bronze:Shell","floor":2},{"not_picked":["bronze:DelayedSlice","bronze:MaxOutput","bronze:Invalidate"],"picked":"SKIP","floor":4},{"not_picked":["bronze:Overheat","bronze:Turbo","bronze:OilSpill"],"picked":"SKIP","floor":6},{"not_picked":["bronze:BuggyMess","bronze:WildBeam"],"picked":"bronze:Fortify","floor":9},{"not_picked":["bronze:BugBarrage","bronze:Iterate"],"picked":"bronze:Invalidate","floor":10}],"player_experience":221175,"relics_obtained":[{"floor":7,"key":"Bronze Scales"},{"floor":11,"key":"Oddly Smooth Stone"}],"event_choices":[{"cards_removed":["bronze:Strike"],"damage_healed":0,"gold_gain":0,"player_choice":"Card Removal","damage_taken":0,"max_hp_gain":0,"max_hp_loss":0,"event_name":"The Cleric","floor":5,"gold_loss":0}],"is_beta":false,"boss_relics":[],"items_purged_floors":[],"is_endless":false,"potions_floor_spawned":[2,6,11],"killed_by":"3 Sentries","ascension_level":0}}