{"host":"sc0o2qwpf9j16a4i","time":1611195446,"event":{"mods":["AchievementEnabler","BaseMod","BetterRewards","Block Reminder","Colored Map","Colored Powertips","Custom Start","Highlight Path","Minty Spire (QoL Compilation)","Relic Stats"],"gold_per_floor":[113,127,146,166,166,166,192,192,216,233,233,254,267,148,148,244,244,259,275,275,275,290,290,290],"floor_reached":23,"language":"ENG","playtime":642,"items_purged":["Decay"],"score":590,"play_id":"93d99aff-bd9f-48c0-b867-25b5cf88b2a4","local_time":"20210121041726","is_ascension_mode":true,"campfire_choices":[{"data":"Bash","floor":6,"key":"SMITH"},{"floor":8,"key":"REST"},{"data":"Disarm","floor":15,"key":"SMITH"}],"circlet_count":0,"master_deck":["AscendersBane","Strike_R","Strike_R","Strike_R","Strike_R","Strike_R","Defend_R","Defend_R","Defend_R","Defend_R","Bash+1","Pummel+1","Heavy Blade+1","Iron Wave+1","Iron Wave+1","Reaper+1","Thunderclap+1","Clothesline+1","Sword Boomerang+1","Disarm+1","Feed+1","Battle Trance","Feel No Pain","RitualDagger+1","Feel No Pain"],"relics":["Burning Blood","Magic Flower","Molten Egg 2","Tiny Chest","Ancient Tea Set","Golden Idol","Fusion Hammer","Pear"],"acts_visited":["Exordium","TheCity"],"potions_floor_usage":[7,16,19,19,23],"damage_taken":[{"damage":2,"enemies":"Cultist","floor":1,"turns":4},{"damage":2,"enemies":"Jaw Worm","floor":2,"turns":5},{"damage":5,"enemies":"Small Slimes","floor":3,"turns":3},{"damage":5,"enemies":"Looter","floor":4,"turns":3},{"damage":31,"enemies":"Lagavulin","floor":7,"turns":9},{"damage":14,"enemies":"Blue Slaver","floor":10,"turns":4},{"damage":0,"enemies":"2 Fungi Beasts","floor":12,"turns":3},{"damage":5,"enemies":"Exordium Wildlife","floor":13,"turns":4},{"damage":22,"enemies":"The Guardian","floor":16,"turns":13},{"damage":22,"enemies":"Chosen","floor":18,"turns":5},{"damage":13,"enemies":"2 Thieves","floor":19,"turns":5},{"damage":41,"enemies":"Snake Plant","floor":22,"turns":6},{"damage":94,"enemies":"Gremlin Leader","floor":23,"turns":8}],"seed_played":"-6136909789389647589","potions_obtained":[{"floor":2,"key":"HeartOfIron"},{"floor":4,"key":"Dexterity Potion"},{"floor":12,"key":"Fire Potion"},{"floor":16,"key":"Block Potion"},{"floor":22,"key":"BloodPotion"}],"is_trial":false,"path_per_floor":["M","M","M","M","?","R","E","R","T","M","?","M","M","$","R","B",null,"M","M","?","T","M","E"],"character_chosen":"IRONCLAD","items_purchased":["Magic Flower","Molten Egg 2","Disarm"],"campfire_rested":1,"item_purchase_floors":[0,0,14],"current_hp_per_floor":[53,60,64,68,68,68,46,68,68,63,63,68,68,68,68,66,68,61,65,59,69,51,0,0],"gold":290,"neow_bonus":"","is_daily":false,"chose_seed":false,"campfire_upgraded":2,"win_rate":0.0,"timestamp":1611195446,"path_taken":["M","M","M","?","?","R","E","R","T","?","?","M","M","$","R","BOSS","M","M","?","?","M","E"],"items_purchased_type":["Relic","Relic","Card"],"build_version":"2020-12-22","purchased_purges":1,"victory":false,"max_hp_per_floor":[75,75,75,75,75,75,75,75,75,75,68,68,68,68,68,68,68,72,72,72,82,86,86,86],"relic_stats":{"counters":[125,625],"Golden Idol":35,"Magic Flower":[53],"Tiny Chest":1,"obtain_stats":[{"Calipers":26,"Gremlin Horn":24,"CeramicFish":14,"Ginger":6,"Bottled Tornado":30,"Boot":41,"Sling":0,"Sozu":34,"Lizard Tail":11,"HornCleat":7,"Sundial":47,"MealTicket":26,"Philosopher\u0027s Stone":17,"Fusion Hammer":17,"Necronomicon":21,"Pear":21,"Happy Flower":9,"Astrolabe":17,"Oddly Smooth Stone":31,"Eternal Feather":0,"Pen Nib":14,"Charon\u0027s Ashes":41,"War Paint":20,"Question Card":45,"OrangePellets":30,"SlaversCollar":34,"Brimstone":0,"Molten Egg 2":0,"Black Star":17,"Meat on the Bone":23,"Darkstone Periapt":11,"Lantern":26,"Regal Pillow":44,"Singing Bowl":0,"Magic Flower":7,"Mango":31,"Bag of Preparation":22,"Juzu Bracelet":24,"Ancient Tea Set":11,"Burning Blood":0,"SsserpentHead":3,"Matryoshka":24,"Tiny Chest":7,"Red Mask":28,"Chemical X":22,"Red Skull":9,"Runic Pyramid":34,"Potion Belt":31,"Golden Idol":10,"Self Forming Clay":0,"The Courier":28,"PreservedInsect":7,"Omamori":31,"Orichalcum":20,"Frozen Egg 2":28,"Odd Mushroom":13,"Medical Kit":0,"Anchor":0,"Busted Crown":0,"Ornamental Fan":9,"Bag of Marbles":7,"Art of War":44,"Membership Card":4,"Toy Ornithopter":3},{"Calipers":69,"Gremlin Horn":14,"CeramicFish":25,"Ginger":37,"Bottled Tornado":71,"Boot":54,"Sling":81,"Sozu":49,"Lizard Tail":6,"HornCleat":22,"Sundial":79,"MealTicket":15,"Philosopher\u0027s Stone":26,"Fusion Hammer":121,"Necronomicon":45,"Pear":123,"Happy Flower":22,"Astrolabe":89,"Oddly Smooth Stone":34,"Eternal Feather":98,"Pen Nib":9,"Charon\u0027s Ashes":77,"War Paint":28,"Question Card":55,"OrangePellets":33,"SlaversCollar":95,"Brimstone":35,"Molten Egg 2":56,"Black Star":10,"Meat on the Bone":30,"Darkstone Periapt":38,"Lantern":45,"Regal Pillow":54,"Singing Bowl":17,"Magic Flower":86,"Mango":48,"Bag of Preparation":13,"Juzu Bracelet":14,"Ancient Tea Set":105,"Burning Blood":0,"SsserpentHead":83,"Matryoshka":69,"Tiny Chest":61,"Red Mask":47,"Chemical X":45,"Red Skull":4,"Runic Pyramid":72,"Potion Belt":16,"Golden Idol":22,"Self Forming Clay":81,"The Courier":69,"PreservedInsect":102,"Omamori":16,"Orichalcum":12,"Frozen Egg 2":69,"Odd Mushroom":107,"Medical Kit":17,"Anchor":35,"Busted Crown":0,"Ornamental Fan":86,"Bag of Marbles":4,"Art of War":78,"Membership Card":36,"Toy Ornithopter":58},{"Calipers":271,"Gremlin Horn":57,"CeramicFish":101,"Ginger":169,"Bottled Tornado":280,"Boot":223,"Sling":338,"Sozu":204,"Lizard Tail":20,"HornCleat":91,"Sundial":328,"MealTicket":62,"Philosopher\u0027s Stone":111,"Fusion Hammer":601,"Necronomicon":190,"Pear":611,"Happy Flower":91,"Astrolabe":396,"Oddly Smooth Stone":150,"Eternal Feather":476,"Pen Nib":29,"Charon\u0027s Ashes":316,"War Paint":119,"Question Card":227,"OrangePellets":143,"SlaversCollar":454,"Brimstone":162,"Molten Egg 2":229,"Black Star":39,"Meat on the Bone":128,"Darkstone Periapt":172,"Lantern":190,"Regal Pillow":223,"Singing Bowl":71,"Magic Flower":363,"Mango":198,"Bag of Preparation":51,"Juzu Bracelet":57,"Ancient Tea Set":502,"Burning Blood":0,"SsserpentHead":348,"Matryoshka":271,"Tiny Chest":244,"Red Mask":194,"Chemical X":190,"Red Skull":13,"Runic Pyramid":290,"Potion Belt":66,"Golden Idol":91,"Self Forming Clay":338,"The Courier":271,"PreservedInsect":491,"Omamori":66,"Orichalcum":48,"Frozen Egg 2":271,"Odd Mushroom":509,"Medical Kit":71,"Anchor":162,"Busted Crown":0,"Ornamental Fan":363,"Bag of Marbles":13,"Art of War":322,"Membership Card":165,"Toy Ornithopter":234}],"Burning Blood":621},"card_choices":[{"not_picked":["Flex","True Grit"],"picked":"Pummel+1","floor":1},{"not_picked":["Dual Wield","Warcry"],"picked":"Heavy Blade+1","floor":2},{"not_picked":["Ghostly Armor","Dropkick+1"],"picked":"Iron Wave+1","floor":3},{"not_picked":["Hemokinesis+1","Havoc"],"picked":"Iron Wave+1","floor":4},{"not_picked":["Iron Wave+1","Wild Strike+1"],"picked":"Reaper+1","floor":7},{"not_picked":["Anger+1","Warcry"],"picked":"Thunderclap+1","floor":10},{"not_picked":["Burning Pact","Bloodletting"],"picked":"Clothesline+1","floor":12},{"not_picked":["Clash+1","Intimidate"],"picked":"Sword Boomerang+1","floor":13},{"not_picked":["Fiend Fire+1","Barricade"],"picked":"Feed+1","floor":16},{"not_picked":["Twin Strike+1","Cleave+1"],"picked":"Battle Trance","floor":18},{"not_picked":["Shrug It Off","Thunderclap+1"],"picked":"Feel No Pain","floor":19},{"not_picked":["Wild Strike+1","Clothesline+1"],"picked":"Feel No Pain","floor":22}],"player_experience":830736,"relics_obtained":[{"floor":7,"key":"Tiny Chest"},{"floor":9,"key":"Ancient Tea Set"},{"floor":21,"key":"Pear"}],"event_choices":[{"damage_healed":0,"gold_gain":0,"player_choice":"Cursed","damage_taken":0,"max_hp_gain":0,"max_hp_loss":0,"event_name":"Wheel of Change","floor":5,"gold_loss":0,"cards_obtained":["Decay"]},{"damage_healed":0,"gold_gain":0,"player_choice":"Lose Max HP","damage_taken":0,"relics_obtained":["Golden Idol"],"max_hp_gain":0,"max_hp_loss":7,"event_name":"Golden Idol","floor":11,"gold_loss":0},{"damage_healed":0,"gold_gain":0,"player_choice":"Joined the Cult","damage_taken":6,"max_hp_gain":0,"max_hp_loss":0,"event_name":"Nest","floor":20,"gold_loss":0,"cards_obtained":["RitualDagger"]}],"is_beta":false,"boss_relics":[{"not_picked":["Busted Crown","Runic Dome"],"picked":"Fusion Hammer"}],"items_purged_floors":[14],"is_endless":false,"potions_floor_spawned":[2,4,12,16,22],"killed_by":"Gremlin Leader","ascension_level":20}}