{"host":"0mk07bycsqo1qk03","time":1611213593,"event":{"mods":["BaseMod","Downfall","Hermit","Hubris","Minty Spire (QoL Compilation)","StSLib","The Cursed"],"gold_per_floor":[99,110,121,121,135,168,168,78,78,63,63,75,75,91,105,105,105,105],"floor_reached":16,"language":"ENG","playtime":658,"items_purged":["Parasite"],"score":117,"play_id":"2d43a970-b6d6-4375-ac3a-f13fa2aef2fb","local_time":"20210121081953","is_ascension_mode":true,"campfire_choices":[{"data":"Guardian:CurlUp","floor":1.0,"key":"SMITH"},{"floor":9.0,"key":"RECALL"}],"circlet_count":0,"master_deck":["Guardian:Strike_Guardian","Guardian:Strike_Guardian","Guardian:Defend_Guardian","Guardian:Defend_Guardian","Guardian:CurlUp+1","Guardian:TwinSlam","Guardian:FastForward","Guardian:ChargeCore","Guardian:TemporalShield","Guardian:Planning","Guardian:AncientConstruct","Guardian:SphericShield","Guardian:CrystalBeam","Guardian:ChargeCore","Guardian:BodySlam","Guardian:Gem_Purple"],"relics":["Guardian:ModeShifter","Anchor"],"acts_visited":["Exordium"],"potions_floor_usage":[],"damage_taken":[{"damage":3.0,"enemies":"2 Louse","floor":2.0,"turns":4.0},{"damage":1.0,"enemies":"Cultist","floor":3.0,"turns":4.0},{"damage":9.0,"enemies":"Small Slimes","floor":5.0,"turns":6.0},{"damage":32.0,"enemies":"3 Sentries","floor":6.0,"turns":13.0},{"damage":0.0,"enemies":"downfall:FleeingMerchant","floor":8.0,"turns":4.0},{"damage":0.0,"enemies":"downfall:FleeingMerchant","floor":10.0,"turns":4.0},{"damage":0.0,"enemies":"3 Louse","floor":12.0,"turns":5.0},{"damage":6.0,"enemies":"2 Fungi Beasts","floor":14.0,"turns":5.0},{"damage":2.0,"enemies":"Lots of Slimes","floor":15.0,"turns":5.0},{"damage":0,"enemies":"SI_SHIV_ARCHETYPE","floor":16,"turns":1}],"seed_played":"7490130718363450830","potions_obtained":[{"floor":3.0,"key":"SpeedPotion"},{"floor":6.0,"key":"FearPotion"},{"floor":12.0,"key":"SkillPotion"}],"is_trial":false,"path_per_floor":["R","M","M","?","M","E","T","$","R","$","?","M","?","M","M","B"],"character_chosen":"GUARDIAN","items_purchased":[],"campfire_rested":0,"item_purchase_floors":[],"current_hp_per_floor":[80,77,76,76,67,35,35,35,35,35,40,40,40,34,32,32,32,32],"gold":105,"neow_bonus":"ONE_RANDOM_RARE_CARD","is_daily":false,"chose_seed":false,"campfire_upgraded":1,"win_rate":0.0,"timestamp":1611213593,"path_taken":["R","M","M","?","?","E","T","$","R","?","?","M","?","?","M","BOSS"],"items_purchased_type":[],"build_version":"2020-12-22","purchased_purges":1,"victory":false,"max_hp_per_floor":[80,80,80,80,80,80,80,77,77,77,82,82,82,82,82,82,82,82],"card_choices":[{"not_picked":["Guardian:BodySlam","Guardian:VentSteam"],"picked":"Guardian:ChargeCore","floor":2.0},{"not_picked":["Guardian:ChargeCore","Guardian:Gem_Cyan"],"picked":"Guardian:TemporalShield","floor":3.0},{"not_picked":["Guardian:Gem_Red","Guardian:BodySlam"],"picked":"Guardian:Planning","floor":5.0},{"not_picked":["Guardian:TimeCapacitor","Guardian:SpikerProtocol"],"picked":"Guardian:AncientConstruct","floor":6.0},{"not_picked":["Guardian:ShieldCharger","Guardian:TemporalStrike"],"picked":"Guardian:SphericShield","floor":8.0},{"not_picked":["Guardian:BodySlam","Guardian:ChargeCore"],"picked":"Guardian:CrystalBeam","floor":10.0},{"not_picked":["Guardian:PrimingBeam","Guardian:Repulse"],"picked":"Guardian:ChargeCore","floor":12.0},{"not_picked":["Guardian:Repulse","Guardian:Recover"],"picked":"Guardian:BodySlam","floor":14.0},{"not_picked":["Guardian:ChargeCore","Guardian:WalkerClaw"],"picked":"Guardian:Gem_Purple","floor":15.0}],"player_experience":930190,"relics_obtained":[{"floor":6.0,"key":"Anchor"}],"event_choices":[{"damage_healed":0.0,"max_hp_gain":5.0,"max_hp_loss":0.0,"gold_gain":0.0,"event_name":"Big Fish","player_choice":"Donut","floor":11.0,"gold_loss":0.0,"damage_taken":0.0},{"cards_removed":["Guardian:Defend_Guardian"],"damage_healed":0.0,"max_hp_gain":0.0,"max_hp_loss":0.0,"gold_gain":0.0,"event_name":"Bonfire Elementals","player_choice":"Offered Basic","floor":13.0,"gold_loss":0.0,"damage_taken":0.0}],"is_beta":false,"boss_relics":[],"items_purged_floors":[8],"is_endless":false,"potions_floor_spawned":[3,6,12],"killed_by":"SI_SHIV_ARCHETYPE","ascension_level":3}}