{"host":"zxkjcgzis4pm3za5","time":1611251368,"event":{"mods":["AchievementEnabler","Act Like it!","BaseMod","Colored Map","Colored Powertips","Friendly Minions","GifTheSpireLib","Minty Spire (QoL Compilation)","Quick Restart","RNG Fix","Random Character Button","Relic Sorter","Relic Stats","StSLib"],"gold_per_floor":[99,99,99,99,99,99,99,99,99,99,99,99,99,99,99,99,99,99],"floor_reached":17,"language":"ENG","playtime":441,"items_purged":[],"score":495,"play_id":"5e564e79-2ae3-416e-a06b-13cdefe9908d","local_time":"20210121231928","is_ascension_mode":true,"campfire_choices":[{"floor":7.0,"key":"REST"},{"floor":13,"key":"REST"},{"data":"Reinforced Body","floor":15,"key":"SMITH"}],"circlet_count":0,"master_deck":["AscendersBane","Strike_B+1","Strike_B","Strike_B","Defend_B","Defend_B","Defend_B","Defend_B","Zap","Dualcast","Sunder+1","Ball Lightning","Beam Cell+1","Gash","Doom and Gloom","Reinforced Body+1","Compile Driver","Gash","Reboot"],"relics":["Ectoplasm","Darkstone Periapt","Frozen Egg 2","Letter Opener","MawBank","Nuclear Battery"],"acts_visited":["Exordium","TheCity"],"potions_floor_usage":[11,14],"damage_taken":[{"damage":0.0,"enemies":"Small Slimes","floor":1.0,"turns":3.0},{"damage":2.0,"enemies":"Jaw Worm","floor":4.0,"turns":3.0},{"damage":0.0,"enemies":"Cultist","floor":5.0,"turns":2.0},{"damage":25.0,"enemies":"Lagavulin","floor":6.0,"turns":5.0},{"damage":15,"enemies":"3 Sentries","floor":8,"turns":5},{"damage":3,"enemies":"Blue Slaver","floor":11,"turns":2},{"damage":10,"enemies":"3 Louse","floor":12,"turns":2},{"damage":4,"enemies":"Gremlin Nob","floor":14,"turns":3},{"damage":4,"enemies":"Hexaghost","floor":16,"turns":6}],"seed_played":"3909342252831795646","potions_obtained":[{"floor":4.0,"key":"Swift Potion"},{"floor":6.0,"key":"SpeedPotion"},{"floor":8,"key":"Regen Potion"},{"floor":12,"key":"Block Potion"},{"floor":14,"key":"DuplicationPotion"}],"is_trial":false,"path_per_floor":["M","?","?","M","M","E","R","E","T","?","M","M","R","E","R","B",null],"character_chosen":"DEFECT","items_purchased":[],"campfire_rested":2,"item_purchase_floors":[],"current_hp_per_floor":[64,43,43,41,41,16,37,22,22,22,19,9,30,26,26,22,59,59],"gold":99,"neow_bonus":"BOSS_RELIC","is_daily":false,"chose_seed":false,"campfire_upgraded":1,"win_rate":0.0,"timestamp":1611251368,"path_taken":["M","?","?","M","M","E","R","E","T","?","M","M","R","E","R","BOSS"],"items_purchased_type":[],"build_version":"2020-12-22","purchased_purges":0,"victory":false,"max_hp_per_floor":[71,71,71,71,71,71,71,71,71,71,71,71,71,71,71,71,71,71],"relic_stats":{"Darkstone Periapt":0,"counters":[9,31],"Ectoplasm":268,"Letter Opener":[5],"MawBank":0,"obtain_stats":[{"Darkstone Periapt":6,"Ectoplasm":0,"Letter Opener":9,"Frozen Egg 2":8,"Cracked Core":0,"MawBank":14,"Nuclear Battery":17},{"Darkstone Periapt":4,"Ectoplasm":0,"Letter Opener":5,"Frozen Egg 2":5,"Cracked Core":0,"MawBank":8,"Nuclear Battery":9},{"Darkstone Periapt":13,"Ectoplasm":0,"Letter Opener":18,"Frozen Egg 2":18,"Cracked Core":0,"MawBank":25,"Nuclear Battery":31}]},"card_choices":[{"not_picked":["Ball Lightning","Go for the Eyes"],"picked":"Sunder","floor":1.0},{"not_picked":["Heatsinks","Leap"],"picked":"Ball Lightning","floor":4.0},{"not_picked":["Go for the Eyes","Streamline"],"picked":"Beam Cell","floor":5.0},{"not_picked":["Go for the Eyes","Streamline"],"picked":"Gash","floor":6.0},{"not_picked":["Force Field","Streamline"],"picked":"Doom and Gloom","floor":8},{"not_picked":["Leap","Scrape"],"picked":"Reinforced Body","floor":11},{"not_picked":["Turbo","Darkness"],"picked":"Compile Driver","floor":12},{"not_picked":["Beam Cell","Double Energy"],"picked":"Gash","floor":14},{"not_picked":["Hyperbeam","Fission"],"picked":"Reboot","floor":16}],"player_experience":248078,"relics_obtained":[{"floor":6.0,"key":"Darkstone Periapt"},{"floor":8,"key":"Frozen Egg 2"},{"floor":9,"key":"Letter Opener"},{"floor":14,"key":"MawBank"}],"event_choices":[{"damage_healed":0.0,"max_hp_gain":0.0,"max_hp_loss":0.0,"gold_gain":0.0,"event_name":"Shining Light","player_choice":"Entered Light","floor":2.0,"gold_loss":0.0,"damage_taken":21.0,"cards_upgraded":["Sunder","Strike_B"]},{"cards_removed":["Strike_B"],"damage_healed":0.0,"max_hp_gain":0.0,"max_hp_loss":0.0,"gold_gain":0.0,"event_name":"Living Wall","player_choice":"Forget","floor":3.0,"gold_loss":0.0,"damage_taken":0.0},{"damage_healed":0,"gold_gain":0,"player_choice":"Forge","damage_taken":0,"max_hp_gain":0,"max_hp_loss":0,"event_name":"Accursed Blacksmith","floor":10,"gold_loss":0,"cards_upgraded":["Beam Cell"]}],"is_beta":false,"boss_relics":[{"not_picked":["Inserter","Sozu"],"picked":"Nuclear Battery"}],"items_purged_floors":[],"is_endless":false,"potions_floor_spawned":[4,6,8,12,14],"ascension_level":16}}