{"host":"g01l53quoe6lrer0","time":1611265146,"event":{"mods":["2.2 Compatiblity","AchievementEnabler","BaseMod","Colored Map","Highlight Path","Keyboard Shortcuts","Minty Spire (QoL Compilation)","Permanent Neow","StSLib","SuperFastMode","everything is the same but u backflip on backflip"],"gold_per_floor":[116,127,23,38,56,88,88,100,148,148,175,195,211,246,246,321,321,337,347,366,112,123,123,23,56,56,76,76,110,35,50,50,50,50],"floor_reached":33,"language":"KOR","playtime":1076,"items_purged":["Strike_B","Strike_B"],"score":655,"play_id":"93f0ee46-f6da-4173-88ea-eab34669bdeb","local_time":"20210122063906","is_ascension_mode":true,"campfire_choices":[{"data":"Hyperbeam","floor":7.0,"key":"SMITH"},{"data":"Hologram","floor":15.0,"key":"SMITH"},{"floor":23.0,"key":"REST"},{"data":"Multi-Cast","floor":28.0,"key":"SMITH"},{"data":"Skim","floor":32.0,"key":"SMITH"}],"circlet_count":0,"master_deck":["AscendersBane","Strike_B+1","Defend_B","Defend_B","Defend_B","Defend_B","Zap","Dualcast","Hyperbeam+1","Rebound","Sweeping Beam","Stack","Gash","Hologram+1","Rip and Tear+1","Beam Cell+1","Undo","Conserve Battery","Self Repair","Sweeping Beam","Multi-Cast+1","Streamline+1","Steam Power+1","Fusion","Skim+1","Bandage Up","Turbo+1","Compile Driver+1","Double Energy","Barrage","Aggregate"],"relics":["Cracked Core","Blue Candle","Whetstone","Pear","Bag of Preparation","Nuclear Battery","Bag of Marbles","Mango","Eternal Feather"],"acts_visited":["Exordium","TheCity"],"potions_floor_usage":[33],"damage_taken":[{"damage":4.0,"enemies":"Jaw Worm","floor":1.0,"turns":3.0},{"damage":1.0,"enemies":"Cultist","floor":2.0,"turns":3.0},{"damage":0.0,"enemies":"2 Louse","floor":4.0,"turns":2.0},{"damage":0.0,"enemies":"2 Fungi Beasts","floor":5.0,"turns":2.0},{"damage":5.0,"enemies":"3 Sentries","floor":6.0,"turns":2.0},{"damage":13.0,"enemies":"Lots of Slimes","floor":8.0,"turns":3.0},{"damage":0.0,"enemies":"Gremlin Nob","floor":11.0,"turns":2.0},{"damage":3.0,"enemies":"Blue Slaver","floor":12.0,"turns":2.0},{"damage":7.0,"enemies":"Exordium Wildlife","floor":13.0,"turns":2.0},{"damage":7.0,"enemies":"3 Sentries","floor":14.0,"turns":6.0},{"damage":44.0,"enemies":"The Guardian","floor":16.0,"turns":10.0},{"damage":4.0,"enemies":"Spheric Guardian","floor":18.0,"turns":3.0},{"damage":7.0,"enemies":"Shell Parasite","floor":19.0,"turns":4.0},{"damage":27.0,"enemies":"Snecko","floor":20.0,"turns":4.0},{"damage":32.0,"enemies":"Shelled Parasite and Fungi","floor":22.0,"turns":3.0},{"damage":10.0,"enemies":"Slavers","floor":25.0,"turns":3.0},{"damage":3.0,"enemies":"Cultist and Chosen","floor":27.0,"turns":4.0},{"damage":8.0,"enemies":"Book of Stabbing","floor":29.0,"turns":3.0},{"damage":0.0,"enemies":"Centurion and Healer","floor":31.0,"turns":4.0},{"damage":106,"enemies":"Collector","floor":33,"turns":9}],"seed_played":"4793805139791686197","potions_obtained":[{"floor":2.0,"key":"Fire Potion"},{"floor":8.0,"key":"AttackPotion"},{"floor":11.0,"key":"Regen Potion"},{"floor":18.0,"key":"Weak Potion"},{"floor":20.0,"key":"Regen Potion"},{"floor":25.0,"key":"DistilledChaos"},{"floor":27.0,"key":"BlessingOfTheForge"},{"floor":31.0,"key":"PowerPotion"}],"is_trial":false,"path_per_floor":["M","M","$","M","M","E","R","M","T","?","E","M","M","E","R","B",null,"M","M","M","$","M","R","$","E","T","M","R","E","?","M","R","B"],"character_chosen":"DEFECT","items_purchased":["Stack","Gash","Skim","Bandage Up"],"campfire_rested":1,"item_purchase_floors":[3,3,21,21],"current_hp_per_floor":[60,59,59,59,59,54,54,41,41,41,51,48,41,56,56,19,60,63,63,43,43,27,49,49,39,53,54,54,50,50,61,79,0,0],"gold":50,"neow_bonus":"THREE_RARE_CARDS","is_daily":false,"chose_seed":false,"campfire_upgraded":4,"win_rate":0.0,"timestamp":1611265146,"path_taken":["M","M","$","M","M","E","R","M","T","?","E","M","?","E","R","BOSS","M","?","?","$","M","R","$","E","T","M","R","E","?","M","R","BOSS"],"items_purchased_type":["Card","Card","Card","Card"],"build_version":"2020-12-22","purchased_purges":2,"victory":false,"max_hp_per_floor":[64,64,64,64,64,64,64,64,64,64,74,74,74,74,74,74,74,74,74,74,74,74,74,74,74,88,88,88,88,88,88,88,88,88],"card_choices":[{"not_picked":["Amplify","Creative AI"],"picked":"Hyperbeam","floor":0.0},{"not_picked":["Redo","Go for the Eyes"],"picked":"Rebound","floor":1.0},{"not_picked":["Compile Driver","Cold Snap"],"picked":"Sweeping Beam","floor":2.0},{"not_picked":["Compile Driver","Rebound"],"picked":"Hologram","floor":4.0},{"not_picked":["Scrape","Rebound","Creative AI"],"picked":"SKIP","floor":5.0},{"not_picked":["Scrape","Rebound","Creative AI"],"picked":"SKIP","floor":5.0},{"not_picked":["Heatsinks","Redo"],"picked":"Rip and Tear","floor":6.0},{"not_picked":["Capacitor","Static Discharge"],"picked":"Beam Cell","floor":8.0},{"not_picked":["Reinforced Body","Compile Driver"],"picked":"Undo","floor":11.0},{"not_picked":["Coolheaded","White Noise"],"picked":"Conserve Battery","floor":12.0},{"not_picked":["Heatsinks","Sweeping Beam"],"picked":"Self Repair","floor":13.0},{"not_picked":["Static Discharge","Coolheaded"],"picked":"Sweeping Beam","floor":14.0},{"not_picked":["Fission","Machine Learning"],"picked":"Multi-Cast","floor":16.0},{"not_picked":["Loop","FTL"],"picked":"Streamline+1","floor":18.0},{"not_picked":["Blizzard","Streamline"],"picked":"Steam Power+1","floor":19.0},{"not_picked":["Chaos","Storm"],"picked":"Fusion","floor":20.0},{"not_picked":["Redo","Capacitor"],"picked":"Turbo+1","floor":22.0},{"not_picked":["Sweeping Beam","Skim"],"picked":"Compile Driver+1","floor":25.0},{"not_picked":["Leap","Stack"],"picked":"Double Energy","floor":27.0},{"not_picked":["Sweeping Beam","Darkness"],"picked":"Barrage","floor":29.0},{"not_picked":["BootSequence","Force Field"],"picked":"Aggregate","floor":31.0}],"player_experience":223610,"relics_obtained":[{"floor":6.0,"key":"Blue Candle"},{"floor":9.0,"key":"Whetstone"},{"floor":11.0,"key":"Pear"},{"floor":14.0,"key":"Bag of Preparation"},{"floor":25.0,"key":"Bag of Marbles"},{"floor":26.0,"key":"Mango"},{"floor":29.0,"key":"Eternal Feather"}],"event_choices":[{"damage_healed":0.0,"max_hp_gain":0.0,"max_hp_loss":0.0,"gold_gain":0.0,"event_name":"Upgrade Shrine","player_choice":"Upgraded","floor":10.0,"gold_loss":0.0,"damage_taken":0.0,"cards_upgraded":["Beam Cell"]},{"cards_removed":["Strike_B"],"damage_healed":0.0,"max_hp_gain":0.0,"max_hp_loss":0.0,"gold_gain":0.0,"event_name":"Beggar","player_choice":"Gave Gold","floor":30.0,"gold_loss":75.0,"damage_taken":0.0}],"is_beta":false,"boss_relics":[{"not_picked":["SacredBark","SlaversCollar"],"picked":"Nuclear Battery"}],"items_purged_floors":[21,24],"is_endless":false,"potions_floor_spawned":[2,8,11,12,13,18,20,25,27,31],"killed_by":"Collector","ascension_level":19}}