{"host":"gk9qdtkqd8dwfeg2","time":1611216304,"event":{"mods":["Act Like it!","Aspiration","BaseMod","Colored Powertips","KomeijiMod","Minty Spire (QoL Compilation)","Quick Restart","Replay The Spire","Shop Mod","StSLib","TestMod","The Gatherer","The Servant 0.9.4","Waifu the Spire","WarShipGirlsR/战舰少女R mod","Yuri Mod","【遗物卡牌】REMEMod"],"gold_per_floor":[118,393,409,427,427,427,44,44,44],"floor_reached":8,"language":"ZHS","playtime":98,"items_purged":[],"score":92,"play_id":"9a421d4b-125b-4c2a-b31c-4eb6cee97b97","local_time":"20210121160504","is_ascension_mode":true,"campfire_choices":[{"data":"Phantasmal Killer","floor":6,"key":"SMITH"}],"circlet_count":0,"master_deck":["AscendersBane","Strike_B","Strike_B","Strike_B","Strike_B","Defend_B","Defend_B","Defend_B","Defend_B","Zap","Dualcast","Phantasmal Killer+1","Streamline","Hologram","Gash","Trip"],"relics":["Cracked Core","testmod-TestBox","REME_ComplimentaryCards","testmod-FatalChain","NeowsBlessing","Shuriken"],"acts_visited":["Exordium"],"potions_floor_usage":[],"damage_taken":[{"damage":0,"enemies":"Cultist","floor":1,"turns":1},{"damage":0,"enemies":"2 Louse","floor":3,"turns":1},{"damage":0,"enemies":"Small Slimes","floor":4,"turns":1},{"damage":39,"enemies":"Gremlin Nob","floor":8,"turns":4}],"seed_played":"-2938227114130265513","potions_obtained":[{"floor":1,"key":"Doom Potion"}],"is_trial":false,"path_per_floor":["M","?","M","M","?","R","$","E"],"character_chosen":"DEFECT","items_purchased":["Shuriken","Trip"],"campfire_rested":0,"item_purchase_floors":[7,7],"current_hp_per_floor":[64,64,64,64,64,64,64,25,25],"gold":44,"neow_bonus":"THREE_ENEMY_KILL","is_daily":false,"chose_seed":false,"campfire_upgraded":1,"win_rate":0.0,"timestamp":1611216304,"path_taken":["M","?","?","M","?","R","$","E"],"items_purchased_type":["Relic","Card"],"build_version":"2020-12-22","purchased_purges":0,"victory":false,"max_hp_per_floor":[71,71,71,71,71,71,71,71,71],"card_choices":[{"not_picked":["Stack","Reinforced Body"],"picked":"Streamline","floor":1},{"not_picked":["Stack","Compile Driver"],"picked":"Hologram","floor":3},{"not_picked":["Redo","Crystallizer"],"picked":"Gash","floor":4}],"player_experience":674636,"relics_obtained":[],"event_choices":[{"damage_healed":0,"gold_gain":275,"player_choice":"Desecrate","damage_taken":0,"max_hp_gain":0,"max_hp_loss":0,"event_name":"Golden Shrine","floor":2,"gold_loss":0,"cards_obtained":["Regret"]}],"is_beta":false,"boss_relics":[],"items_purged_floors":[],"is_endless":false,"potions_floor_spawned":[1],"killed_by":"Gremlin Nob","ascension_level":20}}