{"host":"iq8y45rd2spacc1d","time":1611235107,"event":{"mods":["Aspiration","BaseMod","DeckTracker","GifTheSpireLib","Halation","Hermit","Hubris","Infinite Spire","Minty Spire (QoL Compilation)","Replay The Spire","StSLib","The Bug Knight","The Cursed","The Disciple"],"gold_per_floor":[110,110,110,126,150,185,185,185,185],"floor_reached":8,"language":"ENG","playtime":732,"items_purged":[],"score":64,"play_id":"c68e0551-1974-4861-9308-741316a4af86","local_time":"20210121141827","is_ascension_mode":true,"campfire_choices":[],"circlet_count":0,"master_deck":["Strike_Br","Strike_Br","Strike_Br","Strike_Br","Defend_Br","Defend_Br","Defend_Br+1","Defend_Br","SecondHand","PatternShift","ReapSow","AlternateTimeline","LockedThread","Allegro"],"relics":["Chronometer","NeowsBlessing","Golden Idol","Bronze Scales","halation:PromiseList"],"acts_visited":["Exordium"],"potions_floor_usage":[],"damage_taken":[{"damage":0.0,"enemies":"2 Louse","floor":1.0,"turns":1.0},{"damage":0.0,"enemies":"Jaw Worm","floor":4.0,"turns":1.0},{"damage":0.0,"enemies":"Small Slimes","floor":5.0,"turns":2.0},{"damage":11,"enemies":"HollowMod:MossKnight","floor":6,"turns":12},{"damage":31,"enemies":"3 Sentries","floor":8,"turns":9}],"seed_played":"3220393213857332050","potions_obtained":[],"is_trial":false,"path_per_floor":["M","?","?","M","M","E","?","E"],"character_chosen":"CHRONO_CLASS","items_purchased":[],"campfire_rested":0,"item_purchase_floors":[],"current_hp_per_floor":[65,65,49,49,49,38,31,0,0],"gold":185,"neow_bonus":"THREE_ENEMY_KILL","is_daily":false,"chose_seed":false,"campfire_upgraded":0,"win_rate":0.0,"timestamp":1611235107,"path_taken":["M","?","?","?","M","E","?","E"],"items_purchased_type":[],"build_version":"2020-12-22","purchased_purges":0,"victory":false,"max_hp_per_floor":[65,65,65,65,65,65,65,65,65],"card_choices":[{"not_picked":["Engulf","TiringSlam"],"picked":"ReapSow","floor":1.0},{"not_picked":["WakeUpCall","LockedScales"],"picked":"AlternateTimeline","floor":4.0},{"not_picked":["Echoward","Stagnate"],"picked":"LockedThread","floor":5.0},{"not_picked":["Keepsakes","Cuckoo"],"picked":"Tempo","floor":6}],"player_experience":332067,"relics_obtained":[{"floor":6,"key":"Bronze Scales"}],"event_choices":[{"damage_healed":0.0,"max_hp_gain":0.0,"max_hp_loss":0.0,"gold_gain":0.0,"event_name":"Golden Idol","player_choice":"Take Damage","floor":3.0,"gold_loss":0.0,"damage_taken":16.0,"relics_obtained":["Golden Idol"]},{"damage_healed":0,"gold_gain":0,"player_choice":"Success","damage_taken":7,"relics_obtained":["halation:PromiseList"],"max_hp_gain":0,"max_hp_loss":0,"event_name":"Scrap Ooze","floor":7,"gold_loss":0}],"is_beta":false,"boss_relics":[],"items_purged_floors":[],"is_endless":false,"potions_floor_spawned":[],"killed_by":"3 Sentries","ascension_level":3}}