{"host":"foq4mrde4mssg7vt","time":1611221047,"event":{"mods":["AchievementEnabler","BaseMod","Colored Map","Colored Powertips","Highlight Path","Minty Spire (QoL Compilation)","Relic Stats","everything is the same but u backflip on backflip"],"gold_per_floor":[109,125,145,145,163,163,67,83,83,118,141,141,141,174,174,174,174],"floor_reached":16,"language":"ENG","playtime":443,"items_purged":[],"score":218,"play_id":"d00b923e-c410-4d1c-83d3-e1ddf46ebbbc","local_time":"20210121172407","is_ascension_mode":true,"campfire_choices":[{"data":"Uppercut","floor":6.0,"key":"SMITH"},{"data":"Feed","floor":12.0,"key":"SMITH"},{"data":"Iron Wave","floor":15.0,"key":"SMITH"}],"circlet_count":0,"master_deck":["AscendersBane","Strike_R","Strike_R","Strike_R","Strike_R","Strike_R","Defend_R","Defend_R","Defend_R","Defend_R","Bash","Uppercut+1","Twin Strike+1","Sword Boomerang","Dropkick","Cleave","Ghostly Armor","Iron Wave+1","Feed+1","Burning Pact"],"relics":["Burning Blood","Mango","Golden Idol","Lantern","Nunchaku","Bottled Lightning"],"acts_visited":["Exordium"],"potions_floor_usage":[16],"damage_taken":[{"damage":9.0,"enemies":"Small Slimes","floor":1.0,"turns":4.0},{"damage":3.0,"enemies":"2 Louse","floor":2.0,"turns":4.0},{"damage":6.0,"enemies":"Cultist","floor":3.0,"turns":3.0},{"damage":11.0,"enemies":"Looter","floor":5.0,"turns":2.0},{"damage":0.0,"enemies":"2 Fungi Beasts","floor":8.0,"turns":2.0},{"damage":14.0,"enemies":"Gremlin Nob","floor":10.0,"turns":4.0},{"damage":4.0,"enemies":"Red Slaver","floor":11.0,"turns":2.0},{"damage":20.0,"enemies":"3 Sentries","floor":14.0,"turns":8.0},{"damage":65,"enemies":"Hexaghost","floor":16,"turns":11}],"seed_played":"-401477343362204258","potions_obtained":[{"floor":2.0,"key":"Block Potion"},{"floor":3.0,"key":"Block Potion"}],"is_trial":false,"path_per_floor":["M","M","M","?","M","R","$","M","T","E","M","R","?","E","R","B"],"character_chosen":"IRONCLAD","items_purchased":["Cleave","Ghostly Armor"],"campfire_rested":0,"item_purchase_floors":[7,7],"current_hp_per_floor":[79,82,82,74,69,69,69,74,74,66,68,68,68,58,58,0,0],"gold":174,"neow_bonus":"ONE_RARE_RELIC","is_daily":false,"chose_seed":false,"campfire_upgraded":3,"win_rate":0.0,"timestamp":1611221047,"path_taken":["M","M","M","?","M","R","$","M","T","E","M","R","?","E","R","BOSS"],"items_purchased_type":["Card","Card"],"build_version":"2020-12-22","purchased_purges":0,"victory":false,"max_hp_per_floor":[82,82,82,74,74,74,74,74,74,74,74,74,74,78,78,78,78],"relic_stats":{"Nunchaku":[4],"counters":[9,40],"Golden Idol":26,"obtain_stats":[{"Lantern":9,"Nunchaku":10,"Golden Idol":4,"Mango":0,"Bottled Lightning":14,"Burning Blood":0},{"Lantern":5,"Nunchaku":6,"Golden Idol":3,"Mango":0,"Bottled Lightning":8,"Burning Blood":0},{"Lantern":15,"Nunchaku":19,"Golden Idol":11,"Mango":0,"Bottled Lightning":29,"Burning Blood":0}],"Burning Blood":47},"card_choices":[{"not_picked":["Flex","Wild Strike"],"picked":"Uppercut","floor":1.0},{"not_picked":["Flex","Heavy Blade"],"picked":"Twin Strike","floor":2.0},{"not_picked":["Clothesline","Wild Strike"],"picked":"Sword Boomerang","floor":3.0},{"not_picked":["Perfected Strike","Warcry"],"picked":"Dropkick","floor":5.0},{"not_picked":["Anger","Power Through"],"picked":"Iron Wave","floor":8.0},{"not_picked":["Havoc","Body Slam","Iron Wave"],"picked":"SKIP","floor":10.0},{"not_picked":["Pommel Strike","Searing Blow"],"picked":"Feed","floor":11.0},{"not_picked":["Brutality","Havoc"],"picked":"Burning Pact","floor":14.0}],"player_experience":525315,"relics_obtained":[{"floor":9.0,"key":"Lantern"},{"floor":10.0,"key":"Nunchaku"},{"floor":14.0,"key":"Bottled Lightning"}],"event_choices":[{"damage_healed":0.0,"max_hp_gain":0.0,"max_hp_loss":8.0,"gold_gain":0.0,"event_name":"Golden Idol","player_choice":"Lose Max HP","floor":4.0,"gold_loss":0.0,"damage_taken":0.0,"relics_obtained":["Golden Idol"]},{"damage_healed":0.0,"max_hp_gain":0.0,"max_hp_loss":0.0,"gold_gain":0.0,"event_name":"Living Wall","player_choice":"Grow","floor":13.0,"gold_loss":0.0,"damage_taken":0.0,"cards_upgraded":["Twin Strike"]}],"is_beta":false,"boss_relics":[],"items_purged_floors":[],"is_endless":false,"potions_floor_spawned":[2,3,5],"killed_by":"Hexaghost","ascension_level":19}}