{"host":"465m78bh87h7wxsp","time":1611238216,"event":{"mods":["ATMod(阿瑾Mod)","Act Like it!","Alarm Clock","Aspiration","BaseMod","Better Debug","CapriCore","Decade(王小明)","Gensokyo","GungeonMod","Hallownest","Hermit","HololiveMod","Infinite Spire","Jorbs\u0027s Wanderer Trilogy","KinomotoSakuraMod(木之本樱)","Koishi","KomeijiMod","Lobotomy","LobotomyExtend","Marisa（F雨　魔理沙）","Minty Spire (QoL Compilation)","MostiFishMod","Red Circlet Mod","Reimu（博丽灵梦）","Replay The Spire","RumiaBox-露米娅的神秘盒子","Ryuuou龙王","SOS（斯巴达之子）","Shop Mod","Spicy Shops","StSLib","TestMod","The Administrix","The Animator","The Bug Knight","The Cursed","The Hierophant","The Immortal","The Senshi","The Servant 0.9.4","Uncapped","Waifu the Spire","WarShipGirlsR/战舰少女R mod","Yakumo Yukari mod","Youmu（魂魄妖梦）","Yuyuko","[IsaacMod]以撒尖塔","noobMod","vexMod","【功能Mod】混沌之环修复补丁","【功能Mod】聪明的最终Boss","【遗物卡牌】REMEMod"],"gold_per_floor":[116,116,130,147,147,147,200,223,223,283,320,347,347,382,382,507,507,528,508,608,636,669,720,720,60,60,96,115,115,44,51,51],"floor_reached":31,"language":"ZHS","playtime":1104,"items_purged":["HollowMod:SoulStrike","HollowMod:CornifersMapStart"],"score":412,"play_id":"570f8015-776b-454f-bb74-029968469386","local_time":"20210121221016","is_ascension_mode":true,"campfire_choices":[{"floor":6,"key":"RECALL"},{"data":"AT_EmpoweredMortalDraw","floor":15,"key":"SMITH"}],"circlet_count":0,"master_deck":["HollowMod:NailStrikeStart","HollowMod:NailStrikeStart","HollowMod:NailStrikeStart","HollowMod:NailStrikeStart","HollowMod:QuickDashStart","HollowMod:QuickDashStart","HollowMod:QuickDashStart","HollowMod:QuickDashStart","HollowMod:FocusHealStart","HollowMod:PogoStrike","AT_EmpoweredMortalDraw+1","MostiFishMod:SephirahHod+1","HollowMod:VengefulVoid","Wellcheers","HollowMod:VoidDash","HollowMod:SharpenedShadows","HollowMod:AbyssShriek","Murderer","HollowMod:SiblingsSouls","HollowMod:FallenFury","testmod-Automaton","HollowMod:theNailsmith","HollowMod:WraithStrike","HollowMod:LordofShades","HollowMod:SiblingsShadow+1","DoctorFetus","HollowMod:SiblingsSouls","HollowMod:WraithStrike","HollowMod:VengefulVoid","HollowMod:VengefulVoid","OSAHOGD","HollowMod:BlackTendrils+1"],"relics":["HollowMod:VesselMask","DaveBox","ice","testmod-TestBox","AT_ATBox","REME_ComplimentaryCards","testmod-TheFather","SalivaCoin","MostiFishMod:Hod","CogitoBucket","SynthV:TestCard","LetterFromLob","vexMod:ScavengeHelm","GuppysHead","Odd Mushroom","Ring of Chaos","SatanicBible","Moonlight_r","InspiredRelic","MagicBullet_r","Amita_r","HollowMod:IsmasTear","Hallownest:NailmastersGloryRelic","aspiration:Lifesprig","Boot","YumHeart","Golden Egg","DemoMod:GlassGuonStoneRelic","AT_GoldPhoenixTree","Juzu Bracelet"],"acts_visited":["Exordium","Hallownest:CityofTears"],"potions_floor_usage":[10,11,16,16,16],"damage_taken":[{"damage":0,"enemies":"Small Slimes","floor":1,"turns":1},{"damage":0,"enemies":"Jaw Worm","floor":3,"turns":1},{"damage":0,"enemies":"Cultist","floor":4,"turns":1},{"damage":21,"enemies":"Lagavulin","floor":7,"turns":4},{"damage":6,"enemies":"3 Louse","floor":8,"turns":2},{"damage":20,"enemies":"Gremlin Gang","floor":10,"turns":3},{"damage":0,"enemies":"3 Sentries","floor":11,"turns":2},{"damage":14,"enemies":"Exordium Thugs","floor":12,"turns":2},{"damage":8,"enemies":"The Mushroom Lair","floor":14,"turns":2},{"damage":12,"enemies":"Hexaghost","floor":16,"turns":4},{"damage":0,"enemies":"Hallownest:Guard_and_Sentry","floor":21,"turns":1},{"damage":0,"enemies":"Hallownest:2_Mistakes","floor":22,"turns":2},{"damage":7,"enemies":"Hallownest:eliteWatcherKnight","floor":23,"turns":6},{"damage":6,"enemies":"Hallownest:Nosk","floor":27,"turns":4},{"damage":0,"enemies":"Hallownest:Warrior_and_Youth","floor":28,"turns":1},{"damage":22,"enemies":"Hallownest:3_Mistakes","floor":31,"turns":1}],"seed_played":"-4278087848752608721","potions_obtained":[{"floor":1,"key":"ZuzhouPotion:ReiMu"},{"floor":3,"key":"Energy Potion"},{"floor":8,"key":"PowerPotion"},{"floor":12,"key":"PowerPotion"},{"floor":14,"key":"Dexterity Potion"},{"floor":22,"key":"AttackPotion"},{"floor":28,"key":"JyouchiReiPotion"}],"is_trial":false,"path_per_floor":["M","?","M","M","?","R","E","M","T","M","E","M","?","?","R","B",null,"M","?","?","M","M","E","?","$","T","E","M","?","$","M"],"character_chosen":"THE_BUGKNIGHT","items_purchased":["SatanicBible","HollowMod:SiblingsShadow","aspiration:Lifesprig","Boot","YumHeart","HollowMod:BlackTendrils"],"campfire_rested":0,"item_purchase_floors":[17,17,25,25,25,30],"current_hp_per_floor":[75,75,75,75,75,75,57,51,51,37,37,26,26,30,30,18,58,37,37,37,37,26,25,25,28,28,22,22,22,22,0,0],"gold":51,"neow_bonus":"","is_daily":false,"chose_seed":false,"campfire_upgraded":1,"win_rate":0.0,"timestamp":1611238216,"path_taken":["M","?","M","M","?","R","E","?","T","M","E","M","?","?","R","BOSS","M","?","?","?","M","E","?","$","T","E","?","?","?","M"],"items_purchased_type":["Relic","Card","Relic","Relic","Relic","Card"],"build_version":"2020-12-22","purchased_purges":2,"victory":false,"max_hp_per_floor":[75,75,75,75,75,75,75,75,75,75,75,75,75,75,75,75,58,53,53,53,53,26,28,28,28,28,29,31,31,31,31,31],"card_choices":[{"not_picked":[],"picked":"DoctorFetus","floor":0},{"not_picked":["Murderer","OldLady","Rudolta"],"picked":"Singing Bowl","floor":1},{"not_picked":["HollowMod:DoubleDash","HollowMod:CloakDash"],"picked":"HollowMod:SoulStrike","floor":1},{"not_picked":["QueenOfHatred","UniverseFragment","MeatLantern"],"picked":"Singing Bowl","floor":3},{"not_picked":["HollowMod:SharpenedNail","HollowMod:GrimmsGift","HollowMod:RecoilStrike","HollowMod:WraithStrike"],"picked":"HollowMod:VengefulVoid","floor":3},{"not_picked":["BigBird","CrumblingArmor","DreamingCurrent"],"picked":"Singing Bowl","floor":4},{"not_picked":["HappyTeddy","QueenOfHatred"],"picked":"Wellcheers","floor":4},{"not_picked":["HollowMod:InfectedAttack","HollowMod:ChannelNail","HollowMod:HeavyBlow","HollowMod:NewJinnsSoul"],"picked":"HollowMod:VoidDash","floor":4},{"not_picked":["QueenOfHatred","LongBird","BlackSwan"],"picked":"Singing Bowl","floor":7},{"not_picked":["HollowMod:BrokenVessel","HollowMod:Weaversong","HollowMod:MonarchWings","HollowMod:DashSlash"],"picked":"HollowMod:SharpenedShadows","floor":7},{"not_picked":["Woodsman","RedShoes","Mercenary"],"picked":"Singing Bowl","floor":8},{"not_picked":["HollowMod:HeavyBlow","HollowMod:DesolateDive","HollowMod:SoulSplash","HollowMod:Grubsong","HollowMod:Weaversong"],"picked":"SKIP","floor":8},{"not_picked":["WallGazer","ShyLook","VoidDream"],"picked":"Singing Bowl","floor":10},{"not_picked":["HollowMod:ChannelNail","HollowMod:NewJinnsSoul","HollowMod:WraithStrike","HollowMod:DescendingDark"],"picked":"HollowMod:AbyssShriek","floor":10},{"not_picked":["CrumblingArmor","SpiderBud","CherryBlossoms"],"picked":"Singing Bowl","floor":11},{"not_picked":["HollowMod:HornetsHelp","HollowMod:SoulSplash","HollowMod:Grubsong","HollowMod:SoulShaman","HollowMod:CoiledNail"],"picked":"SKIP","floor":11},{"not_picked":["MeatLantern","Freischutz","PunishingBird"],"picked":"Singing Bowl","floor":12},{"not_picked":["GreedKing","CherryBlossoms"],"picked":"Murderer","floor":12},{"not_picked":["HollowMod:HowlingWraiths","HollowMod:CoiledNail","HollowMod:InfectedAttack","HollowMod:SlysStrikes"],"picked":"HollowMod:SiblingsSouls","floor":12},{"not_picked":["LongBird","VoidDream","WhiteNight"],"picked":"Singing Bowl","floor":14},{"not_picked":["HollowMod:InfectedCysts","HollowMod:MantisMark","HollowMod:ZotesMagnificence","HollowMod:TaintedHusks"],"picked":"HollowMod:WraithStrike","floor":14},{"not_picked":["Alriune","MHz","DreamingCurrent"],"picked":"Singing Bowl","floor":16},{"not_picked":["HollowMod:SoulMaster","HollowMod:theNailsmith","HollowMod:ZotesMagnificence","HollowMod:NewInfectedGuardian"],"picked":"HollowMod:LordofShades","floor":16},{"not_picked":[],"picked":"HollowMod:CornifersMapStart","floor":19},{"not_picked":["HollowMod:VengefulSpirit","HollowMod:SoulStrike+1","HollowMod:DoubleDash","HollowMod:DungDefenderAura"],"picked":"HollowMod:SiblingsSouls","floor":20},{"not_picked":["GalaxyChild","PunishingBird","BeautyBeast"],"picked":"Singing Bowl","floor":21},{"not_picked":["HollowMod:DesolateDive","HollowMod:CrystalDash","HollowMod:DoubleDash","HollowMod:CornifersMapStart+1"],"picked":"HollowMod:WraithStrike","floor":21},{"not_picked":["Alriune","OldLady","CherryBlossoms"],"picked":"Singing Bowl","floor":22},{"not_picked":["HollowMod:DashSlash+1","HollowMod:InfectedCysts","HollowMod:SiblingsSouls+1","HollowMod:GoodIntentions+1"],"picked":"HollowMod:VengefulVoid","floor":22},{"not_picked":["ShyLook","MeatLantern","QueenBee"],"picked":"Singing Bowl","floor":23},{"not_picked":["HollowMod:InfectedAttack","HollowMod:BaldurShell+1","HollowMod:CornifersMapStart","HollowMod:LifebloodCocoon"],"picked":"HollowMod:VengefulVoid","floor":23},{"not_picked":["FieryBird","SpiderBud","SnowQueen"],"picked":"Singing Bowl","floor":27},{"not_picked":["HollowMod:MonomonsArchive","HollowMod:AwokenDreamNail","HollowMod:ChannelNail+1","HollowMod:HeavyBlow","HollowMod:CornifersMapStart"],"picked":"SKIP","floor":27},{"not_picked":["NothingThere","PunishingBird","VoidDream"],"picked":"Singing Bowl","floor":28},{"not_picked":["Scorched","HappyTeddy"],"picked":"OSAHOGD","floor":28},{"not_picked":["HollowMod:SoulStrike","HollowMod:MantisMark","HollowMod:HowlingWraiths","HollowMod:Grubsong","HollowMod:BrokenVessel"],"picked":"SKIP","floor":28}],"player_experience":38622,"relics_obtained":[{"floor":1,"key":"SynthV:TestCard"},{"floor":1,"key":"LetterFromLob"},{"floor":7,"key":"vexMod:ScavengeHelm"},{"floor":11,"key":"GuppysHead"},{"floor":14,"key":"Odd Mushroom"},{"floor":23,"key":"HollowMod:IsmasTear"},{"floor":26,"key":"Golden Egg"},{"floor":27,"key":"AT_GoldPhoenixTree"}],"event_choices":[{"damage_healed":0,"gold_gain":0,"player_choice":"3 cards matched","damage_taken":0,"max_hp_gain":0,"max_hp_loss":0,"event_name":"Match and Keep!","floor":13,"gold_loss":0,"cards_obtained":["HollowMod:FallenFury","testmod-Automaton","HollowMod:theNailsmith"]},{"damage_healed":0,"gold_gain":0,"player_choice":"Fought Mushrooms","damage_taken":0,"max_hp_gain":0,"max_hp_loss":0,"event_name":"Mushrooms","floor":14,"gold_loss":0},{"damage_healed":0,"gold_gain":0,"player_choice":"Swap Relic","damage_taken":0,"relics_obtained":["Juzu Bracelet"],"max_hp_gain":0,"max_hp_loss":0,"event_name":"给自己的盒子","floor":29,"relics_lost":["HushsDoor"],"gold_loss":0}],"is_beta":false,"boss_relics":[{"not_picked":["GreenFoldingFan","testmod-HarvestTotem"],"picked":"Ring of Chaos"},{"not_picked":[]}],"items_purged_floors":[17,25],"is_endless":false,"potions_floor_spawned":[1,3,8,12,14,22,28],"killed_by":"Hallownest:3_Mistakes","ascension_level":4}}