{"host":"aqym1xxr3lb31d9m","time":1611235045,"event":{"mods":["BaseMod","Block Reminder","Colored Map","Colored Powertips","DeckTracker","Highlight Path","Minty Spire (QoL Compilation)","Quick Restart","Random Character Button","StSLib","SuperFastMode","UnlockEverythingMod"],"gold_per_floor":[118,134,21,21,36,36,70,70,70,103,103,103,134,134,134,230,230,253,253,273,294,294,338,253,253,253,294,34,34,87,105,105,212,212,244,244,244,271,311,358,384,417,470,479,532,532,865,865,865,865,865],"floor_reached":50,"language":"JPN","playtime":1786,"items_purged":[],"score":1219,"play_id":"805feb79-488a-4ea9-a6d3-b49d6f59aff4","local_time":"20210121221725","is_ascension_mode":true,"campfire_choices":[{"data":"Uppercut","floor":6,"key":"SMITH"},{"floor":12,"key":"REST"},{"data":"Perfected Strike","floor":15,"key":"SMITH"},{"data":"Disarm","floor":25,"key":"SMITH"},{"data":"Apotheosis","floor":29,"key":"SMITH"},{"data":"Metallicize","floor":32,"key":"SMITH"},{"floor":46,"key":"RECALL"},{"floor":49,"key":"REST"}],"circlet_count":0,"master_deck":["AscendersBane","Strike_R","Strike_R","Strike_R","Strike_R","Strike_R","Defend_R","Defend_R","Defend_R","Defend_R","Bash","Perfected Strike+1","Hemokinesis","True Grit","Uppercut+1","Disarm+1","Reaper","Immolate","Perfected Strike","Shrug It Off+1","Immolate","Uppercut+1","Rage+1","Apotheosis+1","Metallicize+1","Spot Weakness","Double Tap","Headbutt","Fire Breathing","Pommel Strike+1","Shrug It Off","Burning Pact","Feel No Pain","Burning Pact"],"relics":["Burning Blood","StoneCalendar","TungstenRod","CultistMask","Ornamental Fan","Meat on the Bone","Juzu Bracelet","Velvet Choker","InkBottle","Happy Flower","Pear","CeramicFish","Tiny Chest","Mark of Pain","Molten Egg 2","Charon\u0027s Ashes","Letter Opener","Vajra","Question Card"],"acts_visited":["Exordium","TheCity","TheBeyond"],"potions_floor_usage":[3,11,18,23,30,33,40],"damage_taken":[{"damage":8,"enemies":"Cultist","floor":1,"turns":5},{"damage":7,"enemies":"2 Louse","floor":2,"turns":3},{"damage":1,"enemies":"Small Slimes","floor":5,"turns":3},{"damage":48,"enemies":"Gremlin Nob","floor":7,"turns":5},{"damage":26,"enemies":"Lagavulin","floor":10,"turns":6},{"damage":6,"enemies":"Exordium Thugs","floor":11,"turns":2},{"damage":31,"enemies":"Gremlin Nob","floor":13,"turns":4},{"damage":31,"enemies":"Hexaghost","floor":16,"turns":10},{"damage":7,"enemies":"Chosen","floor":18,"turns":3},{"damage":28,"enemies":"2 Thieves","floor":20,"turns":3},{"damage":32,"enemies":"Snake Plant","floor":21,"turns":4},{"damage":24,"enemies":"Slavers","floor":23,"turns":5},{"damage":1,"enemies":"Gremlin Leader","floor":27,"turns":3},{"damage":19,"enemies":"Book of Stabbing","floor":30,"turns":4},{"damage":1,"enemies":"Snecko","floor":31,"turns":3},{"damage":46,"enemies":"Champ","floor":33,"turns":11},{"damage":3,"enemies":"Orb Walker","floor":35,"turns":2},{"damage":9,"enemies":"3 Darklings","floor":38,"turns":5},{"damage":10,"enemies":"Mind Bloom Boss Battle","floor":39,"turns":7},{"damage":23,"enemies":"Reptomancer","floor":40,"turns":4},{"damage":14,"enemies":"Maw","floor":42,"turns":6},{"damage":41,"enemies":"Giant Head","floor":45,"turns":7},{"damage":61,"enemies":"Time Eater","floor":50,"turns":11}],"seed_played":"-5442281048313036512","potions_obtained":[{"floor":1,"key":"Fruit Juice"},{"floor":5,"key":"SmokeBomb"},{"floor":10,"key":"Weak Potion"},{"floor":16,"key":"ColorlessPotion"},{"floor":20,"key":"Energy Potion"},{"floor":21,"key":"BloodPotion"},{"floor":27,"key":"LiquidMemories"},{"floor":30,"key":"ColorlessPotion"},{"floor":33,"key":"Weak Potion"},{"floor":39,"key":"ColorlessPotion"},{"floor":42,"key":"BlessingOfTheForge"}],"is_trial":false,"path_per_floor":["M","M","$","?","M","R","E","?","T","E","M","R","E","?","R","B",null,"M","?","M","M","?","E","?","R","T","E","$","R","E","M","R","B",null,"M","?","?","M","?","E","T","M","T","?","E","R","?","?","R","B"],"character_chosen":"IRONCLAD","items_purchased":["Hemokinesis","True Grit","Apotheosis","Metallicize"],"campfire_rested":2,"item_purchase_floors":[3,3,28,28],"current_hp_per_floor":[66,65,70,70,72,72,30,30,30,10,22,43,30,30,30,23,58,63,63,51,37,37,35,35,35,45,50,50,50,71,76,76,46,71,74,74,74,79,75,58,58,55,55,55,38,38,38,38,61,0,0],"gold":865,"neow_bonus":"ONE_RARE_RELIC","is_daily":false,"chose_seed":false,"campfire_upgraded":5,"win_rate":0.0,"timestamp":1611235045,"path_taken":["M","?","$","?","M","R","E","?","T","E","M","R","E","?","R","BOSS","M","?","M","M","?","E","?","R","T","E","$","R","E","M","R","BOSS","M","?","?","M","?","E","?","M","T","?","E","R","?","?","R","BOSS"],"items_purchased_type":["Card","Card","Card","Card"],"build_version":"2020-12-22","purchased_purges":0,"victory":false,"max_hp_per_floor":[75,75,80,72,72,72,72,72,72,72,72,72,72,69,69,69,69,69,69,69,69,69,69,69,69,79,79,79,79,79,79,79,79,79,79,79,79,79,79,79,79,79,79,79,79,79,79,79,79,79,79],"card_choices":[{"not_picked":["Dual Wield","Flex"],"picked":"Perfected Strike","floor":1},{"not_picked":["True Grit","Clash"],"picked":"Wild Strike","floor":2},{"not_picked":["Seeing Red","Havoc"],"picked":"Uppercut","floor":5},{"not_picked":["Clothesline","Rage"],"picked":"Disarm","floor":7},{"not_picked":["Dual Wield","Armaments"],"picked":"Reaper","floor":13},{"not_picked":["Reaper","Impervious"],"picked":"Immolate","floor":16},{"not_picked":["Armaments","Entrench+1"],"picked":"Perfected Strike","floor":18},{"not_picked":["Anger","Headbutt+1"],"picked":"Shrug It Off+1","floor":20},{"not_picked":["Clothesline","Thunderclap"],"picked":"Immolate","floor":21},{"not_picked":["Immolate","Rupture"],"picked":"Rage+1","floor":23},{"not_picked":["Second Wind","Body Slam","Heavy Blade"],"picked":"SKIP","floor":27},{"not_picked":["Inflame","Combust"],"picked":"Spot Weakness","floor":30},{"not_picked":["Wild Strike","Bloodletting","Thunderclap"],"picked":"SKIP","floor":31},{"not_picked":["Exhume","Juggernaut"],"picked":"Double Tap","floor":33},{"not_picked":["Second Wind+1","Rage"],"picked":"Headbutt","floor":35},{"not_picked":["True Grit","Cleave+1"],"picked":"Fire Breathing","floor":38},{"not_picked":["Dual Wield","Clash+1"],"picked":"Pommel Strike+1","floor":39},{"not_picked":["Whirlwind+1","Anger+1"],"picked":"Shrug It Off","floor":40},{"not_picked":["Iron Wave+1","Pommel Strike+1"],"picked":"Burning Pact","floor":42},{"not_picked":["Reckless Charge+1","Ghostly Armor+1"],"picked":"Burning Pact","floor":45}],"player_experience":3961165,"relics_obtained":[{"floor":7,"key":"TungstenRod"},{"floor":9,"key":"Ornamental Fan"},{"floor":10,"key":"Meat on the Bone"},{"floor":13,"key":"Juzu Bracelet"},{"floor":23,"key":"InkBottle"},{"floor":26,"key":"Pear"},{"floor":27,"key":"CeramicFish"},{"floor":30,"key":"Tiny Chest"},{"floor":39,"key":"Charon\u0027s Ashes"},{"floor":40,"key":"Letter Opener"},{"floor":41,"key":"Vajra"},{"floor":45,"key":"Question Card"}],"event_choices":[{"damage_healed":0,"gold_gain":0,"player_choice":"Lose Max HP","damage_taken":0,"relics_obtained":["Golden Idol"],"max_hp_gain":0,"max_hp_loss":8,"event_name":"Golden Idol","floor":4,"gold_loss":0},{"damage_healed":0,"gold_gain":0,"player_choice":"Trade","damage_taken":0,"relics_obtained":["CultistMask"],"max_hp_gain":0,"max_hp_loss":0,"event_name":"FaceTrader","floor":8,"gold_loss":0},{"cards_removed":["Parasite"],"damage_healed":0,"gold_gain":0,"player_choice":"Purged","damage_taken":0,"max_hp_gain":0,"max_hp_loss":0,"event_name":"Purifier","floor":14,"gold_loss":0},{"damage_healed":0,"gold_gain":0,"player_choice":"Ignored","damage_taken":0,"max_hp_gain":0,"max_hp_loss":0,"event_name":"Vampires","floor":19,"gold_loss":0},{"damage_healed":0,"gold_gain":0,"player_choice":"Copied","damage_taken":0,"max_hp_gain":0,"max_hp_loss":0,"event_name":"Duplicator","floor":22,"gold_loss":0,"cards_obtained":["Uppercut"]},{"damage_healed":0,"gold_gain":0,"player_choice":"Obtained Relic","damage_taken":0,"relics_obtained":["Happy Flower"],"max_hp_gain":0,"max_hp_loss":0,"event_name":"Addict","floor":24,"gold_loss":85},{"cards_removed":["Wild Strike"],"damage_healed":0,"gold_gain":0,"player_choice":"Removed Attack","damage_taken":0,"max_hp_gain":0,"max_hp_loss":0,"event_name":"Falling","floor":36,"gold_loss":0},{"damage_healed":0,"gold_gain":0,"player_choice":"Gave Potion","damage_taken":0,"relics_obtained":["Molten Egg 2"],"max_hp_gain":0,"max_hp_loss":0,"event_name":"WeMeetAgain","floor":37,"gold_loss":0},{"damage_healed":0,"gold_gain":0,"player_choice":"Fight","damage_taken":0,"max_hp_gain":0,"max_hp_loss":0,"event_name":"MindBloom","floor":39,"gold_loss":0},{"damage_healed":0,"gold_gain":0,"player_choice":"1 cards matched","damage_taken":0,"max_hp_gain":0,"max_hp_loss":0,"event_name":"Match and Keep!","floor":44,"gold_loss":0,"cards_obtained":["Feel No Pain"]},{"damage_healed":0,"gold_gain":0,"player_choice":"1 cards matched","damage_taken":0,"max_hp_gain":0,"max_hp_loss":0,"event_name":"Match and Keep!","floor":44,"gold_loss":0,"cards_obtained":["Feel No Pain"]},{"damage_healed":0,"gold_gain":333,"player_choice":"Gave Idol","damage_taken":0,"max_hp_gain":0,"max_hp_loss":0,"event_name":"The Moai Head","floor":47,"relics_lost":["Golden Idol"],"gold_loss":0},{"damage_healed":0,"gold_gain":0,"player_choice":"Got Potions","damage_taken":0,"max_hp_gain":0,"max_hp_loss":0,"event_name":"Lab","floor":48,"gold_loss":0}],"is_beta":false,"boss_relics":[{"not_picked":["Black Star","Empty Cage"],"picked":"Velvet Choker"},{"not_picked":["Tiny House","Sozu"],"picked":"Mark of Pain"}],"items_purged_floors":[],"is_endless":false,"potions_floor_spawned":[1,5,10,16,20,21,27,30,33,39,42,45],"killed_by":"Time Eater","ascension_level":20}}