{"host":"y56d1fjpgcjsodvy","time":1611231613,"event":{"mods":["Arknights The Spire","BaseMod","Colored Powertips","GifTheSpireLib","Highlight Path","Minty Spire (QoL Compilation)","StSLib","SuperFastMode","everything is the same but u backflip on backflip"],"gold_per_floor":[111,124,139,64,64,64,91,91,91,91,105,122,122,142,142,241,241,259,279,88,106,106,106,106,106],"floor_reached":24,"language":"KOR","playtime":1094,"items_purged":["ats:Strike V","ats:Strike C"],"score":248,"play_id":"1649a29d-6c75-4ef3-9edf-72d5185ff328","local_time":"20210121212013","is_ascension_mode":false,"campfire_choices":[{"data":"ats:Chain Hook","floor":6,"key":"SMITH"},{"data":"ats:Neurotoxin","floor":15,"key":"SMITH"},{"data":"ats:Revitalization","floor":23,"key":"SMITH"}],"circlet_count":0,"master_deck":["ats:Strike G","ats:Strike S","ats:Armor Crushing Shot","ats:Defend","ats:Defend","ats:Defend","ats:Defend","ats:Emotion Absorption","ats:Chain Hook+1","ats:Shadow Raid","ats:Curse Doll","ats:Neurotoxin+1","ats:Apocalypse","ats:Rat Pack","Flash of Steel","ats:Revitalization+1"],"relics":["ats:Sanity","ats:Originium","Question Card","Kunai","Sozu","The Courier"],"acts_visited":["Exordium","TheCity"],"potions_floor_usage":[16,16],"damage_taken":[{"damage":5,"enemies":"Cultist","floor":1,"turns":5},{"damage":1,"enemies":"Jaw Worm","floor":2,"turns":3},{"damage":5,"enemies":"Small Slimes","floor":3,"turns":4},{"damage":37,"enemies":"Lagavulin","floor":7,"turns":9},{"damage":1,"enemies":"Exordium Wildlife","floor":11,"turns":4},{"damage":9,"enemies":"3 Louse","floor":12,"turns":3},{"damage":5,"enemies":"Looter","floor":14,"turns":3},{"damage":0,"enemies":"The Guardian","floor":16,"turns":15},{"damage":32,"enemies":"3 Byrds","floor":18,"turns":8},{"damage":11,"enemies":"Shell Parasite","floor":19,"turns":12},{"damage":46,"enemies":"Shelled Parasite and Fungi","floor":21,"turns":10},{"damage":49,"enemies":"Slavers","floor":24,"turns":4}],"seed_played":"6709625584699027471","potions_obtained":[{"floor":3,"key":"FearPotion"},{"floor":14,"key":"ColorlessPotion"}],"is_trial":false,"path_per_floor":["M","M","M","$","$","R","E","?","T","$","M","M","?","M","R","B",null,"M","M","$","M","?","R","E"],"character_chosen":"DOCTOR_CLASS","items_purchased":["Flash of Steel"],"campfire_rested":0,"item_purchase_floors":[20],"current_hp_per_floor":[74,73,68,68,68,68,31,31,31,31,30,21,26,26,26,52,84,57,66,66,35,35,35,0,0],"gold":106,"neow_bonus":"TEN_PERCENT_HP_BONUS","is_daily":false,"chose_seed":false,"campfire_upgraded":3,"win_rate":0.0,"timestamp":1611231613,"path_taken":["M","M","M","?","$","R","E","?","T","$","M","?","?","M","R","BOSS","M","M","$","M","?","R","E"],"items_purchased_type":["Card"],"build_version":"2020-12-22","purchased_purges":2,"victory":false,"max_hp_per_floor":[79,79,79,79,79,79,79,79,79,79,79,79,84,84,84,84,84,84,84,84,84,84,84,84,84],"card_choices":[{"not_picked":["ats:Apocalypse","ats:Phantom"],"picked":"ats:Chain Hook","floor":1},{"not_picked":["ats:Ignite","ats:Explosion Area Strengthen"],"picked":"ats:Shadow Raid","floor":2},{"not_picked":["ats:Composite Medical Shells","ats:Revitalization"],"picked":"ats:Encircling Forest","floor":3},{"not_picked":["ats:Powerful Strike","ats:Hammer On","ats:Nebulous Foxfire"],"picked":"SKIP","floor":7},{"not_picked":["ats:Poison Spread","ats:Revitalization","ats:Blood Oath"],"picked":"ats:Neurotoxin","floor":11},{"not_picked":["ats:Leaping Hammer","ats:Hammer On","ats:Flexible Camouflage"],"picked":"ats:Apocalypse","floor":12},{"not_picked":["ats:Assault Order","ats:Powerful Strike","ats:Curse Doll","ats:Apocalypse"],"picked":"SKIP","floor":14},{"not_picked":["ats:Volcano","ats:Dogmatic Field","ats:Ambush"],"picked":"ats:Rat Pack","floor":16},{"not_picked":["ats:Shell Defense+1","ats:Healing Drone+1","ats:Apocalypse","ats:Soul Absorption+1"],"picked":"SKIP","floor":18},{"not_picked":["ats:Childhood Dance","ats:Explosion Area Strengthen+1","ats:Consecutive Shot Auto","ats:Demon Strength+1"],"picked":"SKIP","floor":19},{"not_picked":["ats:Flexible Camouflage","ats:Ignite","ats:Consecutive Shot Auto","ats:Revitalization"],"picked":"SKIP","floor":21},{"not_picked":["ats:Flexible Camouflage","ats:Ignite","ats:Consecutive Shot Auto"],"picked":"ats:Revitalization","floor":21}],"player_experience":1186954,"relics_obtained":[{"floor":7,"key":"ats:Originium"},{"floor":7,"key":"Question Card"},{"floor":9,"key":"Kunai"}],"event_choices":[{"damage_healed":0,"gold_gain":0,"cards_transformed":["ats:Encircling Forest"],"player_choice":"Transformed","damage_taken":0,"max_hp_gain":0,"max_hp_loss":0,"event_name":"Transmorgrifier","floor":8,"gold_loss":0,"cards_obtained":["ats:Curse Doll"]},{"damage_healed":0,"gold_gain":0,"player_choice":"Donut","damage_taken":0,"max_hp_gain":5,"max_hp_loss":0,"event_name":"Big Fish","floor":13,"gold_loss":0},{"damage_healed":0,"gold_gain":0,"player_choice":"Opened","damage_taken":0,"relics_obtained":["The Courier"],"max_hp_gain":0,"max_hp_loss":0,"event_name":"The Mausoleum","floor":22,"gold_loss":0}],"is_beta":false,"boss_relics":[{"not_picked":["Coffee Dripper","Runic Dome"],"picked":"Sozu"}],"items_purged_floors":[4,20],"is_endless":false,"potions_floor_spawned":[3,14,19],"killed_by":"Slavers","ascension_level":0}}