{"host":"6e4d2nejd5141r00","time":1611237497,"event":{"mods":["Act Like it!","BaseMod","Better Synergies","Better Third Choice","BetterRewards","CapriCore","Colored Map","Colored Powertips","Elementarium","Evolution","GifTheSpireLib","Infinite Spire","Minty Spire (QoL Compilation)","Pale of the Ancients","Relic Stats","Replay The Spire","StSLib","Wandering Minibosses"],"gold_per_floor":[117,133,146,146,164,203,216,216,265,292,292,292,332,388,388,516,516,537,537,552,566,566,597,597,597,597,618,618,656,656,700,700,821,821,845,858,357,378,402,402,402,402,428,471,471,471,506,506,506,506,506],"floor_reached":50,"language":"ENG","playtime":2162,"items_purged":[],"score":691,"play_id":"467a6e86-b9c2-4dd0-9c72-25f7a9b0a590","local_time":"20210121145817","is_ascension_mode":false,"campfire_choices":[{"data":"Wish","floor":8.0,"key":"SMITH"},{"data":"Eruption","floor":15.0,"key":"SMITH"},{"data":"Vigilance","floor":28.0,"key":"SMITH"},{"data":"Elementarium:IceblessedBlade","floor":32.0,"key":"SMITH"},{"data":"MasterReality","floor":40,"key":"SMITH"},{"data":"Magnetism","floor":49,"key":"SMITH"}],"circlet_count":0,"master_deck":["Strike_P","Strike_P+1","Strike_P","Strike_P","Defend_P","Defend_P","Defend_P","Defend_P","Eruption+1","Vigilance+1","Replay:BluntJabs+1","Halt","WheelKick","Wish+1","WindmillStrike","FlyingSleeves","Alpha+1","Evaluate+1","Pray+1","Prostrate+1","Trip+1","The Bomb+1","Elementarium:IceblessedBlade+1","CarveReality","Study+1","MasterReality+1","MentalFortress+1","PathToVictory+1","Doubt","FearNoEvil+1","Magnetism+1","PathToVictory+1"],"relics":["PureWater","EVO:Axolotl","NeowsBlessing","Golden Idol","Whetstone","Blood Vial","Replay:Baseball","Toxic Egg 2","Vajra","Coffee Dripper","Pantograph","infinitespire:Lychee Nut","Replay:Wax Seal","Pet Ghost","Elementarium:ElementariumTrophy","Sozu","FossilizedHelix","Juzu Bracelet","Replay:Ringing Soul","Ancient Tea Set"],"acts_visited":["Exordium","Elementarium:Elementarium","TheBeyond"],"potions_floor_usage":[38],"damage_taken":[{"damage":0.0,"enemies":"Small Slimes","floor":1.0,"turns":1.0},{"damage":0.0,"enemies":"Jaw Worm","floor":2.0,"turns":1.0},{"damage":0.0,"enemies":"2 Louse","floor":3.0,"turns":1.0},{"damage":3.0,"enemies":"2 Fungi Beasts","floor":5.0,"turns":7.0},{"damage":4.0,"enemies":"Replay:BlueRogue","floor":6.0,"turns":6.0},{"damage":2.0,"enemies":"Exordium Wildlife","floor":7.0,"turns":3.0},{"damage":0.0,"enemies":"Lagavulin","floor":13.0,"turns":4.0},{"damage":0.0,"enemies":"Fading Forest","floor":16.0,"turns":11.0},{"damage":11.0,"enemies":"Elementarium:MUD_AND_TAR_GOLEMS","floor":18.0,"turns":3.0},{"damage":28.0,"enemies":"Elementarium:VoidCorruption","floor":20.0,"turns":6.0},{"damage":13.0,"enemies":"Elementarium:STONE_GOLEMS","floor":21.0,"turns":5.0},{"damage":3.0,"enemies":"Nightmare","floor":23.0,"turns":7.0},{"damage":10.0,"enemies":"Elementarium:CYCLONE_AND_ORB_OF_FIRE","floor":27.0,"turns":5.0},{"damage":14.0,"enemies":"Elementarium:WarGolem","floor":29.0,"turns":6.0},{"damage":9.0,"enemies":"Elementarium:FIRE_NOBILITY","floor":31.0,"turns":6.0},{"damage":42,"enemies":"Elementarium:PHOENIXES","floor":33,"turns":6},{"damage":4,"enemies":"Orb Walker","floor":35,"turns":3},{"damage":0,"enemies":"3 Shapes","floor":36,"turns":2},{"damage":5,"enemies":"Jaw Worm Horde","floor":38,"turns":5},{"damage":44,"enemies":"Spire Growth","floor":39,"turns":6},{"damage":23,"enemies":"R_Hoarder","floor":44,"turns":6},{"damage":16,"enemies":"Giant Head","floor":47,"turns":7},{"damage":68,"enemies":"Awakened One","floor":50,"turns":5}],"seed_played":"4305545284559073332","potions_obtained":[{"floor":3.0,"key":"LiquidBronze"},{"floor":6.0,"key":"FearPotion"},{"floor":7.0,"key":"Venom Potion"},{"floor":13.0,"key":"BlessingOfTheForge"},{"floor":23.0,"key":"DistilledChaos"},{"floor":29.0,"key":"EssenceOfSteel"},{"floor":31.0,"key":"Swift Potion"}],"is_trial":false,"path_per_floor":["M","M","M","?","M","E","M","R","T","T","$","?","E","?","R","B",null,"M","?","M","M","?","NM","?","?","T","M","R","E","?","E","R","B",null,"M","M","$","M","M","R","?","?","T","E","?","?","E","?","R","B"],"character_chosen":"WATCHER","items_purchased":["FossilizedHelix","ReplayUltimateDefense"],"campfire_rested":0,"item_purchase_floors":[37,37],"current_hp_per_floor":[72,72,72,72,69,65,63,63,63,63,63,63,65,65,65,72,72,61,50,24,13,30,29,29,29,29,27,27,21,21,20,20,11,54,52,54,54,49,10,10,10,54,54,34,34,37,32,32,32,0,0],"gold":506,"neow_bonus":"THREE_ENEMY_KILL","is_daily":false,"chose_seed":false,"campfire_upgraded":6,"win_rate":0.0,"timestamp":1611237497,"path_taken":["M","M","M","?","M","E","M","R","T","?","$","?","E","?","R","BOSS","M","?","M","M","?","NM","?","?","T","?","R","E","?","E","R","BOSS","M","M","$","M","M","R","?","?","T","E","?","?","E","?","R","BOSS"],"items_purchased_type":["Relic","Card"],"build_version":"2020-12-22","purchased_purges":0,"victory":false,"max_hp_per_floor":[72,72,72,72,72,72,72,72,72,72,72,72,72,72,72,72,72,72,72,72,72,72,72,72,72,54,54,54,54,54,54,54,54,54,54,54,54,54,54,54,54,54,54,57,57,60,63,63,63,63,63],"relic_stats":{"Blood Vial":26,"Sozu":3,"counters":[23,112],"Golden Idol":143,"Pantograph":50,"Juzu Bracelet":0,"Whetstone":["Strike_P","Replay:BluntJabs"],"obtain_stats":[{"NeowsBlessing":0,"Golden Idol":4,"Vajra":13,"Juzu Bracelet":43,"EVO:Axolotl":0,"Whetstone":6,"Ancient Tea Set":47,"Pet Ghost":31,"Blood Vial":9,"Sozu":34,"Replay:Ringing Soul":44,"Replay:Baseball":10,"Elementarium:ElementariumTrophy":33,"infinitespire:Lychee Nut":26,"Pantograph":23,"Philosopher\u0027s Stone":17,"Coffee Dripper":19,"PureWater":0,"Toxic Egg 2":12,"Replay:Wax Seal":29,"FossilizedHelix":37},{"NeowsBlessing":0,"Golden Idol":3,"Vajra":7,"Juzu Bracelet":20,"EVO:Axolotl":0,"Whetstone":5,"Ancient Tea Set":22,"Pet Ghost":15,"Blood Vial":6,"Sozu":16,"Replay:Ringing Soul":21,"Replay:Baseball":6,"Elementarium:ElementariumTrophy":16,"infinitespire:Lychee Nut":12,"Pantograph":12,"Philosopher\u0027s Stone":8,"Coffee Dripper":9,"PureWater":0,"Toxic Egg 2":6,"Replay:Wax Seal":14,"FossilizedHelix":18},{"NeowsBlessing":0,"Golden Idol":3,"Vajra":23,"Juzu Bracelet":94,"EVO:Axolotl":0,"Whetstone":16,"Ancient Tea Set":107,"Pet Ghost":72,"Blood Vial":19,"Sozu":78,"Replay:Ringing Soul":100,"Replay:Baseball":19,"Elementarium:ElementariumTrophy":78,"infinitespire:Lychee Nut":55,"Pantograph":55,"Philosopher\u0027s Stone":34,"Coffee Dripper":37,"PureWater":0,"Toxic Egg 2":19,"Replay:Wax Seal":66,"FossilizedHelix":83}]},"card_choices":[{"not_picked":["EmptyFist","JustLucky"],"picked":"Replay:BluntJabs","floor":1.0},{"not_picked":["SignatureMove","BowlingBash"],"picked":"Halt","floor":2.0},{"not_picked":["Evaluate","Conclude"],"picked":"WheelKick","floor":3.0},{"not_picked":["Wallop","Adaptation"],"picked":"Wish","floor":5.0},{"not_picked":["CutThroughFate","FlurryOfBlows","SashWhip"],"picked":"SKIP","floor":6.0},{"not_picked":["ForeignInfluence","CrushJoints"],"picked":"WindmillStrike","floor":7.0},{"not_picked":["SashWhip","FearNoEvil"],"picked":"FlyingSleeves","floor":13.0},{"not_picked":["Replay:AllIn+1","Omniscience+1"],"picked":"Alpha+1","floor":16.0},{"not_picked":["FollowUp","ThirdEye+1","CutThroughFate+1"],"picked":"SKIP","floor":18.0},{"not_picked":["BowlingBash","SashWhip"],"picked":"Evaluate+1","floor":20.0},{"not_picked":["ReachHeaven","BowlingBash+1"],"picked":"Pray+1","floor":21.0},{"not_picked":["SandsOfTime+1","Replay:ManipulateFuture+1"],"picked":"Prostrate+1","floor":23.0},{"not_picked":["Blind+1","Finesse+1"],"picked":"Trip+1","floor":24.0},{"not_picked":["Dramatic Entrance","Thinking Ahead+1"],"picked":"The Bomb+1","floor":24.0},{"not_picked":["Collect+1","Replay:ManipulateFuture+1","WaveOfTheHand+1"],"picked":"SKIP","floor":27.0},{"not_picked":["FollowUp","SashWhip"],"picked":"CarveReality","floor":29.0},{"not_picked":["Evaluate+1","CarveReality+1"],"picked":"Study+1","floor":31.0},{"not_picked":["ConjureBlade+1","Judgement+1"],"picked":"MasterReality","floor":33},{"not_picked":["FlurryOfBlows+1","FlyingSleeves+1","Indignation+1"],"picked":"SKIP","floor":35},{"not_picked":["Meditate+1","ClearTheMind+1"],"picked":"MentalFortress+1","floor":36},{"not_picked":["Halt+1","CutThroughFate+1"],"picked":"PathToVictory+1","floor":38},{"not_picked":["CrushJoints","Halt+1","CarveReality+1"],"picked":"SKIP","floor":39},{"not_picked":["Crescendo+1","FollowUp+1"],"picked":"FearNoEvil+1","floor":44},{"not_picked":["The Bomb+1","Midas Touch+1"],"picked":"Magnetism","floor":46},{"not_picked":["SashWhip","Sanctity+1"],"picked":"PathToVictory+1","floor":47}],"player_experience":77838,"relics_obtained":[{"floor":6.0,"key":"Whetstone"},{"floor":9.0,"key":"Blood Vial"},{"floor":10.0,"key":"Replay:Baseball"},{"floor":12.0,"key":"Toxic Egg 2"},{"floor":13.0,"key":"Vajra"},{"floor":23.0,"key":"Pantograph"},{"floor":26.0,"key":"infinitespire:Lychee Nut"},{"floor":29.0,"key":"Replay:Wax Seal"},{"floor":31.0,"key":"Pet Ghost"},{"floor":43,"key":"Juzu Bracelet"},{"floor":44,"key":"Replay:Ringing Soul"},{"floor":47,"key":"Ancient Tea Set"}],"event_choices":[{"damage_healed":0.0,"max_hp_gain":0.0,"max_hp_loss":0.0,"gold_gain":0.0,"event_name":"Golden Idol","player_choice":"Take Wound","floor":4.0,"gold_loss":0.0,"damage_taken":0.0,"relics_obtained":["Golden Idol"],"cards_obtained":["Injury"]},{"damage_healed":0.0,"max_hp_gain":0.0,"max_hp_loss":0.0,"gold_gain":56.0,"event_name":"Golden Wing","player_choice":"Gained Gold","floor":14.0,"gold_loss":0.0,"damage_taken":0.0},{"damage_healed":0.0,"max_hp_gain":0.0,"max_hp_loss":0.0,"gold_gain":0.0,"event_name":"Elementarium:GreatTreasure","player_choice":"Offer","floor":19.0,"relics_lost":["Philosopher\u0027s Stone"],"gold_loss":0.0,"damage_taken":0.0,"relics_obtained":["Coffee Dripper"]},{"damage_healed":17.0,"max_hp_gain":0.0,"max_hp_loss":0.0,"gold_gain":0.0,"event_name":"Elementarium:HeartOfTheVoid","player_choice":"Rest","floor":22.0,"gold_loss":0.0,"damage_taken":0.0},{"damage_healed":0.0,"max_hp_gain":0.0,"max_hp_loss":0.0,"gold_gain":0.0,"event_name":"Elementarium:IncubationChamber","player_choice":"Machinery","floor":24.0,"gold_loss":0.0,"damage_taken":0.0},{"damage_healed":0.0,"max_hp_gain":0.0,"max_hp_loss":0.0,"gold_gain":0.0,"event_name":"Elementarium:BladeSeller","player_choice":"Take","floor":25.0,"gold_loss":0.0,"damage_taken":0.0,"cards_obtained":["Elementarium:IceblessedBlade"]},{"cards_removed":["Injury"],"damage_healed":0.0,"max_hp_gain":0.0,"max_hp_loss":0.0,"gold_gain":0.0,"event_name":"Elementarium:LostScrolls","player_choice":"Burn","floor":30.0,"gold_loss":0.0,"damage_taken":0.0},{"damage_healed":44,"gold_gain":0,"player_choice":"Heal","damage_taken":0,"max_hp_gain":0,"max_hp_loss":0,"event_name":"MindBloom","floor":42,"gold_loss":0,"cards_obtained":["Doubt"]},{"cards_removed":["ReplayUltimateDefense"],"damage_healed":0,"gold_gain":0,"player_choice":"Removed Power","damage_taken":0,"max_hp_gain":0,"max_hp_loss":0,"event_name":"Falling","floor":45,"gold_loss":0},{"damage_healed":0,"gold_gain":0,"player_choice":"Memory 1","damage_taken":0,"max_hp_gain":0,"max_hp_loss":0,"event_name":"SensoryStone","floor":46,"gold_loss":0},{"damage_healed":0,"gold_gain":0,"player_choice":"Ignored","damage_taken":0,"max_hp_gain":0,"max_hp_loss":0,"event_name":"Mysterious Sphere","floor":48,"gold_loss":0}],"is_beta":false,"boss_relics":[{"not_picked":["Snecko Eye","Runic Pyramid"],"picked":"Philosopher\u0027s Stone"},{"not_picked":["SlaversCollar","VioletLotus"],"picked":"Sozu"}],"items_purged_floors":[],"is_endless":true,"potions_floor_spawned":[3,6,7,13,23,29,31,36,39,47],"killed_by":"Awakened One","ascension_level":0}}