{"host":"e2mrybwkyvi5pto3","time":1611202879,"event":{"mods":["Act Like it!","BaseMod","CapriCore","Chen","Colored Map","Colored Powertips","Conspire","Gensokyo","Koishi","KomeijiMod","Marisa£®ÏF”Í°°ƒß¿Ì…≥£©","Minty Spire (QoL Compilation)","Reimu£®≤©¿ˆ¡È√Œ£©","Remilia£®¿Ÿ√◊¿Ú—«£©","SOS£®Àπ∞Õ¥Ô÷Æ◊”£©","StSLib","The Administrix","The Immortal","The Poker Player","The Servant 0.9.4","TheWitcher","Yakumo Yukari mod","Youmu£®ªÍ∆«—˝√Œ£©","Yuyuko"],"gold_per_floor":[110,128,2,12,12,12,12,12,12,29,29,29,29,49,49,154,154,165,165,180,180,105,105,138,158,181,181,211,211,228,238,238,340,340,359,359,375,394,64,64,80,80,80,94,94,94,121,134,134,134],"floor_reached":51,"language":"ZHS","playtime":4495,"items_purged":["Shame"],"score":891,"play_id":"47c4092c-c4a5-4578-95e4-aa2f670bbb33","local_time":"20210121122119","daily_mods":["SealedDeck"],"is_ascension_mode":true,"campfire_choices":[{"data":"OortCloud","floor":6.0,"key":"SMITH"},{"data":"FairyDestructionRay","floor":8.0,"key":"SMITH"},{"data":"OortCloud","floor":12.0,"key":"SMITH"},{"data":"PowerUp","floor":15.0,"key":"SMITH"},{"data":"MillisecondPulsars","floor":23.0,"key":"SMITH"},{"data":"EarthLightRay","floor":27.0,"key":"SMITH"},{"data":"GalacticHalo","floor":29.0,"key":"SMITH"},{"data":"OrrerysSun","floor":32.0,"key":"SMITH"},{"data":"EarthLightRay","floor":40,"key":"SMITH"},{"data":"GrandCross","floor":46,"key":"SMITH"}],"circlet_count":0,"master_deck":["GalacticHalo+1","6A+1","PowerUp+1","GalacticHalo+1","OortCloud+1","Acceleration+1","EarthLightRay+1","OrrerysSun+1","OortCloud+1","FairyDestructionRay+1","MillisecondPulsars+1","SprinkleStarSeal+1","GrandCross+1","OortCloud+1","SprinkleStarSeal+1","PowerUp+1","EarthLightRay+1","OortCloud+1"],"relics":["MiniHakkero","StoneCalendar","Strawberry","Lizard Tail","conspire:SpecialSausage","Blood Vial","Potion Belt","InkBottle","Coffee Dripper","conspire:Dentures","Bottled Tornado","Singing Bowl"],"acts_visited":["Gensokyo:Gensokyo","Gensokyo:Gensokyoer","Gensokyo:Gensokyoest"],"potions_floor_usage":[],"damage_taken":[{"damage":0.0,"enemies":"Gensokyo:Gryphon","floor":1.0,"turns":5.0},{"damage":2.0,"enemies":"Gensokyo:3_Fairies","floor":2.0,"turns":8.0},{"damage":0.0,"enemies":"Gensokyo:Python","floor":4.0,"turns":6.0},{"damage":15.0,"enemies":"Gensokyo:5_Fairies","floor":10.0,"turns":4.0},{"damage":0.0,"enemies":"Gensokyo:LivingMonolith","floor":14.0,"turns":4.0},{"damage":42.0,"enemies":"Gensokyo:Reimu","floor":16.0,"turns":13.0},{"damage":0.0,"enemies":"Gensokyo:2_Gloops","floor":18.0,"turns":3.0},{"damage":19.0,"enemies":"Gensokyo:3_Dogs","floor":20.0,"turns":3.0},{"damage":21.0,"enemies":"Gensokyo:Tenshi","floor":24.0,"turns":6.0},{"damage":0.0,"enemies":"Gensokyo:Chomper_and_Gloop","floor":25.0,"turns":5.0},{"damage":0.0,"enemies":"Gensokyo:Koishi","floor":28.0,"turns":7.0},{"damage":0.0,"enemies":"Gensokyo:3_Gloops","floor":30.0,"turns":2.0},{"damage":0.0,"enemies":"Gensokyo:Monolith_and_Dog","floor":31.0,"turns":3.0},{"damage":60.0,"enemies":"Gensokyo:Eternal_Rivals","floor":33.0,"turns":8.0},{"damage":2.0,"enemies":"Gensokyo:3_Bats","floor":35.0,"turns":2.0},{"damage":0,"enemies":"Gensokyo:AncientGuardian","floor":37,"turns":3},{"damage":11,"enemies":"Gensokyo:4_Bats","floor":38,"turns":2},{"damage":0,"enemies":"Gensokyo:3_Boulders","floor":41,"turns":5},{"damage":6,"enemies":"Gensokyo:Sharpion","floor":44,"turns":6},{"damage":19,"enemies":"Gensokyo:Kasen","floor":47,"turns":6},{"damage":0,"enemies":"Gensokyo:Rafflesia","floor":48,"turns":6},{"damage":18,"enemies":"Gensokyo:Scarlet_Devils","floor":50,"turns":12}],"seed_played":"6831129031598313431","potions_obtained":[{"floor":1.0,"key":"Regen Potion"},{"floor":2.0,"key":"BottledSpark"},{"floor":4.0,"key":"SpeedPotion"},{"floor":25.0,"key":"Fire Potion"},{"floor":30.0,"key":"SkillPotion"},{"floor":31.0,"key":"ColorlessPotion"},{"floor":35.0,"key":"conspire:TimeTravelPotion"},{"floor":37,"key":"Energy Potion"},{"floor":44,"key":"DuplicationPotion"}],"is_trial":true,"path_per_floor":["M","M","COS","M","?","R","?","R","T","M","?","R","$","M","R","B",null,"M","?","M","?","$","R","E","M","T","R","E","R","M","M","R","B",null,"M","?","M","M","$","R","M","?","T","M","?","R","E","M","R","B",null],"character_chosen":"MARISA","items_purchased":["conspire:Dentures","EarthLightRay"],"campfire_rested":0,"item_purchase_floors":[39,39],"current_hp_per_floor":[75,75,75,75,75,75,75,75,75,64,61,61,61,65,65,27,68,72,72,57,57,57,57,40,46,46,46,54,54,62,70,70,33,70,76,76,82,77,77,77,82,82,82,82,70,70,65,81,81,66],"gold":134,"neow_bonus":"","is_daily":false,"chose_seed":false,"campfire_upgraded":10,"win_rate":0.0,"timestamp":1611202879,"path_taken":["M","M","COS","?","?","R","?","R","T","M","?","R","$","M","R","BOSS","M","?","M","?","$","R","E","?","T","R","E","R","M","M","R","BOSS","M","?","M","M","$","R","?","?","T","M","?","R","E","M","R","BOSS"],"items_purchased_type":["Relic","Card"],"build_version":"2020-12-22","purchased_purges":1,"victory":true,"max_hp_per_floor":[75,75,75,75,75,75,75,75,75,75,82,82,82,82,82,82,82,82,82,82,82,82,82,82,82,82,82,82,82,82,82,82,82,82,82,82,82,82,82,82,82,82,82,82,82,82,82,84,84,84],"card_choices":[{"not_picked":["ShootTheMoon","LuminesStrike","GravityBeat"],"picked":"SKIP","floor":1.0},{"not_picked":["Acceleration","Occultation"],"picked":"OortCloud","floor":2.0},{"not_picked":["MagicAbsorber","LuminesStrike","PulseMagic"],"picked":"SKIP","floor":4.0},{"not_picked":["DC","MysteriousBeam"],"picked":"FairyDestructionRay","floor":7.0},{"not_picked":["MilkyWay","DeepEcoloBomb","LuminesStrike"],"picked":"SKIP","floor":10.0},{"not_picked":["DarkSpark","DeepEcoloBomb","Singularity"],"picked":"SKIP","floor":14.0},{"not_picked":["SuperNova","StarDustReverie"],"picked":"MillisecondPulsars","floor":16.0},{"not_picked":["NonDirectionalLaser","WitchOfGreed","MysteriousBeam"],"picked":"SKIP","floor":18.0},{"not_picked":["GrandCross+1","AsteroidBelt"],"picked":"SprinkleStarSeal+1","floor":20.0},{"not_picked":["GalacticHalo","MilkyWay","LuminesStrike"],"picked":"SKIP","floor":24.0},{"not_picked":["MilkyWay","DoubleSpark+1"],"picked":"GrandCross","floor":25.0},{"not_picked":["Robbery","EnergyRecoil","Singularity"],"picked":"SKIP","floor":28.0},{"not_picked":["ManaRampage","OrrerysSun","OneTimeOff+1"],"picked":"SKIP","floor":30.0},{"not_picked":["ManaRampage","OrrerysSun","OneTimeOff+1"],"picked":"SKIP","floor":30.0},{"not_picked":["MagicAbsorber","Orbital+1"],"picked":"OortCloud+1","floor":31.0},{"not_picked":["LuminesStrike+1","AlicesGift+1","MilkyWay+1"],"picked":"SKIP","floor":35.0},{"not_picked":["MagicAbsorber","RefractionSpark+1"],"picked":"SprinkleStarSeal+1","floor":37},{"not_picked":["MysteriousBeam+1","GrandCross"],"picked":"PowerUp+1","floor":38},{"not_picked":["GrandCross","WitchLeyline+1","OrrerysSun"],"picked":"SKIP","floor":41},{"not_picked":["GalacticHalo","EventHorizon+1","WitchLeyline+1"],"picked":"SKIP","floor":44},{"not_picked":["Robbery+1","TreasureHunter"],"picked":"OortCloud+1","floor":47},{"not_picked":["RefractionSpark+1","ShootTheMoon","SuperPerseids+1"],"picked":"Singing Bowl","floor":48}],"player_experience":93250,"relics_obtained":[{"floor":9.0,"key":"StoneCalendar"},{"floor":24.0,"key":"Blood Vial"},{"floor":26.0,"key":"Potion Belt"},{"floor":28.0,"key":"InkBottle"},{"floor":43,"key":"Bottled Tornado"},{"floor":47,"key":"Singing Bowl"}],"event_choices":[],"is_beta":false,"boss_relics":[{"not_picked":["Fusion Hammer","ExperimentalFamiliar"],"picked":"conspire:SpecialSausage"},{"not_picked":["SacredBark","Tiny House"],"picked":"Coffee Dripper"}],"items_purged_floors":[22],"is_endless":false,"potions_floor_spawned":[1,2,4,25,30,31,35,37,44,48],"ascension_level":5}}