{"host":"ggy1mjjy92c62u6a","time":1611235451,"event":{"mods":["10 clothes from DAL","ATMod(阿瑾Mod)","Act Like it!","BaseMod","Colored Powertips","GifTheSpireLib","Library of Ruina","Library of Ruina Extra","Minty Spire (QoL Compilation)","Quick Restart","Relic Stats","RumiaBox-露米娅的神秘盒子","Shop Mod","Spicy Shops","StSLib","【功能Mod】混沌之环修复补丁","【遗物Mod】死灵法师NEW","【遗物卡牌】REMEMod"],"gold_per_floor":[216,226,243,243,243,278,353,373,373,373,408,408,217,217,217,319,319,334,249,249,249,259,259,286,320,320,320,380,380,400,110,110,202,202,219,263,282,282,307,438,108,234,257,411,538,422,422,552,552,752,782],"floor_reached":52,"language":"ZHS","playtime":1584,"items_purged":["PosionRing"],"score":1225,"play_id":"dfa26b5f-b19f-4164-86bc-41f1a831b1bc","local_time":"20210121212411","is_ascension_mode":true,"campfire_choices":[{"data":"Posionadd","floor":10.0,"key":"SMITH"},{"data":"PosionWeak","floor":12.0,"key":"SMITH"},{"data":"Cloudkill","floor":15.0,"key":"SMITH"},{"data":"PosionWeak","floor":23.0,"key":"SMITH"},{"data":"Plague_Bolt","floor":29.0,"key":"SMITH"},{"data":"Mayhem","floor":32.0,"key":"SMITH"},{"floor":49,"key":"REST"}],"circlet_count":0,"master_deck":["Acid_Javelin","PosionWeak+1","Toxic_Smoke_Screen","Toxic_Smoke_Screen","PosionArmor+1","Zadkiel","AT_ThistleTea","Posionadd+1","PosionWeak+1","Mayhem+1","Cloudkill+1","Plague_Bolt+1","Epidemic","PosionWeak+1","Toxic_Smoke_Screen+1","Cloudkill+1","PosionBreak","PosionBreak+1","Cloudkill+1"],"relics":["Vampire_Amulet","REME_ComplimentaryCards","AT_ATBox","Torii","Torii","Dream Catcher","Meat on the Bone","Molten Egg 2","SecretRecord","DALC_TEN","MagicDraw1","Gremlin Horn","Red Mask","Centennial Puzzle","Ancient Tea Set","AT_TheCollector","Baka2","SoulBox","REME_HandOfSuture","Orichalcum","Juzu Bracelet","Membership Card","InkBottle","MerchantsRug","AT_ChloranthyRing","PreservedInsect","Happy Flower"],"acts_visited":["Exordium","TheCity","TheBeyond"],"potions_floor_usage":[46,51],"damage_taken":[{"damage":3.0,"enemies":"Small Slimes","floor":1.0,"turns":3.0},{"damage":5.0,"enemies":"2 Louse","floor":2.0,"turns":2.0},{"damage":7.0,"enemies":"Jaw Worm","floor":3.0,"turns":4.0},{"damage":21.0,"enemies":"3 Sentries","floor":6.0,"turns":5.0},{"damage":1.0,"enemies":"Exordium Wildlife","floor":8.0,"turns":6.0},{"damage":6.0,"enemies":"Gremlin Nob","floor":11.0,"turns":3.0},{"damage":20.0,"enemies":"The Guardian","floor":16.0,"turns":6.0},{"damage":0.0,"enemies":"3 Byrds","floor":18.0,"turns":2.0},{"damage":0.0,"enemies":"Spheric Guardian","floor":22.0,"turns":2.0},{"damage":0.0,"enemies":"REME_1_Revenger","floor":24.0,"turns":2.0},{"damage":9.0,"enemies":"Masked Bandits","floor":25.0,"turns":2.0},{"damage":21.0,"enemies":"Gremlin Leader","floor":28.0,"turns":3.0},{"damage":9.0,"enemies":"3 Cultists","floor":30.0,"turns":2.0},{"damage":0.0,"enemies":"KingOfGreed","floor":33.0,"turns":7.0},{"damage":0.0,"enemies":"Orb Walker","floor":35.0,"turns":2.0},{"damage":27.0,"enemies":"3 Darklings","floor":36.0,"turns":3.0},{"damage":0.0,"enemies":"Spire Growth","floor":37.0,"turns":2.0},{"damage":0.0,"enemies":"Nemesis","floor":40.0,"turns":3.0},{"damage":8.0,"enemies":"Giant Head","floor":42.0,"turns":2.0},{"damage":0,"enemies":"Nemesis","floor":45,"turns":3},{"damage":0,"enemies":"Reptomancer","floor":48,"turns":2},{"damage":13,"enemies":"Awakened One","floor":50,"turns":4}],"seed_played":"8105061826679372505","potions_obtained":[{"floor":3.0,"key":"SteroidPotion"},{"floor":6.0,"key":"DistilledChaos"},{"floor":11.0,"key":"ColorlessPotion"},{"floor":16.0,"key":"EssenceOfSteel"},{"floor":24.0,"key":"LiquidMemories"},{"floor":30.0,"key":"REME_GoldPotion"},{"floor":37.0,"key":"Swift Potion"},{"floor":42.0,"key":"DistilledChaos"},{"floor":45,"key":"Fruit Juice"},{"floor":48,"key":"DistilledChaos"}],"is_trial":false,"path_per_floor":["M","M","M","?","?","E","?","M","T","R","E","R","$","?","R","B",null,"M","?","?","?","M","R","E","?","T","?","E","R","M","$","R","B",null,"M","M","M","T","T","E","$","E","T","$","E","$","?","E","R","B",null,null],"character_chosen":"NECROMANCER","items_purchased":["Mayhem","AT_TheCollector","Membership Card","DollysMirror","PosionBreak","MerchantsRug","Cloudkill","PreservedInsect","REME_GoldPotion"],"campfire_rested":1,"item_purchase_floors":[13,31,41,41,41,44,46,46,46],"current_hp_per_floor":[72,67,60,57,42,21,10,22,22,22,28,28,28,28,28,20,75,75,75,75,75,75,75,75,66,66,66,45,45,48,48,48,48,75,75,48,48,48,48,48,48,40,40,40,54,59,59,59,87,74,17],"gold":782,"neow_bonus":"HUNDRED_GOLD","is_daily":false,"chose_seed":false,"campfire_upgraded":6,"win_rate":0.0,"timestamp":1611235451,"path_taken":["M","M","M","?","?","E","?","M","T","R","E","R","$","?","R","BOSS","M","?","?","?","?","R","E","?","T","?","E","R","M","$","R","BOSS","M","M","?","?","?","E","$","E","T","$","E","$","?","E","R","BOSS"],"items_purchased_type":["Card","Relic","Relic","Relic","Card","Relic","Card","Relic","Potion"],"build_version":"2020-12-22","purchased_purges":1,"victory":true,"max_hp_per_floor":[75,75,75,75,75,75,75,75,75,75,75,75,75,75,75,75,75,75,75,75,75,75,75,75,75,75,75,75,75,75,75,75,75,75,75,75,75,75,75,75,75,75,75,75,89,94,94,94,94,94,94],"relic_stats":{"Dream Catcher":1,"Centennial Puzzle":[18],"Torii":6,"Gremlin Horn":[17,18],"Happy Flower":[3],"counters":[23,75],"PreservedInsect":59,"Juzu Bracelet":0,"Orichalcum":[54],"obtain_stats":[{"AT_ATBox":0,"Torii":2,"Gremlin Horn":24,"Mango":45,"SecretRecord":11,"SoulBox":34,"Juzu Bracelet":40,"Ancient Tea Set":28,"MagicDraw1":19,"Dream Catcher":4,"Centennial Puzzle":26,"Baka2":33,"DollysMirror":41,"Vampire_Amulet":0,"Red Mask":25,"InkBottle":42,"AT_ChloranthyRing":45,"MerchantsRug":44,"DALC_TEN":17,"Happy Flower":48,"Oddly Smooth Stone":43,"PreservedInsect":46,"Baka":1,"Orichalcum":39,"AT_TheCollector":31,"Molten Egg 2":9,"REME_HandOfSuture":38,"Membership Card":41,"REME_ComplimentaryCards":0,"Meat on the Bone":6},{"AT_ATBox":0,"Torii":2,"Gremlin Horn":10,"Mango":20,"SecretRecord":6,"SoulBox":14,"Juzu Bracelet":18,"Ancient Tea Set":12,"MagicDraw1":8,"Dream Catcher":3,"Centennial Puzzle":11,"Baka2":14,"DollysMirror":18,"Vampire_Amulet":0,"Red Mask":11,"InkBottle":19,"AT_ChloranthyRing":20,"MerchantsRug":19,"DALC_TEN":7,"Happy Flower":21,"Oddly Smooth Stone":19,"PreservedInsect":20,"Baka":1,"Orichalcum":17,"AT_TheCollector":13,"Molten Egg 2":5,"REME_HandOfSuture":17,"Membership Card":18,"REME_ComplimentaryCards":0,"Meat on the Bone":4},{"AT_ATBox":0,"Torii":5,"Gremlin Horn":34,"Mango":63,"SecretRecord":22,"SoulBox":48,"Juzu Bracelet":58,"Ancient Tea Set":39,"MagicDraw1":30,"Dream Catcher":9,"Centennial Puzzle":36,"Baka2":48,"DollysMirror":58,"Vampire_Amulet":0,"Red Mask":36,"InkBottle":60,"AT_ChloranthyRing":63,"MerchantsRug":60,"DALC_TEN":28,"Happy Flower":65,"Oddly Smooth Stone":60,"PreservedInsect":63,"Baka":3,"Orichalcum":55,"AT_TheCollector":41,"Molten Egg 2":19,"REME_HandOfSuture":55,"Membership Card":58,"REME_ComplimentaryCards":0,"Meat on the Bone":13}],"InkBottle":[6],"Meat on the Bone":48},"card_choices":[{"not_picked":["Summon_Undead","Bone_Spikes","Pandemic"],"picked":"SKIP","floor":1.0},{"not_picked":["Scare","PosionArmor"],"picked":"Posionadd","floor":2.0},{"not_picked":["Negative_Energy_Javelin","Negative_Energy_Mist","Bone_Spikes"],"picked":"SKIP","floor":3.0},{"not_picked":["Blood_Curse","Bone_Shift","Negative_Energy_Bomb"],"picked":"SKIP","floor":6.0},{"not_picked":["Uncharnel","Blood_for_Blood","Strike_from_Beyond"],"picked":"SKIP","floor":8.0},{"not_picked":["Negative_Energy_Sphere+1","Stop_Heart"],"picked":"PosionWeak","floor":11.0},{"not_picked":["Bone_Spikes+1","Spectral_Walk","Blood_Curse"],"picked":"SKIP","floor":18.0},{"not_picked":["Pandemic","Toxic_Smoke_Screen+1","Summon_Undead_Army"],"picked":"SKIP","floor":22.0},{"not_picked":["Kotodama","Bone_Spikes+1","PosionArmor"],"picked":"SKIP","floor":24.0},{"not_picked":["Bone_Armory","Bone_Spikes+1"],"picked":"Plague_Bolt","floor":28.0},{"not_picked":["Slay_Living+1","Bone_Shift+1","Vampiric_Strike+1"],"picked":"SKIP","floor":30.0},{"not_picked":["Summon_Vampire_Lady","Epidemicn"],"picked":"Epidemic","floor":33.0},{"not_picked":["Bone_Armory+1","Summon_Lich","PosionRing"],"picked":"SKIP","floor":35.0},{"not_picked":["Scare+1","Negative_Energy_Javelin+1"],"picked":"PosionWeak+1","floor":36.0},{"not_picked":["Summon_Lich","Negative_Energy_Sphere+1","PosionRing"],"picked":"SKIP","floor":37.0},{"not_picked":["PosionRing","PosionWeak"],"picked":"Toxic_Smoke_Screen+1","floor":40.0},{"not_picked":["Bone_Spikes+1","Shackles_Of_Pain","Grasp_Heart+1"],"picked":"SKIP","floor":42.0},{"not_picked":["PosionRing+1","Detonate_Bones+1","Life_Tap"],"picked":"SKIP","floor":45},{"not_picked":["Negative_Energy_Mist+1","Bone_Armory+1","Blood_Shield+1"],"picked":"SKIP","floor":48}],"player_experience":83732,"relics_obtained":[{"floor":1.0,"key":"Baka"},{"floor":2.0,"key":"Torii"},{"floor":2.0,"key":"Torii"},{"floor":6.0,"key":"Meat on the Bone"},{"floor":9.0,"key":"Molten Egg 2"},{"floor":11.0,"key":"SecretRecord"},{"floor":16.0,"key":"Molten Egg 2"},{"floor":24.0,"key":"Gremlin Horn"},{"floor":25.0,"key":"Red Mask"},{"floor":26.0,"key":"Centennial Puzzle"},{"floor":28.0,"key":"Ancient Tea Set"},{"floor":33.0,"key":"Baka2"},{"floor":37.0,"key":"Torii"},{"floor":38.0,"key":"REME_HandOfSuture"},{"floor":39.0,"key":"Orichalcum"},{"floor":40.0,"key":"Juzu Bracelet"},{"floor":42.0,"key":"InkBottle"},{"floor":43.0,"key":"Oddly Smooth Stone"},{"floor":45,"key":"Mango"},{"floor":45,"key":"AT_ChloranthyRing"},{"floor":48,"key":"Happy Flower"}],"event_choices":[{"damage_healed":0.0,"max_hp_gain":0.0,"max_hp_loss":0.0,"gold_gain":0.0,"event_name":"Scrap Ooze","player_choice":"Success","floor":4.0,"gold_loss":0.0,"damage_taken":3.0,"relics_obtained":["Dream Catcher"]},{"damage_healed":0.0,"max_hp_gain":0.0,"max_hp_loss":0.0,"gold_gain":0.0,"event_name":"Shining Light","player_choice":"Entered Light","floor":5.0,"gold_loss":0.0,"damage_taken":15.0,"cards_upgraded":["Zadkiel","PosionArmor"]},{"damage_healed":0.0,"max_hp_gain":0.0,"max_hp_loss":0.0,"gold_gain":75.0,"event_name":"World of Goop","player_choice":"Gather Gold","floor":7.0,"gold_loss":0.0,"damage_taken":11.0},{"damage_healed":0.0,"max_hp_gain":0.0,"max_hp_loss":0.0,"gold_gain":0.0,"cards_transformed":["PosionRing"],"event_name":"Living Wall","player_choice":"Change","floor":14.0,"gold_loss":0.0,"damage_taken":0.0,"cards_obtained":["Cloudkill"]},{"damage_healed":0.0,"max_hp_gain":0.0,"max_hp_loss":0.0,"gold_gain":0.0,"event_name":"Addict","player_choice":"Obtained Relic","floor":19.0,"gold_loss":85.0,"damage_taken":0.0,"relics_obtained":["MagicDraw1"]},{"damage_healed":0.0,"max_hp_gain":0.0,"max_hp_loss":0.0,"gold_gain":0.0,"event_name":"Vampires","player_choice":"Ignored","floor":20.0,"gold_loss":0.0,"damage_taken":0.0},{"damage_healed":0.0,"max_hp_gain":0.0,"max_hp_loss":0.0,"gold_gain":0.0,"event_name":"Ghosts","player_choice":"Ignored","floor":21.0,"gold_loss":0.0,"damage_taken":0.0},{"damage_healed":0.0,"max_hp_gain":0.0,"max_hp_loss":0.0,"gold_gain":0.0,"event_name":"Masked Bandits","player_choice":"Fought Bandits","floor":25.0,"gold_loss":0.0,"damage_taken":0.0},{"damage_healed":0.0,"max_hp_gain":0.0,"max_hp_loss":0.0,"gold_gain":0.0,"event_name":"Transmorgrifier","player_choice":"Ignored","floor":27.0,"gold_loss":0.0,"damage_taken":0.0},{"damage_healed":0,"gold_gain":0,"player_choice":"Upgraded","damage_taken":0,"max_hp_gain":0,"max_hp_loss":0,"event_name":"Upgrade Shrine","floor":47,"gold_loss":0,"cards_upgraded":["Cloudkill"]}],"is_beta":false,"boss_relics":[{"not_picked":["Runic Dome","Black Star"],"picked":"DALC_TEN"},{"not_picked":["REME_DemonsWealth","Empty Cage"],"picked":"SoulBox"}],"items_purged_floors":[41],"is_endless":false,"potions_floor_spawned":[3,6,11,16,24,30,33,37,42,45,48],"ascension_level":3}}