{"host":"sc0o2qwpf9j16a4i","time":1611241491,"event":{"mods":["AchievementEnabler","BaseMod","BetterRewards","Block Reminder","Colored Map","Colored Powertips","Custom Start","Highlight Path","Minty Spire (QoL Compilation)","Relic Stats"],"gold_per_floor":[116,116,28,46,46,46,80,80,80,95,125,125,125,140,140,212,212,248,248,248,289,302,302,358,402,402,415,340,340,385,385,385,456,456,586,1585,1720,1720,921,1070,1070,1200,1245,1245,1245,1276,1276,1382,1382,1382,1382,1382,1382,754,784,784,784],"floor_reached":56,"language":"ENG","playtime":2876,"items_purged":["Strike_P","Strike_P+1","Defend_P+1"],"score":2466,"play_id":"7adab5b8-a9fc-4d88-8862-deb73090fbf0","local_time":"20210121170451","is_ascension_mode":true,"campfire_choices":[{"floor":6.0,"key":"REST"},{"floor":8.0,"key":"REST"},{"data":"MentalFortress","floor":12.0,"key":"SMITH"},{"data":"Worship","floor":15.0,"key":"SMITH"},{"data":"Wish","floor":23.0,"key":"SMITH"},{"floor":29,"key":"REST"},{"floor":32,"key":"RECALL"},{"data":"Wish","floor":41,"key":"SMITH"},{"floor":45,"key":"REST"},{"floor":47,"key":"REST"},{"data":"LikeWater","floor":49,"key":"SMITH"},{"data":"Meditate","floor":53,"key":"SMITH"}],"circlet_count":0,"master_deck":["AscendersBane","Defend_P+1","Defend_P+1","Defend_P+1","Eruption+1","Vigilance","DeceiveReality+1","EmptyFist+1","FlyingSleeves+1","MentalFortress+1","WheelKick+1","TalkToTheHand+1","Meditate+1","Sanctity","Worship+1","Wish+1","Vengeance","Adaptation","Omniscience","Protect","TalkToTheHand+1","ClearTheMind+1","Wish+1","Wish+1","FearNoEvil+1","Ragnarok+1","Wallop+1","Metamorphosis","LikeWater+1","WheelKick+1","FearNoEvil+1","Ragnarok+1"],"relics":["PureWater","Gremlin Horn","Molten Egg 2","ClockworkSouvenir","NlothsMask","Lantern","Juzu Bracelet","Sozu","Omamori","Bottled Lightning","Snecko Eye","Pantograph","Eternal Feather","Bag of Marbles","Dream Catcher","Toolbox","Whetstone","Bottled Tornado"],"acts_visited":["Exordium","TheCity","TheBeyond","TheEnding"],"potions_floor_usage":[56],"damage_taken":[{"damage":11.0,"enemies":"Jaw Worm","floor":1.0,"turns":4.0},{"damage":3.0,"enemies":"2 Louse","floor":4.0,"turns":4.0},{"damage":0.0,"enemies":"Gremlin Nob","floor":7.0,"turns":3.0},{"damage":0.0,"enemies":"Cultist","floor":10.0,"turns":4.0},{"damage":0.0,"enemies":"Lagavulin","floor":11.0,"turns":4.0},{"damage":0.0,"enemies":"Looter","floor":14.0,"turns":1.0},{"damage":11.0,"enemies":"The Guardian","floor":16.0,"turns":9.0},{"damage":1.0,"enemies":"Shell Parasite","floor":18.0,"turns":7.0},{"damage":9.0,"enemies":"2 Thieves","floor":21.0,"turns":4.0},{"damage":5.0,"enemies":"Shelled Parasite and Fungi","floor":22.0,"turns":5.0},{"damage":16.0,"enemies":"Slavers","floor":24.0,"turns":8.0},{"damage":5.0,"enemies":"Snecko","floor":25.0,"turns":5.0},{"damage":20,"enemies":"3 Cultists","floor":27,"turns":5},{"damage":1,"enemies":"Centurion and Healer","floor":30,"turns":5},{"damage":12,"enemies":"Automaton","floor":33,"turns":10},{"damage":0,"enemies":"Orb Walker","floor":35,"turns":4},{"damage":18,"enemies":"3 Darklings","floor":37,"turns":4},{"damage":5,"enemies":"Nemesis","floor":40,"turns":5},{"damage":8,"enemies":"Spire Growth","floor":42,"turns":4},{"damage":36,"enemies":"Reptomancer","floor":46,"turns":5},{"damage":6,"enemies":"4 Shapes","floor":48,"turns":9},{"damage":2,"enemies":"Donu and Deca","floor":50,"turns":8},{"damage":4,"enemies":"Awakened One","floor":51,"turns":9},{"damage":52,"enemies":"Shield and Spear","floor":55,"turns":6},{"damage":51,"enemies":"The Heart","floor":56,"turns":8}],"seed_played":"-3577094857954103951","potions_obtained":[{"floor":1.0,"key":"Dexterity Potion"},{"floor":10.0,"key":"AttackPotion"}],"is_trial":false,"path_per_floor":["M","?","$","M","?","R","E","R","T","M","E","R","?","M","R","B",null,"M","?","?","M","M","R","E","M","T","M","?","R","M","?","R","B",null,"M","?","M","?","$","E","R","M","T","?","R","E","R","M","R","B","B",null,"R","$","E","B"],"character_chosen":"WATCHER","items_purchased":["Gremlin Horn","Molten Egg 2","ClockworkSouvenir","DeceiveReality","EmptyFist+1","MentalFortress","Pantograph","Ragnarok+1","Eternal Feather","Toolbox","Whetstone","WheelKick+1","FearNoEvil+1"],"campfire_rested":5,"item_purchase_floors":[0,0,0,0,0,3,39,39,39,54,54,54,54],"current_hp_per_floor":[15,15,15,12,12,32,32,52,52,52,52,52,57,57,57,46,66,65,65,65,56,51,51,35,30,30,10,10,31,30,30,30,18,59,59,59,41,41,41,36,51,43,43,33,69,33,69,63,73,71,69,72,73,73,21,0,0],"gold":784,"neow_bonus":"","is_daily":false,"chose_seed":false,"campfire_upgraded":6,"win_rate":0.0,"timestamp":1611241491,"path_taken":["M","?","$","M","?","R","E","R","T","?","E","R","?","M","R","BOSS","M","?","?","M","M","R","E","M","T","M","?","R","M","?","R","BOSS","M","?","M","?","$","E","R","M","T","?","R","E","R","M","R","BOSS","BOSS","R","$","E","BOSS"],"items_purchased_type":["Relic","Relic","Relic","Card","Card","Card","Relic","Card","Relic","Relic","Relic","Card","Card"],"build_version":"2020-12-22","purchased_purges":3,"victory":false,"max_hp_per_floor":[68,68,68,68,68,68,68,68,68,68,68,68,73,73,73,73,73,73,73,73,73,73,73,73,73,73,73,73,73,73,73,73,73,73,73,73,73,73,73,73,73,73,73,73,73,73,73,73,73,73,73,73,73,73,73,73,73],"relic_stats":{"Sozu":16,"Dream Catcher":2,"Gremlin Horn":[23,28],"counters":[49,282],"Pantograph":27,"Snecko Eye":[318,318,277,284],"Eternal Feather":56,"Juzu Bracelet":3,"Whetstone":["Strike_P","Consecrate","Eruption"],"obtain_stats":[{"Ice Cream":45,"Regal Pillow":19,"Lantern":7,"Torii":47,"Gremlin Horn":0,"Juzu Bracelet":11,"Whetstone":9,"Bottled Tornado":55,"ClockworkSouvenir":0,"Sozu":17,"Nunchaku":11,"Dream Catcher":46,"Shovel":7,"Pantograph":39,"Toolbox":54,"Fusion Hammer":34,"Thread and Needle":23,"Eternal Feather":39,"Omamori":24,"Frozen Egg 2":44,"GoldenEye":41,"Peace Pipe":27,"SlaversCollar":0,"Shuriken":26,"Snecko Eye":17,"Molten Egg 2":0,"Bag of Marbles":40,"Bottled Lightning":26,"PureWater":0,"NlothsMask":5},{"Ice Cream":20,"Regal Pillow":9,"Lantern":27,"Torii":22,"Gremlin Horn":24,"Juzu Bracelet":29,"Whetstone":3,"Bottled Tornado":48,"ClockworkSouvenir":24,"Sozu":31,"Nunchaku":5,"Dream Catcher":44,"Shovel":3,"Pantograph":41,"Toolbox":47,"Fusion Hammer":15,"Thread and Needle":10,"Eternal Feather":41,"Omamori":35,"Frozen Egg 2":20,"GoldenEye":19,"Peace Pipe":12,"SlaversCollar":0,"Shuriken":11,"Snecko Eye":8,"Molten Egg 2":24,"Bag of Marbles":42,"Bottled Lightning":36,"PureWater":0,"NlothsMask":26},{"Ice Cream":118,"Regal Pillow":46,"Lantern":153,"Torii":130,"Gremlin Horn":142,"Juzu Bracelet":161,"Whetstone":14,"Bottled Tornado":274,"ClockworkSouvenir":142,"Sozu":171,"Nunchaku":19,"Dream Catcher":242,"Shovel":14,"Pantograph":228,"Toolbox":268,"Fusion Hammer":79,"Thread and Needle":50,"Eternal Feather":228,"Omamori":195,"Frozen Egg 2":118,"GoldenEye":107,"Peace Pipe":62,"SlaversCollar":0,"Shuriken":58,"Snecko Eye":42,"Molten Egg 2":142,"Bag of Marbles":233,"Bottled Lightning":200,"PureWater":0,"NlothsMask":150}]},"card_choices":[{"not_picked":["Study","Indignation"],"picked":"FlyingSleeves+1","floor":1.0},{"not_picked":["Protect","FollowUp+1"],"picked":"WheelKick+1","floor":4.0},{"not_picked":["Swivel","FlyingSleeves+1"],"picked":"TalkToTheHand+1","floor":7.0},{"not_picked":["FollowUp+1","Wallop+1"],"picked":"Meditate","floor":10.0},{"not_picked":["Consecrate+1","Collect"],"picked":"Sanctity","floor":11.0},{"not_picked":["Indignation","Conclude+1"],"picked":"Worship","floor":14.0},{"not_picked":["Alpha","ConjureBlade"],"picked":"Wish","floor":16.0},{"not_picked":["Prostrate","Collect"],"picked":"Vengeance","floor":18.0},{"not_picked":["CrushJoints+1","Evaluate"],"picked":"Adaptation","floor":21.0},{"not_picked":["Halt","Prostrate"],"picked":"Omniscience","floor":22.0},{"not_picked":["EmptyFist+1","Evaluate"],"picked":"Protect","floor":24.0},{"not_picked":["Worship+1","Vault"],"picked":"TalkToTheHand+1","floor":25.0},{"not_picked":["Consecrate+1","SashWhip+1"],"picked":"ClearTheMind+1","floor":27},{"not_picked":["FollowUp+1","EmptyFist+1","FlyingSleeves+1"],"picked":"SKIP","floor":30},{"not_picked":["Establishment","LessonLearned+1"],"picked":"Wish","floor":33},{"not_picked":["FlurryOfBlows+1","Consecrate+1","EmptyBody"],"picked":"SKIP","floor":35},{"not_picked":["Consecrate+1","Evaluate"],"picked":"FearNoEvil+1","floor":37},{"not_picked":["ForeignInfluence","Weave+1","WindmillStrike+1"],"picked":"SKIP","floor":40},{"not_picked":["ReachHeaven+1","FlurryOfBlows+1"],"picked":"Wallop+1","floor":42},{"not_picked":["Madness","Dark Shackles"],"picked":"Metamorphosis","floor":44},{"not_picked":["SandsOfTime+1","InnerPeace+1","Consecrate+1"],"picked":"SKIP","floor":46},{"not_picked":["JustLucky+1","Crescendo"],"picked":"LikeWater","floor":47},{"not_picked":["FlurryOfBlows+1","ThirdEye","CutThroughFate+1"],"picked":"SKIP","floor":48},{"not_picked":["Crescendo+1","Weave+1"],"picked":"Ragnarok+1","floor":55}],"player_experience":839095,"relics_obtained":[{"floor":7.0,"key":"Lantern"},{"floor":11.0,"key":"Juzu Bracelet"},{"floor":24.0,"key":"Omamori"},{"floor":26.0,"key":"Bottled Lightning"},{"floor":40,"key":"Bag of Marbles"},{"floor":46,"key":"Dream Catcher"},{"floor":55,"key":"Bottled Tornado"}],"event_choices":[{"damage_healed":0.0,"max_hp_gain":0.0,"max_hp_loss":0.0,"gold_gain":0.0,"event_name":"Living Wall","player_choice":"Grow","floor":2.0,"gold_loss":0.0,"damage_taken":0.0,"cards_upgraded":["DeceiveReality"]},{"damage_healed":0.0,"max_hp_gain":0.0,"max_hp_loss":0.0,"gold_gain":0.0,"event_name":"FaceTrader","player_choice":"Trade","floor":5.0,"gold_loss":0.0,"damage_taken":0.0,"relics_obtained":["NlothsMask"]},{"damage_healed":0.0,"max_hp_gain":5.0,"max_hp_loss":0.0,"gold_gain":0.0,"event_name":"Big Fish","player_choice":"Donut","floor":13.0,"gold_loss":0.0,"damage_taken":0.0},{"damage_healed":0.0,"max_hp_gain":0.0,"max_hp_loss":0.0,"gold_gain":0.0,"event_name":"Back to Basics","player_choice":"Simplicity","floor":19.0,"gold_loss":0.0,"damage_taken":0.0,"cards_upgraded":["Strike_P","Strike_P","Strike_P","Defend_P","Defend_P","Defend_P","Defend_P"]},{"damage_healed":0.0,"max_hp_gain":0.0,"max_hp_loss":0.0,"gold_gain":0.0,"event_name":"Ghosts","player_choice":"Ignored","floor":20.0,"gold_loss":0.0,"damage_taken":0.0},{"cards_removed":["Strike_P"],"damage_healed":0,"gold_gain":0,"player_choice":"Gave Gold","damage_taken":0,"max_hp_gain":0,"max_hp_loss":0,"event_name":"Beggar","floor":28,"gold_loss":75},{"damage_healed":0,"gold_gain":0,"player_choice":"Copied","damage_taken":0,"max_hp_gain":0,"max_hp_loss":0,"event_name":"Duplicator","floor":31,"gold_loss":0,"cards_obtained":["Wish"]},{"damage_healed":0,"gold_gain":999,"player_choice":"Gold","damage_taken":0,"max_hp_gain":0,"max_hp_loss":0,"event_name":"MindBloom","floor":36,"gold_loss":0,"cards_obtained":["Normality","Normality"]},{"cards_removed":["Strike_P"],"damage_healed":0,"gold_gain":0,"player_choice":"Purged","damage_taken":0,"max_hp_gain":0,"max_hp_loss":0,"event_name":"Purifier","floor":38,"gold_loss":0},{"damage_healed":0,"gold_gain":0,"player_choice":"Memory 3","damage_taken":10,"max_hp_gain":0,"max_hp_loss":0,"event_name":"SensoryStone","floor":44,"gold_loss":0}],"is_beta":false,"boss_relics":[{"not_picked":["Astrolabe","VioletLotus"],"picked":"Sozu"},{"not_picked":["SlaversCollar","Pandora\u0027s Box"],"picked":"Snecko Eye"}],"items_purged_floors":[0,39,54],"is_endless":false,"potions_floor_spawned":[1,10,14,22,24,27,42,46,48],"killed_by":"The Heart","ascension_level":20}}