{"host":"1dhlu4qzehvrzpot","time":1611233092,"event":{"mods":["2.2 Compatiblity","AchievementEnabler","BaseMod","Block Reminder","Minty Spire (QoL Compilation)","Permanent Neow","Quick Restart","Rare Cards Sparkle","Relic Stats","Say the Spire","Slay-I","StSLib","SuperFastMode"],"gold_per_floor":[20,31,31,49,65,65,65,65],"floor_reached":7,"language":"ENG","playtime":143,"items_purged":[],"score":60,"play_id":"dd858ac8-e483-4237-9ee5-ac3ee1e1d530","local_time":"20210121134452","is_ascension_mode":true,"campfire_choices":[{"data":"Go for the Eyes","floor":6,"key":"SMITH"}],"circlet_count":0,"master_deck":["Strike_B","Strike_B","Strike_B","Strike_B","Defend_B","Defend_B","Defend_B","Defend_B","Zap","Dualcast","Go for the Eyes+1","Genetic Algorithm"],"relics":["Cracked Core","TungstenRod","Golden Idol"],"acts_visited":["Exordium"],"potions_floor_usage":[5],"damage_taken":[{"damage":1,"enemies":"Jaw Worm","floor":1,"turns":3},{"damage":0,"enemies":"Small Slimes","floor":2,"turns":2},{"damage":11,"enemies":"2 Louse","floor":4,"turns":2},{"damage":13,"enemies":"Exordium Thugs","floor":5,"turns":5},{"damage":24,"enemies":"Gremlin Nob","floor":7,"turns":4}],"seed_played":"-3733203154198784342","potions_obtained":[{"floor":2,"key":"DistilledChaos"},{"floor":4,"key":"EssenceOfSteel"}],"is_trial":false,"path_per_floor":["M","M","?","M","M","R","E"],"character_chosen":"DEFECT","items_purchased":[],"campfire_rested":0,"item_purchase_floors":[],"current_hp_per_floor":[67,67,50,39,26,26,2,2],"gold":65,"neow_bonus":"ONE_RARE_RELIC","is_daily":false,"chose_seed":false,"campfire_upgraded":1,"win_rate":0.0,"timestamp":1611233092,"path_taken":["M","M","?","M","M","R","E"],"items_purchased_type":[],"build_version":"2020-12-22","purchased_purges":0,"victory":false,"max_hp_per_floor":[75,75,75,75,75,75,75,75],"relic_stats":{"counters":[5,16],"Golden Idol":7,"obtain_stats":[{"Golden Idol":3,"Cracked Core":0,"TungstenRod":0},{"Golden Idol":2,"Cracked Core":0,"TungstenRod":0},{"Golden Idol":5,"Cracked Core":0,"TungstenRod":0}],"TungstenRod":9},"card_choices":[{"not_picked":["Gash","Cold Snap"],"picked":"Go for the Eyes","floor":1},{"not_picked":["Barrage","Sweeping Beam","Leap"],"picked":"SKIP","floor":2},{"not_picked":["Reprogram","Stack","Gash"],"picked":"SKIP","floor":4},{"not_picked":["Compile Driver","Cold Snap"],"picked":"Genetic Algorithm","floor":5}],"player_experience":532195,"relics_obtained":[],"event_choices":[{"damage_healed":0,"gold_gain":0,"player_choice":"Take Damage","damage_taken":18,"relics_obtained":["Golden Idol"],"max_hp_gain":0,"max_hp_loss":0,"event_name":"Golden Idol","floor":3,"gold_loss":0}],"is_beta":false,"boss_relics":[],"items_purged_floors":[],"is_endless":false,"potions_floor_spawned":[2,4],"killed_by":"Gremlin Nob","ascension_level":8}}