{"host":"nea7n2z8ef69uk76","time":1611206906,"event":{"mods":["BaseMod","Better Altar","Colored Powertips","Curses Come First","Emptier Cage","Lobotomy","LobotomyExtend","Minty Spire (QoL Compilation)","Permanent Neow","Quick Restart","SacredBarkPlus","Spicy Shops","StSLib"],"gold_per_floor":[114,133,151,151,202,232,232,232,282,295,295,316,9,29,29,152,152,173,173,173,173,201,213,225,225],"floor_reached":24,"language":"ENG","playtime":1146,"items_purged":["Injury"],"score":327,"play_id":"4508d8b6-d924-4bcc-b4c5-931c3fc3ac54","local_time":"20210121002826","is_ascension_mode":true,"campfire_choices":[{"data":"Rage","floor":7,"key":"SMITH"},{"data":"Flex","floor":11,"key":"SMITH"},{"data":"Shrug It Off","floor":15,"key":"SMITH"},{"data":"Armaments","floor":23,"key":"SMITH"}],"circlet_count":0,"master_deck":["Defend_R","Defend_R","Defend_R","Defend_R+1","Bash","Flex+1","Headbutt","Rage+1","Shockwave","Burning Pact","Power Through","Seeing Red","Shrug It Off+1","Berserk","Headbutt+1","Bite","Bite","Bite","Bite","Bite","Armaments+1"],"relics":["Burning Blood","Question Card","Bloody Idol","TheAbacus","Strawberry","Mark of Pain","MawBank"],"acts_visited":["Exordium","TheCity"],"potions_floor_usage":[5,12,16,16],"damage_taken":[{"damage":8,"enemies":"2 Louse","floor":1,"turns":4},{"damage":8,"enemies":"Jaw Worm","floor":2,"turns":4},{"damage":0,"enemies":"Small Slimes","floor":3,"turns":3},{"damage":0,"enemies":"3 Louse","floor":5,"turns":3},{"damage":34,"enemies":"Gremlin Nob","floor":6,"turns":5},{"damage":8,"enemies":"Blue Slaver","floor":10,"turns":3},{"damage":11,"enemies":"Looter","floor":12,"turns":4},{"damage":4,"enemies":"Lots of Slimes","floor":14,"turns":7},{"damage":10,"enemies":"Hexaghost","floor":16,"turns":9},{"damage":18,"enemies":"Chosen","floor":18,"turns":6},{"damage":7,"enemies":"Spheric Guardian","floor":22,"turns":7},{"damage":50,"enemies":"Gremlin Leader","floor":24,"turns":11}],"seed_played":"822386527341176848","potions_obtained":[{"floor":1,"key":"ColorlessPotion"},{"floor":5,"key":"BlessingOfTheForge"},{"floor":6,"key":"CultistPotion"},{"floor":10,"key":"LiquidBronze"},{"floor":22,"key":"Regen Potion"}],"is_trial":false,"path_per_floor":["M","M","M","?","M","E","R","?","T","M","R","M","$","M","R","B",null,"M","?","?","T","M","R","E"],"character_chosen":"IRONCLAD","items_purchased":["TheAbacus","Strawberry"],"campfire_rested":0,"item_purchase_floors":[13,13],"current_hp_per_floor":[78,76,82,64,70,42,42,42,42,40,40,35,42,44,44,40,81,69,43,43,43,70,75,60,60],"gold":225,"neow_bonus":"TEN_PERCENT_HP_BONUS","is_daily":false,"chose_seed":false,"campfire_upgraded":4,"win_rate":0.0,"timestamp":1611206906,"path_taken":["M","M","M","?","M","E","R","?","T","M","R","M","$","M","R","BOSS","M","?","?","?","M","R","E"],"items_purchased_type":["Relic","Relic"],"build_version":"2020-12-22","purchased_purges":1,"victory":false,"max_hp_per_floor":[88,88,88,88,88,88,88,88,88,88,88,88,95,95,95,95,95,95,95,95,95,95,95,95,95],"card_choices":[{"not_picked":["Entrench","Heavy Blade"],"picked":"Flex","floor":1},{"not_picked":["Carnage","Sever Soul"],"picked":"Headbutt","floor":2},{"not_picked":["Metallicize","Rampage"],"picked":"Rage","floor":3},{"not_picked":["Iron Wave","Infernal Blade"],"picked":"Shockwave","floor":5},{"not_picked":["Blood for Blood","Searing Blow"],"picked":"Burning Pact","floor":6},{"not_picked":["Thunderclap","Intimidate","Dropkick"],"picked":"Power Through","floor":10},{"not_picked":["Pommel Strike","Headbutt","Dark Embrace"],"picked":"Seeing Red","floor":12},{"not_picked":["Blood for Blood","Iron Wave","Power Through"],"picked":"Shrug It Off","floor":14},{"not_picked":["Feed","Corruption","Double Tap"],"picked":"Berserk","floor":16},{"not_picked":["Body Slam","Flex+1","Perfected Strike+1"],"picked":"Headbutt+1","floor":18},{"not_picked":["True Grit","Sword Boomerang","Anger"],"picked":"Armaments","floor":22}],"player_experience":428823,"relics_obtained":[{"floor":6,"key":"Question Card"},{"floor":21,"key":"MawBank"}],"event_choices":[{"damage_healed":0,"gold_gain":0,"player_choice":"Entered Light","damage_taken":18,"max_hp_gain":0,"max_hp_loss":0,"event_name":"Shining Light","floor":4,"gold_loss":0,"cards_upgraded":["Strike_R","Defend_R"]},{"damage_healed":0,"gold_gain":0,"player_choice":"Take Wound","damage_taken":0,"relics_obtained":["Golden Idol"],"max_hp_gain":0,"max_hp_loss":0,"event_name":"Golden Idol","floor":8,"gold_loss":0,"cards_obtained":["Injury"]},{"damage_healed":0,"gold_gain":0,"player_choice":" GoldIdol Vial ","damage_taken":26,"relics_obtained":["Bloody Idol","Blood Vial"],"max_hp_gain":69,"max_hp_loss":43,"event_name":"betterAltar:BetterAltar","floor":19,"potions_obtained":[],"relics_lost":["Golden Idol"],"gold_loss":0},{"damage_healed":0,"gold_gain":0,"player_choice":"Became a vampire (Vial)","damage_taken":0,"max_hp_gain":0,"max_hp_loss":0,"event_name":"Vampires","floor":20,"relics_lost":["Blood Vial"],"gold_loss":0,"cards_obtained":["Bite","Bite","Bite","Bite","Bite"]}],"is_beta":false,"boss_relics":[{"not_picked":["Empty Cage","Pandora\u0027s Box"],"picked":"Mark of Pain"}],"items_purged_floors":[13],"is_endless":false,"potions_floor_spawned":[1,5,6,10,22],"killed_by":"Gremlin Leader","ascension_level":8}}