{"host":"ibckqdmmf9y74ymf","time":1611228678,"event":{"mods":["2.2 Compatiblity","Ascension Unlocker","BaseMod","Colored Map","Curses Come First","Highlight Path","Minty Spire (QoL Compilation)","Quick Restart","Rare Cards Sparkle","Relic Stats","StSLib"],"gold_per_floor":[110,129,129,145,164,164,164,177,259,259,259,259],"floor_reached":11,"language":"ENG","playtime":362,"items_purged":[],"score":130,"play_id":"253648f8-73c0-4077-a250-032373fe2582","local_time":"20210121123118","is_ascension_mode":true,"campfire_choices":[{"data":"CrushJoints","floor":6,"key":"SMITH"}],"circlet_count":0,"master_deck":["AscendersBane","Strike_P","Strike_P","Strike_P","Strike_P","Defend_P","Defend_P","Defend_P","Eruption","Vigilance","Prostrate","Prostrate","Vault","CrushJoints+1","Protect"],"relics":["PureWater","Damaru","Mercury Hourglass"],"acts_visited":[],"potions_floor_usage":[],"damage_taken":[{"damage":11,"enemies":"Small Slimes","floor":1,"turns":6},{"damage":2,"enemies":"Jaw Worm","floor":2,"turns":5},{"damage":0,"enemies":"2 Louse","floor":4,"turns":4},{"damage":9,"enemies":"Large Slime","floor":5,"turns":5},{"damage":6,"enemies":"3 Louse","floor":8,"turns":4},{"damage":0,"enemies":"3 Sentries","floor":11,"turns":1}],"seed_played":"5612818017136064177","potions_obtained":[{"floor":1,"key":"Explosive Potion"},{"floor":8,"key":"GamblersBrew"}],"is_trial":false,"path_per_floor":["M","M","?","M","M","R","?","M","T","?","E"],"character_chosen":"WATCHER","items_purchased":[],"campfire_rested":0,"item_purchase_floors":[],"current_hp_per_floor":[50,48,41,41,32,32,32,26,26,8,8,8],"gold":259,"neow_bonus":"RANDOM_COMMON_RELIC","is_daily":false,"chose_seed":false,"campfire_upgraded":1,"win_rate":0.0,"timestamp":1611228678,"path_taken":["M","M","?","M","M","R","?","M","T","?","E"],"items_purchased_type":[],"build_version":"2020-12-22","purchased_purges":0,"victory":false,"max_hp_per_floor":[68,68,68,68,68,68,68,68,68,68,68,68],"relic_stats":{"counters":[6,24],"obtain_stats":[{"Damaru":0,"PureWater":0,"Mercury Hourglass":9},{"Damaru":0,"PureWater":0,"Mercury Hourglass":5},{"Damaru":0,"PureWater":0,"Mercury Hourglass":24}],"Mercury Hourglass":[0]},"card_choices":[{"not_picked":["EmptyMind","ThirdEye"],"picked":"Prostrate","floor":1},{"not_picked":["Crescendo","Weave"],"picked":"Prostrate","floor":2},{"not_picked":["EmptyFist","LikeWater"],"picked":"Vault","floor":4},{"not_picked":["PathToVictory","Evaluate"],"picked":"CrushJoints","floor":5},{"not_picked":["Pray","EmptyBody"],"picked":"Protect","floor":8}],"player_experience":644942,"relics_obtained":[{"floor":9,"key":"Mercury Hourglass"}],"event_choices":[{"cards_removed":["Defend_P"],"damage_healed":0,"gold_gain":0,"player_choice":"Card Removal","damage_taken":7,"max_hp_gain":0,"max_hp_loss":0,"event_name":"Golden Wing","floor":3,"gold_loss":0},{"damage_healed":0,"gold_gain":0,"player_choice":"Ignored","damage_taken":0,"max_hp_gain":0,"max_hp_loss":0,"event_name":"Liars Game","floor":7,"gold_loss":0},{"damage_healed":0,"gold_gain":0,"player_choice":"Fled","damage_taken":18,"max_hp_gain":0,"max_hp_loss":0,"event_name":"Scrap Ooze","floor":10,"gold_loss":0}],"is_beta":false,"boss_relics":[],"items_purged_floors":[],"is_endless":false,"potions_floor_spawned":[1,8],"killed_by":"3 Sentries","ascension_level":20}}