{"host":"c95txy58ipbu969e","time":1611237116,"event":{"mods":["Act Like it!","Arknights The Spire","BaseMod","Minty Spire (QoL Compilation)","Quick Restart","StSLib"],"gold_per_floor":[110,124,90,90,105,138,157,157,182,182,182,182,214,225,225,323,323,337,156,156,156,167,167,202,202,202,233,250,175,201,217,217,313,313,323,166,176,191,206,233,233,263,263,274,199,199,199,230,230,230,230,230,57,90,90,90],"floor_reached":55,"language":"ENG","playtime":3155,"items_purged":["ats:Strike V","ats:Defend"],"score":917,"play_id":"b292af3c-d0cf-4262-91f8-0e03237372a5","local_time":"20210121215156","is_ascension_mode":true,"campfire_choices":[{"data":"ats:Echo Reverb","floor":8.0,"key":"SMITH"},{"data":"ats:Emotion Absorption","floor":12.0,"key":"SMITH"},{"data":"ats:Nebulous Foxfire","floor":15.0,"key":"SMITH"},{"data":"Apotheosis","floor":23.0,"key":"SMITH"},{"data":"ats:Serious Mode","floor":25.0,"key":"SMITH"},{"floor":32,"key":"RECALL"},{"floor":41,"key":"REST"},{"floor":49,"key":"REST"},{"floor":52,"key":"REST"}],"circlet_count":0,"master_deck":["ats:Strike C","ats:Strike G+1","ats:Strike S+1","ats:Armor Crushing Shot","ats:Defend","ats:Defend","ats:Defend","ats:Emotion Absorption+1","ats:Closed Bolt Burst Fire","ats:Serious Mode+1","ats:Echo Reverb+1","ats:Spore Proliferation","ats:Nebulous Foxfire+1","ats:Shell Defense","Apotheosis+1","ats:Thermite Blade","ats:Magnetic Hammer+1","ats:Support Order","Thinking Ahead","ats:Consecutive Shot Auto+1","ats:Demon Strength"],"relics":["ats:Sanity","NeowsBlessing","Regal Pillow","ats:Originium","Tiny Chest","Vajra","Anchor","Shuriken","Busted Crown","Letter Opener","Sundial","Happy Flower","Whetstone","Fusion Hammer","ats:Rhine Circuitry","Ornamental Fan","Molten Egg 2","Pocketwatch","Bag of Preparation","Mercury Hourglass"],"acts_visited":["Exordium","TheCity","TheBeyond","TheEnding"],"potions_floor_usage":[33,50,55,55,55,55,55,55],"damage_taken":[{"damage":0.0,"enemies":"Small Slimes","floor":1.0,"turns":1.0},{"damage":0.0,"enemies":"Cultist","floor":2.0,"turns":1.0},{"damage":0.0,"enemies":"2 Louse","floor":5.0,"turns":1.0},{"damage":32.0,"enemies":"Gremlin Nob","floor":6.0,"turns":4.0},{"damage":0.0,"enemies":"Exordium Wildlife","floor":7.0,"turns":2.0},{"damage":0.0,"enemies":"Lagavulin","floor":13.0,"turns":3.0},{"damage":0.0,"enemies":"Red Slaver","floor":14.0,"turns":2.0},{"damage":0.0,"enemies":"Slime Boss","floor":16.0,"turns":5.0},{"damage":2.0,"enemies":"Spheric Guardian","floor":18.0,"turns":3.0},{"damage":2.0,"enemies":"2 Thieves","floor":22.0,"turns":4.0},{"damage":26.0,"enemies":"Slavers","floor":24.0,"turns":4.0},{"damage":0.0,"enemies":"Book of Stabbing","floor":27.0,"turns":4.0},{"damage":11.0,"enemies":"Snecko","floor":28.0,"turns":5.0},{"damage":6,"enemies":"Slavers","floor":30,"turns":4},{"damage":7,"enemies":"Snake Plant","floor":31,"turns":3},{"damage":27,"enemies":"Collector","floor":33,"turns":6},{"damage":10,"enemies":"3 Darklings","floor":35,"turns":7},{"damage":55,"enemies":"3 Shapes","floor":37,"turns":3},{"damage":9,"enemies":"Transient","floor":38,"turns":5},{"damage":6,"enemies":"Maw","floor":39,"turns":5},{"damage":22,"enemies":"Nemesis","floor":40,"turns":7},{"damage":39,"enemies":"Giant Head","floor":42,"turns":8},{"damage":0,"enemies":"Sphere and 2 Shapes","floor":44,"turns":3},{"damage":5,"enemies":"Nemesis","floor":48,"turns":3},{"damage":53,"enemies":"Time Eater","floor":50,"turns":9},{"damage":41,"enemies":"Shield and Spear","floor":54,"turns":7},{"damage":68,"enemies":"The Heart","floor":55,"turns":5}],"seed_played":"5588745686031738634","potions_obtained":[{"floor":2.0,"key":"FearPotion"},{"floor":5.0,"key":"GamblersBrew"},{"floor":13.0,"key":"Strength Potion"},{"floor":16.0,"key":"FearPotion"},{"floor":18.0,"key":"SkillPotion"},{"floor":27.0,"key":"AttackPotion"},{"floor":33,"key":"SkillPotion"},{"floor":35,"key":"EntropicBrew"},{"floor":54,"key":"Block Potion"}],"is_trial":false,"path_per_floor":["M","M","$","?","M","E","M","R","T","?","$","R","E","M","R","B",null,"M","$","?","T","M","R","E","R","T","E","M","$","E","M","R","B",null,"M","$","M","M","M","E","R","E","T","M","$","?","?","E","R","B",null,"R","$","E","B"],"character_chosen":"DOCTOR_CLASS","items_purchased":["ats:Serious Mode","Apotheosis","ats:Rhine Circuitry","ats:Support Order","ats:Demon Strength"],"campfire_rested":3,"item_purchase_floors":[3,19,36,45,53],"current_hp_per_floor":[72,72,72,72,72,40,40,40,40,33,33,33,33,33,33,33,72,70,70,57,57,58,58,39,39,39,42,40,40,39,37,37,18,77,77,77,25,30,29,36,74,44,44,49,49,49,49,46,77,48,77,77,77,47,0,0],"gold":90,"neow_bonus":"THREE_ENEMY_KILL","is_daily":false,"chose_seed":false,"campfire_upgraded":5,"win_rate":0.0,"timestamp":1611237116,"path_taken":["M","M","$","?","?","E","M","R","T","?","?","R","E","M","R","BOSS","M","$","?","?","M","R","E","R","T","E","M","$","E","M","R","BOSS","M","$","M","M","M","E","R","E","T","?","$","?","?","E","R","BOSS","R","$","E","BOSS"],"items_purchased_type":["Card","Card","Relic","Card","Card"],"build_version":"2020-12-22","purchased_purges":2,"victory":false,"max_hp_per_floor":[72,72,72,72,72,72,72,72,72,72,72,72,72,72,72,72,72,72,72,77,77,77,77,77,77,77,77,77,77,77,77,77,77,77,77,77,77,77,77,77,77,77,77,77,77,77,77,77,77,77,77,77,77,77,77,77],"card_choices":[{"not_picked":["ats:Hammer On","ats:Childhood Dance"],"picked":"ats:Closed Bolt Burst Fire","floor":1.0},{"not_picked":["ats:Encircling Forest","ats:Explosion Area Strengthen","ats:Directed Diagnosis"],"picked":"SKIP","floor":2.0},{"not_picked":["ats:Blood Oath","ats:Assault Order"],"picked":"ats:Echo Reverb","floor":5.0},{"not_picked":["ats:Serious Mode","ats:Explosion Area Strengthen","ats:Rapid Magazine"],"picked":"SKIP","floor":6.0},{"not_picked":["ats:Curse Doll","ats:Assault Order","ats:Sunburst"],"picked":"SKIP","floor":7.0},{"not_picked":["ats:Beaten Up","ats:Explosion Area Strengthen"],"picked":"ats:Spore Proliferation","floor":13.0},{"not_picked":["ats:Collapsing Strike","ats:Childhood Dance"],"picked":"ats:Nebulous Foxfire","floor":14.0},{"not_picked":[],"picked":"ats:Shell Defense","floor":18.0},{"not_picked":["ats:Thorns+1"],"picked":"SKIP","floor":22.0},{"not_picked":["ats:Rapid Magazine"],"picked":"SKIP","floor":24.0},{"not_picked":["ats:Echo Reverb"],"picked":"SKIP","floor":27.0},{"not_picked":["ats:Assault Order+1"],"picked":"SKIP","floor":28.0},{"not_picked":["ats:Cat Scratch"],"picked":"SKIP","floor":30},{"not_picked":["ats:Shell Defense"],"picked":"SKIP","floor":31},{"not_picked":["ats:Cat Scratch"],"picked":"SKIP","floor":35},{"not_picked":["ats:Powerful Strike"],"picked":"SKIP","floor":37},{"not_picked":[],"picked":"ats:Thermite Blade","floor":38},{"not_picked":["ats:Song Of Battle"],"picked":"SKIP","floor":39},{"not_picked":["ats:Song Of Battle"],"picked":"SKIP","floor":39},{"not_picked":["ats:Burning Ground"],"picked":"SKIP","floor":40},{"not_picked":["ats:Flame Of Heaven"],"picked":"SKIP","floor":42},{"not_picked":["ats:Flame Of Heaven"],"picked":"SKIP","floor":42},{"not_picked":[],"picked":"ats:Magnetic Hammer+1","floor":44},{"not_picked":[],"picked":"Thinking Ahead","floor":47},{"not_picked":[],"picked":"ats:Consecutive Shot Auto+1","floor":48},{"not_picked":["ats:Assault Order+1"],"picked":"SKIP","floor":54}],"player_experience":265021,"relics_obtained":[{"floor":6.0,"key":"ats:Originium"},{"floor":6.0,"key":"Tiny Chest"},{"floor":9.0,"key":"Vajra"},{"floor":13.0,"key":"ats:Originium"},{"floor":13.0,"key":"Shuriken"},{"floor":24.0,"key":"ats:Originium"},{"floor":24.0,"key":"Letter Opener"},{"floor":26.0,"key":"Sundial"},{"floor":27.0,"key":"ats:Originium"},{"floor":27.0,"key":"Happy Flower"},{"floor":30,"key":"Whetstone"},{"floor":40,"key":"Ornamental Fan"},{"floor":42,"key":"Molten Egg 2"},{"floor":43,"key":"Pocketwatch"},{"floor":48,"key":"Bag of Preparation"},{"floor":54,"key":"Mercury Hourglass"}],"event_choices":[{"damage_healed":0.0,"max_hp_gain":0.0,"max_hp_loss":0.0,"gold_gain":0.0,"event_name":"WeMeetAgain","player_choice":"Gave Potion","floor":4.0,"gold_loss":0.0,"damage_taken":0.0,"relics_obtained":["Regal Pillow"]},{"damage_healed":0.0,"max_hp_gain":0.0,"max_hp_loss":0.0,"gold_gain":0.0,"event_name":"Scrap Ooze","player_choice":"Success","floor":10.0,"gold_loss":0.0,"damage_taken":7.0,"relics_obtained":["Anchor"]},{"damage_healed":0.0,"max_hp_gain":5.0,"max_hp_loss":0.0,"gold_gain":0.0,"event_name":"Forgotten Altar","player_choice":"Shed Blood","floor":20.0,"gold_loss":0.0,"damage_taken":18.0},{"damage_healed":0,"gold_gain":0,"player_choice":"Ignored","damage_taken":0,"max_hp_gain":0,"max_hp_loss":0,"event_name":"Tomb of Lord Red Mask","floor":46,"gold_loss":0},{"damage_healed":0,"gold_gain":0,"player_choice":"Memory 1","damage_taken":0,"max_hp_gain":0,"max_hp_loss":0,"event_name":"SensoryStone","floor":47,"gold_loss":0}],"is_beta":false,"boss_relics":[{"not_picked":["Velvet Choker","Ectoplasm"],"picked":"Busted Crown"},{"not_picked":["Snecko Eye","Tiny House"],"picked":"Fusion Hammer"}],"items_purged_floors":[29,53],"is_endless":false,"potions_floor_spawned":[2,5,13,16,18,27,28,33,35,38,40,48,54],"killed_by":"The Heart","ascension_level":1}}