{"host":"7z347kdhnquy3q4q","time":1611247810,"event":{"mods":["Act Like it!","Aspiration","BaseMod","Hubris","Minty Spire (QoL Compilation)","MostiFishMod","Permanent Neow","Potionbrewer","Replay The Spire","Robot Space Explorer","Spicy Shops","StSLib","Wandering Minibosses"],"gold_per_floor":[117,117,117,190,42,42,55,86,112,123,148,120,137,157,157,251,251,1059,1059,1073,1085,1085,1085,1095,1095,1168,1168,203,232,232,249,249,354,354,368,34,47,129,142,173,318,351,377,377,377,377,377,524,524,560],"floor_reached":51,"language":"ENG","playtime":2481,"items_purged":["potionbrewer:PotionbrewerDefend","potionbrewer:PotionbrewerStrike","All Out Attack"],"score":1314,"play_id":"004ff3e9-7ebc-4d59-8da7-7866d94f514c","local_time":"20210121105010","is_ascension_mode":true,"campfire_choices":[{"data":"MostiFishMod:Minus+2","floor":6,"key":"SMITH"},{"data":"potionbrewer:TheFinalStraw","floor":23,"key":"SMITH"},{"floor":32,"key":"REST"},{"data":"MostiFishMod:KamiSmash","floor":44,"key":"SMITH"},{"data":"potionbrewer:QuickStep","floor":46,"key":"SMITH"},{"data":"potionbrewer:TestFormula","floor":49,"key":"SMITH"}],"circlet_count":0,"master_deck":["MostiFishMod:Minus+4","potionbrewer:Collect","potionbrewer:ChemicalSpill","potionbrewer:AnotherRound","Replay:Poison Smokescreen+1","Flechettes+1","potionbrewer:FlashPowder","potionbrewer:PortableLab+1","potionbrewer:Discombobulate","potionbrewer:ChemicalRage+1","potionbrewer:FlareUp","potionbrewer:TestFormula+1","potionbrewer:QuickStep+1","potionbrewer:TheFinalStraw+1","potionbrewer:FlareUp+1","potionbrewer:FuelCell+1","MostiFishMod:Minus+3","potionbrewer:TheFinalStraw+1","Necronomicurse","ReplayTheSpireMod:Brewmster+1","potionbrewer:IronHeart+1","Replay:BasicMightCard+1","Catalyst+1","MostiFishMod:CyberBuddha+1","potionbrewer:Transmute+1","potionbrewer:PotentialEnergy+1","potionbrewer:ChoosePotion","potionbrewer:ChoosePotion","Leap+1","potionbrewer:Refill+1","Discovery+1","ReplayTheSpireMod:Splinters","MostiFishMod:KamiSmash+1","RobotSpaceExplorer:GlueShot+1","MasterReality+1","JustLucky+1","Flame Barrier+1"],"relics":["potionbrewer:PotionKit","DaveBox","SynthV","aspiration:Nostalgia","PureWater","SynthV:TestCard","Frozen Egg 2","Dodecahedron","potionbrewer:PaperSwan","Boot","Orichalcum","FeatherPendant","wanderingMiniBosses:MasterThiefsPresence","Necronomicon","Toxic Egg 2","aspiration:RitualStick","Technique","Juzu Bracelet","potionbrewer:BunsenBurner","PrismaticShard","SynthV:C4","hubris:Icosahedron","Astrolabe","Replay:Rubber Ducky","hubris:Teleporter","Replay:Bandana","ReplayTheSpireMod:Lightbulb"],"acts_visited":["Exordium","TheCity","TheBeyond"],"potions_floor_usage":[8,8,11,11,12,12,12,13,16,16,16,18,18,20,21,24,29,33,35,38,39,40,41,41,42,42,42,48,48,48,48,50],"damage_taken":[{"damage":0,"enemies":"Small Slimes","floor":1,"turns":5},{"damage":0,"enemies":"Cultist","floor":7,"turns":3},{"damage":4,"enemies":"Replay:BlueRogue","floor":8,"turns":5},{"damage":0,"enemies":"Jaw Worm","floor":10,"turns":2},{"damage":0,"enemies":"Gremlin Nob","floor":11,"turns":3},{"damage":1,"enemies":"Large Slime","floor":12,"turns":6},{"damage":0,"enemies":"Red Slaver","floor":13,"turns":2},{"damage":0,"enemies":"3 Louse","floor":14,"turns":5},{"damage":0,"enemies":"Slime Boss","floor":16,"turns":4},{"damage":0,"enemies":"Chosen","floor":18,"turns":4},{"damage":0,"enemies":"2 Thieves","floor":20,"turns":1},{"damage":0,"enemies":"Snecko","floor":21,"turns":2},{"damage":0,"enemies":"Snake Plant","floor":24,"turns":2},{"damage":0,"enemies":"Book of Stabbing","floor":29,"turns":3},{"damage":0,"enemies":"3 Cultists","floor":31,"turns":1},{"damage":0,"enemies":"Automaton","floor":33,"turns":3},{"damage":4,"enemies":"3 Shapes","floor":35,"turns":1},{"damage":0,"enemies":"3 Darklings","floor":37,"turns":1},{"damage":0,"enemies":"Sphere and 2 Shapes","floor":39,"turns":1},{"damage":0,"enemies":"Reptomancer","floor":40,"turns":2},{"damage":0,"enemies":"4 Shapes","floor":41,"turns":3},{"damage":0,"enemies":"Nemesis","floor":42,"turns":3},{"damage":0,"enemies":"Writhing Mass","floor":48,"turns":2},{"damage":0,"enemies":"hubris:GrandSnecko","floor":50,"turns":2}],"seed_played":"-584395528610762320","potions_obtained":[{"floor":7,"key":"Venom Potion"},{"floor":11,"key":"Strength Potion"},{"floor":12,"key":"Dexterity Potion"},{"floor":16,"key":"Energy Potion"},{"floor":18,"key":"Milkshake"},{"floor":24,"key":"potionbrewer:DiscountPotion"},{"floor":37,"key":"PowerPotion"},{"floor":38,"key":"potionbrewer:BlacksmithPotion"},{"floor":38,"key":"LiquidBronze"},{"floor":39,"key":"SkillPotion"},{"floor":41,"key":"Languid Potion"},{"floor":48,"key":"PowerPotion"}],"is_trial":false,"path_per_floor":["M","?","$","T","$","R","M","E","T","M","E","M","M","M","R","B",null,"M","?","M","M","?","R","M","?","T","?","$","E","?","M","R","B",null,"M","$","M","?","M","E","M","E","T","R","?","R","?","M","R","B",null],"character_chosen":"POTIONBREWER","items_purchased":["Dodecahedron","Technique","ReplayTheSpireMod:Brewmster+1","potionbrewer:IronHeart+1","Juzu Bracelet","potionbrewer:BunsenBurner","PrismaticShard","Replay:Rubber Ducky","potionbrewer:Refill+1"],"campfire_rested":1,"item_purchase_floors":[5,28,28,28,28,28,28,36,36],"current_hp_per_floor":[75,75,75,75,75,75,75,71,71,71,71,70,70,70,75,75,75,75,75,75,75,75,75,75,59,59,44,44,44,44,44,66,66,75,71,71,71,71,71,71,75,75,75,75,75,75,78,78,78,78],"gold":560,"neow_bonus":"NOSTALGIA","is_daily":false,"chose_seed":false,"campfire_upgraded":5,"win_rate":0.0,"timestamp":1611247810,"path_taken":["M","?","$","?","$","R","M","E","T","M","E","M","?","M","R","BOSS","M","?","M","M","?","R","?","?","T","?","$","E","?","M","R","BOSS","M","$","M","?","M","E","M","E","T","R","?","R","?","M","R","BOSS"],"items_purchased_type":["Relic","Relic","Card","Card","Relic","Relic","Relic","Relic","Card"],"build_version":"2020-12-22","purchased_purges":3,"victory":true,"max_hp_per_floor":[75,75,75,75,75,75,75,75,75,75,75,75,75,75,75,75,75,75,75,75,75,75,75,75,75,75,75,75,75,75,75,75,75,75,75,75,75,75,75,75,75,75,75,75,75,75,78,78,78,78],"card_choices":[{"not_picked":["potionbrewer:Brandish","potionbrewer:BlindingMist"],"picked":"potionbrewer:AnotherRound","floor":1},{"not_picked":["potionbrewer:CausticBarrier","potionbrewer:Refill","potionbrewer:TestFormula","potionbrewer:Brandish"],"picked":"potionbrewer:FlashPowder","floor":7},{"not_picked":["potionbrewer:Smack","potionbrewer:MicrobeSpray","potionbrewer:TestFormula","potionbrewer:DigDeep"],"picked":"potionbrewer:PortableLab+1","floor":8},{"not_picked":["potionbrewer:Refill","potionbrewer:UnstableFormula","potionbrewer:Toxicity","potionbrewer:Brandish"],"picked":"potionbrewer:Discombobulate","floor":10},{"not_picked":["potionbrewer:ChemicalShroud","potionbrewer:AnotherRound+1","potionbrewer:Biohazard","potionbrewer:UnstableFormula"],"picked":"potionbrewer:ChemicalRage+1","floor":11},{"not_picked":["potionbrewer:Smokescreen","potionbrewer:Refill","potionbrewer:Accelerant","potionbrewer:VolatileSolution"],"picked":"potionbrewer:FlareUp","floor":12},{"not_picked":["potionbrewer:BlindingMist","potionbrewer:OneTwoPunch","potionbrewer:Brandish","potionbrewer:LabAccident"],"picked":"potionbrewer:TestFormula","floor":13},{"not_picked":["potionbrewer:DigDeep","potionbrewer:ChainReaction+1","potionbrewer:Smokescreen","potionbrewer:LabJournal"],"picked":"potionbrewer:QuickStep","floor":14},{"not_picked":["potionbrewer:BeatDown","potionbrewer:Transmute","potionbrewer:BrokenBeakers","potionbrewer:Accelerant"],"picked":"potionbrewer:TheFinalStraw","floor":16},{"not_picked":["potionbrewer:AnotherRound+1","potionbrewer:TestFormula","potionbrewer:QuickStep","potionbrewer:FortifiedSerum"],"picked":"potionbrewer:FlareUp+1","floor":18},{"not_picked":["potionbrewer:OneTwoPunch","potionbrewer:QuickStep","potionbrewer:Brandish+1","potionbrewer:CausticBarrier","potionbrewer:UnstableFormula"],"picked":"SKIP","floor":20},{"not_picked":["potionbrewer:OneTwoPunch","potionbrewer:LabJournal","potionbrewer:Backhand","potionbrewer:TimeBomb"],"picked":"potionbrewer:FuelCell+1","floor":21},{"not_picked":["potionbrewer:FortifiedSerum","potionbrewer:FlashPowder","potionbrewer:QuickStep","potionbrewer:Spark+1"],"picked":"potionbrewer:TheFinalStraw","floor":24},{"not_picked":["potionbrewer:ChainReaction+1","ReplayTheSpireMod:Uncanny Aura+1","SashWhip+1","potionbrewer:Smack"],"picked":"Replay:BasicMightCard+1","floor":29},{"not_picked":["ClearTheMind+1","RobotSpaceExplorer:FreezingShield+1","RobotSpaceExplorer:Probe","MostiFishMod:ThornCasing+1"],"picked":"Catalyst+1","floor":31},{"not_picked":["Mirror Shield+1","After Image+1","MostiFishMod:ShivMaster+1","Double Tap+1"],"picked":"MostiFishMod:CyberBuddha+1","floor":33},{"not_picked":["SashWhip+1","Headbutt","potionbrewer:UnstableFormula","Pummel"],"picked":"Leap+1","floor":35},{"not_picked":["CrushJoints","Go for the Eyes","potionbrewer:Smack+1","RobotSpaceExplorer:Reload+1"],"picked":"Discovery+1","floor":37},{"not_picked":["Adaptation+1","ReplayTheSpireMod:Corrosion Curse+1","BowlingBash","Coolheaded+1"],"picked":"MostiFishMod:KamiSmash","floor":38},{"not_picked":["Conserve Battery+1","Impatience+1","Turbo+1","FlyingSleeves"],"picked":"RobotSpaceExplorer:GlueShot+1","floor":39},{"not_picked":["Combust+1","Thunderclap+1","Leap+1","RobotSpaceExplorer:SurgingStrike"],"picked":"MasterReality+1","floor":40},{"not_picked":["RobotSpaceExplorer:StunGrenade","RobotSpaceExplorer:IronShell+1","Abandon+1","Defragment+1"],"picked":"JustLucky+1","floor":41},{"not_picked":["RobotSpaceExplorer:FreezingShield+1","True Grit+1","BowlingBash+1","Lockon","Clothesline+1"],"picked":"SKIP","floor":42},{"not_picked":["Barrage","Replay:Anticipation+1","Perfected Strike+1","Enlightenment+1"],"picked":"Flame Barrier+1","floor":48}],"player_experience":1943064,"relics_obtained":[{"floor":1,"key":"SynthV:TestCard"},{"floor":4,"key":"Frozen Egg 2"},{"floor":8,"key":"potionbrewer:PaperSwan"},{"floor":9,"key":"Boot"},{"floor":11,"key":"Orichalcum"},{"floor":18,"key":"wanderingMiniBosses:MasterThiefsPresence"},{"floor":25,"key":"Necronomicon"},{"floor":26,"key":"Toxic Egg 2"},{"floor":29,"key":"SynthV:C4"},{"floor":40,"key":"hubris:Teleporter"},{"floor":42,"key":"Replay:Bandana"},{"floor":43,"key":"ReplayTheSpireMod:Lightbulb"}],"event_choices":[{"damage_healed":0,"gold_gain":0,"player_choice":"Copied","damage_taken":0,"max_hp_gain":0,"max_hp_loss":0,"event_name":"Duplicator","floor":22,"gold_loss":0,"cards_obtained":["MostiFishMod:Minus"]},{"damage_healed":0,"gold_gain":0,"player_choice":"Obtained Book","damage_taken":16,"max_hp_gain":0,"max_hp_loss":0,"event_name":"Cursed Tome","floor":25,"gold_loss":0},{"damage_healed":0,"gold_gain":0,"player_choice":"Ignored","damage_taken":0,"max_hp_gain":0,"max_hp_loss":0,"event_name":"Tomb of Lord Red Mask","floor":45,"gold_loss":0}],"is_beta":false,"boss_relics":[{"not_picked":["MostiFishMod:Hod","aspiration:PoetsPen_weak"],"picked":"FeatherPendant"},{"not_picked":["SynthV:MejaisSoulstealer","Ring of Chaos"],"picked":"Astrolabe"}],"items_purged_floors":[28,28,36],"is_endless":false,"potions_floor_spawned":[7,11,12,16,18,24,37,39,41,48],"ascension_level":3}}