{"host":"qrt7o4dq2qslzw13","time":1611250390,"event":{"mods":["AchievementEnabler","BaseMod","Colored Map","Colored Powertips","Minty Spire (QoL Compilation)","Quick Restart","StSLib","SuperFastMode"],"gold_per_floor":[111,125,1,19,19,19,38,38,38,52,52,65,65,91,91,189,189,205,219,219,234,234,234,253,253,253],"floor_reached":25,"language":"ENG","playtime":635,"items_purged":[],"score":205,"play_id":"9ec64cfa-cc42-4bf0-a173-7554c9cbabc5","local_time":"20210121123310","is_ascension_mode":false,"campfire_choices":[{"floor":6.0,"key":"REST"},{"floor":13.0,"key":"REST"},{"floor":15.0,"key":"REST"},{"floor":23.0,"key":"REST"}],"circlet_count":0,"master_deck":["Strike_P","Strike_P","Strike_P","Strike_P","Defend_P","Defend_P","Defend_P","Defend_P","Eruption","Vigilance","Master of Strategy","Halt","Pray","Trip","Evaluate","Wallop","DeceiveReality","Pray","WreathOfFlame","SpiritShield","Establishment","LikeWater","FearNoEvil","Indignation+1","SandsOfTime"],"relics":["PureWater","Tiny Chest","Smiling Mask","Blue Candle","StoneCalendar","VioletLotus","Toxic Egg 2"],"acts_visited":["Exordium","TheCity"],"potions_floor_usage":[24,24],"damage_taken":[{"damage":4.0,"enemies":"Cultist","floor":1.0,"turns":2.0},{"damage":15.0,"enemies":"Small Slimes","floor":2.0,"turns":3.0},{"damage":9.0,"enemies":"Jaw Worm","floor":4.0,"turns":5.0},{"damage":24.0,"enemies":"Lots of Slimes","floor":7.0,"turns":6.0},{"damage":4.0,"enemies":"Looter","floor":10.0,"turns":3.0},{"damage":0.0,"enemies":"3 Louse","floor":12.0,"turns":4.0},{"damage":5.0,"enemies":"Gremlin Nob","floor":14.0,"turns":3.0},{"damage":10.0,"enemies":"The Guardian","floor":16.0,"turns":10.0},{"damage":6.0,"enemies":"Chosen","floor":18.0,"turns":4.0},{"damage":7.0,"enemies":"Shell Parasite","floor":19.0,"turns":7.0},{"damage":42.0,"enemies":"Shelled Parasite and Fungi","floor":21.0,"turns":8.0},{"damage":25,"enemies":"Snecko","floor":24,"turns":6},{"damage":14,"enemies":"Centurion and Healer","floor":25,"turns":2}],"seed_played":"7730464514965548046","potions_obtained":[{"floor":1.0,"key":"CultistPotion"},{"floor":10.0,"key":"Weak Potion"},{"floor":12.0,"key":"AttackPotion"},{"floor":16.0,"key":"FearPotion"},{"floor":19.0,"key":"DuplicationPotion"}],"is_trial":false,"path_per_floor":["M","M","$","M","?","R","M","?","T","M","?","M","R","E","R","B",null,"M","M","T","M","?","R","M","M"],"character_chosen":"WATCHER","items_purchased":["Trip","Evaluate"],"campfire_rested":4,"item_purchase_floors":[3,3],"current_hp_per_floor":[68,53,53,44,26,47,23,23,23,19,19,19,40,35,56,46,72,66,59,59,17,17,38,13,0,0],"gold":253,"neow_bonus":"RANDOM_COLORLESS_2","is_daily":false,"chose_seed":false,"campfire_upgraded":0,"win_rate":0.0,"timestamp":1611250390,"path_taken":["M","?","?","M","?","R","M","?","T","?","?","M","R","E","R","BOSS","M","M","?","M","?","R","?","M"],"items_purchased_type":["Card","Card"],"build_version":"2020-12-22","purchased_purges":0,"victory":false,"max_hp_per_floor":[72,72,72,72,72,72,72,72,72,72,72,72,72,72,72,72,72,72,72,72,72,72,72,72,72,72],"card_choices":[{"not_picked":["Magnetism","Transmutation"],"picked":"Master of Strategy","floor":0.0},{"not_picked":["FlurryOfBlows","Sanctity"],"picked":"Halt","floor":1.0},{"not_picked":["Prostrate","BowlingBash"],"picked":"Pray","floor":2.0},{"not_picked":["Nirvana","PathToVictory"],"picked":"Wallop","floor":4.0},{"not_picked":["PathToVictory","FlurryOfBlows"],"picked":"DeceiveReality","floor":7.0},{"not_picked":["Protect","Collect"],"picked":"Pray","floor":10.0},{"not_picked":["Swivel","TalkToTheHand"],"picked":"WreathOfFlame","floor":12.0},{"not_picked":["Nirvana","Crescendo"],"picked":"SpiritShield","floor":14.0},{"not_picked":["SpiritShield","Omniscience"],"picked":"Establishment","floor":16.0},{"not_picked":["CutThroughFate","ThirdEye+1"],"picked":"LikeWater","floor":18.0},{"not_picked":["EmptyFist+1","BowlingBash+1"],"picked":"FearNoEvil","floor":19.0},{"not_picked":["CrushJoints","FlurryOfBlows+1"],"picked":"Indignation+1","floor":21.0},{"not_picked":["Study","CarveReality"],"picked":"SandsOfTime","floor":24}],"player_experience":575410,"relics_obtained":[{"floor":9.0,"key":"Blue Candle"},{"floor":14.0,"key":"StoneCalendar"},{"floor":20.0,"key":"Toxic Egg 2"}],"event_choices":[{"damage_healed":0.0,"max_hp_gain":0.0,"max_hp_loss":0.0,"gold_gain":0.0,"event_name":"Scrap Ooze","player_choice":"Success","floor":5.0,"gold_loss":0.0,"damage_taken":18.0,"relics_obtained":["Tiny Chest"]},{"damage_healed":0.0,"max_hp_gain":0.0,"max_hp_loss":0.0,"gold_gain":0.0,"event_name":"WeMeetAgain","player_choice":"Gave Potion","floor":8.0,"gold_loss":0.0,"damage_taken":0.0,"relics_obtained":["Smiling Mask"]},{"cards_removed":["Regret"],"damage_healed":0.0,"max_hp_gain":0.0,"max_hp_loss":0.0,"gold_gain":0.0,"event_name":"Purifier","player_choice":"Purged","floor":11.0,"gold_loss":0.0,"damage_taken":0.0},{"damage_healed":0.0,"max_hp_gain":0.0,"max_hp_loss":0.0,"gold_gain":0.0,"event_name":"NoteForYourself","player_choice":"Ignored","floor":22.0,"gold_loss":0.0,"damage_taken":0.0}],"is_beta":false,"boss_relics":[{"not_picked":["Black Star","Runic Dome"],"picked":"VioletLotus"}],"items_purged_floors":[],"is_endless":false,"potions_floor_spawned":[1,10,12,16,19],"killed_by":"Centurion and Healer","ascension_level":0}}