{"host":"vahfsrte3c21740v","time":1611249250,"event":{"mods":["2.2 Compatiblity","AchievementEnabler","Aspiration","BaseMod","BetterRewards","Block Reminder","Colored Map","Colored Powertips","Conspire","Highlight Path","Hubris","Minty Spire (QoL Compilation)","Permanent Neow","Quick Restart","Rare Cards Sparkle","Reworked Bosses","StSLib","The Factory","The Jungle","Wandering Minibosses","everything is the same but u backflip on backflip","vexMod"],"gold_per_floor":[109,109,120,45,58,58,71,103,103,114,148,158,158,174,174,174,174],"floor_reached":16,"language":"ENG","playtime":1041,"items_purged":["Strike_G"],"score":125,"play_id":"d1a73639-0c6e-4a4b-b513-4e4ad6c9e6f5","local_time":"20210121171410","is_ascension_mode":true,"campfire_choices":[{"data":"Crippling Poison","floor":6.0,"key":"SMITH"},{"floor":15.0,"key":"REST"}],"circlet_count":0,"master_deck":["Strike_G","Strike_G","Strike_G","Strike_G","Defend_G","Defend_G","Defend_G","Defend_G","Defend_G","Survivor","Neutralize","Bouncing Flask","PiercingWail","Crippling Poison+1","Acrobatics","Caltrops","Dagger Throw","Crippling Poison","Poisoned Stab","PiercingWail"],"relics":["Ring of the Snake","aspiration:Nostalgia","PureWater","GremlinMask","Smiling Mask","vexMod:ScavengeHelm","hubris:Reverence"],"acts_visited":["Exordium"],"potions_floor_usage":[16,16],"damage_taken":[{"damage":6.0,"enemies":"Jaw Worm","floor":1.0,"turns":4.0},{"damage":0.0,"enemies":"Cultist","floor":3.0,"turns":4.0},{"damage":0.0,"enemies":"conspire:RoseBush","floor":5.0,"turns":4.0},{"damage":0.0,"enemies":"Gremlin Gang","floor":7.0,"turns":3.0},{"damage":17.0,"enemies":"Lagavulin","floor":8.0,"turns":6.0},{"damage":1.0,"enemies":"Blue Slaver","floor":10.0,"turns":4.0},{"damage":24.0,"enemies":"3 Sentries","floor":11.0,"turns":9.0},{"damage":4.0,"enemies":"Lots of Slimes","floor":12.0,"turns":3.0},{"damage":3.0,"enemies":"Looter","floor":14.0,"turns":3.0},{"damage":31,"enemies":"Slime Boss","floor":16,"turns":7}],"seed_played":"8595856522106956611","potions_obtained":[{"floor":5.0,"key":"Dexterity Potion"},{"floor":7.0,"key":"Ancient Potion"},{"floor":10.0,"key":"Explosive Potion"},{"floor":14.0,"key":"Explosive Potion"}],"is_trial":false,"path_per_floor":["M","?","M","$","M","R","M","E","T","M","E","M","?","M","R","B"],"character_chosen":"THE_SILENT","items_purchased":[],"campfire_rested":1,"item_purchase_floors":[],"current_hp_per_floor":[64,64,64,64,64,64,64,47,47,46,22,18,11,8,29,0,0],"gold":174,"neow_bonus":"NOSTALGIA","is_daily":false,"chose_seed":false,"campfire_upgraded":1,"win_rate":0.0,"timestamp":1611249250,"path_taken":["M","?","M","$","?","R","?","E","T","M","E","M","?","M","R","BOSS"],"items_purchased_type":[],"build_version":"2020-12-22","purchased_purges":1,"victory":false,"max_hp_per_floor":[70,70,70,70,70,70,70,70,70,70,70,70,70,70,70,70,70],"card_choices":[{"not_picked":["Poisoned Stab","Deflect"],"picked":"Bouncing Flask","floor":1.0},{"not_picked":["Accuracy","Poisoned Stab"],"picked":"PiercingWail","floor":3.0},{"not_picked":["Well Laid Plans","Caltrops"],"picked":"Crippling Poison","floor":5.0},{"not_picked":["Distraction","Dodge and Roll"],"picked":"Acrobatics","floor":7.0},{"not_picked":["Underhanded Strike","Slice"],"picked":"Caltrops","floor":8.0},{"not_picked":["Blade Dance","aspiration:Lunge"],"picked":"Dagger Throw","floor":10.0},{"not_picked":["Bane","All Out Attack"],"picked":"Crippling Poison","floor":11.0},{"not_picked":["Slice","Backstab"],"picked":"Poisoned Stab","floor":12.0},{"not_picked":["Sucker Punch","Choke"],"picked":"PiercingWail","floor":14.0}],"player_experience":85170,"relics_obtained":[{"floor":8.0,"key":"Smiling Mask"},{"floor":9.0,"key":"vexMod:ScavengeHelm"},{"floor":11.0,"key":"hubris:Reverence"}],"event_choices":[{"damage_healed":0.0,"max_hp_gain":0.0,"max_hp_loss":0.0,"gold_gain":0.0,"event_name":"FaceTrader","player_choice":"Trade","floor":2.0,"gold_loss":0.0,"damage_taken":0.0,"relics_obtained":["GremlinMask"]},{"damage_healed":0.0,"max_hp_gain":0.0,"max_hp_loss":0.0,"gold_gain":0.0,"event_name":"Wheel of Change","player_choice":"Damaged","floor":13.0,"gold_loss":0.0,"damage_taken":7.0}],"is_beta":false,"boss_relics":[],"items_purged_floors":[4],"is_endless":false,"potions_floor_spawned":[5,7,10,14],"killed_by":"Slime Boss","ascension_level":2}}