{"host":"mi0eibewekhugwl1","time":1611215546,"event":{"mods":["AchievementEnabler","BaseMod","Colored Map","Colored Powertips","DeckTracker","Keyboard Shortcuts","Minty Spire (QoL Compilation)","Quick Restart","Rare Cards Sparkle","Relic Stats","StSLib","SuperFastMode","everything is the same but u backflip on backflip"],"gold_per_floor":[116,134,134,59,72,72,72,86,109,109,127,127,48,83,83,157,157,171,189,189,204,215,215,229,249,275,275,295,295,30,43,43,121,121,139,149,149,96,96,129,129,129,129,147,178,194,210,50,50,50,50,50],"floor_reached":51,"language":"KOR","playtime":1331,"items_purged":["Strike_R","Strike_R"],"score":1322,"play_id":"61379f27-c3e5-4006-a0d8-4d6cf3f47278","local_time":"20210121165226","is_ascension_mode":true,"campfire_choices":[{"data":"Body Slam","floor":6.0,"key":"SMITH"},{"data":"Pommel Strike","floor":10.0,"key":"SMITH"},{"data":"Body Slam","floor":15.0,"key":"SMITH"},{"data":"Burning Pact","floor":23.0,"key":"SMITH"},{"data":"Offering","floor":27.0,"key":"SMITH"},{"floor":32.0,"key":"REST"},{"floor":41.0,"key":"REST"},{"floor":49,"key":"RECALL"}],"circlet_count":0,"master_deck":["AscendersBane","Strike_R","Strike_R","Defend_R","Defend_R","Defend_R","Defend_R","Bash","Body Slam+1","Pommel Strike+1","Shrug It Off","Power Through","Inflame","Body Slam+1","Offering+1","Burning Pact+1","Feel No Pain+1","Reckless Charge","Shockwave","Fire Breathing","Corruption","Dropkick+1","Decay","Battle Trance","Flame Barrier","Shrug It Off","Dark Embrace"],"relics":["Burning Blood","NeowsBlessing","Vajra","Omamori","Cursed Key","WarpedTongs","Anchor","Medical Kit","Mark of Pain","Toy Ornithopter","Strawberry"],"acts_visited":["Exordium","TheCity","TheBeyond"],"potions_floor_usage":[45,45,47,50,51],"damage_taken":[{"damage":0.0,"enemies":"2 Louse","floor":1.0,"turns":1.0},{"damage":0.0,"enemies":"Cultist","floor":2.0,"turns":1.0},{"damage":0.0,"enemies":"Jaw Worm","floor":5.0,"turns":1.0},{"damage":20.0,"enemies":"Large Slime","floor":8.0,"turns":4.0},{"damage":0.0,"enemies":"Gremlin Gang","floor":11.0,"turns":4.0},{"damage":7.0,"enemies":"Lagavulin","floor":14.0,"turns":6.0},{"damage":33.0,"enemies":"The Guardian","floor":16.0,"turns":16.0},{"damage":17.0,"enemies":"Shell Parasite","floor":18.0,"turns":3.0},{"damage":6.0,"enemies":"Spheric Guardian","floor":19.0,"turns":1.0},{"damage":9.0,"enemies":"Chosen and Byrds","floor":21.0,"turns":6.0},{"damage":26.0,"enemies":"Snecko","floor":22.0,"turns":6.0},{"damage":6.0,"enemies":"Cultist and Chosen","floor":24.0,"turns":5.0},{"damage":14.0,"enemies":"3 Cultists","floor":25.0,"turns":5.0},{"damage":5.0,"enemies":"Centurion and Healer","floor":28.0,"turns":7.0},{"damage":6.0,"enemies":"Snake Plant","floor":31.0,"turns":1.0},{"damage":16.0,"enemies":"Champ","floor":33.0,"turns":10.0},{"damage":6.0,"enemies":"3 Shapes","floor":35.0,"turns":3.0},{"damage":35.0,"enemies":"3 Darklings","floor":36.0,"turns":4.0},{"damage":44.0,"enemies":"Reptomancer","floor":40.0,"turns":8.0},{"damage":27,"enemies":"Transient","floor":44,"turns":6},{"damage":11,"enemies":"Nemesis","floor":45,"turns":7},{"damage":13,"enemies":"4 Shapes","floor":46,"turns":9},{"damage":8,"enemies":"Jaw Worm Horde","floor":47,"turns":5},{"damage":41,"enemies":"Time Eater","floor":50,"turns":11},{"damage":17,"enemies":"Awakened One","floor":51,"turns":3}],"seed_played":"-4177873301440111236","potions_obtained":[{"floor":2.0,"key":"ColorlessPotion"},{"floor":3.0,"key":"AttackPotion"},{"floor":3.0,"key":"Fire Potion"},{"floor":8.0,"key":"FearPotion"},{"floor":16.0,"key":"SpeedPotion"},{"floor":19.0,"key":"Regen Potion"},{"floor":21.0,"key":"Block Potion"},{"floor":24.0,"key":"PowerPotion"},{"floor":40.0,"key":"LiquidBronze"},{"floor":44,"key":"GamblersBrew"},{"floor":46,"key":"Block Potion"},{"floor":47,"key":"AttackPotion"}],"is_trial":false,"path_per_floor":["M","M","?","$","M","R","?","M","T","R","M","?","$","E","R","B",null,"M","M","?","M","M","R","M","M","T","R","M","?","$","M","R","B",null,"M","M","?","$","?","E","R","?","T","M","E","M","M","$","R","B","B"],"character_chosen":"IRONCLAD","items_purchased":["Inflame","Medical Kit","BloodPotion","Dark Embrace","Regen Potion"],"campfire_rested":2,"item_purchase_floors":[13,30,38,48,48],"current_hp_per_floor":[74,75,75,75,75,75,75,61,61,61,67,67,67,66,66,39,66,55,55,55,66,46,46,46,38,38,38,39,39,39,39,61,51,69,69,40,40,40,40,17,39,39,39,18,30,23,26,26,26,11,0,0],"gold":50,"neow_bonus":"THREE_ENEMY_KILL","is_daily":false,"chose_seed":false,"campfire_upgraded":5,"win_rate":0.0,"timestamp":1611215546,"path_taken":["M","M","?","?","M","R","?","M","T","R","M","?","$","E","R","BOSS","M","?","?","?","M","R","M","M","T","R","M","?","$","M","R","BOSS","M","M","?","$","?","E","R","?","T","M","E","M","M","$","R","BOSS","BOSS"],"items_purchased_type":["Card","Relic","Potion","Card","Potion"],"build_version":"2020-12-22","purchased_purges":2,"victory":false,"max_hp_per_floor":[75,75,75,75,75,75,75,75,75,75,75,75,75,75,75,75,75,75,75,75,75,75,75,75,75,75,75,75,75,75,75,75,75,75,75,75,75,75,75,75,75,75,75,75,82,82,82,82,82,82,82,82],"relic_stats":{"counters":[25,133],"Cursed Key":2,"Medical Kit":[94],"obtain_stats":[{"Anchor":26,"NeowsBlessing":0,"Strawberry":45,"Vajra":9,"Mark of Pain":34,"Omamori":14,"Cursed Key":17,"Medical Kit":30,"Burning Blood":0,"Toy Ornithopter":40,"WarpedTongs":20},{"Anchor":13,"NeowsBlessing":0,"Strawberry":21,"Vajra":4,"Mark of Pain":16,"Omamori":6,"Cursed Key":7,"Medical Kit":14,"Burning Blood":0,"Toy Ornithopter":19,"WarpedTongs":9},{"Anchor":59,"NeowsBlessing":0,"Strawberry":105,"Vajra":7,"Mark of Pain":77,"Omamori":17,"Cursed Key":33,"Medical Kit":66,"Burning Blood":0,"Toy Ornithopter":92,"WarpedTongs":37}],"Burning Blood":133,"Toy Ornithopter":25,"WarpedTongs":[92]},"card_choices":[{"not_picked":["Hemokinesis","Shockwave"],"picked":"Body Slam","floor":1.0},{"not_picked":["Blood for Blood","Combust"],"picked":"Pommel Strike","floor":2.0},{"not_picked":["Warcry","Anger","Clash"],"picked":"SKIP","floor":5.0},{"not_picked":["Body Slam","Sword Boomerang"],"picked":"Shrug It Off","floor":8.0},{"not_picked":["Pommel Strike","Battle Trance"],"picked":"Power Through","floor":11.0},{"not_picked":["Fiend Fire","Bloodletting"],"picked":"Body Slam","floor":14.0},{"not_picked":["Bludgeon","Brutality"],"picked":"Offering","floor":16.0},{"not_picked":["True Grit","Body Slam"],"picked":"Burning Pact","floor":18.0},{"not_picked":["Sword Boomerang","Warcry","Anger+1"],"picked":"SKIP","floor":19.0},{"not_picked":["Wild Strike","Sentinel","Headbutt"],"picked":"SKIP","floor":21.0},{"not_picked":["Disarm","Dark Embrace"],"picked":"Feel No Pain+1","floor":22.0},{"not_picked":["Inflame","Dropkick"],"picked":"Reckless Charge","floor":24.0},{"not_picked":["Twin Strike+1","Heavy Blade","Thunderclap"],"picked":"SKIP","floor":25.0},{"not_picked":["Infernal Blade","Shockwave","Headbutt"],"picked":"SKIP","floor":28.0},{"not_picked":["Infernal Blade","Headbutt"],"picked":"Shockwave","floor":28.0},{"not_picked":["Sword Boomerang","Combust","Armaments+1"],"picked":"SKIP","floor":31.0},{"not_picked":["Brutality","Offering"],"picked":"Corruption","floor":33.0},{"not_picked":["Rampage","Warcry","Thunderclap"],"picked":"SKIP","floor":35.0},{"not_picked":["Rage","Uppercut"],"picked":"Dropkick+1","floor":36.0},{"not_picked":["Wild Strike","Searing Blow+1","Thunderclap"],"picked":"SKIP","floor":40.0},{"not_picked":["Wild Strike+1","Sword Boomerang"],"picked":"Battle Trance","floor":44},{"not_picked":["Havoc","Heavy Blade+1"],"picked":"Flame Barrier","floor":45},{"not_picked":["Corruption","Clash+1","Clothesline+1"],"picked":"SKIP","floor":46},{"not_picked":["Twin Strike","Body Slam"],"picked":"Shrug It Off","floor":47}],"player_experience":1742626,"relics_obtained":[{"floor":9.0,"key":"Vajra"},{"floor":14.0,"key":"Omamori"},{"floor":26.0,"key":"Anchor"},{"floor":40.0,"key":"Toy Ornithopter"},{"floor":45,"key":"Strawberry"}],"event_choices":[{"damage_healed":0.0,"max_hp_gain":0.0,"max_hp_loss":0.0,"gold_gain":0.0,"event_name":"Lab","player_choice":"Got Potions","floor":3.0,"gold_loss":0.0,"damage_taken":0.0},{"damage_healed":0.0,"max_hp_gain":0.0,"max_hp_loss":0.0,"gold_gain":0.0,"event_name":"The Cleric","player_choice":"Leave","floor":7.0,"gold_loss":0.0,"damage_taken":0.0},{"cards_removed":["Strike_R"],"damage_healed":0.0,"max_hp_gain":0.0,"max_hp_loss":0.0,"gold_gain":0.0,"event_name":"Bonfire Elementals","player_choice":"Offered Basic","floor":12.0,"gold_loss":0.0,"damage_taken":0.0},{"damage_healed":0.0,"max_hp_gain":0.0,"max_hp_loss":0.0,"gold_gain":0.0,"event_name":"Accursed Blacksmith","player_choice":"Rummage","floor":20.0,"gold_loss":0.0,"damage_taken":0.0,"relics_obtained":["WarpedTongs"],"cards_obtained":["Pain"]},{"damage_healed":0.0,"max_hp_gain":0.0,"max_hp_loss":0.0,"gold_gain":0.0,"event_name":"The Library","player_choice":"Read","floor":29.0,"gold_loss":0.0,"damage_taken":0.0,"cards_obtained":["Fire Breathing"]},{"damage_healed":0.0,"max_hp_gain":0.0,"max_hp_loss":0.0,"gold_gain":0.0,"event_name":"Mysterious Sphere","player_choice":"Ignored","floor":37.0,"gold_loss":0.0,"damage_taken":0.0},{"damage_healed":0.0,"max_hp_gain":0.0,"max_hp_loss":0.0,"gold_gain":0.0,"event_name":"SensoryStone","player_choice":"Memory 1","floor":39.0,"gold_loss":0.0,"damage_taken":0.0},{"damage_healed":0.0,"max_hp_gain":0.0,"max_hp_loss":0.0,"gold_gain":0.0,"event_name":"Tomb of Lord Red Mask","player_choice":"Ignored","floor":42.0,"gold_loss":0.0,"damage_taken":0.0}],"is_beta":false,"boss_relics":[{"not_picked":["Empty Cage","Busted Crown"],"picked":"Cursed Key"},{"not_picked":["Coffee Dripper","Calling Bell"],"picked":"Mark of Pain"}],"items_purged_floors":[4,30],"is_endless":false,"potions_floor_spawned":[2,8,16,19,21,24,28,40,44,46,47],"killed_by":"Awakened One","ascension_level":20}}