{"host":"cy2xqrw0a4jjdcnp","time":1611269078,"event":{"mods":["AchievementEnabler","BaseMod","Colored Map","Minty Spire (QoL Compilation)","Permanent Neow"],"gold_per_floor":[11,11,11,11,11,45,58,99,123,146,71,114,79,95,95,226,226,250,200,224,39,39,78,78,121,148,183,196,211,225,264,264,393,393,413,434,177,190,206,241,241,285,285,310,341,341,362,386,386,386,386,386,42,80,80],"floor_reached":56,"language":"ENG","playtime":5269,"items_purged":["Strike_P","Strike_P"],"score":1601,"play_id":"4fd49ebd-5d0d-4418-9a25-580f52736e92","local_time":"20210121204438","is_ascension_mode":true,"campfire_choices":[{"data":"WaveOfTheHand","floor":15.0,"key":"SMITH"},{"floor":24.0,"key":"DIG"},{"floor":32.0,"key":"DIG"},{"floor":41.0,"key":"DIG"},{"floor":46,"key":"DIG"},{"floor":49,"key":"RECALL"},{"floor":52,"key":"DIG"}],"circlet_count":0,"master_deck":["Strike_P+1","Defend_P","Defend_P+1","Defend_P","Eruption+1","Vigilance","Master of Strategy","Perseverance","Pray+1","Wallop","WaveOfTheHand+1","Adaptation+1","Judgement+1","TalkToTheHand+1","Brilliance+1","ClearTheMind+1","Tantrum","ForeignInfluence+1","Worship+1","EmptyBody+1","LessonLearned+1","BattleHymn+1","Wallop+1","Devotion+1","Crescendo+1","Consecrate+1","ThirdEye+1","Halt+1","EmptyFist+1","Establishment+1","Prostrate+1","SashWhip+1","FlurryOfBlows+1","MentalFortress+1"],"relics":["PureWater","Golden Idol","Damaru","Unceasing Top","Anchor","Pantograph","Black Star","HandDrill","Shovel","Frozen Egg 2","Dream Catcher","Bag of Marbles","Boot","Nunchaku","HornCleat","Centennial Puzzle","Whetstone","Sundial","Mercury Hourglass","Coffee Dripper","Oddly Smooth Stone","Potion Belt","PreservedInsect","Calipers","Blood Vial","Torii","Toxic Egg 2","Pear","Bag of Preparation","Bottled Lightning","Turnip","Kunai","White Beast Statue"],"acts_visited":["Exordium","TheCity","TheBeyond","TheEnding"],"potions_floor_usage":[50,55,55,55,55],"damage_taken":[{"damage":0.0,"enemies":"Small Slimes","floor":1.0,"turns":2.0},{"damage":48.0,"enemies":"Gremlin Nob","floor":6.0,"turns":4.0},{"damage":0.0,"enemies":"2 Louse","floor":7.0,"turns":1.0},{"damage":1.0,"enemies":"Lagavulin","floor":8.0,"turns":4.0},{"damage":0.0,"enemies":"Jaw Worm","floor":10.0,"turns":3.0},{"damage":9.0,"enemies":"Gremlin Nob","floor":12.0,"turns":4.0},{"damage":0.0,"enemies":"3 Louse","floor":14.0,"turns":1.0},{"damage":49.0,"enemies":"Slime Boss","floor":16.0,"turns":11.0},{"damage":0.0,"enemies":"Spheric Guardian","floor":18.0,"turns":3.0},{"damage":4.0,"enemies":"3 Byrds","floor":20.0,"turns":4.0},{"damage":9.0,"enemies":"Slavers","floor":23.0,"turns":4.0},{"damage":19.0,"enemies":"Book of Stabbing","floor":25.0,"turns":6.0},{"damage":28.0,"enemies":"Slavers","floor":27.0,"turns":6.0},{"damage":0.0,"enemies":"Centurion and Healer","floor":28.0,"turns":3.0},{"damage":0.0,"enemies":"Chosen and Byrds","floor":29.0,"turns":3.0},{"damage":0.0,"enemies":"Snake Plant","floor":30.0,"turns":3.0},{"damage":0.0,"enemies":"Gremlin Leader","floor":31.0,"turns":3.0},{"damage":27.0,"enemies":"Champ","floor":33.0,"turns":5.0},{"damage":0.0,"enemies":"3 Darklings","floor":35.0,"turns":4.0},{"damage":1.0,"enemies":"3 Shapes","floor":36.0,"turns":2.0},{"damage":5.0,"enemies":"Spire Growth","floor":38.0,"turns":3.0},{"damage":4.0,"enemies":"3 Darklings","floor":39.0,"turns":3.0},{"damage":22.0,"enemies":"Nemesis","floor":40.0,"turns":5.0},{"damage":0.0,"enemies":"Reptomancer","floor":42.0,"turns":4.0},{"damage":1,"enemies":"4 Shapes","floor":44,"turns":3},{"damage":0,"enemies":"Giant Head","floor":45,"turns":5},{"damage":13,"enemies":"Maw","floor":47,"turns":5},{"damage":0,"enemies":"Transient","floor":48,"turns":5},{"damage":35,"enemies":"Time Eater","floor":50,"turns":6},{"damage":0,"enemies":"Shield and Spear","floor":54,"turns":2},{"damage":11,"enemies":"The Heart","floor":55,"turns":6}],"seed_played":"3828636359224590433","potions_obtained":[{"floor":1.0,"key":"Regen Potion"},{"floor":8.0,"key":"Explosive Potion"},{"floor":14.0,"key":"PowerPotion"},{"floor":18.0,"key":"Fire Potion"},{"floor":28.0,"key":"Energy Potion"},{"floor":29.0,"key":"LiquidMemories"},{"floor":31.0,"key":"Explosive Potion"},{"floor":35.0,"key":"LiquidBronze"},{"floor":36.0,"key":"Swift Potion"},{"floor":42.0,"key":"CultistPotion"},{"floor":44,"key":"Swift Potion"},{"floor":54,"key":"LiquidMemories"}],"is_trial":false,"path_per_floor":["M","?","?","?","?","E","M","E","T","M","$","E","?","M","R","B",null,"M","?","M","$","?","E","R","E","T","E","M","M","M","E","R","B",null,"M","M","$","M","M","E","R","E","T","M","E","R","M","M","R","B",null,"R","$","E","B",null],"character_chosen":"WATCHER","items_purchased":["HandDrill","Tantrum","Oddly Smooth Stone","Turnip","MentalFortress+1"],"campfire_rested":0,"item_purchase_floors":[21,21,37,53,53],"current_hp_per_floor":[72,72,54,47,52,4,4,15,15,15,15,6,25,25,25,1,77,77,77,73,73,73,64,64,45,45,17,17,17,17,17,17,15,77,77,76,76,71,67,45,45,45,45,46,58,58,47,49,49,41,87,87,87,87,76],"gold":80,"neow_bonus":"RANDOM_COLORLESS_2","is_daily":false,"chose_seed":false,"campfire_upgraded":1,"win_rate":0.0,"timestamp":1611269078,"path_taken":["M","?","?","?","?","E","M","E","T","M","?","E","?","?","R","BOSS","M","?","?","$","?","E","R","E","T","E","M","M","M","E","R","BOSS","M","M","$","M","M","E","R","E","T","M","E","R","M","?","R","BOSS","R","$","E","BOSS"],"items_purchased_type":["Relic","Card","Relic","Relic","Card"],"build_version":"2020-12-22","purchased_purges":2,"victory":true,"max_hp_per_floor":[72,72,72,72,77,77,77,77,77,77,77,77,77,77,77,77,77,77,77,77,77,77,77,77,77,77,77,77,77,77,77,77,77,77,77,77,77,77,77,77,77,77,77,77,87,87,87,87,87,87,87,87,87,87,87],"card_choices":[{"not_picked":["Sadistic Nature","Magnetism"],"picked":"Master of Strategy","floor":0.0},{"not_picked":["Nirvana","EmptyFist"],"picked":"Perseverance","floor":1.0},{"not_picked":["Weave","CrushJoints"],"picked":"Pray","floor":6.0},{"not_picked":["WaveOfTheHand","JustLucky"],"picked":"Wallop","floor":7.0},{"not_picked":["JustLucky","SashWhip"],"picked":"WaveOfTheHand","floor":8.0},{"not_picked":["Conclude","Halt"],"picked":"Adaptation","floor":10.0},{"not_picked":["FollowUp","Blasphemy"],"picked":"Judgement","floor":12.0},{"not_picked":["Meditate","SashWhip"],"picked":"TalkToTheHand","floor":14.0},{"not_picked":["ConjureBlade","Ragnarok"],"picked":"Brilliance","floor":16.0},{"not_picked":["BowlingBash","JustLucky"],"picked":"ClearTheMind","floor":18.0},{"not_picked":["BowlingBash","FollowUp","ClearTheMind"],"picked":"SKIP","floor":20.0},{"not_picked":["SignatureMove","Alpha"],"picked":"ForeignInfluence+1","floor":23.0},{"not_picked":["TalkToTheHand","CrushJoints+1"],"picked":"Worship+1","floor":25.0},{"not_picked":["ThirdEye","Consecrate"],"picked":"EmptyBody+1","floor":27.0},{"not_picked":["FlyingSleeves","PathToVictory","Protect"],"picked":"SKIP","floor":28.0},{"not_picked":["Protect","Study+1"],"picked":"LessonLearned","floor":29.0},{"not_picked":["Prostrate","Evaluate+1"],"picked":"BattleHymn+1","floor":30.0},{"not_picked":["Evaluate","Crescendo"],"picked":"Wallop+1","floor":31.0},{"not_picked":["Ragnarok","DeusExMachina"],"picked":"Devotion+1","floor":33.0},{"not_picked":["WheelKick","FlyingSleeves+1"],"picked":"Crescendo+1","floor":35.0},{"not_picked":["EmptyFist","EmptyBody"],"picked":"Consecrate+1","floor":36.0},{"not_picked":["CutThroughFate","WreathOfFlame"],"picked":"ThirdEye+1","floor":38.0},{"not_picked":["EmptyFist","Devotion+1"],"picked":"Halt","floor":39.0},{"not_picked":["SandsOfTime+1","ReachHeaven"],"picked":"EmptyFist+1","floor":40.0},{"not_picked":["Weave","Collect+1"],"picked":"Establishment+1","floor":42.0},{"not_picked":["EmptyFist","Crescendo","WreathOfFlame"],"picked":"SKIP","floor":44},{"not_picked":["Wallop","Nirvana+1"],"picked":"Prostrate+1","floor":45},{"not_picked":["Consecrate+1","EmptyBody+1"],"picked":"SashWhip+1","floor":47},{"not_picked":["SashWhip","Halt+1"],"picked":"FlurryOfBlows+1","floor":48},{"not_picked":["LikeWater+1","Weave","EmptyBody+1"],"picked":"SKIP","floor":54}],"player_experience":1456016,"relics_obtained":[{"floor":6.0,"key":"Damaru"},{"floor":8.0,"key":"Unceasing Top"},{"floor":9.0,"key":"Anchor"},{"floor":12.0,"key":"Pantograph"},{"floor":23.0,"key":"Shovel"},{"floor":23.0,"key":"Frozen Egg 2"},{"floor":24.0,"key":"Dream Catcher"},{"floor":25.0,"key":"Bag of Marbles"},{"floor":25.0,"key":"Boot"},{"floor":26.0,"key":"Nunchaku"},{"floor":27.0,"key":"HornCleat"},{"floor":27.0,"key":"Centennial Puzzle"},{"floor":31.0,"key":"Whetstone"},{"floor":31.0,"key":"Sundial"},{"floor":32.0,"key":"Mercury Hourglass"},{"floor":40.0,"key":"Potion Belt"},{"floor":40.0,"key":"PreservedInsect"},{"floor":41.0,"key":"Calipers"},{"floor":42.0,"key":"Blood Vial"},{"floor":42.0,"key":"Torii"},{"floor":45,"key":"Toxic Egg 2"},{"floor":45,"key":"Pear"},{"floor":46,"key":"Bag of Preparation"},{"floor":52,"key":"Bottled Lightning"},{"floor":54,"key":"Kunai"},{"floor":54,"key":"White Beast Statue"}],"event_choices":[{"damage_healed":0.0,"max_hp_gain":0.0,"max_hp_loss":0.0,"gold_gain":0.0,"event_name":"Living Wall","player_choice":"Grow","floor":2.0,"gold_loss":0.0,"damage_taken":0.0,"cards_upgraded":["Eruption"]},{"damage_healed":0.0,"max_hp_gain":0.0,"max_hp_loss":0.0,"gold_gain":0.0,"event_name":"Golden Idol","player_choice":"Take Damage","floor":3.0,"gold_loss":0.0,"damage_taken":18.0,"relics_obtained":["Golden Idol"]},{"cards_removed":["Strike_P"],"damage_healed":0.0,"max_hp_gain":0.0,"max_hp_loss":0.0,"gold_gain":0.0,"event_name":"Golden Wing","player_choice":"Card Removal","floor":4.0,"gold_loss":0.0,"damage_taken":7.0},{"damage_healed":0.0,"max_hp_gain":5.0,"max_hp_loss":0.0,"gold_gain":0.0,"event_name":"Big Fish","player_choice":"Donut","floor":5.0,"gold_loss":0.0,"damage_taken":0.0},{"damage_healed":19.0,"max_hp_gain":0.0,"max_hp_loss":0.0,"gold_gain":0.0,"event_name":"The Cleric","player_choice":"Healed","floor":13.0,"gold_loss":35.0,"damage_taken":0.0},{"damage_healed":0.0,"max_hp_gain":0.0,"max_hp_loss":0.0,"gold_gain":0.0,"event_name":"The Joust","player_choice":"Bet on Murderer","floor":19.0,"gold_loss":50.0,"damage_taken":0.0},{"cards_removed":["Defend_P"],"damage_healed":0.0,"max_hp_gain":0.0,"max_hp_loss":0.0,"gold_gain":0.0,"event_name":"Bonfire Elementals","player_choice":"Offered Basic","floor":22.0,"gold_loss":0.0,"damage_taken":0.0}],"is_beta":false,"boss_relics":[{"not_picked":["Busted Crown","Astrolabe"],"picked":"Black Star"},{"not_picked":["Runic Dome","Velvet Choker"],"picked":"Coffee Dripper"}],"items_purged_floors":[11,37],"is_endless":false,"potions_floor_spawned":[1,8,14,18,28,29,31,35,36,42,44,54],"ascension_level":2}}