{"host":"foq4mrde4mssg7vt","time":1611240184,"event":{"mods":["AchievementEnabler","BaseMod","Colored Map","Colored Powertips","Highlight Path","Minty Spire (QoL Compilation)","Relic Stats","everything is the same but u backflip on backflip"],"gold_per_floor":[109,109,128,143,155,155,183,183,207,223,223,244,279,100,100,171,171,190,206,131,131,46,46,46],"floor_reached":23,"language":"ENG","playtime":803,"items_purged":[],"score":398,"play_id":"df1f0b43-053e-4c17-8a88-4e0a9b6a3fca","local_time":"20210121224304","is_ascension_mode":true,"campfire_choices":[{"data":"Streamline","floor":6.0,"key":"SMITH"},{"data":"Melter","floor":8.0,"key":"SMITH"},{"floor":11,"key":"REST"},{"floor":15,"key":"REST"}],"circlet_count":0,"master_deck":["AscendersBane","Strike_B","Strike_B","Strike_B","Defend_B","Defend_B","Defend_B","Defend_B","Zap","Dualcast","Cold Snap","Streamline+1","Melter+1","Glacier","Coolheaded","Hologram","Reinforced Body","Undo","Electrodynamics","Echo Form","Rainbow","Defragment","Decay"],"relics":["Cracked Core","Strawberry","Dream Catcher","Odd Mushroom","Pen Nib","Sozu","Kunai"],"acts_visited":["Exordium","TheCity"],"potions_floor_usage":[12],"damage_taken":[{"damage":4.0,"enemies":"Small Slimes","floor":1.0,"turns":3.0},{"damage":0.0,"enemies":"2 Louse","floor":3.0,"turns":2.0},{"damage":10.0,"enemies":"Jaw Worm","floor":4.0,"turns":3.0},{"damage":12.0,"enemies":"Blue Slaver","floor":5.0,"turns":3.0},{"damage":26.0,"enemies":"Lagavulin","floor":7.0,"turns":7.0},{"damage":2,"enemies":"Looter","floor":10,"turns":3},{"damage":12,"enemies":"The Mushroom Lair","floor":12,"turns":5},{"damage":18,"enemies":"3 Sentries","floor":13,"turns":10},{"damage":11,"enemies":"Slime Boss","floor":16,"turns":8},{"damage":10,"enemies":"Shell Parasite","floor":18,"turns":7},{"damage":8,"enemies":"2 Thieves","floor":19,"turns":3},{"damage":59,"enemies":"Book of Stabbing","floor":23,"turns":5}],"seed_played":"2214501166980204058","potions_obtained":[{"floor":10,"key":"BlessingOfTheForge"},{"floor":12,"key":"Ancient Potion"},{"floor":13,"key":"PotionOfCapacity"}],"is_trial":false,"path_per_floor":["M","?","M","M","M","R","E","R","T","M","R","?","E","$","R","B",null,"M","M","?","?","?","E"],"character_chosen":"DEFECT","items_purchased":["Electrodynamics"],"campfire_rested":2,"item_purchase_floors":[14],"current_hp_per_floor":[67,67,67,57,45,45,26,26,26,24,49,37,19,19,44,33,72,62,54,54,54,54,0,0],"gold":46,"neow_bonus":"TEN_PERCENT_HP_BONUS","is_daily":false,"chose_seed":false,"campfire_upgraded":2,"win_rate":0.0,"timestamp":1611240184,"path_taken":["M","?","M","M","M","R","E","R","T","M","R","?","E","$","R","BOSS","M","M","?","?","?","E"],"items_purchased_type":["Card"],"build_version":"2020-12-22","purchased_purges":0,"victory":false,"max_hp_per_floor":[78,78,78,78,78,78,85,85,85,85,85,85,85,85,85,85,85,85,85,85,85,85,85,85],"relic_stats":{"Sozu":1,"Dream Catcher":2,"counters":[12,59],"Pen Nib":[2],"Kunai":[1],"obtain_stats":[{"Sozu":17,"Dream Catcher":9,"Strawberry":7,"Pen Nib":13,"Kunai":22,"Odd Mushroom":12,"Cracked Core":0},{"Sozu":9,"Dream Catcher":5,"Strawberry":5,"Pen Nib":8,"Kunai":11,"Odd Mushroom":7,"Cracked Core":0},{"Sozu":44,"Dream Catcher":18,"Strawberry":18,"Pen Nib":36,"Kunai":54,"Odd Mushroom":26,"Cracked Core":0}]},"card_choices":[{"not_picked":["Conserve Battery","Go for the Eyes"],"picked":"Cold Snap","floor":1.0},{"not_picked":["Scrape","Turbo"],"picked":"Streamline","floor":3.0},{"not_picked":["Leap","Gash"],"picked":"Melter","floor":4.0},{"not_picked":["Ball Lightning","Beam Cell"],"picked":"Glacier","floor":5.0},{"not_picked":["Beam Cell","Amplify"],"picked":"Coolheaded","floor":7.0},{"not_picked":["Beam Cell","Turbo","Steam"],"picked":"SKIP","floor":10},{"not_picked":["Turbo","Cold Snap"],"picked":"Hologram","floor":11},{"not_picked":["Undo","Auto Shields"],"picked":"Reinforced Body","floor":12},{"not_picked":["Cold Snap","Hologram"],"picked":"Undo","floor":13},{"not_picked":["Beam Cell","Turbo"],"picked":"Echo Form","floor":15},{"not_picked":["Thunder Strike","Meteor Strike"],"picked":"Rainbow","floor":16},{"not_picked":["Auto Shields","Go for the Eyes","Sunder"],"picked":"SKIP","floor":18},{"not_picked":["Steam","Ball Lightning"],"picked":"Defragment","floor":19}],"player_experience":531447,"relics_obtained":[{"floor":7.0,"key":"Strawberry"},{"floor":9.0,"key":"Dream Catcher"},{"floor":12,"key":"Odd Mushroom"},{"floor":13,"key":"Pen Nib"}],"event_choices":[{"damage_healed":0.0,"max_hp_gain":0.0,"max_hp_loss":0.0,"gold_gain":0.0,"event_name":"Shining Light","player_choice":"Ignored","floor":2.0,"gold_loss":0.0,"damage_taken":0.0},{"damage_healed":0,"gold_gain":0,"player_choice":"Fought Mushrooms","damage_taken":0,"max_hp_gain":0,"max_hp_loss":0,"event_name":"Mushrooms","floor":12,"gold_loss":0},{"cards_removed":["Strike_B"],"damage_healed":0,"gold_gain":0,"player_choice":"Gave Gold","damage_taken":0,"max_hp_gain":0,"max_hp_loss":0,"event_name":"Beggar","floor":20,"gold_loss":75},{"damage_healed":0,"gold_gain":0,"player_choice":"Smashed Altar","damage_taken":0,"max_hp_gain":0,"max_hp_loss":0,"event_name":"Forgotten Altar","floor":21,"gold_loss":0,"cards_obtained":["Decay"]},{"damage_healed":0,"gold_gain":0,"player_choice":"Obtained Relic","damage_taken":0,"relics_obtained":["Kunai"],"max_hp_gain":0,"max_hp_loss":0,"event_name":"Addict","floor":22,"gold_loss":85}],"is_beta":false,"boss_relics":[{"not_picked":["Philosopher\u0027s Stone","Fusion Hammer"],"picked":"Sozu"}],"items_purged_floors":[],"is_endless":false,"potions_floor_spawned":[10,12,13,19],"killed_by":"Book of Stabbing","ascension_level":20}}