{"host":"de1bik5nm177n7wa","time":1611239405,"event":{"mods":["BaseMod","Downfall","Minty Spire (QoL Compilation)","StSLib"],"gold_per_floor":[99,115,133,133,143,173,173,200,300,200,227,247,247,262,278,373,373,373,9999999,9999025,9999042,9999054,9999072,9999124,9999124,9999124,9999124],"floor_reached":25,"language":"ZHS","playtime":1822,"items_purged":["Slimebound:Strike_Slimebound"],"score":250,"play_id":"801794c3-bced-488a-ae95-e9de7030d72a","local_time":"20210121223005","is_ascension_mode":false,"campfire_choices":[{"data":"Slimebound:Split","floor":1,"key":"SMITH"},{"floor":10,"key":"REST"},{"floor":13,"key":"REST"},{"floor":18,"key":"RECALL"}],"circlet_count":0,"master_deck":["Slimebound:Strike_Slimebound","Slimebound:Strike_Slimebound","Slimebound:Tackle","Slimebound:Defend_Slimebound","Slimebound:Defend_Slimebound","Slimebound:Defend_Slimebound","Slimebound:Defend_Slimebound","Slimebound:Split+1","Slimebound:CorrosiveSpit","Slimebound:SpikyOuterGoop","Slimebound:SplitLeeching","Slimebound:SplitAcid","Slimebound:ItLooksTasty+1","Slimebound:Gluttony","Slimebound:Schlurp","Slimebound:SlimeSpikes","Slimebound:Prepare","Slimebound:MegaLick","Slimebound:TagTeam+1","CurseOfTheBell","Slimebound:Grow+1","Slimebound:DivideAndConquer+1","Slimebound:LeechEnergy+1","Slimebound:SplitBruiser+1"],"relics":["Slimebound:AbsorbEndCombat","Molten Egg 2","Question Card","Anchor","downfall:HeartBlessingGreen","Slimebound:AggressiveSlimeRelic","Calling Bell","sneckomod:BlankCard","Slimebound:PreparedRelic","StoneCalendar","Sundial","Mango","Sling"],"acts_visited":["Exordium","TheCity"],"potions_floor_usage":[16,16,16,25],"damage_taken":[{"damage":1,"enemies":"Jaw Worm","floor":2,"turns":5},{"damage":8,"enemies":"Small Slimes","floor":3,"turns":4},{"damage":3,"enemies":"2 Louse","floor":5,"turns":3},{"damage":33,"enemies":"Gremlin Nob","floor":6,"turns":4},{"damage":36,"enemies":"Lagavulin","floor":8,"turns":9},{"damage":34,"enemies":"Gremlin Nob","floor":11,"turns":4},{"damage":4,"enemies":"Red Slaver","floor":12,"turns":4},{"damage":5,"enemies":"3 Louse","floor":14,"turns":4},{"damage":0,"enemies":"Lots of Slimes","floor":15,"turns":2},{"damage":30,"enemies":"DF_ARCHETYPE_STREAMLINE","floor":16,"turns":11},{"damage":14,"enemies":"Spheric Guardian","floor":19,"turns":4},{"damage":0,"enemies":"downfall:FleeingMerchant","floor":20,"turns":4},{"damage":20,"enemies":"Chosen and Byrds","floor":21,"turns":5},{"damage":14,"enemies":"Snecko","floor":22,"turns":5},{"damage":43,"enemies":"Cultist and Chosen","floor":23,"turns":7},{"damage":34,"enemies":"Chosen and Byrds","floor":25,"turns":4}],"seed_played":"4805653976991560589","potions_obtained":[{"floor":5,"key":"FearPotion"},{"floor":6,"key":"Strength Potion"},{"floor":11,"key":"Explosive Potion"}],"is_trial":false,"path_per_floor":["R","M","M","?","M","E","T","E","?","R","E","M","R","M","M","B",null,"R","M","$","M","M","M","T","M"],"character_chosen":"SLIMEBOUND","items_purchased":["Sundial","Mango","Sling","Energy Potion","SkillPotion","GamblersBrew"],"campfire_rested":2,"item_purchase_floors":[20,20,20,20,20,20],"current_hp_per_floor":[71,71,67,67,68,41,41,13,13,34,6,4,25,22,24,2,71,71,57,75,61,49,14,14,0,0,0],"gold":9999124,"neow_bonus":"TEN_PERCENT_HP_BONUS","is_daily":false,"chose_seed":false,"campfire_upgraded":1,"win_rate":0.0,"timestamp":1611239405,"path_taken":["R","M","M","?","M","E","T","E","?","R","E","M","R","?","M","BOSS","R","M","$","M","M","M","T","M"],"items_purchased_type":["Relic","Relic","Relic","Potion","Potion","Potion"],"build_version":"2020-12-22","purchased_purges":1,"victory":false,"max_hp_per_floor":[71,71,71,71,71,71,71,71,71,71,71,71,71,71,71,71,71,71,71,85,85,85,85,85,85,85,85],"card_choices":[{"not_picked":["Slimebound:RollThrough","Slimebound:SplitAcid"],"picked":"Slimebound:SpikyOuterGoop","floor":2},{"not_picked":["Slimebound:SamplingLick","Slimebound:HungryTackle"],"picked":"Slimebound:SplitLeeching","floor":3},{"not_picked":["Slimebound:SpikyOuterGoop","Slimebound:GoopTackle"],"picked":"Slimebound:SplitAcid","floor":5},{"not_picked":["Slimebound:HungryTackle+1","Slimebound:Teamwork"],"picked":"Slimebound:ItLooksTasty+1","floor":6},{"not_picked":["Slimebound:SlimeSpikes","Slimebound:Nibble+1","Slimebound:SplitBruiser"],"picked":"Slimebound:Gluttony","floor":8},{"not_picked":["Slimebound:ServeAndProtect","Slimebound:RollThrough+1","Slimebound:SplitAcid"],"picked":"Slimebound:Schlurp","floor":11},{"not_picked":["Slimebound:Replication","Slimebound:Nibble+1","Slimebound:Recollect"],"picked":"Slimebound:SlimeSpikes","floor":12},{"not_picked":["Slimebound:SlimeSpikes","Slimebound:ItLooksTasty+1","Slimebound:ForwardTackle+1"],"picked":"Slimebound:Prepare","floor":14},{"not_picked":["Slimebound:ComboTackle+1","Slimebound:Schlurp","Slimebound:FormOfPuddle"],"picked":"Slimebound:MegaLick","floor":15},{"not_picked":["Slimebound:DuplicatedForm","Slimebound:PrepareCrush","Slimebound:MinionMaster"],"picked":"Slimebound:TagTeam+1","floor":16},{"not_picked":["Slimebound:Prepare","Slimebound:ServeAndProtect","Slimebound:SlimeSpikes+1"],"picked":"Slimebound:Grow+1","floor":19},{"not_picked":["Slimebound:RainOfGoop+1","Slimebound:GoopSpray","Slimebound:Gluttony"],"picked":"Slimebound:DivideAndConquer+1","floor":20},{"not_picked":["Slimebound:Schlurp","Slimebound:ComboTackle+1","Slimebound:SplitBruiser"],"picked":"Slimebound:LeechEnergy+1","floor":21},{"not_picked":["Slimebound:ViciousTackle+1","Slimebound:Chomp+1","Slimebound:ItLooksTasty+1"],"picked":"Slimebound:SplitBruiser+1","floor":22},{"not_picked":["Slimebound:FinishingTackle+1","Slimebound:SplitAcid","Slimebound:PressTheAttack+1","Slimebound:ComboTackle+1"],"picked":"SKIP","floor":23}],"player_experience":56281,"relics_obtained":[{"floor":6,"key":"Molten Egg 2"},{"floor":7,"key":"Question Card"},{"floor":8,"key":"Anchor"},{"floor":11,"key":"Slimebound:AggressiveSlimeRelic"},{"floor":17,"key":"sneckomod:BlankCard"},{"floor":17,"key":"Slimebound:PreparedRelic"},{"floor":17,"key":"StoneCalendar"}],"event_choices":[],"is_beta":false,"boss_relics":[{"not_picked":["Sozu","Cursed Key"],"picked":"Calling Bell"}],"items_purged_floors":[20],"is_endless":false,"potions_floor_spawned":[5,6,11,12,15,21],"killed_by":"Chosen and Byrds","ascension_level":0}}