{"host":"072lmn9sfokvtood","time":1611258003,"event":{"mods":["BaseMod","Colored Powertips","Curses Come First","Minty Spire (QoL Compilation)","StSLib"],"gold_per_floor":[113,113,132,7,82,111,111,111,111,128,160,160,160,175,175,280,280,294,294,312,7,7,41,41,41,87,87,87,113,113,132,132,228,228,241,241,53,53,63,63,89,100,126,144,144,160,178,178,178],"floor_reached":48,"language":"ENG","playtime":3937,"items_purged":["Defend_P","Vigilance"],"score":531,"play_id":"9ef807d5-257e-4419-87af-87da12bf7ff1","local_time":"20210121134003","is_ascension_mode":false,"campfire_choices":[{"floor":7.0,"key":"REST"},{"floor":13.0,"key":"REST"},{"floor":15.0,"key":"REST"},{"floor":24.0,"key":"REST"},{"floor":27.0,"key":"RECALL"},{"floor":30.0,"key":"REST"},{"floor":32.0,"key":"REST"},{"data":"Eruption","floor":40.0,"key":"SMITH"}],"circlet_count":0,"master_deck":["Eruption+1","Halt","Halt","Halt","ReachHeaven","FollowUp","Indignation","FlurryOfBlows","Consecrate","Conclude","Omniscience+1","Vault+1","Conclude","DevaForm","ReachHeaven","Wallop","FlurryOfBlows+1","Adaptation+1","FollowUp","Prostrate+1","Prostrate+1","J.A.X.+1","Devotion","Adaptation+1","DeusExMachina+1","SandsOfTime","Pain","Judgement+1","Vault+1","Wallop"],"relics":["PureWater","Potion Belt","Prayer Wheel","Question Card","Toxic Egg 2","Pandora\u0027s Box","Vajra","MealTicket","Du-Vu Doll","Black Star","WarpedTongs","Darkstone Periapt","Centennial Puzzle","Happy Flower"],"acts_visited":["Exordium","TheCity","TheBeyond"],"potions_floor_usage":[47,47],"damage_taken":[{"damage":0.0,"enemies":"Cultist","floor":1.0,"turns":2.0},{"damage":0.0,"enemies":"2 Louse","floor":3.0,"turns":2.0},{"damage":20.0,"enemies":"3 Sentries","floor":6.0,"turns":7.0},{"damage":0.0,"enemies":"Small Slimes","floor":10.0,"turns":3.0},{"damage":24.0,"enemies":"Gremlin Nob","floor":11.0,"turns":4.0},{"damage":12.0,"enemies":"Blue Slaver","floor":14.0,"turns":3.0},{"damage":47.0,"enemies":"Hexaghost","floor":16.0,"turns":7.0},{"damage":7.0,"enemies":"3 Byrds","floor":18.0,"turns":4.0},{"damage":0.0,"enemies":"2 Thieves","floor":20.0,"turns":3.0},{"damage":14.0,"enemies":"Gremlin Leader","floor":23.0,"turns":5.0},{"damage":27.0,"enemies":"Book of Stabbing","floor":29.0,"turns":4.0},{"damage":26.0,"enemies":"Centurion and Healer","floor":31.0,"turns":4.0},{"damage":53.0,"enemies":"Automaton","floor":33.0,"turns":8.0},{"damage":15.0,"enemies":"3 Shapes","floor":35.0,"turns":5.0},{"damage":3.0,"enemies":"Orb Walker","floor":39.0,"turns":3.0},{"damage":39.0,"enemies":"Giant Head","floor":41.0,"turns":5.0},{"damage":10.0,"enemies":"Maw","floor":42.0,"turns":5.0},{"damage":3.0,"enemies":"Sphere and 2 Shapes","floor":44.0,"turns":2.0},{"damage":19.0,"enemies":"3 Darklings","floor":46.0,"turns":4.0},{"damage":46,"enemies":"Maw","floor":47,"turns":5},{"damage":26,"enemies":"Spire Growth","floor":48,"turns":2}],"seed_played":"-7320977958964644004","potions_obtained":[{"floor":3.0,"key":"DistilledChaos"},{"floor":10.0,"key":"Strength Potion"},{"floor":16.0,"key":"Block Potion"},{"floor":20.0,"key":"BottledMiracle"},{"floor":23.0,"key":"FairyPotion"},{"floor":29.0,"key":"BottledMiracle"},{"floor":33.0,"key":"Ancient Potion"},{"floor":41.0,"key":"BlessingOfTheForge"},{"floor":42.0,"key":"Ancient Potion"}],"is_trial":false,"path_per_floor":["M","?","M","$","?","E","R","?","T","M","E","T","R","M","R","B",null,"M","?","M","$","?","E","R","?","T","R","?","E","R","M","R","B",null,"M","?","$","?","M","R","E","M","T","M","?","M","M","M"],"character_chosen":"WATCHER","items_purchased":["Halt","Vajra","Prostrate+1","Fruit Juice","Explosive Potion","SandsOfTime"],"campfire_rested":6,"item_purchase_floors":[4,21,21,37,37,37],"current_hp_per_floor":[79,63,63,63,52,32,55,55,55,55,31,31,54,42,65,18,79,72,79,79,79,79,65,79,79,79,79,79,52,75,49,72,19,79,64,64,79,79,81,81,42,32,32,29,26,7,17,0,0],"gold":178,"neow_bonus":"TEN_PERCENT_HP_BONUS","is_daily":false,"chose_seed":false,"campfire_upgraded":1,"win_rate":0.0,"timestamp":1611258003,"path_taken":["M","?","M","$","?","E","R","?","T","M","E","?","R","?","R","BOSS","M","?","?","$","?","E","R","?","T","R","?","E","R","M","R","BOSS","M","?","$","?","M","R","E","?","T","?","?","M","M","M"],"items_purchased_type":["Card","Relic","Card","Potion","Potion","Card"],"build_version":"2020-12-22","purchased_purges":2,"victory":false,"max_hp_per_floor":[79,79,79,79,79,79,79,79,79,79,79,79,79,79,79,79,79,79,79,79,79,79,79,79,79,79,79,79,79,79,79,79,79,79,79,79,79,79,84,84,84,84,84,84,84,84,84,84,84],"card_choices":[{"not_picked":["FlurryOfBlows","BowlingBash"],"picked":"Halt","floor":1.0},{"not_picked":["EmptyBody","Halt"],"picked":"Crescendo","floor":3.0},{"not_picked":["InnerPeace","ThirdEye"],"picked":"Halt","floor":6.0},{"not_picked":["EmptyBody","FlurryOfBlows"],"picked":"FollowUp","floor":10.0},{"not_picked":["EmptyFist","FearNoEvil"],"picked":"Indignation","floor":10.0},{"not_picked":["InnerPeace","Worship"],"picked":"FlurryOfBlows","floor":11.0},{"not_picked":["Fasting2","SignatureMove","Wallop"],"picked":"Consecrate","floor":14.0},{"not_picked":["WindmillStrike","CarveReality","Scrawl+1"],"picked":"Conclude","floor":14.0},{"not_picked":["Blasphemy+1","MasterReality","DeusExMachina+1"],"picked":"Omniscience+1","floor":16.0},{"not_picked":["FollowUp+1","CutThroughFate+1","PathToVictory+1"],"picked":"FlurryOfBlows+1","floor":18.0},{"not_picked":["Consecrate","CrushJoints+1","ThirdEye+1"],"picked":"Adaptation+1","floor":18.0},{"not_picked":["Conclude","Vengeance+1","Swivel+1"],"picked":"FollowUp","floor":20.0},{"not_picked":["Evaluate+1","EmptyMind+1","FollowUp"],"picked":"Prostrate+1","floor":20.0},{"not_picked":["Swivel+1","Conclude","CutThroughFate","EmptyMind+1"],"picked":"SKIP","floor":23.0},{"not_picked":["BowlingBash","Crescendo+1","Worship+1"],"picked":"Adaptation+1","floor":29.0},{"not_picked":["FlyingSleeves","Brilliance","Wallop+1","Meditate+1"],"picked":"SKIP","floor":31.0},{"not_picked":["CrushJoints","PathToVictory+1","Crescendo+1","Indignation+1"],"picked":"SKIP","floor":31.0},{"not_picked":["DevaForm","Devotion","Ragnarok"],"picked":"DeusExMachina+1","floor":33.0},{"not_picked":["ReachHeaven","FlurryOfBlows+1","FearNoEvil","Swivel+1"],"picked":"SKIP","floor":35.0},{"not_picked":["EmptyBody+1","BowlingBash+1","InnerPeace+1","PathToVictory+1"],"picked":"SKIP","floor":35.0},{"not_picked":["WreathOfFlame+1","Establishment","FollowUp+1","EmptyFist"],"picked":"SKIP","floor":39.0},{"not_picked":["EmptyFist","Conclude","FlyingSleeves+1","LikeWater"],"picked":"SKIP","floor":39.0},{"not_picked":["ThirdEye+1","Swivel+1","BowlingBash+1","Weave"],"picked":"SKIP","floor":41.0},{"not_picked":["FlurryOfBlows+1","Consecrate","Prostrate+1"],"picked":"Judgement+1","floor":42.0},{"not_picked":["Tantrum","Consecrate","ClearTheMind+1","CrushJoints"],"picked":"SKIP","floor":42.0},{"not_picked":["BowlingBash+1","Indignation+1","CarveReality+1","Consecrate"],"picked":"SKIP","floor":44.0},{"not_picked":["Vault+1","Crescendo+1","FlyingSleeves+1","DeceiveReality+1"],"picked":"SKIP","floor":44.0},{"not_picked":["PathToVictory+1","WreathOfFlame+1","Nirvana+1","EmptyBody+1"],"picked":"SKIP","floor":46.0},{"not_picked":["SandsOfTime+1","Consecrate","EmptyBody+1","ClearTheMind+1"],"picked":"SKIP","floor":46.0},{"not_picked":["FollowUp","CutThroughFate","InnerPeace+1"],"picked":"Vault+1","floor":47},{"not_picked":["ThirdEye+1","WheelKick+1","FlyingSleeves+1"],"picked":"Wallop","floor":47}],"player_experience":133091,"relics_obtained":[{"floor":6.0,"key":"Potion Belt"},{"floor":9.0,"key":"Prayer Wheel"},{"floor":11.0,"key":"Question Card"},{"floor":12.0,"key":"Toxic Egg 2"},{"floor":23.0,"key":"MealTicket"},{"floor":29.0,"key":"Du-Vu Doll"},{"floor":41.0,"key":"Darkstone Periapt"},{"floor":41.0,"key":"Centennial Puzzle"},{"floor":43.0,"key":"Happy Flower"}],"event_choices":[{"damage_healed":0.0,"max_hp_gain":0.0,"max_hp_loss":0.0,"gold_gain":0.0,"event_name":"Shining Light","player_choice":"Entered Light","floor":2.0,"gold_loss":0.0,"damage_taken":16.0,"cards_upgraded":["Strike_P","Defend_P"]},{"damage_healed":0.0,"max_hp_gain":0.0,"max_hp_loss":0.0,"gold_gain":75.0,"event_name":"World of Goop","player_choice":"Gather Gold","floor":5.0,"gold_loss":0.0,"damage_taken":11.0},{"damage_healed":0.0,"max_hp_gain":0.0,"max_hp_loss":0.0,"gold_gain":0.0,"cards_transformed":["Strike_P"],"event_name":"Living Wall","player_choice":"Change","floor":8.0,"gold_loss":0.0,"damage_taken":0.0,"cards_obtained":["ReachHeaven"]},{"cards_removed":["Weave"],"damage_healed":7.0,"max_hp_gain":0.0,"max_hp_loss":0.0,"gold_gain":0.0,"event_name":"Bonfire Elementals","player_choice":"Offered Uncommon","floor":19.0,"gold_loss":0.0,"damage_taken":0.0},{"damage_healed":0.0,"max_hp_gain":0.0,"max_hp_loss":0.0,"gold_gain":0.0,"event_name":"Ghosts","player_choice":"Ignored","floor":22.0,"gold_loss":0.0,"damage_taken":0.0},{"damage_healed":0.0,"max_hp_gain":0.0,"max_hp_loss":0.0,"gold_gain":0.0,"event_name":"Drug Dealer","player_choice":"Obtain J.A.X.","floor":25.0,"gold_loss":0.0,"damage_taken":0.0,"cards_obtained":["J.A.X."]},{"damage_healed":0.0,"max_hp_gain":0.0,"max_hp_loss":0.0,"gold_gain":0.0,"event_name":"The Library","player_choice":"Read","floor":28.0,"gold_loss":0.0,"damage_taken":0.0,"cards_obtained":["Devotion"]},{"cards_removed":["Crescendo"],"damage_healed":0.0,"max_hp_gain":0.0,"max_hp_loss":0.0,"gold_gain":0.0,"event_name":"Falling","player_choice":"Removed Skill","floor":36.0,"gold_loss":0.0,"damage_taken":0.0},{"damage_healed":0.0,"max_hp_gain":0.0,"max_hp_loss":0.0,"gold_gain":0.0,"event_name":"Accursed Blacksmith","player_choice":"Rummage","floor":38.0,"gold_loss":0.0,"damage_taken":0.0,"relics_obtained":["WarpedTongs"],"cards_obtained":["Pain"]},{"damage_healed":0.0,"max_hp_gain":0.0,"max_hp_loss":0.0,"gold_gain":0.0,"event_name":"Designer","player_choice":"Punched","floor":45.0,"gold_loss":0.0,"damage_taken":3.0}],"is_beta":false,"boss_relics":[{"not_picked":["Philosopher\u0027s Stone","Velvet Choker"],"picked":"Pandora\u0027s Box"},{"not_picked":["Runic Dome","Empty Cage"],"picked":"Black Star"}],"items_purged_floors":[4,21],"is_endless":false,"potions_floor_spawned":[3,10,16,20,23,29,33,41,42,44],"killed_by":"Spire Growth","ascension_level":0}}