{"host":"s0ikvqhe10eopvjn","time":1611240512,"event":{"mods":["Act Like it!","Bard","BaseMod","Better Third Choice","Block Reminder","Colored Map","Colored Powertips","DeckTracker","Downfall","GifTheSpireLib","Halation","Hallownest","Hermit","Highlight Path","Hubris","Infinite Spire","Mad Scientist","Minty Spire (QoL Compilation)","Permanent Neow","Random Character Button","StSLib","The Blue Laboratory","The Bug Knight","The Construct","The Cursed","The Disciple","The Marked","The Necromancer","The Poker Player","The Runesmith","The Servant 0.9.4"],"gold_per_floor":[114,114,127,182,198,198,198,232,256,256,290,300,300,315,315,415,415,432,56,124,142,142,173,473,473,473,499,513,527,553,583,583,685,685,699,679,689,700,700,700,714,714,714,714,714,748,765,765,765,765,765,765,373,400,400],"floor_reached":56,"language":"ENG","playtime":2206,"items_purged":["Defend_R","Defend_R+1"],"score":1517,"play_id":"27c5c8d9-e687-4615-8c7a-b14118b39fdc","local_time":"20210121144832","is_ascension_mode":true,"campfire_choices":[{"floor":6,"key":"RECALL"},{"data":"Battle Trance","floor":10,"key":"SMITH"},{"data":"Warcry","floor":15,"key":"SMITH"},{"data":"Sword Boomerang","floor":25,"key":"SMITH"},{"floor":32,"key":"REST"},{"floor":40,"key":"REST"},{"data":"Double Tap","floor":42,"key":"SMITH"},{"data":"Pommel Strike","floor":44,"key":"SMITH"},{"data":"Strike_R","floor":45,"key":"SMITH"},{"data":"Strike_R","floor":49,"key":"SMITH"},{"data":"hubris:InfiniteBlow+87","floor":52,"key":"SMITH"}],"circlet_count":0,"master_deck":["hubris:InfiniteBlow+91","Strike_R+1","Strike_R+1","Strike_R+1","Strike_R+1","Strike_R+1","Defend_R+1","Defend_R+1","Bash+1","Battle Trance+1","Shrug It Off+1","Warcry+1","Headbutt+1","Limit Break+1","Perfected Strike+1","Sword Boomerang+1","Double Tap+1","Headbutt+1","Flex+1","Armaments+1","Disarm+1","Pommel Strike+1","Power Through+1"],"relics":["Burning Blood","halation:EternalFortune","hubris:Icosahedron","Oddly Smooth Stone","hubris:Metronome","WingedGreaves","halation:LoveArrow","Juzu Bracelet","Lee\u0027s Waffle","infinitespire:Eraser","infinitespire:Bottled Soul","halation:HeavySnake","Old Coin","Runesmith:Nanobots","Happy Flower","infinitespire:Satchel","Meat on the Bone","halation:PinkAlligatorPlush","halation:Prosthetics","hubris:IronBody","hubris:TenFootPole","Sundial","halation:PrussianBluePaint","Letter Opener","Pantograph"],"acts_visited":["Exordium","TheCity","TheBeyond","TheEnding"],"potions_floor_usage":[11,12,21,21,30,35,54],"damage_taken":[{"damage":0,"enemies":"Cultist","floor":1,"turns":2},{"damage":0,"enemies":"2 Louse","floor":3,"turns":3},{"damage":9,"enemies":"Small Slimes","floor":5,"turns":3},{"damage":0,"enemies":"Lagavulin","floor":8,"turns":1},{"damage":19,"enemies":"3 Sentries","floor":11,"turns":4},{"damage":8,"enemies":"Red Slaver","floor":12,"turns":3},{"damage":0,"enemies":"Large Slime","floor":14,"turns":2},{"damage":20,"enemies":"The Guardian","floor":16,"turns":3},{"damage":0,"enemies":"Spheric Guardian","floor":18,"turns":3},{"damage":20,"enemies":"3 Byrds","floor":21,"turns":5},{"damage":27,"enemies":"Slavers","floor":23,"turns":6},{"damage":0,"enemies":"Book of Stabbing","floor":27,"turns":1},{"damage":12,"enemies":"3 Cultists","floor":28,"turns":4},{"damage":0,"enemies":"Snecko","floor":29,"turns":1},{"damage":21,"enemies":"Gremlin Leader","floor":30,"turns":3},{"damage":26,"enemies":"Slavers","floor":31,"turns":3},{"damage":0,"enemies":"Champ","floor":33,"turns":2},{"damage":70,"enemies":"3 Darklings","floor":35,"turns":8},{"damage":2,"enemies":"Orb Walker","floor":37,"turns":1},{"damage":2,"enemies":"Maw","floor":38,"turns":1},{"damage":11,"enemies":"Sphere and 2 Shapes","floor":41,"turns":5},{"damage":2,"enemies":"HollowMod:StalkingDevout","floor":46,"turns":1},{"damage":8,"enemies":"3 Darklings","floor":47,"turns":4},{"damage":25,"enemies":"infinitespire:MassOfShapes","floor":50,"turns":6},{"damage":52,"enemies":"Shield and Spear","floor":54,"turns":4},{"damage":33,"enemies":"The Heart","floor":55,"turns":3}],"seed_played":"1145712469587562968","potions_obtained":[{"floor":1,"key":"Dexterity Potion"},{"floor":5,"key":"PowerPotion"},{"floor":8,"key":"blueLaboratory:Moonshine"},{"floor":16,"key":"blueLaboratory:LouseDecoction"},{"floor":27,"key":"PowerPotion"},{"floor":30,"key":"blueLaboratory:BottleOfVodka"},{"floor":31,"key":"blueLaboratory:BubblePotion"},{"floor":35,"key":"blueLaboratory:FruitPreserves"},{"floor":36,"key":"infinitespire:BlackPotion"},{"floor":46,"key":"Dexterity Potion"},{"floor":54,"key":"Fire Potion"}],"is_trial":false,"path_per_floor":["M","?","M","?","M","R","?","E","T","R","E","M","T","M","R","B",null,"M","$","T","M","?","E","AVR","R","T","E","M","M","E","E","R","B",null,"M","?","M","M","AVR","R","M","R","T","R","R","E","M","T","R","B",null,"R","$","E","B",null],"character_chosen":"IRONCLAD","items_purchased":["Juzu Bracelet","Lee\u0027s Waffle","Letter Opener","PowerPotion"],"campfire_rested":2,"item_purchase_floors":[19,19,53,53],"current_hp_per_floor":[88,91,91,91,88,88,88,91,91,91,78,76,76,85,85,71,94,94,101,101,87,101,83,83,83,83,92,86,92,77,57,89,98,110,58,58,62,66,66,75,70,70,70,70,70,74,72,72,72,53,75,75,75,41,51],"gold":400,"neow_bonus":"TEN_PERCENT_HP_BONUS","is_daily":false,"chose_seed":false,"campfire_upgraded":8,"win_rate":0.0,"timestamp":1611240512,"path_taken":["M","?","M","?","M","R","?","E","T","R","E","M","?","M","R","BOSS","M","?","?","M","?","E","AVR","R","T","E","M","M","E","E","R","BOSS","M","?","M","M","AVR","R","M","R","T","R","R","E","M","?","R","BOSS","R","$","E","BOSS"],"items_purchased_type":["Relic","Relic","Relic","Potion"],"build_version":"2020-12-22","purchased_purges":2,"victory":true,"max_hp_per_floor":[88,91,91,91,91,91,91,91,91,91,91,91,91,94,94,94,94,94,101,101,101,101,104,104,104,104,107,107,107,107,107,107,110,110,110,110,110,110,75,75,75,75,75,75,75,75,75,75,75,75,75,75,75,75,75],"card_choices":[{"not_picked":["Flex","Searing Blow"],"picked":"Battle Trance","floor":1},{"not_picked":["Flex","Iron Wave"],"picked":"Shrug It Off","floor":3},{"not_picked":["Body Slam","True Grit"],"picked":"Hemokinesis","floor":5},{"not_picked":["Heavy Blade","Sever Soul","Bludgeon"],"picked":"SKIP","floor":8},{"not_picked":["Havoc","Sword Boomerang"],"picked":"Warcry","floor":11},{"not_picked":["Wild Strike","Blood for Blood"],"picked":"Headbutt","floor":12},{"not_picked":["Combust","Evolve","Sword Boomerang"],"picked":"SKIP","floor":14},{"not_picked":["Berserk","Double Tap"],"picked":"Limit Break","floor":16},{"not_picked":["Blood for Blood","Thunderclap","Anger"],"picked":"SKIP","floor":18},{"not_picked":["Power Through+1","Heavy Blade+1"],"picked":"Perfected Strike+1","floor":21},{"not_picked":["Rampage","Twin Strike"],"picked":"Sword Boomerang","floor":23},{"not_picked":["Sword Boomerang","Thunderclap"],"picked":"Double Tap","floor":27},{"not_picked":["Clash","Wild Strike"],"picked":"Headbutt+1","floor":28},{"not_picked":["Heavy Blade","Warcry","Headbutt+1"],"picked":"SKIP","floor":29},{"not_picked":["Iron Wave","Rupture"],"picked":"Flex+1","floor":30},{"not_picked":["Pommel Strike","Heavy Blade"],"picked":"Armaments+1","floor":31},{"not_picked":["Iron Wave","Pummel"],"picked":"Disarm+1","floor":35},{"not_picked":["Wild Strike","Clash"],"picked":"Pommel Strike","floor":37},{"not_picked":["Anger+1","Rupture+1","Wild Strike+1"],"picked":"SKIP","floor":38},{"not_picked":["Entrench+1","Clash","Sever Soul"],"picked":"SKIP","floor":41},{"not_picked":["Sever Soul+1","Ghostly Armor+1"],"picked":"Power Through+1","floor":46},{"not_picked":["Thunderclap+1","Dual Wield+1","Headbutt"],"picked":"SKIP","floor":47},{"not_picked":["Twin Strike","Clothesline+1","Juggernaut"],"picked":"SKIP","floor":54}],"player_experience":303958,"relics_obtained":[{"floor":8,"key":"Oddly Smooth Stone"},{"floor":11,"key":"hubris:Metronome"},{"floor":13,"key":"WingedGreaves"},{"floor":14,"key":"halation:EternalFortune"},{"floor":20,"key":"infinitespire:Eraser"},{"floor":23,"key":"halation:EternalFortune"},{"floor":23,"key":"infinitespire:Bottled Soul"},{"floor":26,"key":"Runesmith:Nanobots"},{"floor":27,"key":"halation:EternalFortune"},{"floor":27,"key":"Happy Flower"},{"floor":30,"key":"infinitespire:Satchel"},{"floor":31,"key":"Meat on the Bone"},{"floor":33,"key":"halation:EternalFortune"},{"floor":43,"key":"hubris:TenFootPole"},{"floor":46,"key":"Sundial"},{"floor":48,"key":"halation:PrussianBluePaint"},{"floor":54,"key":"Pantograph"}],"event_choices":[{"damage_healed":0,"gold_gain":55,"player_choice":"Gained Gold","damage_taken":0,"max_hp_gain":0,"max_hp_loss":0,"event_name":"Golden Wing","floor":4,"gold_loss":0},{"cards_removed":["Hemokinesis"],"damage_healed":14,"gold_gain":0,"player_choice":"Offered Uncommon","damage_taken":0,"max_hp_gain":0,"max_hp_loss":0,"event_name":"Bonfire Elementals","floor":22,"gold_loss":0},{"damage_healed":0,"gold_gain":0,"player_choice":"Bought 1 Potion","damage_taken":0,"max_hp_gain":0,"max_hp_loss":0,"event_name":"The Woman in Blue","floor":36,"gold_loss":0}],"is_beta":false,"boss_relics":[{"not_picked":["Velvet Choker","halation:ForbiddenBikini"],"picked":"halation:LoveArrow"},{"not_picked":["hubris:RunicObelisk","Snecko Eye"],"picked":"halation:PinkAlligatorPlush"}],"items_purged_floors":[19,53],"is_endless":false,"potions_floor_spawned":[1,5,8,16,23,27,30,31,35,46,54],"ascension_level":1}}