{"host":"mi0eibewekhugwl1","time":1611230155,"event":{"mods":["AchievementEnabler","BaseMod","Colored Map","Colored Powertips","DeckTracker","Keyboard Shortcuts","Minty Spire (QoL Compilation)","Quick Restart","Rare Cards Sparkle","Relic Stats","StSLib","SuperFastMode","everything is the same but u backflip on backflip"],"gold_per_floor":[213,50,70,120,139,139,149,149,200,218,250,250,260,277,277,353,353,367,213,230,130,182,182,215,215,242,260,285,28,28,28,28,101,101,119,135,135,357,90,90,7,7,7,7,7],"floor_reached":44,"language":"KOR","playtime":790,"items_purged":["Strike_R","Strike_R","Shame"],"score":852,"play_id":"ef4071f3-f55c-4302-b8b1-edc9f3ac2633","local_time":"20210121205555","is_ascension_mode":true,"campfire_choices":[{"data":"Wild Strike","floor":6,"key":"SMITH"},{"data":"Fire Breathing","floor":8,"key":"SMITH"},{"data":"Intimidate","floor":12,"key":"SMITH"},{"data":"Bash","floor":15,"key":"SMITH"},{"data":"Pommel Strike","floor":23,"key":"SMITH"},{"floor":30,"key":"REST"},{"floor":32,"key":"REST"},{"data":"Corruption","floor":40,"key":"SMITH"},{"data":"Body Slam","floor":42,"key":"SMITH"}],"circlet_count":0,"master_deck":["AscendersBane","Strike_R","Strike_R","Defend_R","Defend_R","Defend_R","Bash+1","Sword Boomerang","Power Through","Fire Breathing+1","Twin Strike","Wild Strike+1","Intimidate+1","Flame Barrier","Shrug It Off","Exhume","Pommel Strike+1","Burning Pact","Body Slam+1","Corruption+1","Power Through","Fire Breathing"],"relics":["Burning Blood","Centennial Puzzle","Bag of Marbles","Cursed Key","Potion Belt","Red Mask","Empty Cage","Eternal Feather"],"acts_visited":["Exordium","TheCity","TheBeyond"],"potions_floor_usage":[18,22,24,28,33,33,33,44],"damage_taken":[{"damage":5.0,"enemies":"2 Louse","floor":1.0,"turns":3.0},{"damage":1.0,"enemies":"Cultist","floor":3.0,"turns":4.0},{"damage":0,"enemies":"Small Slimes","floor":5,"turns":4},{"damage":6,"enemies":"Looter","floor":7,"turns":2},{"damage":6,"enemies":"Exordium Thugs","floor":10,"turns":3},{"damage":15,"enemies":"3 Sentries","floor":11,"turns":4},{"damage":4,"enemies":"Large Slime","floor":13,"turns":4},{"damage":6,"enemies":"3 Louse","floor":14,"turns":4},{"damage":12,"enemies":"Slime Boss","floor":16,"turns":6},{"damage":3,"enemies":"3 Byrds","floor":18,"turns":4},{"damage":7,"enemies":"Shell Parasite","floor":20,"turns":5},{"damage":3,"enemies":"Cultist and Chosen","floor":22,"turns":5},{"damage":35,"enemies":"Book of Stabbing","floor":24,"turns":6},{"damage":6,"enemies":"Snake Plant","floor":27,"turns":3},{"damage":44,"enemies":"Masked Bandits","floor":28,"turns":5},{"damage":51,"enemies":"Champ","floor":33,"turns":9},{"damage":37,"enemies":"3 Darklings","floor":35,"turns":5},{"damage":1,"enemies":"3 Shapes","floor":36,"turns":4},{"damage":72,"enemies":"Reptomancer","floor":44,"turns":3}],"seed_played":"5684052591160060973","potions_obtained":[{"floor":3.0,"key":"AttackPotion"},{"floor":5,"key":"SpeedPotion"},{"floor":13,"key":"EntropicBrew"},{"floor":18,"key":"ColorlessPotion"},{"floor":27,"key":"SkillPotion"},{"floor":33,"key":"BlessingOfTheForge"}],"is_trial":false,"path_per_floor":["M","$","M","?","M","R","M","R","T","M","E","R","M","M","R","B",null,"M","$","M","$","M","R","E","?","T","M","?","$","R","T","R","B",null,"M","M","?","?","$","R","$","R","T","E"],"character_chosen":"IRONCLAD","items_purchased":["Power Through","Fire Breathing","Juggernaut","Body Slam","LiquidMemories","Eternal Feather","Fire Breathing"],"campfire_rested":2,"item_purchase_floors":[2,2,19,29,29,39,41],"current_hp_per_floor":[69,69,74,67,73,73,73,73,73,73,64,64,66,66,66,60,71,74,74,73,73,75,75,46,46,46,46,8,8,30,30,52,7,58,27,32,32,32,32,44,44,56,56,0,0],"gold":7,"neow_bonus":"HUNDRED_GOLD","is_daily":false,"chose_seed":false,"campfire_upgraded":7,"win_rate":0.0,"timestamp":1611230155,"path_taken":["M","$","M","?","?","R","M","R","T","M","E","R","M","?","R","BOSS","M","?","M","$","M","R","E","?","T","M","?","$","R","?","R","BOSS","M","M","?","?","$","R","$","R","T","E"],"items_purchased_type":["Card","Card","Card","Card","Potion","Relic","Card"],"build_version":"2020-12-22","purchased_purges":3,"victory":false,"max_hp_per_floor":[75,75,75,75,75,75,75,75,75,75,75,75,75,75,75,75,75,75,75,75,75,75,75,75,75,75,75,75,75,75,75,75,75,75,75,75,75,75,75,75,75,75,75,75,75],"relic_stats":{"Centennial Puzzle":[45],"counters":[19,83],"Eternal Feather":24,"Cursed Key":1,"obtain_stats":[{"Potion Belt":24,"Centennial Puzzle":9,"Eternal Feather":39,"Bag of Marbles":11,"Red Mask":28,"Cursed Key":17,"Empty Cage":34,"Burning Blood":0},{"Potion Belt":13,"Centennial Puzzle":4,"Eternal Feather":18,"Bag of Marbles":6,"Red Mask":15,"Cursed Key":9,"Empty Cage":16,"Burning Blood":0},{"Potion Belt":54,"Centennial Puzzle":13,"Eternal Feather":80,"Bag of Marbles":20,"Red Mask":62,"Cursed Key":34,"Empty Cage":71,"Burning Blood":0}],"Burning Blood":107},"card_choices":[{"not_picked":["Flex","Anger"],"picked":"Sword Boomerang","floor":1.0},{"not_picked":["Clash","Havoc"],"picked":"Twin Strike","floor":3.0},{"not_picked":["Demon Form","Body Slam"],"picked":"Wild Strike","floor":5},{"not_picked":["Anger","Carnage","Clash"],"picked":"SKIP","floor":7},{"not_picked":["Havoc","Flame Barrier"],"picked":"Intimidate","floor":10},{"not_picked":["Cleave","Uppercut"],"picked":"Flame Barrier","floor":11},{"not_picked":["Body Slam","Perfected Strike"],"picked":"Shrug It Off","floor":13},{"not_picked":["Rupture","True Grit","Anger"],"picked":"SKIP","floor":14},{"not_picked":["Rupture","True Grit","Anger"],"picked":"SKIP","floor":14},{"not_picked":["Limit Break","Bludgeon"],"picked":"Exhume","floor":16},{"not_picked":["Cleave+1","Flame Barrier"],"picked":"Pommel Strike","floor":18},{"not_picked":["Clothesline","Spot Weakness+1","Twin Strike"],"picked":"SKIP","floor":20},{"not_picked":["Flex","Sword Boomerang+1","Sever Soul"],"picked":"SKIP","floor":22},{"not_picked":["Carnage+1","Anger+1","Heavy Blade"],"picked":"SKIP","floor":24},{"not_picked":["Hemokinesis","Reaper"],"picked":"Burning Pact","floor":27},{"not_picked":["Juggernaut","Reaper"],"picked":"Corruption","floor":33},{"not_picked":["Shrug It Off","Disarm"],"picked":"Power Through","floor":35},{"not_picked":["Flame Barrier","Inflame","Rage"],"picked":"SKIP","floor":36}],"player_experience":1743957,"relics_obtained":[{"floor":9,"key":"Centennial Puzzle"},{"floor":11,"key":"Bag of Marbles"},{"floor":24,"key":"Potion Belt"},{"floor":28,"key":"Red Mask"}],"event_choices":[{"damage_healed":0,"gold_gain":50,"player_choice":"Touch","damage_taken":7,"max_hp_gain":0,"max_hp_loss":0,"event_name":"FaceTrader","floor":4,"gold_loss":0},{"damage_healed":0,"gold_gain":0,"player_choice":"Ignored","damage_taken":0,"max_hp_gain":0,"max_hp_loss":0,"event_name":"Vampires","floor":25,"gold_loss":0},{"damage_healed":0,"gold_gain":0,"player_choice":"Fought Bandits","damage_taken":0,"max_hp_gain":0,"max_hp_loss":0,"event_name":"Masked Bandits","floor":28,"gold_loss":0},{"cards_removed":["Juggernaut"],"damage_healed":0,"gold_gain":0,"player_choice":"Removed Power","damage_taken":0,"max_hp_gain":0,"max_hp_loss":0,"event_name":"Falling","floor":37,"gold_loss":0},{"damage_healed":0,"gold_gain":222,"player_choice":"Wore Mask","damage_taken":0,"max_hp_gain":0,"max_hp_loss":0,"event_name":"Tomb of Lord Red Mask","floor":38,"gold_loss":0}],"is_beta":false,"boss_relics":[{"not_picked":["Velvet Choker","Astrolabe"],"picked":"Cursed Key"},{"not_picked":["Busted Crown","Coffee Dripper"],"picked":"Empty Cage"}],"items_purged_floors":[19,21,29],"is_endless":false,"potions_floor_spawned":[3,5,11,13,18,27,33],"killed_by":"Reptomancer","ascension_level":20}}