{"host":"l84l8xigz5v5foa2","time":1611242367,"event":{"mods":["2.2 Compatiblity","AchievementEnabler","BaseMod","Better Note","Better Vampires","Card Filter","Colored Map","DeckTracker","Gremlin Skip","Hermit","Highlight Path","Keyboard Shortcuts","Minty Spire (QoL Compilation)","Permanent Neow","Quick Restart","Relic Filter","Relic Stats","Shop Mod","StSLib","SuperFastMode","Transform Curses","Unknown Chances"],"gold_per_floor":[112,127,140,315,332,332,363,363,440,475,475,89,89,106,106,211,211,222,222,75,75,75,75,75,75,75],"floor_reached":25,"language":"KOR","playtime":1084,"items_purged":["Doubt"],"score":251,"play_id":"54f734ec-6895-40a3-8eee-e71db0659783","local_time":"20210122001927","is_ascension_mode":true,"campfire_choices":[{"data":"hermit:LoneWolf","floor":6.0,"key":"SMITH"},{"data":"hermit:TakeCover","floor":8.0,"key":"SMITH"},{"data":"Madness","floor":15.0,"key":"SMITH"},{"data":"hermit:Maintenance","floor":24,"key":"SMITH"}],"circlet_count":0,"master_deck":["hermit:Strike_Hermit","hermit:Strike_Hermit","hermit:Strike_Hermit","hermit:Defend_Hermit","hermit:Defend_Hermit","hermit:Snapshot","hermit:Covet","Madness+1","hermit:Enervate","hermit:Maintenance+1","hermit:LoneWolf+1","hermit:TakeCover+1","hermit:Gestalt","hermit:FlashPowder"],"relics":["hermit:Momento","Turnip","Matryoshka","Omamori","hermit:PetGhost","Juzu Bracelet","SacredBark","Medical Kit"],"acts_visited":["Exordium","TheCity"],"potions_floor_usage":[21],"damage_taken":[{"damage":0.0,"enemies":"Cultist","floor":1.0,"turns":4.0},{"damage":7.0,"enemies":"Small Slimes","floor":2.0,"turns":4.0},{"damage":2.0,"enemies":"Jaw Worm","floor":3.0,"turns":3.0},{"damage":16.0,"enemies":"Lots of Slimes","floor":5.0,"turns":4.0},{"damage":22.0,"enemies":"3 Sentries","floor":7.0,"turns":11.0},{"damage":1.0,"enemies":"Lagavulin","floor":10.0,"turns":10.0},{"damage":1.0,"enemies":"Looter","floor":14.0,"turns":3.0},{"damage":2.0,"enemies":"Slime Boss","floor":16.0,"turns":13.0},{"damage":24.0,"enemies":"Chosen","floor":18.0,"turns":9.0},{"damage":0,"enemies":"2 Thieves","floor":21,"turns":1},{"damage":100070,"enemies":"Gremlin Leader","floor":25,"turns":7}],"seed_played":"-1399471831687581350","potions_obtained":[{"floor":1.0,"key":"SpeedPotion"},{"floor":3.0,"key":"LiquidMemories"},{"floor":7.0,"key":"FearPotion"},{"floor":14.0,"key":"SmokeBomb"}],"is_trial":false,"path_per_floor":["M","M","M","?","M","R","E","R","T","E","?","$","?","M","R","B",null,"M","?","$","M","?","?","R","E"],"character_chosen":"HERMIT","items_purchased":["hermit:PetGhost","Juzu Bracelet","Medical Kit"],"campfire_rested":0,"item_purchase_floors":[12,12,20],"current_hp_per_floor":[75,68,66,66,50,50,28,28,28,27,27,27,20,19,19,17,75,51,51,51,51,51,51,51,0,0],"gold":75,"neow_bonus":"RANDOM_COLORLESS","is_daily":false,"chose_seed":false,"campfire_upgraded":4,"win_rate":0.0,"timestamp":1611242367,"path_taken":["M","M","?","?","M","R","E","R","T","E","?","$","?","M","R","BOSS","M","?","$","M","?","?","R","E"],"items_purchased_type":["Relic","Relic","Relic"],"build_version":"2020-12-22","purchased_purges":1,"victory":false,"max_hp_per_floor":[75,75,75,75,75,75,75,75,75,75,75,75,75,75,75,75,75,75,75,75,75,75,75,75,75,75],"relic_stats":{"counters":[11,69],"Turnip":[2],"Juzu Bracelet":2,"Medical Kit":[0],"obtain_stats":[{"Matryoshka":9,"hermit:PetGhost":12,"SacredBark":17,"Turnip":7,"Omamori":10,"Juzu Bracelet":12,"Medical Kit":20,"hermit:Momento":0},{"Matryoshka":5,"hermit:PetGhost":6,"SacredBark":8,"Turnip":5,"Omamori":6,"Juzu Bracelet":6,"Medical Kit":9,"hermit:Momento":0},{"Matryoshka":26,"hermit:PetGhost":36,"SacredBark":52,"Turnip":26,"Omamori":36,"Juzu Bracelet":36,"Medical Kit":61,"hermit:Momento":0}]},"card_choices":[{"not_picked":["Deep Breath","Dramatic Entrance"],"picked":"Madness","floor":0.0},{"not_picked":["hermit:HoleUp","hermit:Desperado"],"picked":"hermit:Enervate","floor":1.0},{"not_picked":["hermit:PistolWhip","hermit:Ricochet"],"picked":"hermit:Maintenance","floor":2.0},{"not_picked":["hermit:TakeAim","hermit:Feint"],"picked":"hermit:LoneWolf","floor":3.0},{"not_picked":["hermit:Snipe","hermit:Dive"],"picked":"hermit:TakeCover","floor":5.0},{"not_picked":["hermit:FatalDesire","hermit:ItchyTrigger"],"picked":"hermit:Gestalt","floor":7.0},{"not_picked":["hermit:Virtue","hermit:ShadowCloak","hermit:Manifest"],"picked":"SKIP","floor":10.0},{"not_picked":["hermit:Quickdraw","hermit:Determination","hermit:LowProfile"],"picked":"SKIP","floor":14.0},{"not_picked":["hermit:Vantage","hermit:EyeOfTheStorm+1","hermit:Snipe+1"],"picked":"SKIP","floor":18.0}],"player_experience":1439655,"relics_obtained":[{"floor":7.0,"key":"Turnip"},{"floor":9.0,"key":"Matryoshka"},{"floor":10.0,"key":"Omamori"}],"event_choices":[{"damage_healed":0.0,"max_hp_gain":0.0,"max_hp_loss":0.0,"gold_gain":175.0,"event_name":"Liars Game","player_choice":"AGREE","floor":4.0,"gold_loss":0.0,"damage_taken":0.0,"cards_obtained":["Doubt"]},{"damage_healed":0.0,"max_hp_gain":0.0,"max_hp_loss":0.0,"gold_gain":0.0,"cards_transformed":["hermit:Defend_Hermit"],"event_name":"Transmorgrifier","player_choice":"Transformed","floor":11.0,"gold_loss":0.0,"damage_taken":0.0,"cards_obtained":["hermit:FlashPowder"]},{"cards_removed":["hermit:Strike_Hermit"],"damage_healed":0.0,"max_hp_gain":0.0,"max_hp_loss":0.0,"gold_gain":0.0,"event_name":"Golden Wing","player_choice":"Card Removal","floor":13.0,"gold_loss":0.0,"damage_taken":7.0},{"damage_healed":0.0,"max_hp_gain":0.0,"max_hp_loss":0.0,"gold_gain":0.0,"event_name":"Ghosts","player_choice":"Ignored","floor":19.0,"gold_loss":0.0,"damage_taken":0.0},{"cards_removed":["hermit:Defend_Hermit"],"damage_healed":0,"gold_gain":0,"player_choice":"Offered Basic","damage_taken":0,"max_hp_gain":0,"max_hp_loss":0,"event_name":"Bonfire Elementals","floor":22,"gold_loss":0},{"damage_healed":0,"gold_gain":0,"player_choice":"Ignored","damage_taken":0,"max_hp_gain":0,"max_hp_loss":0,"event_name":"Vampires","floor":23,"gold_loss":0}],"is_beta":false,"boss_relics":[{"not_picked":["Fusion Hammer","Empty Cage"],"picked":"SacredBark"}],"items_purged_floors":[12],"is_endless":false,"potions_floor_spawned":[1,3,7,14],"killed_by":"Gremlin Leader","ascension_level":4}}