{"host":"344lv32hnei0mdhu","time":1611202173,"event":{"mods":["Act Like it!","BaseMod","Better Match","Better Sensory Stone","Better Skull","Better Third Choice","Better Vampires","Colored Powertips","Highlight Path","Minty Spire (QoL Compilation)","Quick Restart","Random Character Button","Rare Cards Sparkle","StSLib"],"gold_per_floor":[116,130,49,49,124,150,150,325,325,341,357,357,371,405,405,506,506,516,516,535,552,177,210,53,66,66,66,79,92,56,76,76,76,76],"floor_reached":33,"language":"ENG","playtime":12059,"items_purged":["Doubt"],"score":494,"play_id":"10d3d936-46bb-44a5-b359-6b3c2238af43","local_time":"20210120220933","is_ascension_mode":true,"campfire_choices":[{"floor":7.0,"key":"RECALL"},{"floor":15.0,"key":"REST"},{"floor":27.0,"key":"REST"},{"floor":32,"key":"REST"}],"circlet_count":0,"master_deck":["AscendersBane","Strike_G","Strike_G","Strike_G","Strike_G","Strike_G","Defend_G","Defend_G","Defend_G","Defend_G","Defend_G","Survivor","Neutralize","Blade Dance","Blade Dance","Noxious Fumes+1","PiercingWail","Blade Dance","Footwork","Unload","Caltrops","Doppelganger","Bane+1","Terror","Choke","Backstab","Pain","Noxious Fumes+1","Leg Sweep"],"relics":["Ring of the Snake","NeowsBlessing","Bag of Marbles","Pear","Thread and Needle","Cursed Key","Paper Crane","Nunchaku","Vajra"],"acts_visited":["Exordium","TheCity"],"potions_floor_usage":[33],"damage_taken":[{"damage":0.0,"enemies":"Jaw Worm","floor":1.0,"turns":1.0},{"damage":0.0,"enemies":"2 Louse","floor":2.0,"turns":1.0},{"damage":0.0,"enemies":"3 Sentries","floor":6.0,"turns":1.0},{"damage":7.0,"enemies":"Small Slimes","floor":10.0,"turns":3.0},{"damage":10.0,"enemies":"Gremlin Gang","floor":11.0,"turns":4.0},{"damage":6.0,"enemies":"Lots of Slimes","floor":13.0,"turns":3.0},{"damage":16.0,"enemies":"Gremlin Nob","floor":14.0,"turns":4.0},{"damage":25.0,"enemies":"Slime Boss","floor":16.0,"turns":11.0},{"damage":11.0,"enemies":"Shell Parasite","floor":18.0,"turns":4.0},{"damage":0.0,"enemies":"Spheric Guardian","floor":20.0,"turns":3.0},{"damage":12.0,"enemies":"Centurion and Healer","floor":21.0,"turns":8.0},{"damage":0.0,"enemies":"Gremlin Leader","floor":23.0,"turns":8.0},{"damage":20.0,"enemies":"Snake Plant","floor":25.0,"turns":5.0},{"damage":5.0,"enemies":"3 Cultists","floor":28.0,"turns":3.0},{"damage":17,"enemies":"Snecko","floor":29,"turns":4},{"damage":8,"enemies":"Chosen and Byrds","floor":31,"turns":7},{"damage":58,"enemies":"Champ","floor":33,"turns":6}],"seed_played":"8676314691723378549","potions_obtained":[{"floor":1.0,"key":"EssenceOfSteel"},{"floor":11.0,"key":"FearPotion"},{"floor":14.0,"key":"SteroidPotion"},{"floor":16.0,"key":"Swift Potion"},{"floor":18.0,"key":"CunningPotion"},{"floor":21.0,"key":"EssenceOfSteel"},{"floor":25.0,"key":"SteroidPotion"},{"floor":31,"key":"Explosive Potion"}],"is_trial":false,"path_per_floor":["M","M","$","?","?","E","R","?","T","M","M","?","M","E","R","B",null,"M","?","M","M","$","E","$","M","T","R","M","M","$","M","R","B"],"character_chosen":"THE_SILENT","items_purchased":["Noxious Fumes","Paper Crane","Choke","Vajra","Leg Sweep"],"campfire_rested":3,"item_purchase_floors":[3,22,22,24,30],"current_hp_per_floor":[63,63,63,63,52,52,52,52,62,55,45,45,39,23,47,22,66,55,55,55,43,43,43,43,23,23,47,42,25,25,17,41,0,0],"gold":76,"neow_bonus":"THREE_ENEMY_KILL","is_daily":false,"chose_seed":false,"campfire_upgraded":0,"win_rate":0.0,"timestamp":1611202173,"path_taken":["M","M","$","?","?","E","R","?","T","M","M","?","M","E","R","BOSS","M","?","M","M","$","E","$","M","T","R","?","M","$","M","R","BOSS"],"items_purchased_type":["Card","Relic","Card","Relic","Card"],"build_version":"2020-12-22","purchased_purges":1,"victory":false,"max_hp_per_floor":[70,70,70,70,70,70,70,70,80,80,80,80,80,80,80,80,80,80,80,80,80,80,80,80,80,80,80,80,80,80,80,80,80,80],"card_choices":[{"not_picked":["Well Laid Plans","Blur"],"picked":"Blade Dance","floor":1.0},{"not_picked":["Cloak And Dagger","Bane"],"picked":"Blade Dance","floor":2.0},{"not_picked":["Cloak And Dagger","Sucker Punch"],"picked":"PiercingWail","floor":6.0},{"not_picked":["Predator","Sucker Punch"],"picked":"Blade Dance","floor":10.0},{"not_picked":["Dagger Throw","Outmaneuver"],"picked":"Footwork","floor":11.0},{"not_picked":["Riddle With Holes","Outmaneuver"],"picked":"Unload","floor":13.0},{"not_picked":["Setup","All Out Attack"],"picked":"Caltrops","floor":14.0},{"not_picked":["Glass Knife","Unload"],"picked":"Doppelganger","floor":16.0},{"not_picked":["Backflip","Dagger Throw","Outmaneuver+1"],"picked":"SKIP","floor":18.0},{"not_picked":["Setup+1","PiercingWail"],"picked":"Bane+1","floor":20.0},{"not_picked":["Flying Knee","Expertise"],"picked":"Terror","floor":21.0},{"not_picked":["Escape Plan","Blade Dance","All Out Attack+1"],"picked":"SKIP","floor":23.0},{"not_picked":["Deflect","Infinite Blades"],"picked":"Backstab","floor":25.0},{"not_picked":["Choke","Tactician"],"picked":"Noxious Fumes+1","floor":28.0},{"not_picked":["Dodge and Roll","Dagger Spray","Flechettes"],"picked":"SKIP","floor":29},{"not_picked":["Bouncing Flask+1","Flying Knee","Blade Dance"],"picked":"SKIP","floor":31}],"player_experience":358571,"relics_obtained":[{"floor":6.0,"key":"Bag of Marbles"},{"floor":9.0,"key":"Pear"},{"floor":14.0,"key":"Thread and Needle"},{"floor":23.0,"key":"Nunchaku"}],"event_choices":[{"damage_healed":0.0,"max_hp_gain":0.0,"max_hp_loss":0.0,"gold_gain":0.0,"event_name":"Living Wall","player_choice":"Grow","floor":4.0,"gold_loss":0.0,"damage_taken":0.0,"cards_upgraded":["Noxious Fumes"]},{"damage_healed":0.0,"max_hp_gain":0.0,"max_hp_loss":0.0,"gold_gain":75.0,"event_name":"betterThird:BetterGoop","player_choice":"Gold","floor":5.0,"gold_loss":0.0,"damage_taken":11.0},{"damage_healed":0.0,"max_hp_gain":0.0,"max_hp_loss":0.0,"gold_gain":175.0,"event_name":"betterThird:BetterSerpent","player_choice":"AGREE","floor":8.0,"gold_loss":0.0,"damage_taken":150.0},{"damage_healed":0.0,"max_hp_gain":0.0,"max_hp_loss":0.0,"gold_gain":0.0,"event_name":"Golden Wing","player_choice":"Ignored","floor":12.0,"gold_loss":0.0,"damage_taken":0.0},{"damage_healed":0.0,"max_hp_gain":0.0,"max_hp_loss":0.0,"gold_gain":0.0,"event_name":"Lab","player_choice":"Got Potions","floor":19.0,"gold_loss":0.0,"damage_taken":0.0}],"is_beta":false,"boss_relics":[{"not_picked":["Coffee Dripper","Snecko Eye"],"picked":"Cursed Key"}],"items_purged_floors":[22],"is_endless":false,"potions_floor_spawned":[1,11,14,16,18,21,25,31],"killed_by":"Champ","ascension_level":10}}