{"host":"oeotdbd679q6m6vu","time":1611228430,"event":{"mods":["Act Like it!","BaseMod","Colored Map","Decade(Õı–°√˜)","Downfall","Friendly Minions","Gensokyo","GifTheSpireLib","Highlight Path","Lobotomy","Marisa£®ÏF”Í°°ƒß¿Ì…≥£©","Minty Spire (QoL Compilation)","Rare Cards Sparkle","Reimu£®≤©¿ˆ¡È√Œ£©","StSLib","The Animator","The Bug Knight","Youmu£®ªÍ∆«—˝√Œ£©"],"gold_per_floor":[99,99,112,122,107,107,107,107,107,107],"floor_reached":8,"language":"ZHS","playtime":349,"items_purged":[],"score":46,"play_id":"b6bce5fa-6beb-4ed3-aca6-7307013b554a","local_time":"20210121062710","is_ascension_mode":true,"campfire_choices":[{"floor":1,"key":"RECALL"}],"circlet_count":0,"master_deck":["bronze:Strike","bronze:Strike","bronze:Strike","bronze:Strike","bronze:Defend","bronze:Defend","bronze:Defend","bronze:Defend","bronze:Replicate","bronze:Goto","bronze:Separator","bronze:Mutator","bronze:Overheat","bronze:DarkDash","CrumblingArmor","MeatLantern","bronze:ItsAFeature","bronze:Deprecate"],"relics":["bronze:BronzeCore","CogitoBucket","Lantern"],"acts_visited":["Exordium"],"potions_floor_usage":[],"damage_taken":[{"damage":1,"enemies":"Gensokyo:2_Kodama","floor":3,"turns":3},{"damage":15,"enemies":"Gensokyo:Gryphon","floor":4,"turns":2},{"damage":10,"enemies":"downfall:FleeingMerchant","floor":5,"turns":4},{"damage":54,"enemies":"Gensokyo:Mamizou","floor":8,"turns":2}],"seed_played":"-5503101151074586861","potions_obtained":[],"is_trial":false,"path_per_floor":["R","?","M","M","$","?","T","E"],"character_chosen":"THE_AUTOMATON","items_purchased":[],"campfire_rested":0,"item_purchase_floors":[],"current_hp_per_floor":[70,70,69,54,44,44,44,0,0,0],"gold":107,"neow_bonus":"","is_daily":false,"chose_seed":false,"campfire_upgraded":0,"win_rate":0.0,"timestamp":1611228430,"path_taken":["R","?","M","M","$","?","T","E"],"items_purchased_type":[],"build_version":"2020-12-22","purchased_purges":0,"victory":false,"max_hp_per_floor":[70,70,70,70,70,70,70,70,70,70],"card_choices":[{"not_picked":["bronze:ForceShield","bronze:FineTuning"],"picked":"bronze:Separator","floor":2},{"not_picked":["bronze:Turbo","bronze:DelayedSlice"],"picked":"bronze:Mutator","floor":2},{"not_picked":["bronze:Iterate","bronze:Separator"],"picked":"bronze:Overheat","floor":3},{"not_picked":["WallGazer","QueenBee"],"picked":"Murderer","floor":3},{"not_picked":["bronze:OilSpill","bronze:Invalidate"],"picked":"bronze:DarkDash","floor":4},{"not_picked":["HeroicMonk","OldLady"],"picked":"CrumblingArmor","floor":4},{"not_picked":["ShyLook","WallGazer"],"picked":"MeatLantern","floor":5},{"not_picked":["bronze:Overload","bronze:BugBarrage"],"picked":"bronze:ItsAFeature","floor":5}],"player_experience":364387,"relics_obtained":[{"floor":7,"key":"Lantern"}],"event_choices":[],"is_beta":false,"boss_relics":[],"items_purged_floors":[],"is_endless":false,"potions_floor_spawned":[],"killed_by":"Gensokyo:Mamizou","ascension_level":1}}