{"host":"qhhcmep1unj6mpf7","time":1611222837,"event":{"mods":["2.2 Compatiblity","AchievementEnabler","BaseMod","Colored Map","DeckTracker","Highlight Path","Keyboard Shortcuts","Minty Spire (QoL Compilation)","Permanent Neow","Quick Restart","Random Character Button","StSLib","SuperFastMode","everything is the same but u backflip on backflip"],"gold_per_floor":[115,125,142,0,10,10,40,68,68,78,78,95,16,43,43,142,142,130,144,59,59,75,75,75,75],"floor_reached":24,"language":"KOR","playtime":659,"items_purged":["Strike_B"],"score":245,"play_id":"3198aa08-7047-41f6-b62f-151d98ef0e32","local_time":"20210121185357","is_ascension_mode":true,"campfire_choices":[{"data":"Darkness","floor":6.0,"key":"SMITH"},{"floor":11.0,"key":"REST"},{"data":"Hologram","floor":15.0,"key":"SMITH"},{"data":"Loop","floor":23,"key":"SMITH"}],"circlet_count":0,"master_deck":["Strike_B","Strike_B","Strike_B","Defend_B","Defend_B","Defend_B","Defend_B","Zap","Dualcast","Creative AI","Ball Lightning","Reinforced Body","Darkness+1","Self Repair","Loop+1","Hologram+1","Loop","Multi-Cast","CurseOfTheBell"],"relics":["Cracked Core","DataDisk","Bird Faced Urn","The Courier","Mummified Hand","Calling Bell","Calipers","Cables","Tiny Chest","Blue Candle"],"acts_visited":["Exordium","TheCity"],"potions_floor_usage":[16,24],"damage_taken":[{"damage":6.0,"enemies":"Jaw Worm","floor":1.0,"turns":3.0},{"damage":5.0,"enemies":"Small Slimes","floor":2.0,"turns":4.0},{"damage":0.0,"enemies":"Cultist","floor":3.0,"turns":3.0},{"damage":2.0,"enemies":"2 Fungi Beasts","floor":5.0,"turns":3.0},{"damage":19.0,"enemies":"Gremlin Nob","floor":8.0,"turns":4.0},{"damage":11.0,"enemies":"3 Louse","floor":10.0,"turns":4.0},{"damage":0.0,"enemies":"Exordium Wildlife","floor":12.0,"turns":3.0},{"damage":30.0,"enemies":"3 Sentries","floor":14.0,"turns":5.0},{"damage":44,"enemies":"The Guardian","floor":16,"turns":6},{"damage":25,"enemies":"2 Thieves","floor":18,"turns":4},{"damage":40,"enemies":"3 Byrds","floor":19,"turns":5},{"damage":15,"enemies":"Sentry and Sphere","floor":22,"turns":3},{"damage":54,"enemies":"Book of Stabbing","floor":24,"turns":4}],"seed_played":"3770554811111795862","potions_obtained":[{"floor":5.0,"key":"GamblersBrew"},{"floor":8.0,"key":"PowerPotion"},{"floor":14.0,"key":"Regen Potion"},{"floor":18,"key":"Regen Potion"}],"is_trial":false,"path_per_floor":["M","M","M","$","M","R","?","E","T","M","R","M","$","E","R","B",null,"M","M","?","$","M","R","E"],"character_chosen":"DEFECT","items_purchased":["Darkness","Loop","Hologram"],"campfire_rested":1,"item_purchase_floors":[4,13,13],"current_hp_per_floor":[48,43,43,43,41,41,41,22,22,11,33,33,33,22,22,13,75,64,43,43,43,39,39,0,0],"gold":75,"neow_bonus":"THREE_RARE_CARDS","is_daily":false,"chose_seed":false,"campfire_upgraded":3,"win_rate":0.0,"timestamp":1611222837,"path_taken":["M","M","M","$","M","R","?","E","T","M","R","M","$","E","R","BOSS","M","M","?","$","M","R","E"],"items_purchased_type":["Card","Card","Card"],"build_version":"2020-12-22","purchased_purges":1,"victory":false,"max_hp_per_floor":[75,75,75,75,75,75,75,75,75,75,75,75,75,75,75,75,75,75,75,75,75,75,75,75,75],"card_choices":[{"not_picked":["Electrodynamics","Buffer"],"picked":"Creative AI","floor":0.0},{"not_picked":["Gash","Stack","Turbo"],"picked":"SKIP","floor":1.0},{"not_picked":["Barrage","Recycle"],"picked":"Ball Lightning","floor":2.0},{"not_picked":["Scrape","Ball Lightning"],"picked":"Reinforced Body","floor":3.0},{"not_picked":["Cold Snap","Coolheaded","Streamline"],"picked":"SKIP","floor":5.0},{"not_picked":["Stack","Compile Driver","Sunder"],"picked":"SKIP","floor":8.0},{"not_picked":["Compile Driver","Electrodynamics","Beam Cell"],"picked":"SKIP","floor":10.0},{"not_picked":["Reinforced Body","Consume"],"picked":"Self Repair","floor":12.0},{"not_picked":["Chaos","Conserve Battery"],"picked":"Loop","floor":14.0},{"not_picked":["Buffer","Meteor Strike"],"picked":"Multi-Cast","floor":16},{"not_picked":["Hologram","Redo","Barrage+1"],"picked":"SKIP","floor":18},{"not_picked":["Redo","Compile Driver","Stack"],"picked":"SKIP","floor":19},{"not_picked":["Hologram","Biased Cognition","Gash+1"],"picked":"SKIP","floor":22}],"player_experience":318825,"relics_obtained":[{"floor":8.0,"key":"Bird Faced Urn"},{"floor":9.0,"key":"The Courier"},{"floor":14.0,"key":"Mummified Hand"},{"floor":17,"key":"Calipers"},{"floor":17,"key":"Cables"},{"floor":17,"key":"Tiny Chest"}],"event_choices":[{"damage_healed":0.0,"max_hp_gain":0.0,"max_hp_loss":0.0,"gold_gain":30.0,"event_name":"Dead Adventurer","player_choice":"Searched \u00272\u0027 times","floor":7.0,"gold_loss":0.0,"damage_taken":0.0,"relics_obtained":["DataDisk"]},{"damage_healed":0,"gold_gain":0,"player_choice":"Obtained Relic","damage_taken":0,"relics_obtained":["Blue Candle"],"max_hp_gain":0,"max_hp_loss":0,"event_name":"Addict","floor":20,"gold_loss":85}],"is_beta":false,"boss_relics":[{"not_picked":["Ectoplasm","Black Star"],"picked":"Calling Bell"}],"items_purged_floors":[4],"is_endless":false,"potions_floor_spawned":[5,8,14,18],"killed_by":"Book of Stabbing","ascension_level":1}}