{"host":"7fyy23rucerupe6i","time":1611222983,"event":{"mods":["BaseMod","Downfall","Minty Spire (QoL Compilation)","StSLib"],"gold_per_floor":[99,119,119,269,281,281,281,281,181,181,216,236,236,254,273,273,273,273],"floor_reached":16,"language":"ZHS","playtime":639,"items_purged":[],"score":100,"play_id":"07f7ba0e-213a-41b3-9f26-a63beb8680a4","local_time":"20210121175623","is_ascension_mode":false,"campfire_choices":[{"floor":1,"key":"RECALL"},{"data":"bronze:Explode","floor":9,"key":"SMITH"},{"data":"bronze:RecursiveStrike","floor":13,"key":"SMITH"}],"circlet_count":0,"master_deck":["bronze:Strike","bronze:Strike","bronze:Defend","bronze:Defend","bronze:Defend","bronze:Defend","bronze:Replicate","bronze:Goto","CurseOfTheBell","bronze:DazingPulse","bronze:Explode+1","bronze:Backtrace","downfall:Icky","bronze:Turbo","bronze:WildBeam","bronze:RecursiveStrike+1","bronze:BitShift","bronze:Constructor"],"relics":["Calling Bell","Dead Branch","Pantograph","Nunchaku","downfall:BrokenWingStatue","Bottled Lightning","downfall:HeartBlessingRed","Tiny Chest"],"acts_visited":["Exordium"],"potions_floor_usage":[16],"damage_taken":[{"damage":1,"enemies":"2 Louse","floor":2,"turns":4},{"damage":33,"enemies":"2 Louse","floor":3,"turns":5},{"damage":1,"enemies":"Jaw Worm","floor":5,"turns":2},{"damage":2,"enemies":"Gremlin Nob","floor":11,"turns":3},{"damage":0,"enemies":"Small Slimes","floor":12,"turns":1},{"damage":2,"enemies":"2 Fungi Beasts","floor":14,"turns":2},{"damage":7,"enemies":"Exordium Thugs","floor":15,"turns":2},{"damage":42,"enemies":"SI_SHIV_ARCHETYPE","floor":16,"turns":9}],"seed_played":"8269741470296627319","potions_obtained":[{"floor":5,"key":"Ancient Potion"},{"floor":11,"key":"AttackPotion"}],"is_trial":false,"path_per_floor":["R","M","?","?","M","?","T","?","R","?","E","M","R","M","M","B"],"character_chosen":"THE_AUTOMATON","items_purchased":[],"campfire_rested":0,"item_purchase_floors":[],"current_hp_per_floor":[70,69,36,36,35,35,35,35,35,35,33,33,33,31,24,7,7,7],"gold":273,"neow_bonus":"BOSS_RELIC","is_daily":false,"chose_seed":false,"campfire_upgraded":2,"win_rate":0.0,"timestamp":1611222983,"path_taken":["R","M","?","?","M","?","T","?","R","?","E","?","R","?","M","BOSS"],"items_purchased_type":[],"build_version":"2020-12-22","purchased_purges":0,"victory":false,"max_hp_per_floor":[70,70,70,70,70,70,70,70,70,70,70,70,70,70,70,70,70,70],"card_choices":[{"not_picked":["bronze:DelayedGuard","bronze:Shield","bronze:BuggyMess"],"picked":"SKIP","floor":2},{"not_picked":[],"picked":"bronze:DazingPulse","floor":3},{"not_picked":[],"picked":"bronze:Explode","floor":3},{"not_picked":["bronze:DelayedSlice","bronze:FineTuning"],"picked":"bronze:Backtrace","floor":3},{"not_picked":["bronze:Branch","bronze:CloningBeam"],"picked":"bronze:Turbo","floor":5},{"not_picked":["bronze:CutThrough","bronze:ItsAFeature"],"picked":"bronze:RecursiveStrike","floor":11},{"not_picked":["bronze:WhirlingStrike","bronze:Branch"],"picked":"bronze:BitShift","floor":12},{"not_picked":["bronze:BitShift","bronze:DelayedGuard","bronze:Philosophize"],"picked":"SKIP","floor":14},{"not_picked":["bronze:OilSpill","bronze:Frontload"],"picked":"bronze:Constructor","floor":15}],"player_experience":416991,"relics_obtained":[{"floor":0,"key":"Dead Branch"},{"floor":0,"key":"Pantograph"},{"floor":0,"key":"Nunchaku"},{"floor":7,"key":"Bottled Lightning"},{"floor":11,"key":"Tiny Chest"}],"event_choices":[],"is_beta":false,"boss_relics":[],"items_purged_floors":[],"is_endless":false,"potions_floor_spawned":[5,11],"killed_by":"SI_SHIV_ARCHETYPE","ascension_level":0}}