{"host":"4myl0piycjadqnwl","time":1611188258,"event":{"mods":["BaseMod","Colored Map","Downfall","Minty Spire (QoL Compilation)","StSLib"],"gold_per_floor":[99,99,99,99,99,125,149,184,196,196,207,17,52,64,76,176,176,176,190,200,217,236,265,265,265,265,265],"floor_reached":25,"language":"ENG","playtime":1956,"items_purged":[],"score":253,"play_id":"97bdbf05-e49f-4e0e-b893-e355242e0aec","local_time":"20210121011738","is_ascension_mode":true,"campfire_choices":[{"data":"bronze:Goto","floor":1.0,"key":"SMITH"},{"floor":10.0,"key":"REST"},{"floor":18.0,"key":"DIG"}],"circlet_count":0,"master_deck":["bronze:Strike","bronze:Strike","bronze:Strike","bronze:Strike","bronze:Defend","bronze:Defend","bronze:Defend","bronze:Defend","bronze:Replicate+1","bronze:Goto+1","bronze:Refactor+1","Clumsy","bronze:FineTuning","bronze:Philosophize","bronze:Repulsor","bronze:Branch","bronze:WhirlingStrike","bronze:WildBeam","bronze:Repulsor","bronze:Terminator","bronze:Frontload","bronze:Optimize","bronze:CleanCode","bronze:ChildClass","bronze:Invalidate+1","bronze:FollowUp+1","bronze:DelayedGuard"],"relics":["bronze:BronzeCore","downfall:HeartsMalice","Shovel","Centennial Puzzle","Pantograph","Membership Card","Bag of Preparation","Busted Crown","Mango","Gambling Chip","Bottled Tornado"],"acts_visited":["Exordium","TheCity"],"potions_floor_usage":[23,23,25],"damage_taken":[{"damage":0.0,"enemies":"Cultist","floor":2.0,"turns":1.0},{"damage":0.0,"enemies":"2 Louse","floor":3.0,"turns":1.0},{"damage":0.0,"enemies":"Jaw Worm","floor":5.0,"turns":1.0},{"damage":45.0,"enemies":"3 Sentries","floor":6.0,"turns":9.0},{"damage":11.0,"enemies":"Lagavulin","floor":8.0,"turns":5.0},{"damage":8.0,"enemies":"Red Slaver","floor":9.0,"turns":3.0},{"damage":1.0,"enemies":"2 Fungi Beasts","floor":11.0,"turns":3.0},{"damage":0.0,"enemies":"downfall:FleeingMerchant","floor":12.0,"turns":4.0},{"damage":24.0,"enemies":"3 Sentries","floor":13.0,"turns":5.0},{"damage":17.0,"enemies":"3 Louse","floor":14.0,"turns":3.0},{"damage":0.0,"enemies":"Blue Slaver","floor":15.0,"turns":3.0},{"damage":23.0,"enemies":"SI_SHIV_ARCHETYPE","floor":16.0,"turns":8.0},{"damage":17,"enemies":"Shell Parasite","floor":19,"turns":3},{"damage":31,"enemies":"Shelled Parasite and Fungi","floor":20,"turns":4},{"damage":0,"enemies":"Centurion and Healer","floor":21,"turns":4},{"damage":14,"enemies":"Sentry and Sphere","floor":22,"turns":5},{"damage":15,"enemies":"Book of Stabbing","floor":23,"turns":4},{"damage":8,"enemies":"Gremlin Leader","floor":25,"turns":2}],"seed_played":"-7946082138871472073","potions_obtained":[{"floor":6.0,"key":"Energy Potion"},{"floor":8.0,"key":"bronze:CleanCodePotion"},{"floor":11.0,"key":"FearPotion"},{"floor":13.0,"key":"FairyPotion"},{"floor":14.0,"key":"AttackPotion"},{"floor":16.0,"key":"bronze:CleanCodePotion"},{"floor":23,"key":"bronze:BurnAndBuffPotion"}],"is_trial":false,"path_per_floor":["R","M","M","?","M","E","T","E","M","R","M","$","E","M","M","B",null,"R","M","M","M","M","E","T","E"],"character_chosen":"THE_AUTOMATON","items_purchased":["Membership Card","bronze:Repulsor"],"campfire_rested":1,"item_purchase_floors":[12,12],"current_hp_per_floor":[70,70,70,70,70,25,25,14,6,27,26,26,2,10,10,12,70,84,67,36,36,22,7,7,0,0,0],"gold":265,"neow_bonus":"THREE_ENEMY_KILL","is_daily":false,"chose_seed":false,"campfire_upgraded":1,"win_rate":0.0,"timestamp":1611188258,"path_taken":["R","M","M","?","?","E","T","E","M","R","M","$","E","M","M","BOSS","R","M","M","M","M","E","T","E"],"items_purchased_type":["Relic","Card"],"build_version":"2020-12-22","purchased_purges":0,"victory":false,"max_hp_per_floor":[70,70,70,70,70,70,70,70,70,70,70,70,70,70,70,70,70,84,84,84,84,84,84,84,84,84,84],"card_choices":[{"not_picked":["bronze:Allocate","bronze:Shell"],"picked":"bronze:Refactor","floor":2.0},{"not_picked":["bronze:CutThrough","bronze:Branch","bronze:BugBarrage"],"picked":"SKIP","floor":3.0},{"not_picked":["bronze:Deprecate","bronze:DelayedGuard"],"picked":"bronze:FineTuning","floor":5.0},{"not_picked":["bronze:WhirlingStrike","bronze:BronzeOrb"],"picked":"bronze:Philosophize","floor":6.0},{"not_picked":["bronze:Branch","bronze:Overload"],"picked":"bronze:Repulsor","floor":8.0},{"not_picked":["bronze:Boost","bronze:BronzeArmor"],"picked":"bronze:Branch","floor":9.0},{"not_picked":["bronze:BitShift","bronze:Deprecate"],"picked":"bronze:WhirlingStrike","floor":11.0},{"not_picked":["bronze:DigitalCarnage","bronze:Deprecate"],"picked":"bronze:WildBeam","floor":12.0},{"not_picked":["bronze:Branch","bronze:DelayedSlice"],"picked":"bronze:Terminator","floor":13.0},{"not_picked":["bronze:Separator","bronze:FindAndReplace"],"picked":"bronze:Frontload","floor":14.0},{"not_picked":["bronze:Deprecate","bronze:Backtrace"],"picked":"bronze:Optimize","floor":15.0},{"not_picked":["bronze:Virus","bronze:RecursiveStrike"],"picked":"bronze:CleanCode","floor":16.0},{"not_picked":[],"picked":"bronze:ChildClass","floor":19},{"not_picked":[],"picked":"bronze:Invalidate+1","floor":20},{"not_picked":[],"picked":"bronze:FollowUp+1","floor":21},{"not_picked":["bronze:DelayedGuard"],"picked":"SKIP","floor":22},{"not_picked":[],"picked":"bronze:DelayedGuard","floor":22},{"not_picked":["bronze:WhirlingStrike"],"picked":"SKIP","floor":23}],"player_experience":1438304,"relics_obtained":[{"floor":6.0,"key":"Shovel"},{"floor":7.0,"key":"Centennial Puzzle"},{"floor":8.0,"key":"Pantograph"},{"floor":13.0,"key":"Bag of Preparation"},{"floor":18.0,"key":"Mango"},{"floor":23,"key":"Gambling Chip"},{"floor":24,"key":"Bottled Tornado"}],"event_choices":[],"is_beta":false,"boss_relics":[{"not_picked":["Runic Dome","Sozu"],"picked":"Busted Crown"}],"items_purged_floors":[],"is_endless":false,"potions_floor_spawned":[6,8,11,13,14,16,22,23],"killed_by":"Gremlin Leader","ascension_level":1}}