{"host":"83ve8bsuvg15pdqh","time":1611202197,"event":{"mods":["2.2 Compatiblity","AchievementEnabler","BaseMod","Colored Map","Colored Powertips","Downfall","Highlight Path","Minty Spire (QoL Compilation)","Relic Stats","StSLib","everything is the same but u backflip on backflip"],"gold_per_floor":[99,114,126,126,226,226,226,242,142,152,168,13,48,111,123,228,228,228,245,245,259,259,275,301,311,311,323,323,351,251,280,299,402,402,402,415,271,316,316,316,362,262,262,262,310,2,2,15,30,30,30,57,32,32,32,32,32,32],"floor_reached":56,"language":"ENG","playtime":5542,"items_purged":["Regret","Guardian:Strike_Guardian"],"score":735,"play_id":"ae204a0f-f197-4e55-84ba-4c0665e4453a","local_time":"20210120220957","is_ascension_mode":false,"campfire_choices":[{"floor":1,"key":"RECALL"},{"data":"Guardian:Preprogram","floor":9,"key":"SMITH"},{"data":"Guardian:ShieldSpikes","floor":18,"key":"SMITH"},{"floor":28,"key":"REST"},{"floor":30,"key":"REST"},{"data":"Guardian:DecasProtection","floor":40,"key":"SMITH"},{"data":"Panacea","floor":44,"key":"SMITH"},{"data":"Guardian:HyperBeam_Guardian","floor":47,"key":"SMITH"},{"floor":54,"key":"REST"}],"circlet_count":0,"master_deck":["Guardian:Strike_Guardian","Guardian:Defend_Guardian","Guardian:Defend_Guardian+1","Guardian:Defend_Guardian","Guardian:CurlUp+1","Guardian:TwinSlam","Guardian:BodySlam+1","Guardian:ShieldSpikes+1","Guardian:PiercingHide","Guardian:Preprogram+1","Guardian:ShieldCharger","Guardian:SpikerProtocol+1","Guardian:SpikerProtocol+1","Guardian:RollAttack","Panacea+1","Guardian:ChargeCore","Guardian:VentSteam","Guardian:ExploitGems","Guardian:TimeCapacitor+1","Guardian:HyperBeam_Guardian+1","Guardian:DecasProtection+1","Guardian:FloatingOrbs+1","Guardian:SphericShield","Guardian:ArmoredProtocol+1","Guardian:StasisField","Guardian:CrystalBeam+1","Guardian:BodySlam+1","Guardian:Gem_Fragmented","Guardian:Gem_Cyan","Guardian:BronzeArmor+1","Bandage Up","Guardian:DecasProtection","Guardian:CrystalBeam+1","Guardian:TimeBomb","Guardian:Incinerate+1","Guardian:ChargeCore+1"],"relics":["Guardian:ModeShifter","Toy Ornithopter","Frozen Egg 2","downfall:HeartBlessingRed","PreservedInsect","Shuriken","bronze:MakeshiftBattery","Guardian:PickAxe","Happy Flower","downfall:HeartBlessingGreen","Molten Egg 2","Sozu","TungstenRod","downfall:HeartBlessingBlue","Vajra","Orichalcum"],"acts_visited":["Exordium","TheCity","TheBeyond","TheEnding"],"potions_floor_usage":[5,5,14,16,16,29,29,33,38],"damage_taken":[{"damage":3,"enemies":"Small Slimes","floor":2,"turns":4},{"damage":5,"enemies":"2 Louse","floor":3,"turns":3},{"damage":35,"enemies":"downfall:Heads","floor":5,"turns":8},{"damage":4,"enemies":"Jaw Worm","floor":8,"turns":4},{"damage":3,"enemies":"Exordium Thugs","floor":10,"turns":6},{"damage":2,"enemies":"Blue Slaver","floor":11,"turns":3},{"damage":2,"enemies":"downfall:FleeingMerchant","floor":12,"turns":4},{"damage":13,"enemies":"Lagavulin","floor":13,"turns":8},{"damage":0,"enemies":"Gremlin Nob","floor":14,"turns":2},{"damage":13,"enemies":"Lots of Slimes","floor":15,"turns":4},{"damage":7,"enemies":"DF_ARCHETYPE_STREAMLINE","floor":16,"turns":9},{"damage":1,"enemies":"Spheric Guardian","floor":19,"turns":5},{"damage":7,"enemies":"Shelled Parasite and Fungi","floor":21,"turns":3},{"damage":11,"enemies":"Chosen and Byrds","floor":23,"turns":3},{"damage":15,"enemies":"Sentry and Sphere","floor":25,"turns":5},{"damage":13,"enemies":"Snecko","floor":27,"turns":4},{"damage":34,"enemies":"Gremlin Leader","floor":29,"turns":5},{"damage":5,"enemies":"Book of Stabbing","floor":31,"turns":4},{"damage":1,"enemies":"Cultist and Chosen","floor":32,"turns":5},{"damage":37,"enemies":"SI_MIRROR_ARCHETYPE","floor":33,"turns":8},{"damage":0,"enemies":"3 Shapes","floor":36,"turns":5},{"damage":0,"enemies":"downfall:FleeingMerchant","floor":37,"turns":4},{"damage":37,"enemies":"2 Orb Walkers","floor":38,"turns":6},{"damage":0,"enemies":"downfall:FleeingMerchant","floor":46,"turns":4},{"damage":0,"enemies":"3 Darklings","floor":48,"turns":3},{"damage":3,"enemies":"Spire Growth","floor":49,"turns":6},{"damage":80,"enemies":"IC_BLOCK_ARCHETYPE","floor":50,"turns":10},{"damage":80,"enemies":"downfall:CharBossMerchant","floor":52,"turns":8},{"damage":10,"enemies":"downfall:NeowBoss","floor":55,"turns":7},{"damage":73,"enemies":"downfall:NeowBossFinal","floor":56,"turns":14}],"seed_played":"2769383132367189880","potions_obtained":[{"floor":2,"key":"LiquidBronze"},{"floor":3,"key":"SkillPotion"},{"floor":8,"key":"Strength Potion"},{"floor":11,"key":"Guardian:AcceleratePotion"},{"floor":14,"key":"EssenceOfSteel"},{"floor":15,"key":"Ancient Potion"},{"floor":16,"key":"SneckoOil"},{"floor":20,"key":"FairyPotion"},{"floor":20,"key":"Strength Potion"},{"floor":20,"key":"Swift Potion"},{"floor":29,"key":"Guardian:AcceleratePotion"},{"floor":33,"key":"ColorlessPotion"}],"is_trial":false,"path_per_floor":["R","M","M","?","?","?","T","M","R","M","M","$","E","?","M","B",null,"R","M","?","M","?","M","T","M","R","M","R","E","R","E","M","B",null,"R","M","$","?","?","R","T","R","?","R","?","$","R","M","M","B",null,"E","$","R","B","B"],"character_chosen":"GUARDIAN","items_purchased":["Guardian:RollAttack","Panacea","Guardian:Gem_Cyan","Bandage Up","Guardian:DecasProtection","Guardian:CrystalBeam+1","Guardian:ChargeCore+1"],"campfire_rested":3,"item_purchase_floors":[12,12,37,46,46,46,53],"current_hp_per_floor":[88,85,80,80,53,53,53,49,49,46,44,42,29,34,21,24,88,88,87,87,80,72,61,61,46,46,33,59,35,61,56,55,23,88,88,88,88,51,51,51,51,61,61,61,61,61,61,61,62,29,98,22,22,51,45,0,0,0],"gold":32,"neow_bonus":"TEN_PERCENT_HP_BONUS","is_daily":false,"chose_seed":false,"campfire_upgraded":5,"win_rate":0.0,"timestamp":1611202197,"path_taken":["R","M","M","?","?","?","T","M","R","M","?","$","E","?","M","BOSS","R","M","?","?","?","M","T","M","R","?","R","E","R","E","M","BOSS","R","M","$","?","?","R","T","R","?","R","?","?","R","M","M","BOSS","E","$","R","BOSS","BOSS"],"items_purchased_type":["Card","Card","Card","Card","Card","Card","Card"],"build_version":"2020-12-22","purchased_purges":2,"victory":false,"max_hp_per_floor":[88,88,88,88,88,88,88,88,88,88,88,88,88,88,88,88,88,88,88,88,88,88,88,88,88,88,88,88,88,88,88,88,88,88,88,88,88,88,88,88,88,98,98,98,98,98,98,98,98,98,98,98,98,98,98,98,98,98],"relic_stats":{"Sozu":2,"Happy Flower":[28],"counters":[30,164],"Shuriken":[46],"PreservedInsect":223,"Orichalcum":[6],"obtain_stats":[{"downfall:HeartBlessingRed":9,"Happy Flower":29,"Guardian:ModeShifter":0,"Vajra":45,"downfall:HeartBlessingGreen":30,"PreservedInsect":13,"Frozen Egg 2":7,"Orichalcum":52,"Guardian:PickAxe":24,"Sozu":34,"Shuriken":14,"downfall:HeartBlessingBlue":42,"Molten Egg 2":31,"Toy Ornithopter":4,"bronze:MakeshiftBattery":17,"TungstenRod":38},{"downfall:HeartBlessingRed":4,"Happy Flower":17,"Guardian:ModeShifter":0,"Vajra":23,"downfall:HeartBlessingGreen":17,"PreservedInsect":8,"Frozen Egg 2":3,"Orichalcum":28,"Guardian:PickAxe":14,"Sozu":20,"Shuriken":9,"downfall:HeartBlessingBlue":23,"Molten Egg 2":18,"Toy Ornithopter":2,"bronze:MakeshiftBattery":11,"TungstenRod":23},{"downfall:HeartBlessingRed":19,"Happy Flower":80,"Guardian:ModeShifter":0,"Vajra":112,"downfall:HeartBlessingGreen":80,"PreservedInsect":40,"Frozen Egg 2":15,"Orichalcum":143,"Guardian:PickAxe":66,"Sozu":97,"Shuriken":42,"downfall:HeartBlessingBlue":112,"Molten Egg 2":84,"Toy Ornithopter":7,"bronze:MakeshiftBattery":55,"TungstenRod":112}],"Toy Ornithopter":38,"TungstenRod":14},"card_choices":[{"not_picked":["Guardian:Gem_Yellow","Guardian:Gem_Blue"],"picked":"Guardian:Gem_Fragmented","floor":2},{"not_picked":["Guardian:VentSteam","Guardian:ArmoredProtocol"],"picked":"Guardian:BodySlam","floor":3},{"not_picked":["Guardian:RollAttack","Guardian:Emergency"],"picked":"Guardian:ShieldSpikes","floor":5},{"not_picked":["Guardian:Gem_Lightblue","Guardian:Gem_Red"],"picked":"Guardian:Preprogram","floor":8},{"not_picked":["Guardian:BronzeOrb","Guardian:Reroute"],"picked":"Guardian:ShieldCharger","floor":10},{"not_picked":["Guardian:MultiBeam","Guardian:TemporalShield"],"picked":"Guardian:SpikerProtocol+1","floor":11},{"not_picked":["Guardian:BronzeOrb","Guardian:BodySlam"],"picked":"Guardian:SpikerProtocol+1","floor":12},{"not_picked":["Guardian:CrystalBeam","Guardian:BronzeOrb"],"picked":"Guardian:ChargeCore","floor":13},{"not_picked":["Guardian:PrimingBeam","Guardian:Preprogram"],"picked":"Guardian:Gem_Cyan","floor":14},{"not_picked":["Guardian:Planning","Guardian:CrystalBeam"],"picked":"Guardian:VentSteam","floor":15},{"not_picked":["Guardian:SphericShield","Guardian:RevengeProtocol+1"],"picked":"Guardian:ExploitGems","floor":16},{"not_picked":["Guardian:PrismaticBeam","Guardian:Planning"],"picked":"Guardian:Gem_Lightblue","floor":19},{"not_picked":["Guardian:Planning","Guardian:Gem_Cyan"],"picked":"Guardian:TimeCapacitor+1","floor":21},{"not_picked":["Guardian:ShieldCharger","Guardian:CrystalBeam"],"picked":"Guardian:Gem_Fragmented","floor":23},{"not_picked":["Guardian:ChargeCore","Guardian:PrimingBeam"],"picked":"Guardian:HyperBeam_Guardian","floor":25},{"not_picked":["Guardian:Reroute","Guardian:Incinerate"],"picked":"Guardian:DecasProtection","floor":27},{"not_picked":["Guardian:TemporalStrike","Guardian:WalkerClaw"],"picked":"Guardian:FloatingOrbs+1","floor":29},{"not_picked":["Guardian:Gem_Yellow","Guardian:RollAttack+1"],"picked":"Guardian:SphericShield","floor":31},{"not_picked":["Guardian:PrimingBeam+1","Guardian:Recover+1"],"picked":"Guardian:ArmoredProtocol+1","floor":32},{"not_picked":["Guardian:StasisStrike+1","Guardian:RevengeProtocol+1"],"picked":"Guardian:StasisField","floor":33},{"not_picked":["Guardian:VentSteam+1","Guardian:TemporalShield"],"picked":"Guardian:Gem_Green","floor":36},{"not_picked":["Guardian:TemporalShield+1","Guardian:Harden+1"],"picked":"Guardian:CrystalBeam+1","floor":37},{"not_picked":["Guardian:ChargeCore+1","Guardian:TemporalStrike+1"],"picked":"Guardian:BodySlam+1","floor":38},{"not_picked":["Guardian:Gem_Lightblue","Guardian:VentSteam"],"picked":"Guardian:BronzeArmor+1","floor":46},{"not_picked":["Guardian:Gem_Cyan","Guardian:Planning"],"picked":"Guardian:TimeBomb","floor":48},{"not_picked":["Guardian:ChargeCore+1","Guardian:DonusPower+1"],"picked":"Guardian:Incinerate+1","floor":49},{"not_picked":["Guardian:Gem_Blue","Guardian:PrimingBeam+1"],"picked":"Guardian:Gem_Synthetic","floor":52}],"player_experience":2049,"relics_obtained":[{"floor":7,"key":"Frozen Egg 2"},{"floor":13,"key":"PreservedInsect"},{"floor":14,"key":"Shuriken"},{"floor":24,"key":"Guardian:PickAxe"},{"floor":29,"key":"Happy Flower"},{"floor":31,"key":"Molten Egg 2"},{"floor":38,"key":"TungstenRod"},{"floor":45,"key":"Vajra"},{"floor":52,"key":"Orichalcum"}],"event_choices":[{"damage_healed":0,"gold_gain":0,"player_choice":"Box","damage_taken":0,"relics_obtained":["Toy Ornithopter"],"max_hp_gain":0,"max_hp_loss":0,"event_name":"Big Fish","floor":4,"gold_loss":0,"cards_obtained":["Regret"]},{"damage_healed":0,"gold_gain":0,"player_choice":"Got Potions","damage_taken":0,"max_hp_gain":0,"max_hp_loss":0,"event_name":"Lab","floor":20,"gold_loss":0},{"damage_healed":0,"gold_gain":0,"player_choice":"Fight","damage_taken":0,"max_hp_gain":0,"max_hp_loss":0,"event_name":"Mysterious Sphere","floor":38,"gold_loss":0}],"is_beta":false,"boss_relics":[{"not_picked":["Philosopher\u0027s Stone","Calling Bell"],"picked":"bronze:MakeshiftBattery"},{"not_picked":["Runic Pyramid","Guardian:StasisSlotReductionRelic"],"picked":"Sozu"}],"items_purged_floors":[37,46],"is_endless":false,"potions_floor_spawned":[2,3,8,11,14,15,16,21,29,33,36,38],"killed_by":"downfall:NeowBossFinal","ascension_level":0}}