{"host":"rhakyh2m1vy6smuu","time":1611241086,"event":{"mods":["BaseMod","Minty Spire (QoL Compilation)","StSLib"],"gold_per_floor":[117,117,131,131,141,141,141,141,141,176,77,100,100,100,100,224,224,244,257,86,102,120,120,120,158,238,238,85,85,85,110,110,230,230,253,274,294,357,357,390,390,404,404,404,428,469,492,535,535,535,535,535,8,46,46],"floor_reached":56,"language":"ENG","playtime":4951,"items_purged":["Injury"],"score":1329,"play_id":"a478c266-2291-44c1-a1a6-7ab0ce236bf6","local_time":"20210121075806","is_ascension_mode":true,"campfire_choices":[{"data":"Endless Agony","floor":6.0,"key":"SMITH"},{"data":"Dagger Throw","floor":8.0,"key":"SMITH"},{"floor":15.0,"key":"REST"},{"floor":23.0,"key":"REST"},{"data":"A Thousand Cuts","floor":27.0,"key":"SMITH"},{"data":"Cloak And Dagger","floor":30.0,"key":"SMITH"},{"floor":32.0,"key":"REST"},{"data":"Acrobatics","floor":41.0,"key":"SMITH"},{"floor":49.0,"key":"RECALL"},{"data":"Blade Dance","floor":52.0,"key":"SMITH"}],"circlet_count":0,"master_deck":["Strike_G+1","Strike_G+1","Strike_G+1","Strike_G+1","Defend_G+1","Defend_G+1","Defend_G+1","Defend_G+1","Defend_G+1","Survivor","Neutralize","Dagger Throw+1","Escape Plan","A Thousand Cuts+1","Endless Agony+1","Venomology","Acrobatics+1","Cloak And Dagger+1","Dagger Throw","Malaise+1","Cloak And Dagger+1","Blade Dance+1","Cloak And Dagger+1","PiercingWail","Escape Plan","Underhanded Strike+1","Backflip","A Thousand Cuts+1","Footwork+1","Poisoned Stab+1","Corpse Explosion","Sucker Punch+1","Escape Plan+1","Leg Sweep+1","Cloak And Dagger+1","Clumsy","Caltrops+1","Adrenaline","Well Laid Plans+1"],"relics":["Ring of the Snake","Golden Idol","Frozen Egg 2","Snake Skull","Letter Opener","Dream Catcher","SlaversCollar","DollysMirror","Akabeko","Blood Vial","Cursed Key","Turnip","HornCleat","Singing Bowl","Omamori","Question Card","Bronze Scales","ClockworkSouvenir","Torii"],"acts_visited":["Exordium","TheCity","TheBeyond","TheEnding"],"potions_floor_usage":[55,55,55,55,55],"damage_taken":[{"damage":1.0,"enemies":"Jaw Worm","floor":1.0,"turns":7.0},{"damage":0.0,"enemies":"Small Slimes","floor":3.0,"turns":3.0},{"damage":0.0,"enemies":"2 Louse","floor":5.0,"turns":2.0},{"damage":16.0,"enemies":"Gremlin Nob","floor":10.0,"turns":5.0},{"damage":0.0,"enemies":"Blue Slaver","floor":12.0,"turns":4.0},{"damage":30.0,"enemies":"Slime Boss","floor":16.0,"turns":8.0},{"damage":14.0,"enemies":"Spheric Guardian","floor":18.0,"turns":5.0},{"damage":4.0,"enemies":"2 Thieves","floor":19.0,"turns":3.0},{"damage":18.0,"enemies":"Shelled Parasite and Fungi","floor":21.0,"turns":8.0},{"damage":8.0,"enemies":"Snecko","floor":22.0,"turns":6.0},{"damage":19.0,"enemies":"Slavers","floor":25.0,"turns":4.0},{"damage":0.0,"enemies":"Snake Plant","floor":31.0,"turns":4.0},{"damage":18.0,"enemies":"Champ","floor":33.0,"turns":10.0},{"damage":0.0,"enemies":"3 Darklings","floor":35.0,"turns":3.0},{"damage":7.0,"enemies":"3 Shapes","floor":36.0,"turns":4.0},{"damage":6.0,"enemies":"Spire Growth","floor":37.0,"turns":3.0},{"damage":0.0,"enemies":"Mind Bloom Boss Battle","floor":38.0,"turns":6.0},{"damage":0.0,"enemies":"Giant Head","floor":40.0,"turns":7.0},{"damage":16.0,"enemies":"Transient","floor":42.0,"turns":5.0},{"damage":0.0,"enemies":"4 Shapes","floor":45.0,"turns":4.0},{"damage":12.0,"enemies":"Nemesis","floor":46.0,"turns":9.0},{"damage":0.0,"enemies":"3 Darklings","floor":47.0,"turns":3.0},{"damage":4.0,"enemies":"Giant Head","floor":48.0,"turns":8.0},{"damage":18.0,"enemies":"Donu and Deca","floor":50.0,"turns":8.0},{"damage":31.0,"enemies":"Shield and Spear","floor":54.0,"turns":4.0},{"damage":43,"enemies":"The Heart","floor":55,"turns":10}],"seed_played":"-1294980459449820050","potions_obtained":[{"floor":5.0,"key":"CultistPotion"},{"floor":10.0,"key":"Explosive Potion"},{"floor":18.0,"key":"SkillPotion"},{"floor":25.0,"key":"ColorlessPotion"},{"floor":31.0,"key":"Dexterity Potion"},{"floor":35.0,"key":"SteroidPotion"},{"floor":38.0,"key":"EntropicBrew"},{"floor":47.0,"key":"Poison Potion"},{"floor":48.0,"key":"PowerPotion"},{"floor":54.0,"key":"Ancient Potion"}],"is_trial":false,"path_per_floor":["M","?","M","?","M","R","?","R","T","E","$","M","?","T","R","B",null,"M","M","$","M","M","R","?","E","T","R","$","?","R","M","R","B",null,"M","M","M","?","?","E","R","M","T","?","M","E","M","E","R","B",null,"R","$","E","B",null],"character_chosen":"THE_SILENT","items_purchased":["Acrobatics","DollysMirror","PiercingWail","Blood Vial","Bronze Scales","ClockworkSouvenir","Adrenaline","Well Laid Plans+1"],"campfire_rested":3,"item_purchase_floors":[11,20,20,28,53,53,53,53],"current_hp_per_floor":[62,49,49,49,49,49,49,49,49,33,33,33,15,15,33,3,63,49,45,45,27,19,37,37,18,18,18,18,18,18,20,38,22,63,63,56,52,54,73,73,73,57,57,57,59,51,55,55,55,39,79,79,79,50,9],"gold":46,"neow_bonus":"RANDOM_COLORLESS_2","is_daily":false,"chose_seed":false,"campfire_upgraded":6,"win_rate":0.0,"timestamp":1611241086,"path_taken":["M","?","M","?","M","R","?","R","T","E","?","M","?","?","R","BOSS","M","M","$","M","M","R","?","E","T","R","$","?","R","?","R","BOSS","M","M","M","?","?","E","R","?","T","?","M","E","?","E","R","BOSS","R","$","E","BOSS"],"items_purchased_type":["Card","Relic","Card","Relic","Relic","Relic","Card","Card"],"build_version":"2020-12-22","purchased_purges":1,"victory":true,"max_hp_per_floor":[63,63,63,63,63,63,63,63,63,63,63,63,63,63,63,63,63,63,63,63,63,63,63,63,63,63,63,63,63,63,63,63,63,63,63,63,63,63,73,73,73,73,73,73,73,75,77,79,79,79,79,79,79,81,81],"card_choices":[{"not_picked":["Secret Weapon","Violence"],"picked":"Secret Technique","floor":0.0},{"not_picked":["Dagger Spray","PiercingWail"],"picked":"Dagger Throw","floor":1.0},{"not_picked":["Backstab","Underhanded Strike"],"picked":"Escape Plan","floor":3.0},{"not_picked":["Noxious Fumes","Underhanded Strike"],"picked":"Endless Agony","floor":5.0},{"not_picked":["Prepared","Sucker Punch"],"picked":"Venomology","floor":10.0},{"not_picked":["Dagger Spray","Underhanded Strike"],"picked":"Cloak And Dagger","floor":12.0},{"not_picked":["Flechettes","Grand Finale"],"picked":"Dagger Throw","floor":15.0},{"not_picked":["Venomology","Glass Knife"],"picked":"Malaise","floor":16.0},{"not_picked":["Blade Dance","Infinite Blades+1"],"picked":"Cloak And Dagger+1","floor":18.0},{"not_picked":["Sucker Punch","Cloak And Dagger"],"picked":"Blade Dance","floor":19.0},{"not_picked":["Predator+1","Dagger Throw+1"],"picked":"Escape Plan","floor":21.0},{"not_picked":["Dagger Spray","Catalyst"],"picked":"Underhanded Strike+1","floor":22.0},{"not_picked":["Slice","Poisoned Stab"],"picked":"Backflip","floor":25.0},{"not_picked":["Acrobatics","PiercingWail+1"],"picked":"Footwork+1","floor":31.0},{"not_picked":["Glass Knife","PiercingWail"],"picked":"Poisoned Stab+1","floor":32.0},{"not_picked":["Glass Knife","Night Terror"],"picked":"Corpse Explosion","floor":33.0},{"not_picked":["Slice+1","Caltrops+1"],"picked":"Sucker Punch+1","floor":35.0},{"not_picked":["Outmaneuver+1","Riddle With Holes","Slice+1"],"picked":"SKIP","floor":36.0},{"not_picked":["Bouncing Flask","Choke+1"],"picked":"Escape Plan+1","floor":37.0},{"not_picked":["Dash+1","Riddle With Holes+1"],"picked":"Leg Sweep+1","floor":38.0},{"not_picked":["Night Terror","Slice"],"picked":"Cloak And Dagger+1","floor":40.0},{"not_picked":["Underhanded Strike","Prepared","Dodge and Roll"],"picked":"SKIP","floor":42.0},{"not_picked":["Sucker Punch","Bane+1"],"picked":"Caltrops+1","floor":45.0},{"not_picked":["Die Die Die","Flying Knee+1","PiercingWail"],"picked":"Singing Bowl","floor":46.0},{"not_picked":["Calculated Gamble+1","Slice","Deflect+1"],"picked":"Singing Bowl","floor":47.0},{"not_picked":["Flying Knee","Predator","Quick Slash+1"],"picked":"Singing Bowl","floor":48.0},{"not_picked":["Dagger Spray","Grand Finale","Flechettes+1","Crippling Poison"],"picked":"Singing Bowl","floor":54.0}],"player_experience":1477791,"relics_obtained":[{"floor":9.0,"key":"Frozen Egg 2"},{"floor":10.0,"key":"Snake Skull"},{"floor":14.0,"key":"Dream Catcher"},{"floor":25.0,"key":"Akabeko"},{"floor":38.0,"key":"Turnip"},{"floor":40.0,"key":"HornCleat"},{"floor":43.0,"key":"Singing Bowl"},{"floor":46.0,"key":"Omamori"},{"floor":48.0,"key":"Question Card"},{"floor":54.0,"key":"Torii"}],"event_choices":[{"damage_healed":0.0,"max_hp_gain":0.0,"max_hp_loss":0.0,"gold_gain":0.0,"event_name":"Shining Light","player_choice":"Entered Light","floor":2.0,"gold_loss":0.0,"damage_taken":13.0,"cards_upgraded":["Strike_G","Defend_G"]},{"damage_healed":0.0,"max_hp_gain":0.0,"max_hp_loss":0.0,"gold_gain":0.0,"cards_transformed":["Strike_G"],"event_name":"Living Wall","player_choice":"Change","floor":4.0,"gold_loss":0.0,"damage_taken":0.0,"cards_obtained":["A Thousand Cuts"]},{"damage_healed":0.0,"max_hp_gain":0.0,"max_hp_loss":0.0,"gold_gain":0.0,"event_name":"Golden Idol","player_choice":"Take Wound","floor":7.0,"gold_loss":0.0,"damage_taken":0.0,"relics_obtained":["Golden Idol"],"cards_obtained":["Injury"]},{"damage_healed":0.0,"max_hp_gain":0.0,"max_hp_loss":0.0,"gold_gain":0.0,"event_name":"Scrap Ooze","player_choice":"Success","floor":13.0,"gold_loss":0.0,"damage_taken":18.0,"relics_obtained":["Letter Opener"]},{"damage_healed":0.0,"max_hp_gain":0.0,"max_hp_loss":0.0,"gold_gain":0.0,"event_name":"Back to Basics","player_choice":"Simplicity","floor":24.0,"gold_loss":0.0,"damage_taken":0.0,"cards_upgraded":["Strike_G","Strike_G","Strike_G","Defend_G","Defend_G","Defend_G","Defend_G"]},{"damage_healed":0.0,"max_hp_gain":0.0,"max_hp_loss":0.0,"gold_gain":0.0,"event_name":"Duplicator","player_choice":"Copied","floor":29.0,"gold_loss":0.0,"damage_taken":0.0,"cards_obtained":["A Thousand Cuts"]},{"damage_healed":0.0,"max_hp_gain":0.0,"max_hp_loss":0.0,"gold_gain":0.0,"event_name":"MindBloom","player_choice":"Fight","floor":38.0,"gold_loss":0.0,"damage_taken":0.0},{"cards_removed":["Secret Technique"],"damage_healed":9.0,"max_hp_gain":10.0,"max_hp_loss":0.0,"gold_gain":0.0,"event_name":"Bonfire Elementals","player_choice":"Offered Rare","floor":39.0,"gold_loss":0.0,"damage_taken":0.0},{"damage_healed":0.0,"max_hp_gain":0.0,"max_hp_loss":0.0,"gold_gain":0.0,"event_name":"Upgrade Shrine","player_choice":"Upgraded","floor":44.0,"gold_loss":0.0,"damage_taken":0.0,"cards_upgraded":["Malaise"]}],"is_beta":false,"boss_relics":[{"not_picked":["Empty Cage","Pandora\u0027s Box"],"picked":"SlaversCollar"},{"not_picked":["Ring of the Serpent","Philosopher\u0027s Stone"],"picked":"Cursed Key"}],"items_purged_floors":[11],"is_endless":false,"potions_floor_spawned":[5,10,18,25,31,35,38,47,48,54],"ascension_level":1}}