{"host":"x3qmax6e7jj3tga5","time":1611197027,"event":{"mods":["BaseMod","Custom Start","Minty Spire (QoL Compilation)","StSLib"],"gold_per_floor":[14,30,30,105,123,159,18,18,18,31,31,74,74,23,23,144,144,162,177,52,52,52],"floor_reached":21,"language":"ENG","playtime":1597,"items_purged":["Hyperbeam+1"],"score":196,"play_id":"1d5b2fe6-3563-4e2a-b1a7-5599f1a7d1b1","local_time":"20210120204347","is_ascension_mode":true,"campfire_choices":[{"floor":8,"key":"REST"},{"data":"Hyperbeam","floor":11,"key":"SMITH"},{"data":"Coolheaded","floor":15,"key":"SMITH"}],"circlet_count":0,"master_deck":["Strike_B","Strike_B","Defend_B","Defend_B","Defend_B","Defend_B","Zap","Dualcast","Hologram","Lockon","Rebound","Ball Lightning","Tempest","Leap","Compile Driver","Loop","Coolheaded+1","Capacitor","Gash","Rainbow","Self Repair+1","Barrage","Cold Snap"],"relics":["Cracked Core","Golden Idol","Gambling Chip","Turnip","Blue Candle","Runic Pyramid"],"acts_visited":["Exordium","TheCity"],"potions_floor_usage":[12,16,16],"damage_taken":[{"damage":0,"enemies":"Small Slimes","floor":1,"turns":2},{"damage":0,"enemies":"2 Louse","floor":2,"turns":2},{"damage":3,"enemies":"Jaw Worm","floor":5,"turns":2},{"damage":31,"enemies":"3 Sentries","floor":6,"turns":8},{"damage":2,"enemies":"Blue Slaver","floor":10,"turns":3},{"damage":9,"enemies":"Gremlin Nob","floor":12,"turns":3},{"damage":34,"enemies":"Hexaghost","floor":16,"turns":11},{"damage":11,"enemies":"Shell Parasite","floor":18,"turns":7},{"damage":35,"enemies":"3 Byrds","floor":19,"turns":5},{"damage":0,"enemies":"Snecko","floor":21,"turns":1}],"seed_played":"-6198376401285328593","potions_obtained":[{"floor":5,"key":"Weak Potion"},{"floor":10,"key":"DistilledChaos"},{"floor":12,"key":"Fruit Juice"}],"is_trial":false,"path_per_floor":["M","M","?","?","M","E","$","R","T","M","R","E","?","$","R","B",null,"M","M","$","M"],"character_chosen":"DEFECT","items_purchased":["Leap","Compile Driver","Loop","Gash","Cold Snap"],"campfire_rested":1,"item_purchase_floors":[7,7,7,14,20],"current_hp_per_floor":[75,75,69,58,55,24,24,44,44,42,42,33,33,33,33,4,74,63,28,28,28,28],"gold":52,"neow_bonus":"TRANSFORM_TWO_CARDS","is_daily":false,"chose_seed":false,"campfire_upgraded":2,"win_rate":0.0,"timestamp":1611197027,"path_taken":["M","M","?","?","M","E","$","R","T","M","R","E","?","?","R","BOSS","M","M","$","M"],"items_purchased_type":["Card","Card","Card","Card","Card"],"build_version":"2020-12-22","purchased_purges":1,"victory":false,"max_hp_per_floor":[75,75,69,69,69,69,69,69,69,69,69,69,69,69,69,74,74,74,74,74,74,74],"card_choices":[{"not_picked":["Redo","Hologram"],"picked":"Lockon","floor":1},{"not_picked":["Streamline","BootSequence"],"picked":"Rebound","floor":2},{"not_picked":["Fusion","Tempest"],"picked":"Ball Lightning","floor":5},{"not_picked":["Melter","Streamline"],"picked":"Tempest","floor":6},{"not_picked":["Hologram","Rebound"],"picked":"Coolheaded","floor":10},{"not_picked":["Recycle","Skim"],"picked":"Capacitor","floor":12},{"not_picked":["Buffer","Amplify"],"picked":"Rainbow","floor":16},{"not_picked":["Rebound","Go for the Eyes+1"],"picked":"Self Repair+1","floor":18},{"not_picked":["Compile Driver","Hello World"],"picked":"Barrage","floor":19}],"player_experience":325769,"relics_obtained":[{"floor":6,"key":"Gambling Chip"},{"floor":9,"key":"Turnip"},{"floor":12,"key":"Blue Candle"}],"event_choices":[{"damage_healed":0,"gold_gain":0,"player_choice":"Lose Max HP","damage_taken":0,"relics_obtained":["Golden Idol"],"max_hp_gain":0,"max_hp_loss":6,"event_name":"Golden Idol","floor":3,"gold_loss":0},{"damage_healed":0,"gold_gain":75,"player_choice":"Gather Gold","damage_taken":11,"max_hp_gain":0,"max_hp_loss":0,"event_name":"World of Goop","floor":4,"gold_loss":0},{"damage_healed":0,"gold_gain":0,"player_choice":"Ignored","damage_taken":0,"max_hp_gain":0,"max_hp_loss":0,"event_name":"Liars Game","floor":13,"gold_loss":0}],"is_beta":false,"boss_relics":[{"not_picked":["Tiny House","SacredBark"],"picked":"Runic Pyramid"}],"items_purged_floors":[20],"is_endless":false,"potions_floor_spawned":[5,10,12],"killed_by":"Snecko","ascension_level":1}}