{"host":"1gclwan70y6w6ivq","time":1611217620,"event":{"mods":["AchievementEnabler","BaseMod","Colored Map","Downfall","Hubris","Infinite Spire","Minty Spire (QoL Compilation)","Relic Sorter","Shade Mod","StSLib"],"gold_per_floor":[409,205,35,35,35,35,35,62,62,76,105,170,196,213,213,308,308,326,326,326,336,369,402,416,416,416,253,253,286,325,340,340,445,445,457,457,472,486,486,486,519,545,545,545,558,406,327,181,181,284,284,306,306,312,312,312,359,398,398,398,398,398,428,784,784,784,939,939,998,913,922,943,943,943,943,943,943,1004,1086,1160,1160,1253,1253,1436,1454,1544,1444,1598,1706,1715,1820,1943,1943,1970,2123,2255,2255,2255,2255,2255,2482,2482,2650,2650,2656,2656,2656,2665,2850,2850,2850,3069,3119,3338,3338,3338,3338,3656,3656,3892,3892,3892,3892,3892,4163,4462,4822,4822,4897,5220,5244,5343,5268,5268,5740,5740,6110,6498,6500,6500,6500,6925,6925,7343,7343,7343,7872,7881,7883,7883,7883,8475,8475,8475,8475,9050,9718],"floor_reached":158,"language":"ENG","playtime":38187,"items_purged":["Shade:CallWraith","Shade:CoffinDance","Shade:Premonition"],"score":4674,"play_id":"16ed3bc4-49b3-4ad0-b9dd-b1777eae1974","local_time":"20210121032700","daily_mods":["SealedDeck","Vintage","Heirloom","Time Dilation","Flight"],"is_ascension_mode":false,"campfire_choices":[{"data":"Shade:AuraOfUnlife","floor":6.0,"key":"SMITH"},{"data":"Shade:Trample","floor":15.0,"key":"SMITH"},{"data":"hubris:DuctTapeCard","floor":25.0,"key":"SMITH"},{"data":"Shade:Carnophage","floor":32.0,"key":"SMITH"},{"data":"Shade:AuraOfUnlife","floor":40.0,"key":"SMITH"},{"data":"infinitespire:UltimateForm","floor":49.0,"key":"SMITH"},{"data":"Shade:Putrefaction","floor":59.0,"key":"SMITH"},{"data":"Shade:LichForm","floor":61.0,"key":"SMITH"},{"data":"Shade:OpenGraves","floor":62.0,"key":"SMITH"},{"data":"Shade:AuraOfUnlife","floor":66.0,"key":"SMITH"},{"data":"infinitespire:NeuralNetwork","floor":74.0,"key":"SMITH"},{"data":"Shade:LichForm+1","floor":97.0,"key":"PURGE"},{"data":"Shade:OpenGraves+1","floor":100.0,"key":"PURGE"},{"data":"A Thousand Cuts","floor":108.0,"key":"PURGE"},{"floor":117.0,"key":"REST"},{"floor":134,"key":"REST"},{"floor":143,"key":"REST"},{"floor":146,"key":"REST"},{"floor":151,"key":"REST"},{"floor":154,"key":"REST"}],"circlet_count":1,"master_deck":["Shade:FleshToFlesh+1","Shade:AuraOfUnlife+1","Shade:Carnophage+1","Shade:AuraOfUnlife+1","Shade:AuraOfUnlife+1","infinitespire:UltimateForm+1","Shade:Putrefaction+1","infinitespire:NeuralNetwork+1","infinitespire:UltimateForm+1","Shade:AuraOfUnlife+1"],"relics":["Shade:YorickPolishedSkull","Vajra","hubris:Reverence","hubris:CrystalStatue","Sundial","infinitespire:FocusingShard","InkBottle","hubris:Metronome","infinitespire:Eraser","Happy Flower","Nunchaku","Pen Nib","infinitespire:Joker Card","Old Coin","hubris:GlazedTorus","Bronze Scales","Singing Bowl","champ:DeflectingBracers","Boot","hubris:Backtick","hubris:TenFootPole","Mummified Hand","infinitespire:Midas Blood","Red Mask","Shade:Thing","Empty Cage","Pocketwatch","Bag of Preparation","Potion Belt","Centennial Puzzle","Oddly Smooth Stone","HornCleat","HandDrill","Dream Catcher","War Paint","Orichalcum","infinitespire:EvilPickle","Golden Idol","Mercury Hourglass","hubris:Zylophone","CeramicFish","infinitespire:Bottled Soul","hubris:NiceRug","hubris:OldNail","Strawberry","OrangePellets","bronze:BronzeIdol","hubris:Towel","Circlet","Bird Faced Urn","Bag of Marbles","Art of War","Lantern","Fusion Hammer","Calling Bell","Slimebound:StickyStick","Mango","hexamod:CandleOfCauterizing","Matryoshka","Blood Vial","hubris:SlimyHat","Tiny Chest","infinitespire:PuzzleCube","Peace Pipe","Guardian:PocketSentry","infinitespire:Cupcake","Turnip","infinitespire:Satchel","Meat on the Bone","Bottled Tornado","Juzu Bracelet","hubris:MobiusCoin","hexamod:BolsterEngine","Philosopher\u0027s Stone","Smiling Mask","infinitespire:BottledMercury","Akabeko","hubris:MedicalManual","Unceasing Top","hubris:ToyBattleship","Question Card","Prayer Wheel","Letter Opener","PreservedInsect","infinitespire:CheckeredPen","Runic Dome","hubris:DisguiseKit","Eternal Feather","hubris:PeanutButter","Slimebound:PreparedRelic","bronze:DecasWashers","Darkstone Periapt","infinitespire:ShieldingShard","bronze:MakeshiftBattery","hubris:MysteriousPyramids"],"acts_visited":["Exordium","TheCity","TheBeyond","Exordium","TheCity","TheBeyond","Exordium","TheCity","TheBeyond","TheEnding"],"potions_floor_usage":[152,152,152,152,152,152,152,152],"damage_taken":[{"damage":2.0,"enemies":"Jaw Worm","floor":1.0,"turns":4.0},{"damage":0.0,"enemies":"3 Sentries","floor":8.0,"turns":17.0},{"damage":0.0,"enemies":"Small Slimes","floor":10.0,"turns":3.0},{"damage":0.0,"enemies":"Gremlin Nob","floor":11.0,"turns":3.0},{"damage":2.0,"enemies":"Lagavulin Event","floor":12.0,"turns":4.0},{"damage":0.0,"enemies":"3 Sentries","floor":13.0,"turns":8.0},{"damage":4.0,"enemies":"infinitespire:Voidling","floor":14.0,"turns":4.0},{"damage":0.0,"enemies":"Slime Boss","floor":16.0,"turns":7.0},{"damage":3.0,"enemies":"2 Thieves","floor":18.0,"turns":5.0},{"damage":0.0,"enemies":"Chosen","floor":21.0,"turns":3.0},{"damage":0.0,"enemies":"Masked Bandits","floor":22.0,"turns":4.0},{"damage":0.0,"enemies":"Nightmare","floor":23.0,"turns":5.0},{"damage":0.0,"enemies":"Snake Plant","floor":24.0,"turns":3.0},{"damage":0.0,"enemies":"Gremlin Leader","floor":29.0,"turns":4.0},{"damage":11.0,"enemies":"Slavers","floor":30.0,"turns":5.0},{"damage":0.0,"enemies":"Centurion and Healer","floor":31.0,"turns":3.0},{"damage":0.0,"enemies":"Automaton","floor":33.0,"turns":6.0},{"damage":0.0,"enemies":"Orb Walker","floor":35.0,"turns":2.0},{"damage":0.0,"enemies":"3 Darklings","floor":37.0,"turns":4.0},{"damage":0.0,"enemies":"Writhing Mass","floor":38.0,"turns":5.0},{"damage":0.0,"enemies":"Giant Head","floor":41.0,"turns":4.0},{"damage":0.0,"enemies":"Maw","floor":45.0,"turns":3.0},{"damage":0.0,"enemies":"Time Eater","floor":50.0,"turns":4.0},{"damage":0.0,"enemies":"infinitespire:Voidling","floor":52.0,"turns":2.0},{"damage":0.0,"enemies":"3 Sentries","floor":57.0,"turns":3.0},{"damage":0.0,"enemies":"Gremlin Nob","floor":58.0,"turns":2.0},{"damage":0.0,"enemies":"Small Slimes","floor":63.0,"turns":2.0},{"damage":0.0,"enemies":"hubris:Merchant","floor":64.0,"turns":3.0},{"damage":0.0,"enemies":"Slime Boss","floor":67.0,"turns":4.0},{"damage":0.0,"enemies":"Chosen","floor":69.0,"turns":2.0},{"damage":0.0,"enemies":"Masked Bandits","floor":72.0,"turns":2.0},{"damage":0.0,"enemies":"3 Byrds","floor":78.0,"turns":2.0},{"damage":0.0,"enemies":"Book of Stabbing","floor":79.0,"turns":2.0},{"damage":0.0,"enemies":"3 Cultists","floor":80.0,"turns":2.0},{"damage":0.0,"enemies":"Nightmare","floor":82.0,"turns":3.0},{"damage":0.0,"enemies":"Automaton","floor":84.0,"turns":3.0},{"damage":0.0,"enemies":"3 Shapes","floor":86.0,"turns":2.0},{"damage":0.0,"enemies":"Orb Walker","floor":89.0,"turns":1.0},{"damage":0.0,"enemies":"Reptomancer","floor":91.0,"turns":3.0},{"damage":0.0,"enemies":"Writhing Mass","floor":92.0,"turns":1.0},{"damage":0.0,"enemies":"Nightmare","floor":95.0,"turns":2.0},{"damage":0.0,"enemies":"4 Shapes","floor":96.0,"turns":3.0},{"damage":0.0,"enemies":"Awakened One","floor":101.0,"turns":8.0},{"damage":0.0,"enemies":"Small Slimes","floor":103.0,"turns":3.0},{"damage":0.0,"enemies":"Cultist","floor":109.0,"turns":2.0},{"damage":0.0,"enemies":"3 Sentries","floor":112.0,"turns":4.0},{"damage":0.0,"enemies":"Nightmare","floor":114.0,"turns":7.0},{"damage":0,"enemies":"Slime Boss","floor":118,"turns":5},{"damage":0,"enemies":"Chosen","floor":120,"turns":4},{"damage":0,"enemies":"Gremlin Leader","floor":125,"turns":5},{"damage":0,"enemies":"Slavers","floor":126,"turns":4},{"damage":0,"enemies":"Book of Stabbing","floor":127,"turns":4},{"damage":0,"enemies":"Colosseum Slavers","floor":129,"turns":3},{"damage":0,"enemies":"Colosseum Nobs","floor":129,"turns":3},{"damage":0,"enemies":"Spheric Guardian","floor":130,"turns":2},{"damage":0,"enemies":"hubris:MusketHawk","floor":135,"turns":5},{"damage":0,"enemies":"Orb Walker","floor":137,"turns":2},{"damage":0,"enemies":"3 Shapes","floor":138,"turns":3},{"damage":0,"enemies":"Giant Head","floor":142,"turns":5},{"damage":0,"enemies":"Transient","floor":144,"turns":5},{"damage":0,"enemies":"Nemesis","floor":147,"turns":5},{"damage":0,"enemies":"infinitespire:LordOfFortification","floor":152,"turns":13},{"damage":0,"enemies":"Shield and Spear","floor":156,"turns":4},{"damage":0,"enemies":"The Heart","floor":157,"turns":7}],"seed_played":"7154823285170526993","potions_obtained":[{"floor":8.0,"key":"BlessingOfTheForge"},{"floor":10.0,"key":"LiquidBronze"},{"floor":14.0,"key":"EntropicBrew"},{"floor":18.0,"key":"Block Potion"},{"floor":23.0,"key":"Ancient Potion"},{"floor":24.0,"key":"SpeedPotion"},{"floor":29.0,"key":"Energy Potion"},{"floor":35.0,"key":"FearPotion"},{"floor":38.0,"key":"Fruit Juice"},{"floor":52.0,"key":"Fire Potion"},{"floor":64.0,"key":"Fire Potion"},{"floor":64.0,"key":"Slimebound:ThreeZeroPotion"},{"floor":80.0,"key":"SkillPotion"},{"floor":95.0,"key":"SteroidPotion"},{"floor":109.0,"key":"CultistPotion"},{"floor":123,"key":"DuplicationPotion"},{"floor":126,"key":"FairyPotion"},{"floor":130,"key":"EntropicBrew"},{"floor":157,"key":"SkillPotion"}],"is_trial":true,"path_per_floor":["M","$","$","?","?","R","?","E","T","M","E","?","E","M","R","B",null,"M","?","?","M","?","NM","M","R","T","$","AVR","E","E","M","R","B",null,"M","?","M","M","?","R","E","T","T","AVR","M","$","$","$","R","B",null,"M","?","?","$","?","E","E","R","T","R","R","M","$","?","R","B",null,"M","?","?","?","$","R","AVR","?","T","M","E","M","R","NM","R","B",null,"M","NS","?","M","?","E","M","$","T","NM","M","R","$","?","R","B",null,"M","AVR","?","?","T","R","M","?","T","E","$","NM","?","?","R","B",null,"M","AVR","T","?","?","E","E","E","T","?","M","T","?","?","R","B",null,"M","M","?","T","AVR","E","R","M","T","R","E","?","?","NS","R","B",null,"R","$","E","B",null],"character_chosen":"SHADE","items_purchased":["Shade:Carnophage","Shade:Brains","Shade:OpenGraves","Shade:AuraOfUnlife","War Paint","Shade:OpenGraves","Orichalcum"],"campfire_rested":6,"item_purchase_floors":[2,2,3,27,46,47,48],"current_hp_per_floor":[63,63,63,56,56,56,56,56,56,56,58,56,58,54,54,54,69,66,66,66,66,68,70,70,70,70,70,70,72,63,63,63,63,77,77,77,77,82,84,84,86,86,86,86,86,86,86,86,86,88,88,88,81,76,76,76,78,80,80,80,80,80,80,101,101,101,103,108,108,108,108,110,110,110,110,110,110,110,112,112,112,114,114,116,116,116,116,135,135,135,137,137,137,137,139,139,139,139,139,139,141,141,141,141,136,139,139,139,144,144,144,144,144,146,146,146,148,150,150,150,150,150,150,150,152,154,156,156,158,158,158,158,158,160,162,162,162,162,163,163,163,170,172,172,172,174,176,182,173,173,184,186,186,188,188,190,192],"gold":9718,"neow_bonus":"","is_daily":false,"chose_seed":false,"campfire_upgraded":11,"win_rate":0.0,"timestamp":1611217620,"path_taken":["M","$","$","?","?","R","?","E","T","?","E","?","E","M","R","BOSS","M","?","?","M","?","NM","?","R","T","$","AVR","E","E","M","R","BOSS","M","?","?","?","?","R","E","?","T","AVR","?","?","$","$","R","BOSS","M","?","?","$","?","E","E","R","T","R","R","?","?","?","R","BOSS","M","?","?","?","$","R","AVR","?","T","?","E","?","R","NM","R","BOSS","M","NS","?","M","?","E","?","?","T","NM","M","R","$","?","R","BOSS","M","AVR","?","?","?","R","M","?","T","E","$","NM","?","?","R","BOSS","M","AVR","?","?","?","E","E","E","T","?","M","?","?","?","R","BOSS","M","M","?","?","AVR","E","R","M","T","R","E","?","?","NS","R","BOSS","R","$","E","BOSS"],"items_purchased_type":["Card","Card","Card","Card","Relic","Card","Relic"],"build_version":"2020-12-22","purchased_purges":3,"victory":true,"max_hp_per_floor":[65,65,65,65,65,65,65,65,65,65,67,67,69,69,69,69,69,69,69,69,69,71,73,73,73,73,73,73,75,77,77,77,77,77,77,77,77,82,84,84,86,86,86,86,86,86,86,86,86,88,88,88,81,81,81,81,83,85,85,85,85,85,85,106,106,106,108,108,108,108,108,110,110,110,110,110,110,110,112,112,112,114,114,116,116,116,116,135,135,135,137,137,137,137,139,139,139,139,139,139,141,141,141,141,141,144,144,144,144,144,144,144,144,146,146,146,148,150,150,150,150,150,150,150,152,154,156,156,158,158,158,158,158,160,162,162,162,162,168,168,168,170,172,172,172,174,176,182,182,182,184,186,186,188,188,190,192],"card_choices":[{"not_picked":["Shade:GreyBargain","Shade:FuneraryArmor"],"picked":"Shade:Trample","floor":8.0},{"not_picked":["Shade:Frenzy","Shade:FleshToFlesh","Shade:TouchOfTheGrave"],"picked":"Singing Bowl","floor":11.0},{"not_picked":["Shade:ClawBack","Shade:OfferingToTheBeyond"],"picked":"Shade:AuraOfUnlife","floor":12.0},{"not_picked":["Shade:SpectralStrikes","Shade:AncientSpear","Shade:Bonestorm"],"picked":"Singing Bowl","floor":13.0},{"not_picked":["Shade:SelfBurial","Shade:Consume"],"picked":"Shade:LichForm","floor":16.0},{"not_picked":["Shade:Patience","Shade:ScuttlingHand","Shade:Premonition+1"],"picked":"Singing Bowl","floor":22.0},{"not_picked":["Shade:PotionOfRestlessness","Shade:SkeletonArmy","Shade:OneIsEnough"],"picked":"Singing Bowl","floor":23.0},{"not_picked":["Shade:SensePrey+1","Shade:CoffinDance","Shade:FeralStrike+1"],"picked":"Singing Bowl","floor":29.0},{"not_picked":["Shade:SensePrey+1","Shade:Patience","Shade:FeralStrike"],"picked":"Singing Bowl","floor":30.0},{"not_picked":["Shade:Tombstone","Shade:LastGasp"],"picked":"Shade:Putrefaction","floor":33.0},{"not_picked":["Mayhem","expansioncontent:PolyBeam","expansioncontent:ChargeUp"],"picked":"Singing Bowl","floor":39.0},{"not_picked":["Shade:LoseControl","Shade:FleshToFlesh","Shade:FeralStrike+1"],"picked":"Singing Bowl","floor":41.0},{"not_picked":["Shade:Coordination","Shade:MadHubris","Shade:GreaterAnimation"],"picked":"Singing Bowl","floor":50.0},{"not_picked":["Shade:SpontaneousRitual","Shade:SkeletonHug","Shade:FreshBones"],"picked":"Singing Bowl","floor":57.0},{"not_picked":["Shade:FingerOfDeath","Shade:FeralStrike","Shade:FleshLikeOak"],"picked":"Singing Bowl","floor":58.0},{"not_picked":["Shade:CoffinDance"],"picked":"Singing Bowl","floor":64.0},{"not_picked":["Shade:Doomsay"],"picked":"Singing Bowl","floor":64.0},{"not_picked":["Shade:RitualOffering"],"picked":"Singing Bowl","floor":64.0},{"not_picked":["Shade:FreshBones"],"picked":"Singing Bowl","floor":64.0},{"not_picked":["Shade:SpectralStrikes"],"picked":"Singing Bowl","floor":64.0},{"not_picked":["Swift Strike"],"picked":"Singing Bowl","floor":64.0},{"not_picked":["Transmutation"],"picked":"Singing Bowl","floor":64.0},{"not_picked":["Shade:DarkOfNight","Shade:OneIsEnough","Shade:LastGasp"],"picked":"Singing Bowl","floor":67.0},{"not_picked":["infinitespire:Execution","infinitespire:Collect"],"picked":"infinitespire:NeuralNetwork","floor":71.0},{"not_picked":["Shade:WallOfFlesh","Shade:PressTheAttack","Shade:RitualOffering"],"picked":"Singing Bowl","floor":72.0},{"not_picked":["Shade:ExtraLimbs","Shade:Asphyxiate","Shade:Carnophage"],"picked":"Singing Bowl","floor":79.0},{"not_picked":["Shade:FuneraryArmor+1","Shade:OneIsEnough","Shade:CallOfTheGrave"],"picked":"Singing Bowl","floor":82.0},{"not_picked":["Shade:GreaterAnimation","Shade:SoulPierce","Shade:SelfBurial"],"picked":"Singing Bowl","floor":84.0},{"not_picked":["Shade:SkeletonHug+1","Shade:FuneraryJewels+1","Shade:ScuttlingHand+1"],"picked":"Singing Bowl","floor":91.0},{"not_picked":["Shade:FuneraryArmor+1","Shade:PressTheAttack","Shade:PoundOfFlesh+1"],"picked":"Singing Bowl","floor":95.0},{"not_picked":["Shade:LichForm","Shade:DarkOfNight","Shade:LastGasp"],"picked":"Singing Bowl","floor":101.0},{"not_picked":["Shade:SkeletonHug","Shade:Brains"],"picked":"Shade:AuraOfUnlife","floor":112.0},{"not_picked":["Shade:WallOfFlesh","Shade:PressTheAttack","Shade:FuneraryJewels"],"picked":"Singing Bowl","floor":114.0},{"not_picked":["Shade:Trample","Shade:FuneraryJewels","Shade:Excise"],"picked":"Singing Bowl","floor":117.0},{"not_picked":["Shade:OneIsEnough","Shade:Putrefaction","Shade:LastGasp"],"picked":"Singing Bowl","floor":118},{"not_picked":["Shade:LoseControl","Shade:AncientSpear+1","Shade:FuneraryJewels"],"picked":"Singing Bowl","floor":125},{"not_picked":["Shade:TouchOfTheGrave+1","Shade:Premonition","Shade:StitchTogether"],"picked":"Singing Bowl","floor":126},{"not_picked":["Shade:FingerOfDeath","Shade:Bonestorm","Shade:SoulPierce"],"picked":"Singing Bowl","floor":127},{"not_picked":["Shade:FeralStrike","Shade:Brains+1","Shade:FingerOfDeath","Shade:AncientSpear"],"picked":"Singing Bowl","floor":129},{"not_picked":["Shade:SkeletonHug","Shade:FeralStrike","Shade:AncientSpear","Shade:Tombstone"],"picked":"Singing Bowl","floor":134},{"not_picked":["Shade:Putrefaction","Shade:GreaterAnimation","Shade:LichForm","Shade:SelfBurial"],"picked":"Singing Bowl","floor":135},{"not_picked":["Magnetism","Jack Of All Trades","PanicButton","Secret Weapon"],"picked":"Singing Bowl","floor":139},{"not_picked":["Panache","Trip","Finesse","Apotheosis"],"picked":"Singing Bowl","floor":139},{"not_picked":["PanicButton","Forethought","Swift Strike","Discovery"],"picked":"Singing Bowl","floor":139},{"not_picked":["Shade:Patience","Shade:PressTheAttack","Shade:SkeletonArmy","Shade:SkeletonHug+1","bronze:BronzeArmor"],"picked":"Singing Bowl","floor":142},{"not_picked":["Shade:FuneraryJewels+1","Shade:Premonition","Shade:WallOfFlesh+1","Shade:Carnophage+1","bronze:Turbo"],"picked":"Singing Bowl","floor":143},{"not_picked":["Shade:FeralStrike","Shade:SkeletonHug+1","Shade:Bonestorm+1","Shade:CallOfTheGrave","bronze:Branch"],"picked":"Singing Bowl","floor":146},{"not_picked":["Shade:ClawBack+1","Shade:AuraOfUnlife","Shade:SkeletonHug","Shade:CommandSoldier+1","bronze:NullPointer"],"picked":"Singing Bowl","floor":147},{"not_picked":["Shade:SensePrey+1","Shade:Trample+1","Shade:Frenzy+1","Shade:Excise+1","bronze:DelayedSlice"],"picked":"Singing Bowl","floor":151},{"not_picked":["Shade:Coordination","Shade:LoseControl","Shade:MadHubris","Shade:UnbarTheGrave","bronze:Verify"],"picked":"Singing Bowl","floor":152},{"not_picked":["Shade:Premonition+1","Shade:Bite_Shade+1","Shade:PressTheAttack+1","Shade:AuraOfUnlife","bronze:ChildClass"],"picked":"Singing Bowl","floor":154},{"not_picked":["Shade:GreaterAnimation","Shade:Carnophage","Shade:PressTheAttack+1","Shade:GreyBargain","bronze:FindAndReplace"],"picked":"Singing Bowl","floor":156},{"not_picked":["Shade:UnbarTheGrave","Shade:OneIsEnough","Shade:LichForm","Shade:SoulPierce","bronze:Mutator"],"picked":"Singing Bowl","floor":157}],"player_experience":853278,"relics_obtained":[{"floor":1.0,"key":"hubris:GlazedTorus"},{"floor":8.0,"key":"Bronze Scales"},{"floor":9.0,"key":"Singing Bowl"},{"floor":10.0,"key":"champ:DeflectingBracers"},{"floor":11.0,"key":"Happy Flower"},{"floor":12.0,"key":"Nunchaku"},{"floor":13.0,"key":"Boot"},{"floor":14.0,"key":"Pen Nib"},{"floor":18.0,"key":"hubris:TenFootPole"},{"floor":21.0,"key":"infinitespire:Midas Blood"},{"floor":22.0,"key":"Red Mask"},{"floor":23.0,"key":"Shade:Thing"},{"floor":24.0,"key":"Vajra"},{"floor":26.0,"key":"Bottled Lightning"},{"floor":29.0,"key":"infinitespire:Joker Card"},{"floor":30.0,"key":"Pocketwatch"},{"floor":31.0,"key":"Bag of Preparation"},{"floor":35.0,"key":"Potion Belt"},{"floor":37.0,"key":"hubris:Metronome"},{"floor":38.0,"key":"Centennial Puzzle"},{"floor":42.0,"key":"Oddly Smooth Stone"},{"floor":43.0,"key":"HornCleat"},{"floor":45.0,"key":"Dream Catcher"},{"floor":52.0,"key":"infinitespire:FocusingShard"},{"floor":57.0,"key":"hubris:Zylophone"},{"floor":58.0,"key":"CeramicFish"},{"floor":60.0,"key":"infinitespire:Bottled Soul"},{"floor":63.0,"key":"InkBottle"},{"floor":64.0,"key":"hubris:OldNail"},{"floor":64.0,"key":"Strawberry"},{"floor":64.0,"key":"OrangePellets"},{"floor":69.0,"key":"bronze:BronzeIdol"},{"floor":72.0,"key":"Circlet"},{"floor":77.0,"key":"Bird Faced Urn"},{"floor":78.0,"key":"Sundial"},{"floor":79.0,"key":"Bag of Marbles"},{"floor":80.0,"key":"Art of War"},{"floor":82.0,"key":"Lantern"},{"floor":86.0,"key":"hubris:Reverence"},{"floor":88.0,"key":"Slimebound:StickyStick"},{"floor":88.0,"key":"hubris:CrystalStatue"},{"floor":88.0,"key":"Mango"},{"floor":89.0,"key":"hexamod:CandleOfCauterizing"},{"floor":91.0,"key":"Matryoshka"},{"floor":92.0,"key":"Blood Vial"},{"floor":94.0,"key":"hubris:SlimyHat"},{"floor":94.0,"key":"Tiny Chest"},{"floor":95.0,"key":"infinitespire:PuzzleCube"},{"floor":96.0,"key":"Guardian:PocketSentry"},{"floor":103.0,"key":"Turnip"},{"floor":107.0,"key":"Meat on the Bone"},{"floor":107.0,"key":"Bottled Tornado"},{"floor":109.0,"key":"Juzu Bracelet"},{"floor":111.0,"key":"hubris:MobiusCoin"},{"floor":112.0,"key":"hexamod:BolsterEngine"},{"floor":120,"key":"Smiling Mask"},{"floor":122,"key":"infinitespire:BottledMercury"},{"floor":125,"key":"Akabeko"},{"floor":126,"key":"hubris:MedicalManual"},{"floor":127,"key":"hubris:ToyBattleship"},{"floor":128,"key":"Question Card"},{"floor":129,"key":"Prayer Wheel"},{"floor":129,"key":"Letter Opener"},{"floor":130,"key":"PreservedInsect"},{"floor":131,"key":"infinitespire:CheckeredPen"},{"floor":137,"key":"hubris:DisguiseKit"},{"floor":138,"key":"Eternal Feather"},{"floor":140,"key":"hubris:PeanutButter"},{"floor":142,"key":"Slimebound:PreparedRelic"},{"floor":144,"key":"bronze:DecasWashers"},{"floor":145,"key":"Darkstone Periapt"},{"floor":147,"key":"infinitespire:ShieldingShard"},{"floor":156,"key":"hubris:MysteriousPyramids"}],"event_choices":[{"cards_removed":["Shade:GoDigging"],"damage_healed":0.0,"max_hp_gain":0.0,"max_hp_loss":0.0,"gold_gain":0.0,"event_name":"Golden Wing","player_choice":"Card Removal","floor":4.0,"gold_loss":0.0,"damage_taken":7.0},{"damage_healed":0.0,"max_hp_gain":0.0,"max_hp_loss":0.0,"gold_gain":0.0,"event_name":"NoteForYourself","player_choice":"Ignored","floor":7.0,"gold_loss":0.0,"damage_taken":0.0},{"damage_healed":0.0,"max_hp_gain":0.0,"max_hp_loss":0.0,"gold_gain":30.0,"event_name":"Dead Adventurer","player_choice":"Searched \u00273\u0027 times","floor":12.0,"gold_loss":0.0,"damage_taken":0.0},{"damage_healed":0.0,"max_hp_gain":0.0,"max_hp_loss":0.0,"gold_gain":0.0,"event_name":"Ghosts","player_choice":"Ignored","floor":19.0,"gold_loss":0.0,"damage_taken":0.0},{"damage_healed":0.0,"max_hp_gain":0.0,"max_hp_loss":0.0,"gold_gain":0.0,"event_name":"Masked Bandits","player_choice":"Fought Bandits","floor":22.0,"gold_loss":0.0,"damage_taken":0.0},{"damage_healed":0.0,"max_hp_gain":0.0,"max_hp_loss":0.0,"gold_gain":0.0,"event_name":"SecretPortal","player_choice":"Ignored","floor":36.0,"gold_loss":0.0,"damage_taken":0.0},{"damage_healed":0.0,"max_hp_gain":0.0,"max_hp_loss":0.0,"gold_gain":0.0,"event_name":"SensoryStone","player_choice":"Memory 1","floor":39.0,"gold_loss":0.0,"damage_taken":0.0},{"damage_healed":0.0,"max_hp_gain":0.0,"max_hp_loss":7.0,"gold_gain":0.0,"event_name":"Golden Idol","player_choice":"Lose Max HP","floor":53.0,"gold_loss":0.0,"damage_taken":0.0,"relics_obtained":["Golden Idol"]},{"damage_healed":0.0,"max_hp_gain":0.0,"max_hp_loss":0.0,"gold_gain":0.0,"event_name":"Scrap Ooze","player_choice":"Success","floor":54.0,"gold_loss":0.0,"damage_taken":12.0,"relics_obtained":["Mercury Hourglass"]},{"damage_healed":0.0,"max_hp_gain":0.0,"max_hp_loss":0.0,"gold_gain":0.0,"event_name":"Match and Keep!","player_choice":"0 cards matched","floor":56.0,"gold_loss":0.0,"damage_taken":0.0,"cards_obtained":[]},{"damage_healed":0.0,"max_hp_gain":0.0,"max_hp_loss":0.0,"gold_gain":0.0,"event_name":"Match and Keep!","player_choice":"0 cards matched","floor":56.0,"gold_loss":0.0,"damage_taken":0.0,"cards_obtained":[]},{"damage_healed":0.0,"max_hp_gain":0.0,"max_hp_loss":0.0,"gold_gain":0.0,"event_name":"Upgrade Shrine","player_choice":"Upgraded","floor":65.0,"gold_loss":0.0,"damage_taken":0.0,"cards_upgraded":["Shade:OpenGraves"]},{"damage_healed":0.0,"max_hp_gain":0.0,"max_hp_loss":0.0,"gold_gain":0.0,"event_name":"Addict","player_choice":"Obtained Relic","floor":70.0,"gold_loss":85.0,"damage_taken":0.0,"relics_obtained":["infinitespire:Eraser"]},{"damage_healed":0.0,"max_hp_gain":0.0,"max_hp_loss":0.0,"gold_gain":0.0,"event_name":"Masked Bandits","player_choice":"Fought Bandits","floor":72.0,"gold_loss":0.0,"damage_taken":0.0},{"damage_healed":0.0,"max_hp_gain":0.0,"max_hp_loss":0.0,"gold_gain":0.0,"event_name":"NoteForYourself","player_choice":"Ignored","floor":76.0,"gold_loss":0.0,"damage_taken":0.0},{"damage_healed":0.0,"max_hp_gain":0.0,"max_hp_loss":0.0,"gold_gain":0.0,"event_name":"Duplicator","player_choice":"Copied","floor":90.0,"gold_loss":0.0,"damage_taken":0.0,"cards_obtained":["infinitespire:UltimateForm"]},{"damage_healed":0.0,"max_hp_gain":0.0,"max_hp_loss":0.0,"gold_gain":0.0,"event_name":"The Moai Head","player_choice":"Ignored","floor":99.0,"gold_loss":0.0,"damage_taken":0.0},{"damage_healed":0.0,"max_hp_gain":0.0,"max_hp_loss":0.0,"gold_gain":0.0,"event_name":"Scrap Ooze","player_choice":"Success","floor":105.0,"gold_loss":0.0,"damage_taken":12.0,"relics_obtained":["infinitespire:Satchel"]},{"damage_healed":0.0,"max_hp_gain":0.0,"max_hp_loss":0.0,"gold_gain":0.0,"event_name":"Shining Light","player_choice":"Ignored","floor":110.0,"gold_loss":0.0,"damage_taken":0.0},{"damage_healed":0.0,"max_hp_gain":0.0,"max_hp_loss":0.0,"gold_gain":0.0,"event_name":"Upgrade Shrine","player_choice":"Upgraded","floor":116.0,"gold_loss":0.0,"damage_taken":0.0,"cards_upgraded":["Shade:AuraOfUnlife"]},{"damage_healed":0,"gold_gain":0,"player_choice":"Got Potions","damage_taken":0,"max_hp_gain":0,"max_hp_loss":0,"event_name":"Lab","floor":123,"gold_loss":0},{"damage_healed":0,"gold_gain":0,"player_choice":"Ignored","damage_taken":0,"max_hp_gain":0,"max_hp_loss":0,"event_name":"Ghosts","floor":124,"gold_loss":0},{"damage_healed":0,"gold_gain":0,"player_choice":"Fight","damage_taken":0,"max_hp_gain":0,"max_hp_loss":0,"event_name":"Colosseum","floor":129,"gold_loss":0},{"damage_healed":0,"gold_gain":0,"player_choice":"Fought Nobs","damage_taken":0,"max_hp_gain":0,"max_hp_loss":0,"event_name":"Colosseum","floor":129,"gold_loss":0},{"damage_healed":0,"gold_gain":99,"player_choice":"Stole From Cult","damage_taken":0,"max_hp_gain":0,"max_hp_loss":0,"event_name":"Nest","floor":132,"gold_loss":0},{"cards_removed":["Shade:OpenGraves"],"damage_healed":0,"gold_gain":0,"player_choice":"Gave Gold","damage_taken":0,"max_hp_gain":0,"max_hp_loss":0,"event_name":"Beggar","floor":133,"gold_loss":75},{"damage_healed":0,"gold_gain":0,"player_choice":"Memory 3","damage_taken":10,"max_hp_gain":0,"max_hp_loss":0,"event_name":"SensoryStone","floor":139,"gold_loss":0},{"damage_healed":0,"gold_gain":0,"player_choice":"Heal","damage_taken":0,"max_hp_gain":0,"max_hp_loss":0,"event_name":"MindBloom","floor":148,"gold_loss":0,"cards_obtained":["Doubt"]},{"damage_healed":0,"gold_gain":0,"player_choice":"Damaged","damage_taken":18,"max_hp_gain":0,"max_hp_loss":0,"event_name":"Wheel of Change","floor":149,"gold_loss":0}],"is_beta":false,"boss_relics":[{"not_picked":["Velvet Choker","Black Star"],"picked":"hubris:Backtick"},{"not_picked":["expansioncontent:StudyCardRelic","Fusion Hammer"],"picked":"Coffee Dripper"},{"not_picked":["hubris:BlackHole","Runic Pyramid","Sozu"]},{"not_picked":["Black Star","expansioncontent:StudyCardRelic"],"picked":"Shade:YorickPolishedSkull"},{"not_picked":["Astrolabe","Velvet Choker"],"picked":"Fusion Hammer"},{"not_picked":["Tiny House","hubris:HollowSoul"],"picked":"infinitespire:Cupcake"},{"not_picked":["sneckomod:SneckoTalon","Black Star"],"picked":"Philosopher\u0027s Stone"},{"not_picked":["expansioncontent:StudyCardRelic","Runic Pyramid"],"picked":"Runic Dome"},{"not_picked":["hubris:Stopwatch","Busted Crown"],"picked":"bronze:MakeshiftBattery"}],"items_purged_floors":[2,3,27],"is_endless":true,"potions_floor_spawned":[8,10,14,18,23,24,29,35,38,52,57,67,80,82,84,86,89,95,103,109,126,129,129,130,135,137,142,144,157],"ascension_level":0}}