{"host":"l5xpox9cbdko122s","time":1611259580,"event":{"mods":["AchievementEnabler","BaseMod","Better Skull","Colored Map","Colored Powertips","Curses Come First","Displayed Cursed Tome","Hermit","Highlight Path","Minty Spire (QoL Compilation)","Quick Restart","Shop Mod","StSLib"],"gold_per_floor":[117,117,117,117,137,137,161,179,179,179,9,43,56,91,91,91,91],"floor_reached":16,"language":"ENG","playtime":558,"items_purged":[],"score":108,"play_id":"75e63a87-1abe-476a-b13d-56835bc00592","local_time":"20210121150620","is_ascension_mode":false,"campfire_choices":[{"floor":6,"key":"RECALL"},{"data":"Limit Break","floor":15,"key":"SMITH"}],"circlet_count":0,"master_deck":["Strike_R","Strike_R","Strike_R","Strike_R","Defend_R","Defend_R","Defend_R","Defend_R","Bash+1","Spot Weakness","Limit Break+1"],"relics":["Burning Blood","NeowsBlessing","Odd Mushroom","MerchantsRug","Letter Opener","Meat on the Bone"],"acts_visited":["Exordium"],"potions_floor_usage":[12,14,14],"damage_taken":[{"damage":0,"enemies":"2 Louse","floor":1,"turns":1},{"damage":0,"enemies":"Jaw Worm","floor":5,"turns":1},{"damage":0,"enemies":"The Mushroom Lair","floor":7,"turns":1},{"damage":0,"enemies":"Small Slimes","floor":8,"turns":4},{"damage":26,"enemies":"Lagavulin","floor":12,"turns":5},{"damage":16,"enemies":"Blue Slaver","floor":13,"turns":6},{"damage":9,"enemies":"Gremlin Nob","floor":14,"turns":4},{"damage":46,"enemies":"Slime Boss","floor":16,"turns":6}],"seed_played":"8730806759296919701","potions_obtained":[{"floor":1,"key":"BlessingOfTheForge"},{"floor":12,"key":"PowerPotion"},{"floor":13,"key":"DistilledChaos"}],"is_trial":false,"path_per_floor":["M","?","?","?","M","R","?","M","T","?","$","E","M","E","R","B"],"character_chosen":"IRONCLAD","items_purchased":["MerchantsRug","Spot Weakness"],"campfire_rested":0,"item_purchase_floors":[11,11],"current_hp_per_floor":[80,80,55,55,61,61,67,73,73,73,73,53,43,40,40,0,0],"gold":91,"neow_bonus":"THREE_ENEMY_KILL","is_daily":false,"chose_seed":false,"campfire_upgraded":1,"win_rate":0.0,"timestamp":1611259580,"path_taken":["M","?","?","?","M","R","?","?","T","?","?","E","M","E","R","BOSS"],"items_purchased_type":["Relic","Card"],"build_version":"2020-12-22","purchased_purges":0,"victory":false,"max_hp_per_floor":[80,80,80,80,80,80,80,80,80,80,80,80,80,80,80,80,80],"card_choices":[{"not_picked":["Dropkick","Shockwave","Sword Boomerang"],"picked":"SKIP","floor":1},{"not_picked":["Hemokinesis","Shrug It Off","True Grit"],"picked":"SKIP","floor":5},{"not_picked":["Headbutt","Havoc","Metallicize"],"picked":"SKIP","floor":8},{"not_picked":["Power Through","Spot Weakness"],"picked":"Limit Break","floor":12},{"not_picked":["Rage","Twin Strike","Dropkick"],"picked":"SKIP","floor":13},{"not_picked":["Cleave","Anger","Warcry"],"picked":"SKIP","floor":14}],"player_experience":177210,"relics_obtained":[{"floor":7,"key":"Odd Mushroom"},{"floor":12,"key":"Letter Opener"},{"floor":14,"key":"Meat on the Bone"}],"event_choices":[{"cards_removed":["Strike_R"],"damage_healed":0,"gold_gain":0,"player_choice":"Forget","damage_taken":0,"max_hp_gain":0,"max_hp_loss":0,"event_name":"Living Wall","floor":2,"gold_loss":0},{"damage_healed":0,"gold_gain":0,"player_choice":"Success","damage_taken":25,"relics_obtained":["Blue Candle"],"max_hp_gain":0,"max_hp_loss":0,"event_name":"Scrap Ooze","floor":3,"gold_loss":0},{"damage_healed":0,"gold_gain":0,"player_choice":"Ignored","damage_taken":0,"max_hp_gain":0,"max_hp_loss":0,"event_name":"Shining Light","floor":4,"gold_loss":0},{"damage_healed":0,"gold_gain":0,"player_choice":"Fought Mushrooms","damage_taken":0,"max_hp_gain":0,"max_hp_loss":0,"event_name":"Mushrooms","floor":7,"gold_loss":0},{"damage_healed":0,"gold_gain":0,"player_choice":"Upgraded","damage_taken":0,"max_hp_gain":0,"max_hp_loss":0,"event_name":"Upgrade Shrine","floor":10,"gold_loss":0,"cards_upgraded":["Bash"]}],"is_beta":false,"boss_relics":[],"items_purged_floors":[],"is_endless":false,"potions_floor_spawned":[1,12,13],"killed_by":"Slime Boss","ascension_level":0}}