{"host":"x205naxbihvu3p76","time":1611209616,"event":{"mods":["AchievementEnabler","BaseMod","Minty Spire (QoL Compilation)","StSLib","SuperFastMode"],"gold_per_floor":[110,110,125,140,157,157,182,199,199,212,212,212,224,244,244,321,321,337,204,64,80,80,80,80,113,113,145,6,6,21,48,48,119,119,132,132,148,162,162,196,221,241,268,295,5,5,21,31,31,31,31,31],"floor_reached":51,"language":"KOR","playtime":1302,"items_purged":["Strike_B","Strike_B"],"score":1538,"play_id":"8542a6fd-b90e-485d-83c9-de374d56a730","local_time":"20210121151336","is_ascension_mode":true,"campfire_choices":[{"data":"Beam Cell","floor":6.0,"key":"SMITH"},{"data":"Storm","floor":11.0,"key":"SMITH"},{"floor":15.0,"key":"REST"},{"data":"Defragment","floor":23.0,"key":"SMITH"},{"data":"Reboot","floor":29.0,"key":"SMITH"},{"data":"Defragment","floor":32.0,"key":"SMITH"},{"floor":46,"key":"REST"},{"floor":49,"key":"RECALL"}],"circlet_count":0,"master_deck":["AscendersBane","Strike_B","Defend_B","Defend_B","Defend_B","Zap","Dualcast","Streamline","Skim","Leap","Self Repair","Beam Cell+1","Biased Cognition","Conserve Battery","Storm+1","Reboot+1","Storm","Heatsinks","Electrodynamics","Turbo","Go for the Eyes","Defragment+1","Cold Snap","Recycle","Shame","Defragment+1","Capacitor","Tempest","Biased Cognition","BootSequence","Coolheaded","Dark Shackles","Defragment","Storm"],"relics":["Cracked Core","FaceOfCleric","Sundial","Mummified Hand","Runic Pyramid","Kunai","Molten Egg 2","Meat on the Bone","Omamori","Bird Faced Urn","Pantograph","Nuclear Battery","Torii","Turnip","MawBank","Medical Kit"],"acts_visited":["Exordium","TheCity","TheBeyond"],"potions_floor_usage":[51,51],"damage_taken":[{"damage":5.0,"enemies":"Small Slimes","floor":1.0,"turns":3.0},{"damage":1.0,"enemies":"Cultist","floor":3.0,"turns":3.0},{"damage":0.0,"enemies":"Jaw Worm","floor":4.0,"turns":4.0},{"damage":20.0,"enemies":"Exordium Wildlife","floor":5.0,"turns":5.0},{"damage":8.0,"enemies":"Gremlin Nob","floor":7.0,"turns":3.0},{"damage":21.0,"enemies":"Blue Slaver","floor":8.0,"turns":4.0},{"damage":6.0,"enemies":"Looter","floor":10.0,"turns":3.0},{"damage":2.0,"enemies":"3 Louse","floor":13.0,"turns":3.0},{"damage":9.0,"enemies":"Red Slaver","floor":14.0,"turns":3.0},{"damage":0.0,"enemies":"Slime Boss","floor":16.0,"turns":4.0},{"damage":0.0,"enemies":"Spheric Guardian","floor":18.0,"turns":2.0},{"damage":10.0,"enemies":"3 Byrds","floor":21.0,"turns":2.0},{"damage":21.0,"enemies":"Slavers","floor":25.0,"turns":2.0},{"damage":21.0,"enemies":"Gremlin Leader","floor":27.0,"turns":4.0},{"damage":10.0,"enemies":"Shelled Parasite and Fungi","floor":30.0,"turns":3.0},{"damage":37.0,"enemies":"Book of Stabbing","floor":31.0,"turns":4.0},{"damage":15.0,"enemies":"Collector","floor":33.0,"turns":5.0},{"damage":19.0,"enemies":"3 Darklings","floor":35.0,"turns":2.0},{"damage":0.0,"enemies":"Orb Walker","floor":37.0,"turns":3.0},{"damage":0.0,"enemies":"Jaw Worm Horde","floor":38.0,"turns":1.0},{"damage":12.0,"enemies":"Nemesis","floor":40.0,"turns":5.0},{"damage":0.0,"enemies":"Mind Bloom Boss Battle","floor":41.0,"turns":6.0},{"damage":6.0,"enemies":"Spire Growth","floor":42.0,"turns":3.0},{"damage":75,"enemies":"Reptomancer","floor":44,"turns":5},{"damage":20,"enemies":"3 Darklings","floor":47,"turns":3},{"damage":43,"enemies":"Jaw Worm Horde","floor":48,"turns":3},{"damage":73,"enemies":"Time Eater","floor":50,"turns":8},{"damage":92,"enemies":"Awakened One","floor":51,"turns":3}],"seed_played":"-5675090701905287335","potions_obtained":[{"floor":3.0,"key":"FearPotion"},{"floor":7.0,"key":"DuplicationPotion"},{"floor":10.0,"key":"Regen Potion"},{"floor":18.0,"key":"FocusPotion"},{"floor":27.0,"key":"Energy Potion"},{"floor":30.0,"key":"CultistPotion"}],"is_trial":false,"path_per_floor":["M","?","M","M","M","R","E","M","T","M","R","?","M","M","R","B",null,"M","$","$","M","?","R","T","E","T","E","$","R","M","E","R","B",null,"M","?","M","M","?","E","?","M","T","E","$","R","M","M","R","B","B"],"character_chosen":"DEFECT","items_purchased":["Go for the Eyes","Defragment","Cold Snap","Capacitor","Medical Kit","Defragment","Swift Potion"],"campfire_rested":2,"item_purchase_floors":[19,20,20,28,45,45,45],"current_hp_per_floor":[59,59,59,60,48,48,48,35,35,37,37,37,36,28,49,69,72,74,74,74,72,72,72,72,52,52,51,51,51,61,48,48,80,80,66,66,75,79,79,80,81,82,82,36,36,60,49,40,40,36,0,0],"gold":31,"neow_bonus":"TRANSFORM_TWO_CARDS","is_daily":false,"chose_seed":false,"campfire_upgraded":5,"win_rate":0.0,"timestamp":1611209616,"path_taken":["M","?","M","M","?","R","E","M","T","M","R","?","M","M","R","BOSS","M","?","$","?","?","R","?","E","T","E","?","R","M","E","R","BOSS","M","?","M","M","?","E","?","M","T","E","$","R","M","M","R","BOSS","BOSS"],"items_purchased_type":["Card","Card","Card","Card","Relic","Card","Potion"],"build_version":"2020-12-22","purchased_purges":2,"victory":false,"max_hp_per_floor":[64,64,65,66,67,67,68,69,69,70,70,70,71,72,72,73,73,74,74,74,75,75,75,75,76,76,77,77,77,78,79,79,80,80,81,77,78,79,79,80,81,82,82,83,83,83,84,85,85,86,86,86],"card_choices":[{"not_picked":["Streamline","Melter"],"picked":"Leap","floor":1.0},{"not_picked":["Barrage","Leap","Cold Snap"],"picked":"SKIP","floor":3.0},{"not_picked":["Cold Snap","Force Field"],"picked":"Self Repair","floor":4.0},{"not_picked":["Tempest","Streamline"],"picked":"Beam Cell","floor":5.0},{"not_picked":["Reinforced Body","Compile Driver"],"picked":"Biased Cognition","floor":7.0},{"not_picked":["Hologram","Sunder"],"picked":"Conserve Battery","floor":8.0},{"not_picked":["Conserve Battery","Blizzard"],"picked":"Storm","floor":10.0},{"not_picked":["Sunder","Redo"],"picked":"Heatsinks","floor":13.0},{"not_picked":["Leap","Gash","Sweeping Beam"],"picked":"SKIP","floor":14.0},{"not_picked":["Machine Learning","Amplify"],"picked":"Electrodynamics","floor":16.0},{"not_picked":["Sweeping Beam","Redo"],"picked":"Turbo","floor":18.0},{"not_picked":["Beam Cell+1","Barrage"],"picked":"Recycle","floor":21.0},{"not_picked":["Fusion","Hologram","Turbo"],"picked":"SKIP","floor":25.0},{"not_picked":["Glacier","Barrage+1"],"picked":"Defragment","floor":27.0},{"not_picked":["Lockon+1","Blizzard+1","Scrape+1"],"picked":"SKIP","floor":30.0},{"not_picked":["Fission","Conserve Battery"],"picked":"Tempest","floor":31.0},{"not_picked":["All For One+1","Hyperbeam+1"],"picked":"Biased Cognition","floor":33.0},{"not_picked":["Streamline+1","Cold Snap+1"],"picked":"BootSequence","floor":35.0},{"not_picked":["Auto Shields","Turbo"],"picked":"Coolheaded","floor":37.0},{"not_picked":["Go for the Eyes+1","Redo","Hologram+1"],"picked":"SKIP","floor":38.0},{"not_picked":["Sadistic Nature","Forethought"],"picked":"Dark Shackles","floor":39.0},{"not_picked":["Beam Cell+1","Turbo+1","Compile Driver+1"],"picked":"SKIP","floor":40.0},{"not_picked":["Hyperbeam+1","Skim","Sweeping Beam+1"],"picked":"SKIP","floor":42.0},{"not_picked":["Steam Power+1","Static Discharge","Leap"],"picked":"SKIP","floor":44},{"not_picked":["Lockon+1","Streamline+1","Coolheaded"],"picked":"SKIP","floor":47},{"not_picked":["Turbo","Force Field"],"picked":"Storm","floor":48}],"player_experience":988483,"relics_obtained":[{"floor":7.0,"key":"Sundial"},{"floor":9.0,"key":"Mummified Hand"},{"floor":24.0,"key":"Molten Egg 2"},{"floor":25.0,"key":"Meat on the Bone"},{"floor":26.0,"key":"Omamori"},{"floor":27.0,"key":"Bird Faced Urn"},{"floor":31.0,"key":"Pantograph"},{"floor":40.0,"key":"Torii"},{"floor":41.0,"key":"Turnip"},{"floor":44,"key":"MawBank"}],"event_choices":[{"damage_healed":0.0,"max_hp_gain":0.0,"max_hp_loss":0.0,"gold_gain":0.0,"event_name":"FaceTrader","player_choice":"Trade","floor":2.0,"gold_loss":0.0,"damage_taken":0.0,"relics_obtained":["FaceOfCleric"]},{"damage_healed":0.0,"max_hp_gain":0.0,"max_hp_loss":0.0,"gold_gain":0.0,"event_name":"Match and Keep!","player_choice":"2 cards matched","floor":12.0,"gold_loss":0.0,"damage_taken":0.0,"cards_obtained":["Reboot","Storm"]},{"damage_healed":0.0,"max_hp_gain":0.0,"max_hp_loss":0.0,"gold_gain":0.0,"event_name":"Addict","player_choice":"Stole Relic","floor":22.0,"gold_loss":0.0,"damage_taken":0.0,"relics_obtained":["Kunai"],"cards_obtained":["Shame"]},{"damage_healed":0.0,"max_hp_gain":0.0,"max_hp_loss":4.0,"gold_gain":0.0,"event_name":"Winding Halls","player_choice":"Max HP","floor":36.0,"gold_loss":0.0,"damage_taken":0.0},{"damage_healed":0.0,"max_hp_gain":0.0,"max_hp_loss":0.0,"gold_gain":0.0,"event_name":"SensoryStone","player_choice":"Memory 1","floor":39.0,"gold_loss":0.0,"damage_taken":0.0},{"damage_healed":0.0,"max_hp_gain":0.0,"max_hp_loss":0.0,"gold_gain":0.0,"event_name":"MindBloom","player_choice":"Fight","floor":41.0,"gold_loss":0.0,"damage_taken":0.0}],"is_beta":false,"boss_relics":[{"not_picked":["Velvet Choker","Tiny House"],"picked":"Runic Pyramid"},{"not_picked":["Calling Bell","SlaversCollar"],"picked":"Nuclear Battery"}],"items_purged_floors":[19,28],"is_endless":false,"potions_floor_spawned":[3,7,10,13,18,27,30,31,41,42,47],"killed_by":"Awakened One","ascension_level":20}}