{"host":"jwbw4f4imxd0v0b0","time":1611190062,"event":{"mods":["BaseMod","Colored Map","Highlight Path","Minty Spire (QoL Compilation)","Relic Stats","StSLib"],"gold_per_floor":[114,129,144,159,174,204,219,219,219,234,234,234,249,264,264,364,364,379,53,53,68,68,98,113,128,178,190,33,133,163,178,178,278,278,293,293,203,233,258,297,327,357,382,421,15,15,15,30,30,30],"floor_reached":51,"language":"ENG","playtime":2790,"items_purged":["Writhe","Grand Finale"],"score":1287,"play_id":"5684c3a6-cbcd-42c6-8fa7-ae6242e8de29","local_time":"20210120184742","daily_mods":["Shiny","Red Cards","DeadlyEvents"],"is_ascension_mode":false,"campfire_choices":[{"data":"Feed","floor":11.0,"key":"SMITH"},{"data":"Wraith Form v2","floor":15.0,"key":"SMITH"},{"data":"Armaments","floor":27.0,"key":"SMITH"},{"data":"Juggernaut","floor":32.0,"key":"SMITH"},{"data":"Offering","floor":46,"key":"SMITH"},{"data":"Corruption","floor":49,"key":"SMITH"}],"circlet_count":0,"master_deck":["Double Tap","Demon Form","Bludgeon","Feed+1","Limit Break+1","Corruption+1","Barricade","Fiend Fire","Berserk","Impervious","Juggernaut+1","Brutality","Reaper","Exhume","Offering+1","Immolate+1","Venomology","Corpse Explosion","Malaise+1","Phantasmal Killer","Die Die Die","Adrenaline","Envenom","Burst","Wraith Form v2+1","Tools of the Trade","Night Terror","After Image","Bullet Time","Storm of Steel","Glass Knife","A Thousand Cuts","Armaments+1","Die Die Die","Juggernaut","Seeing Red","Battle Trance","Panacea","Feel No Pain+1","A Thousand Cuts","Phantasmal Killer","Adrenaline","Body Slam+1","Panache","Feel No Pain+1"],"relics":["Ring of the Snake","Regal Pillow","Bronze Scales","Runic Pyramid","Gremlin Horn","Akabeko","MealTicket","MawBank","Dead Branch","InkBottle","Centennial Puzzle","Black Star","Bottled Tornado","Ancient Tea Set","Anchor","Bottled Lightning","CeramicFish","Toy Ornithopter","Nunchaku","Pen Nib","Orichalcum","Strawberry","Mango","HornCleat","DollysMirror"],"acts_visited":["Exordium","TheCity","TheBeyond"],"potions_floor_usage":[40,40,50,50],"damage_taken":[{"damage":0.0,"enemies":"2 Louse","floor":1.0,"turns":1.0},{"damage":0.0,"enemies":"Small Slimes","floor":2.0,"turns":2.0},{"damage":0.0,"enemies":"Cultist","floor":3.0,"turns":2.0},{"damage":0.0,"enemies":"3 Louse","floor":4.0,"turns":2.0},{"damage":13.0,"enemies":"Red Slaver","floor":5.0,"turns":2.0},{"damage":9.0,"enemies":"3 Sentries","floor":6.0,"turns":6.0},{"damage":26.0,"enemies":"2 Fungi Beasts","floor":7.0,"turns":8.0},{"damage":0.0,"enemies":"Exordium Thugs","floor":10.0,"turns":2.0},{"damage":17.0,"enemies":"3 Louse","floor":13.0,"turns":4.0},{"damage":0.0,"enemies":"Large Slime","floor":14.0,"turns":5.0},{"damage":6.0,"enemies":"Slime Boss","floor":16.0,"turns":4.0},{"damage":9.0,"enemies":"Spheric Guardian","floor":18.0,"turns":4.0},{"damage":20.0,"enemies":"2 Thieves","floor":21.0,"turns":2.0},{"damage":6.0,"enemies":"Slavers","floor":23.0,"turns":1.0},{"damage":14.0,"enemies":"Cultist and Chosen","floor":24.0,"turns":4.0},{"damage":13.0,"enemies":"Snecko","floor":25.0,"turns":3.0},{"damage":0.0,"enemies":"Colosseum Slavers","floor":29.0,"turns":1.0},{"damage":7.0,"enemies":"Colosseum Nobs","floor":29.0,"turns":2.0},{"damage":37.0,"enemies":"Book of Stabbing","floor":30.0,"turns":3.0},{"damage":6.0,"enemies":"3 Cultists","floor":31.0,"turns":3.0},{"damage":22.0,"enemies":"Automaton","floor":33.0,"turns":5.0},{"damage":0.0,"enemies":"Orb Walker","floor":35.0,"turns":2.0},{"damage":3.0,"enemies":"Giant Head","floor":38.0,"turns":5.0},{"damage":27,"enemies":"Nemesis","floor":40,"turns":3},{"damage":9,"enemies":"Giant Head","floor":41,"turns":5},{"damage":6,"enemies":"Nemesis","floor":42,"turns":1},{"damage":6,"enemies":"Giant Head","floor":44,"turns":2},{"damage":18,"enemies":"3 Darklings","floor":48,"turns":1},{"damage":18,"enemies":"Donu and Deca","floor":50,"turns":2}],"seed_played":"-1760728548950895142","potions_obtained":[{"floor":1.0,"key":"Fire Potion"},{"floor":2.0,"key":"Fire Potion"},{"floor":3.0,"key":"PowerPotion"},{"floor":6.0,"key":"Poison Potion"},{"floor":10.0,"key":"CultistPotion"},{"floor":24.0,"key":"DistilledChaos"},{"floor":29.0,"key":"Ancient Potion"},{"floor":38,"key":"LiquidBronze"}],"is_trial":false,"path_per_floor":["M","M","M","M","M","E","M","?","T","M","R","?","M","M","R","B",null,"M","$","?","M","$","E","M","M","T","R","$","?","E","M","R","B",null,"M","?","?","E","T","E","E","E","T","E","$","R","$","M","R","B",null],"character_chosen":"THE_SILENT","items_purchased":["Seeing Red","Gremlin Horn","Panacea","Panache","DollysMirror"],"campfire_rested":0,"item_purchase_floors":[19,19,28,45,45],"current_hp_per_floor":[70,70,70,70,57,54,40,23,23,26,26,19,14,18,18,16,95,90,90,90,74,74,68,70,66,66,66,81,98,65,111,111,101,127,127,127,127,128,128,109,105,103,110,118,133,133,148,130,130,122],"gold":30,"neow_bonus":"","is_daily":true,"chose_seed":false,"campfire_upgraded":6,"win_rate":0.0,"timestamp":1611190062,"path_taken":["M","M","M","M","M","E","M","?","T","M","R","?","M","M","R","BOSS","M","$","?","M","$","E","M","M","T","R","$","?","E","M","R","BOSS","M","?","?","?","?","E","?","E","T","?","?","R","$","M","R","BOSS"],"items_purchased_type":["Card","Relic","Card","Card","Relic"],"build_version":"2020-12-22","purchased_purges":2,"victory":true,"max_hp_per_floor":[70,70,70,70,70,76,84,84,84,87,87,87,91,95,95,95,95,99,99,99,103,103,103,111,115,115,115,115,115,119,123,123,127,127,127,127,127,131,131,135,135,139,146,160,160,160,160,160,160,160],"relic_stats":{"Regal Pillow":0,"Gremlin Horn":[4,7],"counters":[29,87],"Dead Branch":[210],"CeramicFish":36,"Pen Nib":[1],"Orichalcum":[0],"MawBank":24,"Centennial Puzzle":[24],"Nunchaku":[2],"Bronze Scales":[98],"MealTicket":45,"Black Star":5,"obtain_stats":[{"Regal Pillow":6,"Gremlin Horn":19,"CeramicFish":40,"Mango":44,"Bottled Tornado":38,"Ancient Tea Set":38,"Centennial Puzzle":30,"Nunchaku":41,"HornCleat":44,"DollysMirror":45,"Strawberry":43,"MealTicket":23,"InkBottle":29,"Ring of the Snake":0,"Runic Pyramid":17,"Dead Branch":29,"Pen Nib":42,"Orichalcum":42,"MawBank":26,"Akabeko":20,"Anchor":39,"Bronze Scales":9,"Black Star":34,"Bottled Lightning":40,"Toy Ornithopter":41},{"Regal Pillow":6,"Gremlin Horn":12,"CeramicFish":24,"Mango":27,"Bottled Tornado":23,"Ancient Tea Set":23,"Centennial Puzzle":19,"Nunchaku":25,"HornCleat":27,"DollysMirror":27,"Strawberry":26,"MealTicket":14,"InkBottle":18,"Ring of the Snake":0,"Runic Pyramid":11,"Dead Branch":18,"Pen Nib":26,"Orichalcum":26,"MawBank":16,"Akabeko":12,"Anchor":23,"Bronze Scales":7,"Black Star":21,"Bottled Lightning":24,"Toy Ornithopter":25},{"Regal Pillow":15,"Gremlin Horn":42,"CeramicFish":76,"Mango":84,"Bottled Tornado":73,"Ancient Tea Set":73,"Centennial Puzzle":58,"Nunchaku":81,"HornCleat":84,"DollysMirror":84,"Strawberry":82,"MealTicket":45,"InkBottle":55,"Ring of the Snake":0,"Runic Pyramid":38,"Dead Branch":55,"Pen Nib":82,"Orichalcum":82,"MawBank":52,"Akabeko":42,"Anchor":73,"Bronze Scales":23,"Black Star":66,"Bottled Lightning":76,"Toy Ornithopter":81}],"InkBottle":[22],"Toy Ornithopter":10,"Ring of the Snake":[58]},"card_choices":[{"not_picked":["Carnage","Dagger Throw","Infernal Blade"],"picked":"SKIP","floor":1.0},{"not_picked":["Wild Strike","Spot Weakness"],"picked":"Armaments","floor":2.0},{"not_picked":["Dagger Spray","Backstab","Infinite Blades"],"picked":"SKIP","floor":3.0},{"not_picked":["Warcry","Reckless Charge","Cleave"],"picked":"SKIP","floor":4.0},{"not_picked":["Body Slam","Flying Knee","Headbutt"],"picked":"SKIP","floor":5.0},{"not_picked":["Thunderclap","Caltrops","Perfected Strike"],"picked":"SKIP","floor":6.0},{"not_picked":["Catalyst","Shrug It Off","Blur"],"picked":"SKIP","floor":7.0},{"not_picked":["Havoc","Clothesline","Thunderclap"],"picked":"SKIP","floor":10.0},{"not_picked":["Headbutt","Cleave","Choke"],"picked":"SKIP","floor":13.0},{"not_picked":["Quick Slash","Iron Wave"],"picked":"Die Die Die","floor":14.0},{"not_picked":["Bludgeon","Doppelganger"],"picked":"Juggernaut","floor":16.0},{"not_picked":["All Out Attack","Dagger Throw","Dodge and Roll+1"],"picked":"SKIP","floor":18.0},{"not_picked":["Backflip","Armaments"],"picked":"Battle Trance","floor":21.0},{"not_picked":["True Grit","Grand Finale","Power Through"],"picked":"SKIP","floor":23.0},{"not_picked":["Clash","Combust","Wild Strike"],"picked":"SKIP","floor":24.0},{"not_picked":["Dodge and Roll+1","Dash","Whirlwind"],"picked":"SKIP","floor":25.0},{"not_picked":["Corpse Explosion","Infernal Blade","Dagger Throw"],"picked":"SKIP","floor":30.0},{"not_picked":["Armaments","Flying Knee"],"picked":"Feel No Pain+1","floor":31.0},{"not_picked":["Exhume","Bludgeon"],"picked":"A Thousand Cuts","floor":33.0},{"not_picked":["Backflip+1","Catalyst+1","Acrobatics"],"picked":"SKIP","floor":35.0},{"not_picked":["Infernal Blade+1","Tactician+1"],"picked":"Phantasmal Killer","floor":38},{"not_picked":["Underhanded Strike","Backflip"],"picked":"Adrenaline","floor":40},{"not_picked":["Shockwave+1","Flying Knee","Calculated Gamble"],"picked":"SKIP","floor":41},{"not_picked":["Cloak And Dagger","Battle Trance","Shrug It Off"],"picked":"SKIP","floor":42},{"not_picked":["Shrug It Off+1","Clash"],"picked":"Body Slam+1","floor":44},{"not_picked":["Disarm+1","Perfected Strike+1","Bouncing Flask+1"],"picked":"SKIP","floor":48}],"player_experience":1104925,"relics_obtained":[{"floor":6.0,"key":"Regal Pillow"},{"floor":9.0,"key":"Bronze Scales"},{"floor":23.0,"key":"MealTicket"},{"floor":26.0,"key":"MawBank"},{"floor":29.0,"key":"Dead Branch"},{"floor":29.0,"key":"InkBottle"},{"floor":30.0,"key":"Centennial Puzzle"},{"floor":38,"key":"Bottled Tornado"},{"floor":38,"key":"Ancient Tea Set"},{"floor":39,"key":"Anchor"},{"floor":40,"key":"Bottled Lightning"},{"floor":40,"key":"CeramicFish"},{"floor":41,"key":"Toy Ornithopter"},{"floor":41,"key":"Nunchaku"},{"floor":42,"key":"Pen Nib"},{"floor":42,"key":"Orichalcum"},{"floor":43,"key":"Strawberry"},{"floor":44,"key":"Mango"},{"floor":44,"key":"HornCleat"}],"event_choices":[{"damage_healed":0.0,"max_hp_gain":0.0,"max_hp_loss":0.0,"gold_gain":0.0,"event_name":"Shining Light","player_choice":"Entered Light","floor":8.0,"gold_loss":0.0,"damage_taken":17.0,"cards_upgraded":["Immolate","Malaise"]},{"cards_removed":["Doppelganger"],"damage_healed":0.0,"max_hp_gain":0.0,"max_hp_loss":0.0,"gold_gain":0.0,"event_name":"Golden Wing","player_choice":"Card Removal","floor":12.0,"gold_loss":0.0,"damage_taken":7.0},{"damage_healed":0.0,"max_hp_gain":0.0,"max_hp_loss":0.0,"gold_gain":0.0,"event_name":"The Mausoleum","player_choice":"Opened","floor":20.0,"gold_loss":0.0,"damage_taken":0.0,"relics_obtained":["Akabeko"],"cards_obtained":["Writhe"]},{"damage_healed":0.0,"max_hp_gain":0.0,"max_hp_loss":0.0,"gold_gain":0.0,"event_name":"Colosseum","player_choice":"Fight","floor":29.0,"gold_loss":0.0,"damage_taken":0.0},{"damage_healed":0.0,"max_hp_gain":0.0,"max_hp_loss":0.0,"gold_gain":0.0,"event_name":"Colosseum","player_choice":"Fought Nobs","floor":29.0,"gold_loss":0.0,"damage_taken":0.0},{"damage_healed":0.0,"max_hp_gain":0.0,"max_hp_loss":0.0,"gold_gain":0.0,"event_name":"Tomb of Lord Red Mask","player_choice":"Ignored","floor":36.0,"gold_loss":0.0,"damage_taken":0.0},{"cards_removed":["Unload"],"damage_healed":0.0,"max_hp_gain":0.0,"max_hp_loss":0.0,"gold_gain":0.0,"event_name":"Designer","player_choice":"Upgrade and Remove","floor":37.0,"gold_loss":90.0,"damage_taken":0.0,"cards_upgraded":["Limit Break"]}],"is_beta":false,"boss_relics":[{"not_picked":["SlaversCollar","Tiny House"],"picked":"Runic Pyramid"},{"not_picked":["Velvet Choker","Fusion Hammer"],"picked":"Black Star"}],"items_purged_floors":[28,45],"is_endless":false,"potions_floor_spawned":[1,2,3,6,10,16,24,25,29,29,33,35,38,48],"ascension_level":0}}