{"host":"jmumkimrafwvkspb","time":1611253654,"event":{"mods":["AchievementEnabler","BaseMod","Colored Map","Minty Spire (QoL Compilation)"],"gold_per_floor":[115,115,133,7,7,32,32,57,57,70,70,90,115,134,134,213,213,230,210,229,243,72,72,83,110,185,185,185,205,240,250,250,250,250],"floor_reached":33,"language":"ENG","playtime":1076,"items_purged":[],"score":664,"play_id":"01ba3445-5081-40a8-a830-d58943ada3bf","local_time":"20210121192734","is_ascension_mode":true,"campfire_choices":[{"data":"Whirlwind","floor":7.0,"key":"SMITH"},{"data":"Shockwave","floor":15.0,"key":"SMITH"},{"data":"Dual Wield","floor":23.0,"key":"SMITH"},{"data":"Inflame","floor":27.0,"key":"SMITH"},{"data":"Spot Weakness","floor":32,"key":"SMITH"}],"circlet_count":0,"master_deck":["AscendersBane","Strike_R","Strike_R","Strike_R","Defend_R","Defend_R","Defend_R","Defend_R","Bash","Shockwave+1","Spot Weakness+1","Whirlwind+1","Pummel","Flame Barrier","Twin Strike+1","Uppercut+1","Heavy Blade+1","Reaper+1","Inflame+1","Dual Wield+1","Brutality","Seeing Red","Shrug It Off"],"relics":["Burning Blood","NeowsBlessing","Molten Egg 2","Calipers","Eternal Feather","Torii","Velvet Choker","Frozen Eye","Gambling Chip","Bottled Flame","Happy Flower"],"acts_visited":["Exordium","TheCity"],"potions_floor_usage":[30,33],"damage_taken":[{"damage":0.0,"enemies":"Jaw Worm","floor":1.0,"turns":1.0},{"damage":0.0,"enemies":"2 Louse","floor":3.0,"turns":1.0},{"damage":0.0,"enemies":"3 Sentries","floor":6.0,"turns":1.0},{"damage":25.0,"enemies":"Lagavulin","floor":8.0,"turns":6.0},{"damage":4.0,"enemies":"Small Slimes","floor":10.0,"turns":3.0},{"damage":15.0,"enemies":"Gremlin Gang","floor":12.0,"turns":3.0},{"damage":29.0,"enemies":"Gremlin Nob","floor":13.0,"turns":4.0},{"damage":9.0,"enemies":"Blue Slaver","floor":14.0,"turns":3.0},{"damage":15.0,"enemies":"Hexaghost","floor":16.0,"turns":8.0},{"damage":26.0,"enemies":"Shell Parasite","floor":18.0,"turns":5.0},{"damage":24.0,"enemies":"Spheric Guardian","floor":20.0,"turns":5.0},{"damage":29.0,"enemies":"3 Cultists","floor":21.0,"turns":5.0},{"damage":30.0,"enemies":"Snake Plant","floor":24.0,"turns":4.0},{"damage":21.0,"enemies":"Book of Stabbing","floor":25.0,"turns":6.0},{"damage":18.0,"enemies":"Shelled Parasite and Fungi","floor":29.0,"turns":5.0},{"damage":23,"enemies":"Slavers","floor":30,"turns":5},{"damage":15,"enemies":"Centurion and Healer","floor":31,"turns":7},{"damage":100,"enemies":"Champ","floor":33,"turns":7}],"seed_played":"2867593310835941797","potions_obtained":[{"floor":1.0,"key":"BloodPotion"},{"floor":3.0,"key":"GamblersBrew"},{"floor":8.0,"key":"Strength Potion"},{"floor":11.0,"key":"EntropicBrew"},{"floor":13.0,"key":"LiquidMemories"},{"floor":25.0,"key":"ColorlessPotion"}],"is_trial":false,"path_per_floor":["M","?","M","$","?","E","R","E","T","M","?","M","E","M","R","B",null,"M","?","M","M","$","R","M","E","T","R","?","M","E","M","R","B"],"character_chosen":"IRONCLAD","items_purchased":["Whirlwind","Pummel","Frozen Eye"],"campfire_rested":0,"item_purchase_floors":[4,4,22],"current_hp_per_floor":[74,79,80,80,73,79,79,60,60,62,78,69,46,43,52,43,71,63,63,45,36,36,48,24,16,16,28,28,32,33,40,52,0,0],"gold":250,"neow_bonus":"THREE_ENEMY_KILL","is_daily":false,"chose_seed":false,"campfire_upgraded":5,"win_rate":0.0,"timestamp":1611253654,"path_taken":["M","?","M","$","?","E","R","E","T","M","?","?","E","M","R","BOSS","M","?","M","M","$","R","?","E","T","R","?","?","E","M","R","BOSS"],"items_purchased_type":["Card","Card","Relic"],"build_version":"2020-12-22","purchased_purges":0,"victory":false,"max_hp_per_floor":[75,80,80,80,80,80,80,80,80,80,80,80,80,80,80,80,80,80,80,80,80,80,80,80,80,80,80,80,80,80,80,80,80,80],"card_choices":[{"not_picked":["Sentinel","Body Slam"],"picked":"Shockwave","floor":1.0},{"not_picked":["Burning Pact","Flex"],"picked":"Spot Weakness","floor":3.0},{"not_picked":["Combust","Warcry"],"picked":"Flame Barrier","floor":6.0},{"not_picked":["Sentinel","Power Through","Wild Strike+1"],"picked":"SKIP","floor":8.0},{"not_picked":["Combust","Perfected Strike+1","Warcry"],"picked":"SKIP","floor":10.0},{"not_picked":["Combust","Perfected Strike+1","Warcry"],"picked":"SKIP","floor":10.0},{"not_picked":["Power Through","Searing Blow+1"],"picked":"Twin Strike+1","floor":12.0},{"not_picked":["Anger+1","Flame Barrier"],"picked":"Uppercut+1","floor":13.0},{"not_picked":["Havoc","Anger+1"],"picked":"Heavy Blade+1","floor":14.0},{"not_picked":["Brutality","Corruption"],"picked":"Reaper+1","floor":16.0},{"not_picked":["Headbutt+1","Havoc"],"picked":"Inflame","floor":18.0},{"not_picked":["Anger+1","Armaments"],"picked":"Dual Wield","floor":20.0},{"not_picked":["Uppercut+1","Body Slam+1","Anger+1"],"picked":"SKIP","floor":21.0},{"not_picked":["Hemokinesis+1","Headbutt+1","Thunderclap+1"],"picked":"SKIP","floor":24.0},{"not_picked":["Shockwave","Rampage+1","Ghostly Armor"],"picked":"SKIP","floor":25.0},{"not_picked":["Havoc","Anger+1"],"picked":"Brutality","floor":29.0},{"not_picked":["Power Through","Dual Wield"],"picked":"Seeing Red","floor":30},{"not_picked":["Clash+1","Havoc"],"picked":"Shrug It Off","floor":31}],"player_experience":1566428,"relics_obtained":[{"floor":6.0,"key":"Molten Egg 2"},{"floor":8.0,"key":"Calipers"},{"floor":9.0,"key":"Eternal Feather"},{"floor":13.0,"key":"Torii"},{"floor":25.0,"key":"Gambling Chip"},{"floor":26.0,"key":"Bottled Flame"},{"floor":30,"key":"Happy Flower"}],"event_choices":[{"damage_healed":0.0,"max_hp_gain":5.0,"max_hp_loss":0.0,"gold_gain":0.0,"event_name":"Big Fish","player_choice":"Donut","floor":2.0,"gold_loss":0.0,"damage_taken":0.0},{"cards_removed":["Strike_R"],"damage_healed":0.0,"max_hp_gain":0.0,"max_hp_loss":0.0,"gold_gain":0.0,"event_name":"Golden Wing","player_choice":"Card Removal","floor":5.0,"gold_loss":0.0,"damage_taken":7.0},{"damage_healed":0.0,"max_hp_gain":0.0,"max_hp_loss":0.0,"gold_gain":0.0,"event_name":"Lab","player_choice":"Got Potions","floor":11.0,"gold_loss":0.0,"damage_taken":0.0},{"damage_healed":0.0,"max_hp_gain":0.0,"max_hp_loss":0.0,"gold_gain":0.0,"event_name":"The Woman in Blue","player_choice":"Bought 1 Potion","floor":19.0,"gold_loss":0.0,"damage_taken":0.0},{"cards_removed":["Strike_R"],"damage_healed":0.0,"max_hp_gain":0.0,"max_hp_loss":0.0,"gold_gain":0.0,"event_name":"Purifier","player_choice":"Purged","floor":28.0,"gold_loss":0.0,"damage_taken":0.0}],"is_beta":false,"boss_relics":[{"not_picked":["Runic Pyramid","Mark of Pain"],"picked":"Velvet Choker"}],"items_purged_floors":[],"is_endless":false,"potions_floor_spawned":[1,3,8,13,16,18,25],"killed_by":"Champ","ascension_level":20}}