{"host":"56ghxnzsglgdq727","time":1611213929,"event":{"mods":["AchievementEnabler","BaseMod","Downfall","Duelist Mod","Minty Spire (QoL Compilation)","Rare Cards Sparkle","StSLib","The Bug Knight","The Exalted","The Senshi","The Wild Card"],"gold_per_floor":[114,114,131,21,34,34,48,77,77,96,113,113,113,126,126,224,224,242,261,261,279,279,279,279,279,279,279,299,72,100,115,115,115,115],"floor_reached":33,"language":"ENG","playtime":1327,"items_purged":["theSenshi:SailorKick"],"score":319,"play_id":"4098c1dc-e876-4f81-83c9-7fcad453a76e","local_time":"20210121022529","is_ascension_mode":false,"campfire_choices":[{"data":"theSenshi:MoonPower","floor":6.0,"key":"SMITH"},{"data":"theSenshi:RoseThrow","floor":12.0,"key":"SMITH"},{"data":"theSenshi:MoonCrisisMakeUp","floor":15.0,"key":"SMITH"},{"floor":23,"key":"REST"},{"data":"theSenshi:FatedKiss","floor":25,"key":"SMITH"},{"data":"theSenshi:MoonPower","floor":27,"key":"SMITH"},{"floor":32,"key":"REST"}],"circlet_count":0,"master_deck":["theSenshi:SailorKick","theSenshi:SailorKick","theSenshi:SailorKick","theSenshi:SailorBlock","theSenshi:SailorBlock","theSenshi:SailorBlock","theSenshi:RoseThrow+1","theSenshi:MoonPrismPowerMakeUp","theSenshi:MoonPower+1","theSenshi:SailorV","theSenshi:MoonCosmicPowerMakeUp","theSenshi:TallSilhouette","theSenshi:MoonCrisisMakeUp+1","theSenshi:MoonCrystalPowerMakeUp","theSenshi:FatedKiss+1","theSenshi:MoonPower+1","theSenshi:CrisisMakeUp","theSenshi:InTheNameOfTheMoon"],"relics":["theSenshi:TransformationBroochRelic","NeowsBlessing","theSenshi:TransformationPenRelic","Question Card","Bromod:ArcaneBarrier","HollowMod:PaleOreRelic","theSenshi:HolyGrailRelic","Tiny Chest","Bromod:ArcaneMomentum"],"acts_visited":["Exordium","TheCity"],"potions_floor_usage":[21,31],"damage_taken":[{"damage":0.0,"enemies":"Cultist","floor":1.0,"turns":1.0},{"damage":0.0,"enemies":"2 Louse","floor":3.0,"turns":1.0},{"damage":0.0,"enemies":"Jaw Worm","floor":5.0,"turns":1.0},{"damage":1.0,"enemies":"Red Slaver","floor":7.0,"turns":4.0},{"damage":0.0,"enemies":"Gremlin Nob","floor":8.0,"turns":4.0},{"damage":16.0,"enemies":"Exordium Wildlife","floor":10.0,"turns":4.0},{"damage":8.0,"enemies":"Large Slime","floor":11.0,"turns":7.0},{"damage":11.0,"enemies":"Red Slaver","floor":14.0,"turns":4.0},{"damage":12.0,"enemies":"Slime Boss","floor":16.0,"turns":7.0},{"damage":9.0,"enemies":"Chosen","floor":18.0,"turns":6.0},{"damage":13.0,"enemies":"Shell Parasite","floor":19.0,"turns":6.0},{"damage":37,"enemies":"Centurion and Healer","floor":21,"turns":7},{"damage":8,"enemies":"Snecko","floor":28,"turns":4},{"damage":19,"enemies":"Book of Stabbing","floor":30,"turns":6},{"damage":11,"enemies":"Shelled Parasite and Fungi","floor":31,"turns":4},{"damage":32,"enemies":"Collector","floor":33,"turns":3}],"seed_played":"-4930011524831722316","potions_obtained":[{"floor":5.0,"key":"Guardian:BlockOnCardUsePotion"},{"floor":7.0,"key":"sneckomod:MuddlingPotion"},{"floor":8.0,"key":"Swift Potion"},{"floor":10.0,"key":"GamblersBrew"},{"floor":14.0,"key":"champ:CounterPotion"},{"floor":19.0,"key":"sneckomod:MuddlingPotion"},{"floor":30,"key":"champ:CounterPotion"}],"is_trial":false,"path_per_floor":["M","?","M","$","M","R","M","E","T","M","M","R","?","M","R","B",null,"M","M","?","M","?","R","?","R","T","R","M","$","E","M","R","B"],"character_chosen":"THE_SENSHI","items_purchased":["theSenshi:MoonCosmicPowerMakeUp","theSenshi:CrisisMakeUp","Tiny Chest"],"campfire_rested":2,"item_purchase_floors":[4,29,29],"current_hp_per_floor":[75,75,75,75,75,75,74,74,74,58,50,50,55,44,44,32,80,71,58,58,21,21,45,45,45,45,45,37,37,18,7,31,0,0],"gold":115,"neow_bonus":"THREE_ENEMY_KILL","is_daily":false,"chose_seed":false,"campfire_upgraded":5,"win_rate":0.0,"timestamp":1611213929,"path_taken":["M","?","M","$","M","R","M","E","T","M","?","R","?","M","R","BOSS","M","M","?","?","?","R","?","R","T","R","M","$","E","M","R","BOSS"],"items_purchased_type":["Card","Card","Relic"],"build_version":"2020-12-22","purchased_purges":1,"victory":false,"max_hp_per_floor":[75,75,75,75,75,75,75,75,75,75,75,75,80,80,80,80,80,80,80,80,80,80,80,80,80,80,80,80,80,80,80,80,80,80],"card_choices":[{"not_picked":["theSenshi:TuxedoSmokingBomber","theSenshi:InTheNickOfTime"],"picked":"theSenshi:MoonPower","floor":1.0},{"not_picked":["theSenshi:InTheNickOfTime","theSenshi:GatheringStrength"],"picked":"theSenshi:SailorV","floor":3.0},{"not_picked":["theSenshi:MoonTiaraMagic","theSenshi:Sidestep"],"picked":"theSenshi:TallSilhouette","floor":5.0},{"not_picked":["theSenshi:TuxedoMaskAssists","theSenshi:MoonTiaraMagic","theSenshi:SailorUranusAssists"],"picked":"SKIP","floor":7.0},{"not_picked":["theSenshi:YouCanTalk","theSenshi:TuxedoSmokingBomber"],"picked":"theSenshi:MoonCrisisMakeUp","floor":8.0},{"not_picked":["theSenshi:SailorVenusAssists","theSenshi:LateForSchool","theSenshi:Overload"],"picked":"theSenshi:MoonCrystalPowerMakeUp","floor":10.0},{"not_picked":["theSenshi:MoonPunch","theSenshi:DramaticEntrance","theSenshi:NeptunesGrace","theSenshi:SailorVenusAssists"],"picked":"SKIP","floor":11.0},{"not_picked":["theSenshi:UranusStrength","theSenshi:LunaWiseMentor","theSenshi:SailorPlanetPower","theSenshi:SupersonicWaves"],"picked":"SKIP","floor":14.0},{"not_picked":["theSenshi:SilverMoonCrystalPowerKiss","theSenshi:InTheNameOfTheMoon","theSenshi:IWillPunishYou"],"picked":"theSenshi:FatedKiss","floor":16.0},{"not_picked":["theSenshi:MoonKick","theSenshi:MoonPrincessHalation","theSenshi:SupersonicWaves+1","theSenshi:SailorMercuryAssists"],"picked":"SKIP","floor":18.0},{"not_picked":["theSenshi:SteeledNerves","theSenshi:Sidestep","theSenshi:SailorMarsAssists","theSenshi:SchoolBag"],"picked":"SKIP","floor":19.0},{"not_picked":["theSenshi:InTheNickOfTime+1","theSenshi:SailorStarMakerAssists","theSenshi:SailorPlanetPower"],"picked":"theSenshi:MoonPower","floor":21},{"not_picked":["theSenshi:SupersonicWaves","theSenshi:MoonlightKnight","theSenshi:MoonKick","theSenshi:MoonPunch"],"picked":"SKIP","floor":28},{"not_picked":["theSenshi:MercurysCunning+1","theSenshi:SaturnsMystery","theSenshi:GatheringStrength"],"picked":"theSenshi:InTheNameOfTheMoon","floor":30},{"not_picked":["theSenshi:MoonTiaraMagic","theSenshi:TuxedoSmokingBomber","theSenshi:VenusGlamour","theSenshi:SailorMercuryAssists"],"picked":"SKIP","floor":31}],"player_experience":291752,"relics_obtained":[{"floor":8.0,"key":"theSenshi:TransformationPenRelic"},{"floor":9.0,"key":"Question Card"},{"floor":26,"key":"theSenshi:HolyGrailRelic"},{"floor":30,"key":"Bromod:ArcaneMomentum"}],"event_choices":[{"cards_removed":["theSenshi:SailorBlock"],"damage_healed":0.0,"max_hp_gain":0.0,"max_hp_loss":0.0,"gold_gain":0.0,"event_name":"Bonfire Elementals","player_choice":"Offered Basic","floor":2.0,"gold_loss":0.0,"damage_taken":0.0},{"damage_healed":0.0,"max_hp_gain":5.0,"max_hp_loss":0.0,"gold_gain":0.0,"event_name":"Big Fish","player_choice":"Donut","floor":13.0,"gold_loss":0.0,"damage_taken":0.0},{"cards_removed":["theDuelist:Sparks"],"damage_healed":0.0,"max_hp_gain":0.0,"max_hp_loss":0.0,"gold_gain":0.0,"event_name":"NoteForYourself","player_choice":"Took Card","floor":20.0,"gold_loss":0.0,"damage_taken":0.0,"cards_obtained":["theDuelist:Sparks"]},{"damage_healed":0,"gold_gain":0,"player_choice":"Opened","damage_taken":0,"relics_obtained":["HollowMod:PaleOreRelic"],"max_hp_gain":0,"max_hp_loss":0,"event_name":"The Mausoleum","floor":24,"gold_loss":0}],"is_beta":false,"boss_relics":[{"not_picked":["SlaversCollar","Runic Dome"],"picked":"Bromod:ArcaneBarrier"}],"items_purged_floors":[4],"is_endless":false,"potions_floor_spawned":[5,7,8,10,14,19,30],"killed_by":"Collector","ascension_level":0}}