{"host":"uyrebrj0204enqpc","time":1611261231,"event":{"mods":["Act Like it!","Bard","BaseMod","Block Reminder","Challenge The Spire","Colored Map","Colored Powertips","DeckTracker","Downfall","GifTheSpireLib","HexUI Lib","Highlight Path","Hubris","Infinite Spire","Minty Spire (QoL Compilation)","Pale of the Ancients","Quick Restart","Random Character Button","Relic Sorter","Relic Stats","Shop Mod","StSLib","The Blue Laboratory","The Bug Knight","The Cursed","The Jungle","The Marked","Wandering Minibosses"],"gold_per_floor":[112,112,37,37,57,82,82,112,135,135,145,171,167,260,260,230,230],"floor_reached":16,"language":"ENG","playtime":587,"items_purged":["theMarked:Defend"],"score":221,"play_id":"00b7541e-4785-4843-aa8e-9d7337de664f","local_time":"20210121153351","is_ascension_mode":true,"campfire_choices":[{"data":"theMarked:StartUp","floor":15,"key":"SMITH"}],"circlet_count":0,"master_deck":["theMarked:Strike","theMarked:Strike","theMarked:Strike","theMarked:Strike","theMarked:Strike","theMarked:Defend","theMarked:Defend","theMarked:Defend","theMarked:SoldierOfQuellstein+1","theMarked:Vacuum+1","theMarked:AttractMetal","theMarked:GodGivenPower","theMarked:StartUp+1","theMarked:WastefulDefense"],"relics":["theMarked:ArtifactOfAir","hubris:Icosahedron","NeowsBlessing","hubris:PeanutButter","Regal Pillow","Pen Nib","Ancient Tea Set"],"acts_visited":["Exordium"],"potions_floor_usage":[12],"damage_taken":[{"damage":0.0,"enemies":"2 Louse","floor":1.0,"turns":1.0},{"damage":0.0,"enemies":"Small Slimes","floor":5.0,"turns":1.0},{"damage":0.0,"enemies":"Lagavulin","floor":6.0,"turns":1.0},{"damage":37,"enemies":"3 Sentries","floor":8,"turns":9},{"damage":0,"enemies":"Cultist","floor":11,"turns":3},{"damage":0,"enemies":"Gremlin Nob","floor":12,"turns":3},{"damage":16,"enemies":"Gremlin Gang","floor":13,"turns":6},{"damage":0,"enemies":"Exordium Wildlife","floor":14,"turns":7},{"damage":22,"enemies":"Hexaghost","floor":16,"turns":11}],"seed_played":"4634958048692365130","potions_obtained":[{"floor":8,"key":"blueLaboratory:Moonshine"},{"floor":11,"key":"SteroidPotion"},{"floor":14,"key":"SneckoOil"}],"is_trial":false,"path_per_floor":["M","?","$","?","M","E","$","E","T","?","M","E","M","M","R","B"],"character_chosen":"THE_DEFAULT","items_purchased":[],"campfire_rested":0,"item_purchase_floors":[],"current_hp_per_floor":[63,63,63,63,63,63,63,33,33,33,33,33,17,17,17,0,0],"gold":230,"neow_bonus":"THREE_ENEMY_KILL","is_daily":false,"chose_seed":false,"campfire_upgraded":1,"win_rate":0.0,"timestamp":1611261231,"path_taken":["M","?","$","?","M","E","$","E","T","?","?","E","?","M","R","BOSS"],"items_purchased_type":[],"build_version":"2020-12-22","purchased_purges":1,"victory":false,"max_hp_per_floor":[70,70,70,70,70,70,70,70,70,70,70,70,70,70,70,70,70],"relic_stats":{"Regal Pillow":0,"counters":[9,42],"Pen Nib":[6],"obtain_stats":[{"theMarked:ArtifactOfAir":0,"Regal Pillow":8,"hubris:Icosahedron":2,"NeowsBlessing":0,"hubris:PeanutButter":6,"Pen Nib":9,"Ancient Tea Set":12},{"theMarked:ArtifactOfAir":0,"Regal Pillow":4,"hubris:Icosahedron":1,"NeowsBlessing":0,"hubris:PeanutButter":3,"Pen Nib":4,"Ancient Tea Set":6},{"theMarked:ArtifactOfAir":0,"Regal Pillow":12,"hubris:Icosahedron":1,"NeowsBlessing":0,"hubris:PeanutButter":3,"Pen Nib":12,"Ancient Tea Set":18}]},"card_choices":[{"not_picked":["theMarked:ResourceFulStrike","theMarked:TakeCover","theMarked:ChainLightning"],"picked":"SKIP","floor":1.0},{"not_picked":["theMarked:Static","theMarked:SwordAndMagic","theMarked:ChainLightning"],"picked":"SKIP","floor":5.0},{"not_picked":["theMarked:Opportunist","theMarked:HeightenedSenses"],"picked":"theMarked:Vacuum","floor":6.0},{"not_picked":["theMarked:Improvise","theMarked:Snap","theMarked:WastefulAttack"],"picked":"SKIP","floor":8},{"not_picked":["theMarked:Frustration","theMarked:SelfDefenseTraining"],"picked":"theMarked:AttractMetal","floor":11},{"not_picked":["theMarked:Static","theMarked:SwordAndMagic"],"picked":"theMarked:GodGivenPower","floor":12},{"not_picked":["theMarked:ReduceFriction","theMarked:TwofoldDefense"],"picked":"theMarked:StartUp","floor":13},{"not_picked":["theMarked:Overcharge","theMarked:WastefulAttack"],"picked":"theMarked:WastefulDefense","floor":14}],"player_experience":1090980,"relics_obtained":[{"floor":6.0,"key":"hubris:PeanutButter"},{"floor":8,"key":"Regal Pillow"},{"floor":9,"key":"Pen Nib"},{"floor":12,"key":"Ancient Tea Set"}],"event_choices":[{"damage_healed":0,"gold_gain":0,"player_choice":"Upgraded","damage_taken":0,"max_hp_gain":0,"max_hp_loss":0,"event_name":"Upgrade Shrine","floor":10,"gold_loss":0,"cards_upgraded":["theMarked:Vacuum"]}],"is_beta":false,"boss_relics":[],"items_purged_floors":[3],"is_endless":false,"potions_floor_spawned":[8,11,14],"killed_by":"Hexaghost","ascension_level":6}}