{"host":"och2iitg9ibgz06n","time":1611269896,"event":{"mods":["Abigail Mod","AchievementEnabler","Aspiration","BaseMod","Colored Powertips","Dio Mod","Hubris","Hyrulean Relics","Infinite Spire","Minty Spire (QoL Compilation)","Replay The Spire","Small Relic Pack","StSLib","The Animator","The Bug Knight","The Hierophant","The Jungle","The Saiyan","TheHero","Wandering Minibosses","everything is the same but u backflip on backflip","slay the spire mod where everything is the same but ironclad has a cowboy hat","vexMod"],"gold_per_floor":[119,135,135,135,147,147,147,173,173,91,91,91,91,91,91],"floor_reached":14,"language":"ENG","playtime":279,"items_purged":[],"score":103,"play_id":"1d0c9acb-59e0-4330-a30e-ae5c14570ee2","local_time":"20210121165816","is_ascension_mode":true,"campfire_choices":[{"data":"animeID:RecoveryGirl","floor":6,"key":"SMITH"},{"data":"animeID:FullCowl","floor":11,"key":"SMITH"}],"circlet_count":0,"master_deck":["animeID:Deku+1","animeID:Bakugo","animeID:Smash","animeID:Smash","animeID:Smash","animeID:Smash","animeID:DefendMH","animeID:DefendMH","animeID:DefendMH","animeID:DelawareSmash","animeID:DelawareSmash","animeID:RecoveryGirl+1","animeID:NightEye","animeID:FullCowl+1"],"relics":["animeID:HeroCostume","relicPack:OneForAll","hubris:DisguiseKit","Pantograph"],"acts_visited":["Exordium"],"potions_floor_usage":[],"damage_taken":[{"damage":9,"enemies":"Jaw Worm","floor":1,"turns":3},{"damage":4,"enemies":"Small Slimes","floor":2,"turns":3},{"damage":4,"enemies":"2 Louse","floor":5,"turns":2},{"damage":35,"enemies":"3 Sentries","floor":8,"turns":8},{"damage":60,"enemies":"Gremlin Nob","floor":14,"turns":4}],"seed_played":"2543003021257140099","potions_obtained":[{"floor":1,"key":"Strength Potion"},{"floor":5,"key":"Venom Potion"}],"is_trial":false,"path_per_floor":["M","M","?","?","M","R","?","E","T","$","R","T","?","E"],"character_chosen":"THE_HERO","items_purchased":["animeID:FullCowl"],"campfire_rested":0,"item_purchase_floors":[10],"current_hp_per_floor":[73,71,71,71,69,69,69,46,46,46,46,46,46,0,0],"gold":91,"neow_bonus":"TEN_PERCENT_HP_BONUS","is_daily":false,"chose_seed":false,"campfire_upgraded":2,"win_rate":0.0,"timestamp":1611269896,"path_taken":["M","M","?","?","M","R","?","E","T","$","R","?","?","E"],"items_purchased_type":["Card"],"build_version":"2020-12-22","purchased_purges":0,"victory":false,"max_hp_per_floor":[82,82,82,82,82,82,82,82,82,82,82,82,82,82,82],"card_choices":[{"not_picked":["animeID:TodorokiShoto","animeID:Momo"],"picked":"animeID:DelawareSmash","floor":1},{"not_picked":["animeID:Momo","animeID:DetroitSmash"],"picked":"animeID:DelawareSmash","floor":2},{"not_picked":["animeID:Himiko","animeID:Deku"],"picked":"animeID:RecoveryGirl","floor":5},{"not_picked":["animeID:Hatsume","animeID:RedRiot"],"picked":"animeID:NightEye","floor":8}],"player_experience":445930,"relics_obtained":[{"floor":8,"key":"hubris:DisguiseKit"},{"floor":12,"key":"Pantograph"}],"event_choices":[{"damage_healed":0,"gold_gain":0,"player_choice":"Ignored","damage_taken":0,"max_hp_gain":0,"max_hp_loss":0,"event_name":"Golden Wing","floor":7,"gold_loss":0},{"cards_removed":["animeID:DefendMH"],"damage_healed":0,"gold_gain":0,"player_choice":"Card Removal","damage_taken":0,"max_hp_gain":0,"max_hp_loss":0,"event_name":"Wheel of Change","floor":13,"gold_loss":0}],"is_beta":false,"boss_relics":[],"items_purged_floors":[],"is_endless":false,"potions_floor_spawned":[1,5],"killed_by":"Gremlin Nob","ascension_level":4}}