{"host":"p1xsuo25udtrkbq2","time":1611270341,"event":{"mods":["BaseMod","Colored Map","Highlight Path","Minty Spire (QoL Compilation)","Quick Restart","Rare Cards Sparkle","Relic Stats","Slay the Relics Exporter","StSLib","everything is the same but u backflip on backflip"],"gold_per_floor":[112,130,32,46,56,56,91,107,107,107,124,155,155,171,171,171,171],"floor_reached":16,"language":"ENG","playtime":1757,"items_purged":["Strike_R"],"score":194,"play_id":"9fcd0442-b261-466e-b457-6b227f3a3074","local_time":"20210121180541","is_ascension_mode":true,"campfire_choices":[{"data":"Armaments","floor":6,"key":"SMITH"},{"floor":13,"key":"REST"},{"data":"Dark Embrace","floor":15,"key":"SMITH"}],"circlet_count":0,"master_deck":["AscendersBane","Strike_R","Strike_R","Strike_R","Strike_R","Defend_R","Defend_R","Defend_R","Defend_R","Bash","Purity","Armaments+1","Twin Strike","Clothesline","Inflame","Dark Embrace+1","Inflame","Burning Pact","Flex","Pummel","Power Through"],"relics":["Burning Blood","Bag of Preparation","Paper Frog","Nunchaku"],"acts_visited":[],"potions_floor_usage":[5,7,11,12,16,16],"damage_taken":[{"damage":1.0,"enemies":"Cultist","floor":1.0,"turns":4.0},{"damage":7,"enemies":"2 Louse","floor":2,"turns":3},{"damage":4,"enemies":"Jaw Worm","floor":4,"turns":3},{"damage":21,"enemies":"Lots of Slimes","floor":5,"turns":5},{"damage":34,"enemies":"3 Sentries","floor":7,"turns":9},{"damage":14,"enemies":"2 Fungi Beasts","floor":8,"turns":5},{"damage":11,"enemies":"Exordium Thugs","floor":11,"turns":4},{"damage":7,"enemies":"Lagavulin","floor":12,"turns":7},{"damage":12,"enemies":"Large Slime","floor":14,"turns":5},{"damage":35,"enemies":"The Guardian","floor":16,"turns":10}],"seed_played":"8097083614804720985","potions_obtained":[{"floor":1.0,"key":"ColorlessPotion"},{"floor":4,"key":"Dexterity Potion"},{"floor":8,"key":"Strength Potion"},{"floor":10,"key":"LiquidMemories"},{"floor":12,"key":"ElixirPotion"},{"floor":14,"key":"PowerPotion"}],"is_trial":false,"path_per_floor":["M","M","$","M","M","R","E","M","T","?","M","E","R","M","R","B"],"character_chosen":"IRONCLAD","items_purchased":["Clothesline"],"campfire_rested":1,"item_purchase_floors":[3],"current_hp_per_floor":[73,72,72,74,59,59,31,23,23,23,18,17,39,33,33,0,0],"gold":171,"neow_bonus":"RANDOM_COLORLESS","is_daily":false,"chose_seed":false,"campfire_upgraded":2,"win_rate":0.0,"timestamp":1611270341,"path_taken":["M","M","?","M","M","R","E","?","T","?","?","E","R","M","R","BOSS"],"items_purchased_type":["Card"],"build_version":"2020-12-22","purchased_purges":1,"victory":false,"max_hp_per_floor":[75,75,75,75,75,75,75,75,75,75,75,75,75,75,75,75,75],"relic_stats":{"Nunchaku":[1],"counters":[10,55],"Bag of Preparation":[10],"obtain_stats":[{"Nunchaku":12,"Bag of Preparation":7,"Burning Blood":0,"Paper Frog":9},{"Nunchaku":8,"Bag of Preparation":5,"Burning Blood":0,"Paper Frog":6},{"Nunchaku":40,"Bag of Preparation":24,"Burning Blood":0,"Paper Frog":29}],"Burning Blood":54},"card_choices":[{"not_picked":["Forethought","Dark Shackles"],"picked":"Purity","floor":0.0},{"not_picked":["Blood for Blood","Heavy Blade"],"picked":"Armaments","floor":1.0},{"not_picked":["Sever Soul","Body Slam"],"picked":"Twin Strike","floor":2},{"not_picked":["Shockwave","True Grit"],"picked":"Inflame","floor":4},{"not_picked":["Twin Strike","True Grit"],"picked":"Dark Embrace","floor":5},{"not_picked":["Bludgeon","Headbutt"],"picked":"Inflame","floor":7},{"not_picked":["Warcry","Sword Boomerang"],"picked":"Burning Pact","floor":8},{"not_picked":["Headbutt","Searing Blow"],"picked":"Flex","floor":11},{"not_picked":["Bloodletting","Body Slam"],"picked":"Pummel","floor":12},{"not_picked":["Armaments","Metallicize"],"picked":"Power Through","floor":14}],"player_experience":944254,"relics_obtained":[{"floor":7,"key":"Bag of Preparation"},{"floor":9,"key":"Paper Frog"},{"floor":12,"key":"Nunchaku"}],"event_choices":[{"damage_healed":0,"gold_gain":0,"player_choice":"Got Potions","damage_taken":0,"max_hp_gain":0,"max_hp_loss":0,"event_name":"Lab","floor":10,"gold_loss":0}],"is_beta":false,"boss_relics":[],"items_purged_floors":[3],"is_endless":false,"potions_floor_spawned":[1,4,8,12,14],"killed_by":"The Guardian","ascension_level":14}}