{"host":"g2yp6paluzgljz05","time":1611209523,"event":{"mods":["BaseMod","Bestiary","Colored Powertips","DeckTracker","Highlight Path","Minty Spire (QoL Compilation)","Quick Restart"],"gold_per_floor":[114,114,114,62,73,73,86,112,112,140,170,190,190,190,190,295,295,306,231,79,89,99,99,99,113,188,207,207,235,52,52,52,52,52],"floor_reached":33,"language":"ENG","playtime":2344,"items_purged":["Limit Break","Bash"],"score":328,"play_id":"ebe7efc6-cafd-49dd-bdac-c5505c9352f0","local_time":"20210121171203","is_ascension_mode":true,"campfire_choices":[{"data":"Uppercut","floor":6,"key":"SMITH"},{"data":"Havoc","floor":13,"key":"SMITH"},{"floor":15,"key":"REST"},{"floor":23,"key":"REST"},{"data":"Blood for Blood","floor":24,"key":"SMITH"},{"data":"Shockwave","floor":28,"key":"SMITH"},{"floor":32,"key":"REST"}],"circlet_count":0,"master_deck":["Havoc+1","Headbutt","Shrug It Off","Uppercut+1","Metallicize","Dropkick","Blood for Blood+1","Shockwave+1","Double Tap","Spot Weakness","Wild Strike","Flame Barrier","Hemokinesis","Thunderclap","Inflame","Shrug It Off","Infernal Blade+1","Inflame","Finesse"],"relics":["Burning Blood","Torii","WingedGreaves","Blue Candle","Odd Mushroom","Regal Pillow","Pandora\u0027s Box","Letter Opener","Anchor","Nilry\u0027s Codex"],"acts_visited":["Exordium","TheCity"],"potions_floor_usage":[11,16,25,29,33,33],"damage_taken":[{"damage":10,"enemies":"2 Louse","floor":1,"turns":3},{"damage":1,"enemies":"Jaw Worm","floor":5,"turns":3},{"damage":0,"enemies":"Cultist","floor":7,"turns":3},{"damage":20,"enemies":"Gremlin Nob","floor":8,"turns":5},{"damage":31,"enemies":"The Mushroom Lair","floor":10,"turns":5},{"damage":16,"enemies":"3 Sentries","floor":11,"turns":10},{"damage":2,"enemies":"Large Slime","floor":12,"turns":6},{"damage":27,"enemies":"Hexaghost","floor":16,"turns":9},{"damage":29,"enemies":"2 Thieves","floor":18,"turns":4},{"damage":28,"enemies":"Spheric Guardian","floor":21,"turns":6},{"damage":29,"enemies":"Cultist and Chosen","floor":22,"turns":8},{"damage":10,"enemies":"Chosen and Byrds","floor":25,"turns":7},{"damage":5,"enemies":"Shelled Parasite and Fungi","floor":27,"turns":2},{"damage":29,"enemies":"Slavers","floor":29,"turns":5},{"damage":59,"enemies":"Champ","floor":33,"turns":9}],"seed_played":"-8459597908450270012","potions_obtained":[{"floor":8,"key":"Block Potion"},{"floor":10,"key":"BlessingOfTheForge"},{"floor":11,"key":"DuplicationPotion"},{"floor":12,"key":"GamblersBrew"},{"floor":18,"key":"BlessingOfTheForge"},{"floor":21,"key":"SteroidPotion"},{"floor":27,"key":"DuplicationPotion"},{"floor":29,"key":"Dexterity Potion"}],"is_trial":false,"path_per_floor":["M","?","?","$","M","R","M","E","T","?","E","M","R","?","R","B",null,"M","?","$","M","M","R","R","M","T","M","R","E","$","?","R","B"],"character_chosen":"IRONCLAD","items_purchased":["Shrug It Off","Inflame","Finesse"],"campfire_rested":3,"item_purchase_floors":[4,20,30],"current_hp_per_floor":[76,69,69,69,74,74,80,66,66,41,31,35,35,27,66,45,80,57,57,57,35,12,51,51,47,47,48,48,25,25,9,48,0,0],"gold":52,"neow_bonus":"TRANSFORM_CARD","is_daily":false,"chose_seed":false,"campfire_upgraded":4,"win_rate":0.0,"timestamp":1611209523,"path_taken":["M","?","?","$","M","R","?","E","T","?","E","M","R","?","R","BOSS","M","?","$","M","M","R","R","M","T","M","R","E","$","?","R","BOSS"],"items_purchased_type":["Card","Card","Card"],"build_version":"2020-12-22","purchased_purges":2,"victory":false,"max_hp_per_floor":[80,80,80,80,80,80,80,80,80,80,80,80,80,80,80,80,80,80,80,80,80,80,80,80,80,80,80,80,80,80,80,80,80,80],"card_choices":[{"not_picked":["Body Slam","Rampage"],"picked":"Headbutt","floor":1},{"not_picked":["Iron Wave","Flex"],"picked":"Uppercut","floor":5},{"not_picked":["Shrug It Off","Pummel"],"picked":"Metallicize","floor":7},{"not_picked":["Corruption","Feel No Pain"],"picked":"Dropkick","floor":8},{"not_picked":["Rage","Wild Strike"],"picked":"Blood for Blood","floor":11},{"not_picked":["Feel No Pain","Anger"],"picked":"Shockwave","floor":12},{"not_picked":["Offering","Juggernaut"],"picked":"Double Tap","floor":16},{"not_picked":["Sentinel","Spot Weakness","Intimidate"],"picked":"SKIP","floor":18},{"not_picked":["Body Slam","Disarm"],"picked":"Shrug It Off","floor":21},{"not_picked":["Rage","Clothesline+1"],"picked":"Infernal Blade+1","floor":22},{"not_picked":["Thunderclap","Wild Strike+1","Anger+1"],"picked":"SKIP","floor":25},{"not_picked":["Clash","Cleave+1"],"picked":"Inflame","floor":27},{"not_picked":["Headbutt","Cleave","Shockwave"],"picked":"SKIP","floor":29}],"player_experience":234301,"relics_obtained":[{"floor":8,"key":"WingedGreaves"},{"floor":9,"key":"Blue Candle"},{"floor":10,"key":"Odd Mushroom"},{"floor":11,"key":"Regal Pillow"},{"floor":26,"key":"Letter Opener"},{"floor":29,"key":"Anchor"},{"floor":31,"key":"Nilry\u0027s Codex"}],"event_choices":[{"damage_healed":0,"gold_gain":0,"player_choice":"Success","damage_taken":7,"relics_obtained":["Torii"],"max_hp_gain":0,"max_hp_loss":0,"event_name":"Scrap Ooze","floor":2,"gold_loss":0},{"cards_removed":["Strike_R"],"damage_healed":0,"gold_gain":0,"player_choice":"Offered Basic","damage_taken":0,"max_hp_gain":0,"max_hp_loss":0,"event_name":"Bonfire Elementals","floor":3,"gold_loss":0},{"damage_healed":0,"gold_gain":0,"player_choice":"Fought Mushrooms","damage_taken":0,"max_hp_gain":0,"max_hp_loss":0,"event_name":"Mushrooms","floor":10,"gold_loss":0},{"damage_healed":0,"gold_gain":0,"player_choice":"Damaged","damage_taken":8,"max_hp_gain":0,"max_hp_loss":0,"event_name":"Wheel of Change","floor":14,"gold_loss":0},{"cards_removed":["Barricade"],"damage_healed":0,"gold_gain":0,"player_choice":"Gave Gold","damage_taken":0,"max_hp_gain":0,"max_hp_loss":0,"event_name":"Beggar","floor":19,"gold_loss":75},{"damage_healed":0,"gold_gain":0,"player_choice":"Obtained Book","damage_taken":16,"max_hp_gain":0,"max_hp_loss":0,"event_name":"Cursed Tome","floor":31,"gold_loss":0}],"is_beta":false,"boss_relics":[{"not_picked":["Snecko Eye","Tiny House"],"picked":"Pandora\u0027s Box"}],"items_purged_floors":[20,30],"is_endless":false,"potions_floor_spawned":[8,10,11,12,18,21,27,29],"killed_by":"Champ","ascension_level":4}}