{"host":"6p0attdrtjqaih7v","time":1611200696,"event":{"mods":["2.2 Compatiblity","AchievementEnabler","Bard","BaseMod","Better Skull","Better Third Choice","Colored Powertips","Hermit","Highlight Path","Jorbs\u0027s Wanderer Trilogy","Key Reminder","Minty Spire (QoL Compilation)","Permanent Neow","Quick Restart","Random Character Button","Relic Stats","Replay The Spire","Robot Space Explorer","StSLib"],"gold_per_floor":[362,389,56,66,66,99,113,113,139,139,218,2,34,46,46,118,118,135,135,151,167,187,214,214,214,294,313,313,102,120,130,130,130,130],"floor_reached":33,"language":"ENG","playtime":1631,"items_purged":["Strike_R","Pot Of Greed"],"score":579,"play_id":"311559e1-5414-42d8-ba82-28d71ee93572","local_time":"20210120224456","is_ascension_mode":true,"campfire_choices":[{"data":"Uppercut","floor":8,"key":"SMITH"},{"data":"Flame Barrier","floor":10,"key":"SMITH"},{"data":"Spot Weakness","floor":15,"key":"SMITH"},{"data":"Pot Of Greed","floor":25,"key":"SMITH"},{"data":"Inflame","floor":28,"key":"SMITH"},{"data":"Combust","floor":32,"key":"SMITH"}],"circlet_count":0,"master_deck":["AscendersBane","Defend_R","Defend_R","Defend_R+1","Defend_R","Bash+1","Uppercut+1","Evolve","Flame Barrier+1","Pot Of Greed+1","Pot Of Greed","Feed","Anger","Thunderclap","Spot Weakness+1","Double Tap","Power Through+1","Bite","Bite","Bite","Bite","Bite","Wild Strike+1","Offering","True Grit+1","Pommel Strike+1","Inflame+1","Combust+1","Shrug It Off","ReplayTheSpireMod:Limb From Limb+1"],"relics":["Burning Blood","Oddly Smooth Stone","Orichalcum","Grinning Jar","ReplayTheSpireMod:Spearhead","Orrery","Nunchaku","Ooze Armor","War Paint","The Courier"],"acts_visited":["Exordium","TheCity"],"potions_floor_usage":[6,16,22,27,33,33],"damage_taken":[{"damage":1,"enemies":"Cultist","floor":1,"turns":3},{"damage":1,"enemies":"2 Louse","floor":4,"turns":3},{"damage":16,"enemies":"3 Sentries","floor":6,"turns":8},{"damage":4,"enemies":"Small Slimes","floor":7,"turns":4},{"damage":23,"enemies":"Lagavulin","floor":13,"turns":5},{"damage":0,"enemies":"3 Louse","floor":14,"turns":2},{"damage":12,"enemies":"Hexaghost","floor":16,"turns":6},{"damage":0,"enemies":"3 Byrds","floor":18,"turns":2},{"damage":15,"enemies":"Shell Parasite","floor":20,"turns":4},{"damage":21,"enemies":"Shelled Parasite and Fungi","floor":21,"turns":8},{"damage":25,"enemies":"Cultist and Chosen","floor":22,"turns":7},{"damage":24,"enemies":"Replay:Snechameleon","floor":23,"turns":10},{"damage":8,"enemies":"Snake Plant","floor":27,"turns":2},{"damage":13,"enemies":"3 Cultists","floor":30,"turns":7},{"damage":12,"enemies":"Snecko","floor":31,"turns":4},{"damage":62,"enemies":"Collector","floor":33,"turns":6}],"seed_played":"2715317722711890948","potions_obtained":[{"floor":1,"key":"Fire Potion"},{"floor":21,"key":"Explosive Potion"},{"floor":27,"key":"CultistPotion"}],"is_trial":false,"path_per_floor":["M","T","$","M","?","E","M","R","T","R","?","$","E","M","R","B",null,"M","?","M","M","M","E","?","R","T","M","R","$","M","M","R","B"],"character_chosen":"IRONCLAD","items_purchased":["Orichalcum","Evolve","Energy Potion","Orrery","Weak Potion","Combust","LifebloodPotion"],"campfire_rested":0,"item_purchase_floors":[3,3,3,12,12,29,29],"current_hp_per_floor":[68,68,68,68,68,58,60,60,60,60,60,60,46,55,55,52,71,77,53,55,46,35,29,30,30,30,33,33,33,37,40,40,0,0],"gold":130,"neow_bonus":"TWO_FIFTY_GOLD","is_daily":false,"chose_seed":false,"campfire_upgraded":6,"win_rate":0.0,"timestamp":1611200696,"path_taken":["M","?","$","M","?","E","M","R","T","R","?","$","E","M","R","BOSS","M","?","M","M","M","E","?","R","T","?","R","$","M","M","R","BOSS"],"items_purchased_type":["Relic","Card","Potion","Relic","Potion","Card","Potion"],"build_version":"2020-12-22","purchased_purges":2,"victory":false,"max_hp_per_floor":[68,68,68,68,68,68,68,68,68,68,68,68,71,74,74,77,77,77,53,56,59,59,59,59,59,59,62,62,62,65,68,68,68,68],"relic_stats":{"Nunchaku":[8],"counters":[16,81],"Orichalcum":[216],"War Paint":["True Grit","Defend_R"],"obtain_stats":[{"ReplayTheSpireMod:Spearhead":9,"Nunchaku":13,"Ooze Armor":17,"Oddly Smooth Stone":2,"Orrery":12,"The Courier":26,"Orichalcum":3,"Grinning Jar":6,"War Paint":23,"Burning Blood":0},{"ReplayTheSpireMod:Spearhead":4,"Nunchaku":5,"Ooze Armor":7,"Oddly Smooth Stone":1,"Orrery":4,"The Courier":12,"Orichalcum":1,"Grinning Jar":3,"War Paint":12,"Burning Blood":0},{"ReplayTheSpireMod:Spearhead":18,"Nunchaku":23,"Ooze Armor":31,"Oddly Smooth Stone":3,"Orrery":18,"The Courier":62,"Orichalcum":3,"Grinning Jar":14,"War Paint":62,"Burning Blood":0}],"Burning Blood":80},"card_choices":[{"not_picked":["Metallicize","Dark Embrace"],"picked":"Uppercut","floor":1},{"not_picked":["Sentinel","Replay:Undeath\u0027s Touch"],"picked":"Flame Barrier","floor":4},{"not_picked":["Infernal Blade","Cleave","Clash"],"picked":"SKIP","floor":6},{"not_picked":["Evolve","Iron Wave","Ghostly Armor"],"picked":"SKIP","floor":7},{"not_picked":["Warcry","Iron Wave"],"picked":"Feed","floor":12},{"not_picked":["Armaments","Perfected Strike"],"picked":"Anger","floor":12},{"not_picked":["Pommel Strike","True Grit"],"picked":"Thunderclap","floor":12},{"not_picked":["Clothesline","Limit Break"],"picked":"Spot Weakness","floor":12},{"not_picked":["Perfected Strike","Rage","Impervious"],"picked":"SKIP","floor":13},{"not_picked":["Hemokinesis","Evolve","Clothesline"],"picked":"SKIP","floor":14},{"not_picked":["Berserk","Barricade"],"picked":"Double Tap","floor":16},{"not_picked":["Wild Strike","Pommel Strike+1"],"picked":"Power Through+1","floor":18},{"not_picked":["Pommel Strike","Clothesline"],"picked":"Wild Strike+1","floor":20},{"not_picked":["Sword Boomerang+1","Pommel Strike"],"picked":"Offering","floor":21},{"not_picked":["Warcry","Rage"],"picked":"True Grit","floor":22},{"not_picked":["Shrug It Off","Ghostly Armor"],"picked":"Pommel Strike+1","floor":23},{"not_picked":["Thunderclap","Fire Breathing"],"picked":"Inflame","floor":27},{"not_picked":["Clash","Iron Wave"],"picked":"Shrug It Off","floor":30},{"not_picked":["Rupture","Warcry"],"picked":"ReplayTheSpireMod:Limb From Limb+1","floor":31}],"player_experience":897511,"relics_obtained":[{"floor":2,"key":"Oddly Smooth Stone"},{"floor":6,"key":"Grinning Jar"},{"floor":9,"key":"ReplayTheSpireMod:Spearhead"},{"floor":13,"key":"Nunchaku"},{"floor":23,"key":"War Paint"},{"floor":26,"key":"The Courier"}],"event_choices":[{"damage_healed":0,"gold_gain":79,"player_choice":"Gained Gold","damage_taken":0,"max_hp_gain":0,"max_hp_loss":0,"event_name":"Golden Wing","floor":11,"gold_loss":0},{"damage_healed":0,"gold_gain":0,"player_choice":"Became a vampire","damage_taken":0,"max_hp_gain":0,"max_hp_loss":24,"event_name":"Vampires","floor":19,"gold_loss":0,"cards_obtained":["Bite","Bite","Bite","Bite","Bite"]},{"damage_healed":1,"gold_gain":0,"player_choice":"LEAVE ","damage_taken":0,"relics_obtained":[],"max_hp_gain":0,"max_hp_loss":0,"event_name":"betterSkull:BetterSkull","floor":24,"gold_loss":0,"cards_upgraded":[]}],"is_beta":false,"boss_relics":[{"not_picked":["Snecko Heart","SlaversCollar"],"picked":"Ooze Armor"}],"items_purged_floors":[3,29],"is_endless":false,"potions_floor_spawned":[1,4,13,21,27,31],"killed_by":"Collector","ascension_level":20}}