{"host":"sc0o2qwpf9j16a4i","time":1611273391,"event":{"mods":["AchievementEnabler","BaseMod","BetterRewards","Block Reminder","Colored Map","Colored Powertips","Custom Start","Highlight Path","Minty Spire (QoL Compilation)","Relic Stats"],"gold_per_floor":[112,128,128,128,146,146,172,172,172,202,212,241,259,275,275,374,374,389,389,389,416,179,197,226,226,275,300,331,29,60,85,85,194,194,209,235,261,107,39,73,73,23,23,40,74,90,118,128,128,128],"floor_reached":51,"language":"ENG","playtime":1931,"items_purged":["Blade Dance","Skewer"],"score":1225,"play_id":"05b7e97f-9679-4cb1-bf76-a9da8d9d5567","local_time":"20210122015631","daily_mods":["SealedDeck","DeadlyEvents"],"is_ascension_mode":false,"campfire_choices":[{"data":"Tactician","floor":6.0,"key":"SMITH"},{"data":"Reflex","floor":8.0,"key":"SMITH"},{"data":"Eviscerate","floor":15.0,"key":"SMITH"},{"data":"Envenom","floor":25.0,"key":"SMITH"},{"data":"Grand Finale","floor":32.0,"key":"SMITH"},{"floor":41,"key":"REST"},{"floor":49,"key":"REST"}],"circlet_count":0,"master_deck":["Acrobatics+1","Reflex+1","Noxious Fumes","Acrobatics","Tactician+1","Concentrate+1","Backstab","Infinite Blades+1","Acrobatics+1","Dagger Throw","Quick Slash","Eviscerate+1","Grand Finale+1","Reflex","Envenom+1","Acrobatics","After Image","Caltrops+1","Choke","Catalyst+1","After Image"],"relics":["Ring of the Snake","Shuriken","Bronze Scales","White Beast Statue","Sozu","MealTicket","Darkstone Periapt","PreservedInsect","War Paint","Pantograph","Snake Skull","Lantern","CeramicFish","Fusion Hammer","Dream Catcher","ClockworkSouvenir","Smiling Mask","Centennial Puzzle","Gremlin Horn"],"acts_visited":["Exordium","TheCity","TheBeyond"],"potions_floor_usage":[],"damage_taken":[{"damage":0.0,"enemies":"Small Slimes","floor":1.0,"turns":1.0},{"damage":0.0,"enemies":"Jaw Worm","floor":2.0,"turns":1.0},{"damage":0.0,"enemies":"2 Louse","floor":5.0,"turns":1.0},{"damage":0.0,"enemies":"Lagavulin","floor":7.0,"turns":1.0},{"damage":0.0,"enemies":"3 Sentries","floor":10.0,"turns":1.0},{"damage":0.0,"enemies":"2 Fungi Beasts","floor":11.0,"turns":1.0},{"damage":0.0,"enemies":"Lagavulin","floor":12.0,"turns":1.0},{"damage":0.0,"enemies":"Exordium Thugs","floor":13.0,"turns":1.0},{"damage":0.0,"enemies":"Lots of Slimes","floor":14.0,"turns":1.0},{"damage":0.0,"enemies":"Slime Boss","floor":16.0,"turns":1.0},{"damage":0.0,"enemies":"Chosen","floor":18.0,"turns":1.0},{"damage":0.0,"enemies":"Book of Stabbing","floor":21.0,"turns":1.0},{"damage":0.0,"enemies":"2 Thieves","floor":23.0,"turns":1.0},{"damage":0.0,"enemies":"Slavers","floor":24.0,"turns":1.0},{"damage":0.0,"enemies":"Gremlin Leader","floor":27.0,"turns":1.0},{"damage":0.0,"enemies":"Slavers","floor":28.0,"turns":1.0},{"damage":0.0,"enemies":"Book of Stabbing","floor":30.0,"turns":1.0},{"damage":0.0,"enemies":"Centurion and Healer","floor":31.0,"turns":1.0},{"damage":0.0,"enemies":"Collector","floor":33.0,"turns":1.0},{"damage":0.0,"enemies":"3 Darklings","floor":35.0,"turns":1.0},{"damage":0.0,"enemies":"Orb Walker","floor":36.0,"turns":1.0},{"damage":8,"enemies":"Giant Head","floor":40,"turns":2},{"damage":0,"enemies":"Maw","floor":44,"turns":2},{"damage":0,"enemies":"Reptomancer","floor":45,"turns":1},{"damage":0,"enemies":"Sphere and 2 Shapes","floor":46,"turns":1},{"damage":0,"enemies":"Writhing Mass","floor":47,"turns":1},{"damage":0,"enemies":"Jaw Worm Horde","floor":48,"turns":2},{"damage":13,"enemies":"Awakened One","floor":50,"turns":4}],"seed_played":"3109561692501303059","potions_obtained":[{"floor":1.0,"key":"SteroidPotion"},{"floor":5.0,"key":"Regen Potion"},{"floor":7.0,"key":"Explosive Potion"},{"floor":13.0,"key":"BlessingOfTheForge"}],"is_trial":true,"path_per_floor":["M","M","?","?","M","R","E","R","T","E","M","E","M","M","R","B",null,"M","?","?","E","$","M","E","R","T","E","E","$","E","M","R","B",null,"M","M","T","$","$","E","R","$","T","M","E","M","M","M","R","B",null],"character_chosen":"THE_SILENT","items_purchased":["Envenom","Snake Skull","Lantern","ClockworkSouvenir","Choke"],"campfire_rested":2,"item_purchase_floors":[22,29,29,38,39],"current_hp_per_floor":[70,70,75,60,60,60,60,60,60,60,60,60,60,60,60,60,75,75,61,80,80,80,80,80,80,80,80,80,80,80,80,80,80,80,80,80,80,80,80,72,80,80,80,80,80,80,80,80,80,67],"gold":128,"neow_bonus":"","is_daily":false,"chose_seed":false,"campfire_upgraded":5,"win_rate":0.0,"timestamp":1611273391,"path_taken":["M","M","?","?","M","R","E","R","T","?","M","E","M","M","R","BOSS","M","?","?","?","$","M","E","R","T","E","?","?","E","M","R","BOSS","M","M","?","?","$","E","R","$","T","M","E","M","M","M","R","BOSS"],"items_purchased_type":["Card","Relic","Relic","Relic","Card"],"build_version":"2020-12-22","purchased_purges":2,"victory":true,"max_hp_per_floor":[70,70,75,75,75,75,75,75,75,75,75,75,75,75,75,75,75,75,80,80,80,80,80,80,80,80,80,80,80,80,80,80,80,80,80,80,80,80,80,80,80,80,80,80,80,80,80,80,80,80],"relic_stats":{"Darkstone Periapt":0,"Gremlin Horn":[3,3],"counters":[28,34],"CeramicFish":54,"PreservedInsect":311,"Snake Skull":[88],"War Paint":["Acrobatics","Acrobatics"],"Smiling Mask":50,"Sozu":17,"Dream Catcher":2,"Centennial Puzzle":[3],"Shuriken":[52],"Bronze Scales":[9],"Pantograph":0,"MealTicket":0,"obtain_stats":[{"Darkstone Periapt":24,"Lantern":29,"Gremlin Horn":45,"CeramicFish":30,"PreservedInsect":26,"Snake Skull":29,"War Paint":27,"Smiling Mask":40,"White Beast Statue":12,"ClockworkSouvenir":38,"Sozu":17,"Dream Catcher":37,"Centennial Puzzle":43,"Shuriken":7,"Bronze Scales":9,"Pantograph":28,"MealTicket":21,"Fusion Hammer":34,"Ring of the Snake":0},{"Darkstone Periapt":14,"Lantern":16,"Gremlin Horn":24,"CeramicFish":17,"PreservedInsect":14,"Snake Skull":16,"War Paint":15,"Smiling Mask":22,"White Beast Statue":7,"ClockworkSouvenir":21,"Sozu":10,"Dream Catcher":21,"Centennial Puzzle":22,"Shuriken":4,"Bronze Scales":4,"Pantograph":16,"MealTicket":12,"Fusion Hammer":19,"Ring of the Snake":0},{"Darkstone Periapt":14,"Lantern":16,"Gremlin Horn":26,"CeramicFish":17,"PreservedInsect":14,"Snake Skull":16,"War Paint":15,"Smiling Mask":23,"White Beast Statue":7,"ClockworkSouvenir":21,"Sozu":10,"Dream Catcher":21,"Centennial Puzzle":23,"Shuriken":4,"Bronze Scales":4,"Pantograph":16,"MealTicket":12,"Fusion Hammer":19,"Ring of the Snake":0}],"Ring of the Snake":[56]},"card_choices":[{"not_picked":["Outmaneuver","Deadly Poison"],"picked":"Acrobatics","floor":1.0},{"not_picked":["Flechettes","Noxious Fumes"],"picked":"Dagger Throw","floor":2.0},{"not_picked":["Well Laid Plans","PiercingWail"],"picked":"Quick Slash","floor":5.0},{"not_picked":["Leg Sweep","Bane","Sucker Punch"],"picked":"SKIP","floor":7.0},{"not_picked":["Quick Slash","Deflect","Noxious Fumes"],"picked":"SKIP","floor":10.0},{"not_picked":["Blade Dance","Underhanded Strike","Prepared"],"picked":"SKIP","floor":11.0},{"not_picked":["Dagger Throw","Well Laid Plans"],"picked":"Eviscerate","floor":12.0},{"not_picked":["Dash","Bane","Prepared"],"picked":"SKIP","floor":13.0},{"not_picked":["Crippling Poison","Predator","Blade Dance"],"picked":"SKIP","floor":14.0},{"not_picked":["Tools of the Trade","A Thousand Cuts"],"picked":"Grand Finale","floor":16.0},{"not_picked":["Sucker Punch+1","Outmaneuver"],"picked":"Reflex","floor":18.0},{"not_picked":["Prepared+1","Dodge and Roll","Calculated Gamble+1"],"picked":"SKIP","floor":21.0},{"not_picked":["Blade Dance","Dodge and Roll","Acrobatics"],"picked":"SKIP","floor":23.0},{"not_picked":["Storm of Steel","Underhanded Strike","Die Die Die"],"picked":"SKIP","floor":24.0},{"not_picked":["Quick Slash","Dagger Spray","Skewer"],"picked":"SKIP","floor":27.0},{"not_picked":["Blur","Bane","Dagger Throw"],"picked":"SKIP","floor":28.0},{"not_picked":["Choke","Poisoned Stab","Sucker Punch"],"picked":"SKIP","floor":30.0},{"not_picked":["Dagger Throw","Slice+1"],"picked":"Acrobatics","floor":31.0},{"not_picked":["Tools of the Trade","A Thousand Cuts"],"picked":"After Image","floor":33.0},{"not_picked":["Deadly Poison+1","Dash+1","Skewer"],"picked":"SKIP","floor":35.0},{"not_picked":["Choke","PiercingWail","Caltrops+1"],"picked":"SKIP","floor":36.0},{"not_picked":["Choke","PiercingWail"],"picked":"Caltrops+1","floor":36.0},{"not_picked":["Masterful Stab+1","Bane+1","Underhanded Strike+1"],"picked":"SKIP","floor":40},{"not_picked":["Backflip+1","Blade Dance","Bane+1"],"picked":"SKIP","floor":44},{"not_picked":["Sucker Punch+1","Flying Knee+1"],"picked":"Catalyst+1","floor":45},{"not_picked":["Backflip","Caltrops+1","Riddle With Holes"],"picked":"SKIP","floor":46},{"not_picked":["Backflip","Cloak And Dagger+1"],"picked":"After Image","floor":47},{"not_picked":["Dagger Spray","Blade Dance+1","Backflip+1"],"picked":"SKIP","floor":48}],"player_experience":870781,"relics_obtained":[{"floor":7.0,"key":"Shuriken"},{"floor":9.0,"key":"Bronze Scales"},{"floor":12.0,"key":"White Beast Statue"},{"floor":21.0,"key":"MealTicket"},{"floor":24.0,"key":"Darkstone Periapt"},{"floor":26.0,"key":"PreservedInsect"},{"floor":27.0,"key":"War Paint"},{"floor":28.0,"key":"Pantograph"},{"floor":30.0,"key":"CeramicFish"},{"floor":37.0,"key":"Dream Catcher"},{"floor":40,"key":"Smiling Mask"},{"floor":43,"key":"Centennial Puzzle"},{"floor":45,"key":"Gremlin Horn"}],"event_choices":[{"damage_healed":0.0,"max_hp_gain":5.0,"max_hp_loss":0.0,"gold_gain":0.0,"event_name":"Big Fish","player_choice":"Donut","floor":3.0,"gold_loss":0.0,"damage_taken":0.0},{"damage_healed":0.0,"max_hp_gain":0.0,"max_hp_loss":0.0,"gold_gain":0.0,"event_name":"Shining Light","player_choice":"Entered Light","floor":4.0,"gold_loss":0.0,"damage_taken":15.0,"cards_upgraded":["Concentrate","Infinite Blades"]},{"damage_healed":0.0,"max_hp_gain":5.0,"max_hp_loss":0.0,"gold_gain":0.0,"event_name":"Forgotten Altar","player_choice":"Shed Blood","floor":19.0,"gold_loss":0.0,"damage_taken":19.0},{"damage_healed":19.0,"max_hp_gain":0.0,"max_hp_loss":0.0,"gold_gain":0.0,"event_name":"Wheel of Change","player_choice":"Full Heal","floor":20.0,"gold_loss":0.0,"damage_taken":0.0}],"is_beta":false,"boss_relics":[{"not_picked":["Velvet Choker","Calling Bell"],"picked":"Sozu"},{"not_picked":["Cursed Key","SacredBark"],"picked":"Fusion Hammer"}],"items_purged_floors":[22,42],"is_endless":false,"potions_floor_spawned":[1,5,7,13,14,16,18,21,23,24,27,28,30,31,33,35,36,40,44,45,46,47,48],"ascension_level":0}}