{"host":"notgjglmecngcj3l","time":1611241666,"event":{"mods":["A Magickal Journey","Aspiration","Astrologer","Bard","BaseMod","Better Third Choice","Colored Powertips","Conspire","Downfall","Duelist Mod","Energized Spire","GifTheSpireLib","Hubris","Infinite Spire","Magitek Elite","Minty Spire (QoL Compilation)","Quick Restart","Robot Space Explorer","Spicy Shops","StSLib","Stuff the Spire","Td1madao Mod","The Animator","The Blackbeard","The Bladedancer","The Bug Knight","The Construct","The Cursed","The Disciple","The Factory","The Hierophant","The Necromancer","The Poker Player","The Runesmith","The Servant 0.9.4","The Wild Card"],"gold_per_floor":[99,119,136,155,255,281,281,81,41,60,60,335,335,4,50,188,188,188,231,231,116,141,216,216,264,345,436,436,436,436,483,536,677,677,677,689,699,759,800,819,819,830,830,847,847,847,882,902,921,921],"floor_reached":51,"language":"ENG","playtime":5577,"items_purged":["Regret"],"score":946,"play_id":"3ab713ce-c4b6-4f25-879d-c38e27a66d2d","local_time":"20210121080746","is_ascension_mode":false,"campfire_choices":[{"data":"champ:Taunt","floor":1,"key":"SMITH"},{"floor":13,"key":"REST"},{"data":"champ:MurderStrike","floor":18,"key":"SMITH"},{"floor":30,"key":"REST"},{"floor":35,"key":"RECALL"},{"data":"champ:StrikeOfGenius","floor":46,"key":"SMITH"}],"circlet_count":0,"master_deck":["champ:Strike","champ:Strike","champ:Strike","champ:Strike","champ:Defend","champ:Defend","champ:Defend","champ:Defend","champ:Execute","champ:Taunt+1","champ:BringItOn","champ:Duel","champ:ShieldWall+1","conspire:SpireCoStock","conspire:SpireCoStock","conspire:SpireCoStock","conspire:SpireCoStock","champ:IronFortress","champ:EnGarde","champ:GutPunch","champ:CrownThrow","champ:MurderStrike+1","CurseOfTheBell","StuffTheSpire:CelestialWarden","champ:SetATrap+1","champ:AdrenalArmor","champ:AdrenalArmor","champ:ShieldSlam+1","downfall:Bewildered","champ:BerserkersShout","champ:GutPunch","champ:StrikeOfGenius+1","champ:CrownThrow+1","champ:Backstep+1","champ:EnGarde","champ:Shatter+1","champ:FlashCut","champ:BerserkersShout+1","champ:Haymaker+1","champ:IronFortress","champ:LastStand","champ:RisingSlash+1","champ:BladeFlurry+1","champ:Endure","champ:FancyFootwork+1","champ:PreciseThrust+1","champ:FaceSlap","champ:GutPunch+1","champ:HeartStrike","champ:BringItOn+1","champ:CrownThrow","champ:CalledShot+1","champ:GutPunch","Clumsy","theDuelist:CurseAging","infinitespire:Punishment","infinitespire:Execution","infinitespire:Menacing","champ:EnGarde","champ:FalseCounter+1","champ:DefensiveShout","champ:Lariat+1","champ:TornadoPunch","champ:PreciseThrust","champ:RapidStrikes+1","champ:StanceDance","champ:AdrenalArmor"],"relics":["champ:ChampionCrown","hubris:Reverence","ClockworkSouvenir","Membership Card","infinitespire:WardingShard","hubris:EmptyBottle","Calling Bell","StuffTheSpire:Experiment12","StuffTheSpire:Rhapsscallions","conspire:InfiniteJournal","Ancient Tea Set","Runesmith:Locket","StuffTheSpire:RubySignet","sneckomod:BabySnecko","StuffTheSpire:HistoryBook","hubris:GrandSneckoEye","champ:FightingForDummies","energizedSpire:StickyHand","aspiration:TomeofQuesting","Red Mask","downfall:RedIOUUpgrade","hubris:CuriousFeather"],"acts_visited":["Exordium","TheCity","TheBeyond"],"potions_floor_usage":[6,14,16,16,19,25,26,26,27,27,27,27,33,33,38,40,40,42,44,44,44,50,50,50,50,50,50,50,50,50,50,50,50],"damage_taken":[{"damage":16,"enemies":"2 Louse","floor":2,"turns":3},{"damage":2,"enemies":"Small Slimes","floor":3,"turns":4},{"damage":0,"enemies":"Jaw Worm","floor":4,"turns":2},{"damage":38,"enemies":"Lagavulin","floor":6,"turns":6},{"damage":10,"enemies":"downfall:FleeingMerchant","floor":9,"turns":4},{"damage":14,"enemies":"Blue Slaver","floor":10,"turns":5},{"damage":21,"enemies":"downfall:FleeingMerchant","floor":14,"turns":4},{"damage":24,"enemies":"Exordium Thugs","floor":15,"turns":5},{"damage":62,"enemies":"SI_SHIV_ARCHETYPE","floor":16,"turns":9},{"damage":34,"enemies":"Shell Parasite","floor":19,"turns":9},{"damage":25,"enemies":"conspire:HollyBat","floor":23,"turns":8},{"damage":45,"enemies":"3 Cultists","floor":25,"turns":6},{"damage":30,"enemies":"conspire:Head Lice","floor":26,"turns":9},{"damage":54,"enemies":"Centurion and Healer","floor":27,"turns":12},{"damage":9,"enemies":"theDuelist:KaibaA2","floor":31,"turns":4},{"damage":54,"enemies":"conspire:HollyBat","floor":32,"turns":8},{"damage":30,"enemies":"DF_ARCHETYPE_CLAW","floor":33,"turns":10},{"damage":36,"enemies":"3 Shapes","floor":36,"turns":3},{"damage":15,"enemies":"3 Darklings","floor":37,"turns":3},{"damage":16,"enemies":"conspire:MimicChest","floor":38,"turns":6},{"damage":31,"enemies":"Writhing Mass","floor":39,"turns":5},{"damage":16,"enemies":"4 Shapes","floor":40,"turns":4},{"damage":51,"enemies":"3 Darklings","floor":42,"turns":5},{"damage":56,"enemies":"Writhing Mass","floor":44,"turns":4},{"damage":0,"enemies":"Nemesis","floor":47,"turns":3},{"damage":29,"enemies":"Jaw Worm Horde","floor":48,"turns":4},{"damage":24,"enemies":"4 Shapes","floor":49,"turns":4},{"damage":80,"enemies":"IC_BLOCK_ARCHETYPE","floor":50,"turns":4}],"seed_played":"4728231152162214991","potions_obtained":[{"floor":4,"key":"champ:UltimateStancePotion"},{"floor":10,"key":"Energy Potion"},{"floor":15,"key":"sneckomod:MuddlingPotion"},{"floor":16,"key":"hexamod:SoulburnPotion"},{"floor":23,"key":"Dexterity Potion"},{"floor":25,"key":"Block Potion"},{"floor":26,"key":"bronze:BurnAndBuffPotion"},{"floor":32,"key":"Dexterity Potion"},{"floor":36,"key":"SpeedPotion"},{"floor":38,"key":"conspire:TimeTravelPotion"},{"floor":39,"key":"FearPotion"},{"floor":42,"key":"SkillPotion"},{"floor":49,"key":"EntropicBrew"}],"is_trial":false,"path_per_floor":["R","M","M","M","?","E","T","?","$","M","?","?","R","$","M","B",null,"R","M","?","?","T","M","T","M","E","M","?","AVR","R","E","M","B",null,"R","M","M","?","M","M","T","M","?","M","?","R","E","M","M","B",null],"character_chosen":"THE_CHAMP","items_purchased":["ClockworkSouvenir","Membership Card","infinitespire:WardingShard","hubris:EmptyBottle"],"campfire_rested":2,"item_purchase_floors":[9,14,14,14],"current_hp_per_floor":[99,93,91,91,91,73,73,73,73,59,59,59,88,77,73,46,101,101,87,87,87,87,72,72,37,37,32,32,32,62,68,84,94,101,101,101,101,101,101,100,100,101,101,96,96,96,96,92,93,93],"gold":921,"neow_bonus":"TEN_PERCENT_HP_BONUS","is_daily":false,"chose_seed":false,"campfire_upgraded":3,"win_rate":0.0,"timestamp":1611241666,"path_taken":["R","M","M","M","?","E","T","?","?","?","?","?","R","$","M","BOSS","R","M","?","?","?","M","T","M","E","M","?","AVR","R","E","M","BOSS","R","M","M","?","M","M","T","M","?","M","?","R","E","M","M","BOSS"],"items_purchased_type":["Relic","Relic","Relic","Relic"],"build_version":"2020-12-22","purchased_purges":1,"victory":true,"max_hp_per_floor":[99,99,99,99,99,99,99,99,99,99,99,99,99,99,99,99,101,101,101,101,101,101,101,101,101,101,101,101,101,101,101,101,101,101,101,101,101,101,101,101,101,101,101,101,101,101,101,101,101,101],"card_choices":[{"not_picked":["champ:DefensiveShout","champ:Endure"],"picked":"champ:BringItOn","floor":2},{"not_picked":["champ:BladeFlurry","champ:EndlessRage"],"picked":"champ:Duel","floor":3},{"not_picked":["champ:FancyFootwork","champ:FocusedBerserking"],"picked":"champ:ShieldWall","floor":4},{"not_picked":["champ:BerserkersShout","champ:ShieldSlam"],"picked":"champ:Devastate","floor":6},{"not_picked":["champ:CalledShot","champ:PerfectedStrike"],"picked":"champ:IronFortress","floor":9},{"not_picked":["champ:EnragedBash","champ:Parry"],"picked":"champ:EnGarde","floor":10},{"not_picked":["champ:PreciseThrust","champ:HeartStrike"],"picked":"champ:GutPunch","floor":14},{"not_picked":["champ:EnGarde","champ:BerserkersShout"],"picked":"champ:CrownThrow","floor":15},{"not_picked":["champ:HeavySlash","champ:Devastate"],"picked":"champ:MurderStrike","floor":16},{"not_picked":["champ:FancyFootwork","champ:PreciseThrust+1"],"picked":"champ:DeathBlow","floor":19},{"not_picked":["champ:BringItOn+1","champ:PerfectedStrike"],"picked":"champ:SetATrap+1","floor":23},{"not_picked":["champ:CalledShot","champ:PerfectedStrike"],"picked":"champ:AdrenalArmor","floor":25},{"not_picked":["champ:Encircle","champ:CheapShot"],"picked":"champ:AdrenalArmor","floor":26},{"not_picked":["champ:GutPunch+1","champ:CrownThrow"],"picked":"champ:ShieldSlam+1","floor":27},{"not_picked":["champ:FlashCut","champ:FanOfKnives"],"picked":"champ:BerserkersShout","floor":31},{"not_picked":["champ:EnGarde","champ:TornadoPunch"],"picked":"champ:GutPunch","floor":32},{"not_picked":["champ:HoldFirm","champ:Improvising"],"picked":"champ:StrikeOfGenius","floor":33},{"not_picked":["champ:CrownThrow+1","champ:Backstep+1"],"picked":"champ:EnGarde","floor":36},{"not_picked":["champ:Shatter+1","champ:BerserkersShout+1"],"picked":"champ:FlashCut","floor":37},{"not_picked":["champ:Haymaker+1","champ:LastStand"],"picked":"champ:IronFortress","floor":38},{"not_picked":["champ:RisingSlash+1","champ:Endure"],"picked":"champ:BladeFlurry+1","floor":39},{"not_picked":["champ:FancyFootwork+1","champ:FaceSlap"],"picked":"champ:PreciseThrust+1","floor":40},{"not_picked":["champ:GutPunch+1","champ:BringItOn+1"],"picked":"champ:HeartStrike","floor":42},{"not_picked":["champ:CrownThrow","champ:GutPunch"],"picked":"champ:CalledShot+1","floor":44},{"not_picked":["infinitespire:Execution","infinitespire:Menacing"],"picked":"infinitespire:Punishment","floor":45},{"not_picked":["champ:EnGarde","champ:DefensiveShout"],"picked":"champ:FalseCounter+1","floor":47},{"not_picked":["champ:TornadoPunch","champ:PreciseThrust"],"picked":"champ:Lariat+1","floor":48},{"not_picked":["champ:StanceDance","champ:AdrenalArmor"],"picked":"champ:RapidStrikes+1","floor":49}],"player_experience":395322,"relics_obtained":[{"floor":6,"key":"hubris:Reverence"},{"floor":7,"key":"Orichalcum"},{"floor":17,"key":"StuffTheSpire:Experiment12"},{"floor":17,"key":"StuffTheSpire:Rhapsscallions"},{"floor":17,"key":"conspire:InfiniteJournal"},{"floor":22,"key":"Ancient Tea Set"},{"floor":24,"key":"Runesmith:Locket"},{"floor":26,"key":"StuffTheSpire:RubySignet"},{"floor":31,"key":"champ:FightingForDummies"},{"floor":38,"key":"aspiration:TomeofQuesting"},{"floor":47,"key":"hubris:CuriousFeather"}],"event_choices":[{"damage_healed":0,"gold_gain":0,"player_choice":"Invest 4","damage_taken":0,"max_hp_gain":0,"max_hp_loss":0,"event_name":"conspire:Investor","floor":8,"gold_loss":0},{"damage_healed":0,"gold_gain":0,"player_choice":"Grow","damage_taken":0,"max_hp_gain":0,"max_hp_loss":0,"event_name":"Living Wall","floor":11,"gold_loss":0,"cards_upgraded":["champ:ShieldWall"]}],"is_beta":false,"boss_relics":[{"not_picked":["conspire:SeveredTorchhead","aspiration:RunesmithSkillbook"],"picked":"Calling Bell"},{"not_picked":["energizedSpire:SpiderWeb","aspiration:MobileForge"],"picked":"energizedSpire:StickyHand"}],"items_purged_floors":[29],"is_endless":false,"potions_floor_spawned":[4,10,15,16,23,25,26,32,36,38,39,42,49],"ascension_level":0}}