{"host":"0mk07bycsqo1qk03","time":1611220347,"event":{"mods":["BaseMod","Downfall","Hermit","Hubris","Minty Spire (QoL Compilation)","StSLib","The Cursed"],"gold_per_floor":[110,110,110,129,129,161,161,179,204,22,33,33,49,75,75,146,146,146,146],"floor_reached":18,"language":"ENG","playtime":391,"items_purged":[],"score":390,"play_id":"4908ba09-0ea1-46bc-88cf-93eb434844f7","local_time":"20210121101227","is_ascension_mode":true,"campfire_choices":[{"data":"Bludgeon","floor":7,"key":"SMITH"},{"data":"Bludgeon","floor":15,"key":"SMITH"}],"circlet_count":0,"master_deck":["AscendersBane","Strike_R","Strike_R","Strike_R","Defend_R","Defend_R","Defend_R","Defend_R","Bash","Clothesline","Ghostly Armor","Bludgeon+1","Bludgeon+1","Battle Trance","Brutality","Flex","hubris:ReadiedAction","Demon Form"],"relics":["Burning Blood","NeowsBlessing","hubris:Towel","Lantern","hubris:TenFootPole","Membership Card","Smiling Mask","Runic Pyramid"],"acts_visited":["Exordium","TheCity"],"potions_floor_usage":[14,18],"damage_taken":[{"damage":0,"enemies":"Small Slimes","floor":1,"turns":1},{"damage":0,"enemies":"Jaw Worm","floor":4,"turns":1},{"damage":0,"enemies":"Gremlin Nob","floor":6,"turns":1},{"damage":0,"enemies":"Cultist","floor":8,"turns":3},{"damage":0,"enemies":"Looter","floor":11,"turns":2},{"damage":1,"enemies":"Exordium Wildlife","floor":13,"turns":3},{"damage":14,"enemies":"3 Sentries","floor":14,"turns":6},{"damage":46,"enemies":"Hexaghost","floor":16,"turns":8},{"damage":43,"enemies":"3 Byrds","floor":18,"turns":5}],"seed_played":"-8222391211436069740","potions_obtained":[{"floor":8,"key":"SkillPotion"},{"floor":11,"key":"FearPotion"},{"floor":14,"key":"SpeedPotion"}],"is_trial":false,"path_per_floor":["M","?","?","M","?","E","R","M","T","$","M","?","M","E","R","B",null,"M"],"character_chosen":"IRONCLAD","items_purchased":["Membership Card","Battle Trance"],"campfire_rested":0,"item_purchase_floors":[10,10],"current_hp_per_floor":[74,74,74,75,75,75,75,75,75,75,75,75,75,67,67,27,63,20,20],"gold":146,"neow_bonus":"THREE_ENEMY_KILL","is_daily":false,"chose_seed":false,"campfire_upgraded":2,"win_rate":0.0,"timestamp":1611220347,"path_taken":["M","?","?","?","?","E","R","M","T","?","M","?","?","E","R","BOSS","M"],"items_purchased_type":["Relic","Card"],"build_version":"2020-12-22","purchased_purges":0,"victory":false,"max_hp_per_floor":[75,75,75,75,75,75,75,75,75,75,75,75,75,75,75,75,75,75,75],"card_choices":[{"not_picked":["Iron Wave","Dual Wield"],"picked":"Clothesline","floor":1},{"not_picked":["hubris:SharpeningStone","Flex"],"picked":"Ghostly Armor","floor":4},{"not_picked":["Warcry","Carnage","Bludgeon"],"picked":"SKIP","floor":6},{"not_picked":["Warcry","Carnage"],"picked":"Bludgeon","floor":6},{"not_picked":["Searing Blow","Pommel Strike","Body Slam"],"picked":"SKIP","floor":8},{"not_picked":["Flex","Cleave","Twin Strike"],"picked":"SKIP","floor":11},{"not_picked":["Clothesline","Flex","Wild Strike"],"picked":"SKIP","floor":13},{"not_picked":["Clothesline","Wild Strike"],"picked":"Flex","floor":13},{"not_picked":["Heavy Blade","Fire Breathing"],"picked":"hubris:ReadiedAction","floor":14},{"not_picked":["Immolate","Brutality"],"picked":"Demon Form","floor":16}],"player_experience":935269,"relics_obtained":[{"floor":6,"key":"Lantern"},{"floor":9,"key":"hubris:TenFootPole"},{"floor":14,"key":"Smiling Mask"}],"event_choices":[{"cards_removed":["Strike_R"],"damage_healed":0,"gold_gain":0,"player_choice":"Purged","damage_taken":0,"max_hp_gain":0,"max_hp_loss":0,"event_name":"Purifier","floor":3,"gold_loss":0},{"damage_healed":0,"gold_gain":0,"cards_transformed":["Strike_R"],"player_choice":"Transformed","damage_taken":0,"max_hp_gain":0,"max_hp_loss":0,"event_name":"Transmorgrifier","floor":12,"gold_loss":0,"cards_obtained":["Brutality"]}],"is_beta":false,"boss_relics":[{"not_picked":["SlaversCollar","SacredBark"],"picked":"Runic Pyramid"}],"items_purged_floors":[],"is_endless":false,"potions_floor_spawned":[8,11,14,16],"killed_by":"3 Byrds","ascension_level":20}}