{"host":"och2iitg9ibgz06n","time":1611271769,"event":{"mods":["Abigail Mod","AchievementEnabler","Aspiration","BaseMod","Colored Powertips","Dio Mod","Hubris","Hyrulean Relics","Infinite Spire","Minty Spire (QoL Compilation)","Replay The Spire","Small Relic Pack","StSLib","The Animator","The Bug Knight","The Hierophant","The Jungle","The Saiyan","TheHero","Wandering Minibosses","everything is the same but u backflip on backflip","slay the spire mod where everything is the same but ironclad has a cowboy hat","vexMod"],"gold_per_floor":[119,132,132,147,122,122,137,137,217,69,93,104,136,311,311,311,311],"floor_reached":16,"language":"ENG","playtime":366,"items_purged":[],"score":120,"play_id":"e465c8cb-63c6-497f-9b44-7bafba7b39ad","local_time":"20210121172929","is_ascension_mode":true,"campfire_choices":[{"data":"animeID:Deku","floor":6,"key":"SMITH"},{"data":"animeID:Twice","floor":8,"key":"SMITH"},{"floor":15,"key":"RECALL"}],"circlet_count":0,"master_deck":["animeID:Deku+1","animeID:Bakugo","animeID:Smash","animeID:Smash","animeID:Smash","animeID:Smash","animeID:DefendMH","animeID:DefendMH","animeID:DefendMH+1","animeID:DefendMH+1","animeID:Twice+1","animeID:Tomura","animeID:Nomu","animeID:ToruHagakure","animeID:FatGum","animeID:Deku","Doubt"],"relics":["animeID:HeroCostume","Akabeko","Bottled Lightning","vexMod:Spyglass","War Paint","Pen Nib"],"acts_visited":["Exordium"],"potions_floor_usage":[16,16],"damage_taken":[{"damage":0,"enemies":"2 Louse","floor":1,"turns":1},{"damage":4,"enemies":"Jaw Worm","floor":2,"turns":4},{"damage":0,"enemies":"Small Slimes","floor":4,"turns":1},{"damage":12,"enemies":"3 Louse","floor":7,"turns":2},{"damage":0,"enemies":"Exordium Wildlife","floor":12,"turns":1},{"damage":2,"enemies":"3 Sentries","floor":13,"turns":4},{"damage":98,"enemies":"The Guardian","floor":16,"turns":12}],"seed_played":"-337667543587404103","potions_obtained":[{"floor":1,"key":"infinitespire:BlackPotion"},{"floor":2,"key":"Death Potion"},{"floor":4,"key":"Block Potion"},{"floor":12,"key":"PowerPotion"}],"is_trial":false,"path_per_floor":["M","M","?","M","?","R","M","R","T","$","T","M","E","?","R","B"],"character_chosen":"THE_HERO","items_purchased":["vexMod:Spyglass"],"campfire_rested":0,"item_purchase_floors":[10],"current_hp_per_floor":[82,80,80,80,80,80,70,70,70,70,70,70,75,75,75,0,0],"gold":311,"neow_bonus":"TEN_PERCENT_HP_BONUS","is_daily":false,"chose_seed":false,"campfire_upgraded":2,"win_rate":0.0,"timestamp":1611271769,"path_taken":["M","M","?","M","?","R","M","R","T","$","?","M","E","?","R","BOSS"],"items_purchased_type":["Relic"],"build_version":"2020-12-22","purchased_purges":0,"victory":false,"max_hp_per_floor":[82,82,82,82,82,82,82,82,82,82,82,82,82,82,82,82,82],"card_choices":[{"not_picked":["animeID:Momo","animeID:Kendo"],"picked":"animeID:Twice","floor":1},{"not_picked":["animeID:Kaminari","animeID:Mineta"],"picked":"animeID:Tomura","floor":2},{"not_picked":["animeID:Eri","animeID:Mineta"],"picked":"animeID:Nomu","floor":4},{"not_picked":["animeID:Kaminari","animeID:Mineta"],"picked":"animeID:ToruHagakure","floor":7},{"not_picked":["animeID:Ojiro","animeID:Tomura"],"picked":"animeID:FatGum","floor":12},{"not_picked":["animeID:Mina","animeID:USA_Smash"],"picked":"animeID:Deku","floor":13}],"player_experience":447660,"relics_obtained":[{"floor":3,"key":"Akabeko"},{"floor":9,"key":"Bottled Lightning"},{"floor":11,"key":"War Paint"},{"floor":13,"key":"Pen Nib"}],"event_choices":[{"damage_healed":0,"gold_gain":175,"player_choice":"AGREE","damage_taken":0,"max_hp_gain":0,"max_hp_loss":0,"event_name":"Liars Game","floor":14,"gold_loss":0,"cards_obtained":["Doubt"]}],"is_beta":false,"boss_relics":[],"items_purged_floors":[],"is_endless":false,"potions_floor_spawned":[1,2,4,12],"killed_by":"The Guardian","ascension_level":4}}