{"host":"zke3fwiit0h580fo","time":1611235822,"event":{"mods":["AchievementEnabler","BaseMod","Colored Map","Colored Powertips","Hubris","Minty Spire (QoL Compilation)","Quick Restart","Relic Stats","Replay The Spire","StSLib","SuperFastMode"],"gold_per_floor":[113,322,322,11,25,53,53,53,53,53,69,69,101,121,121,226,226,239,239,154,29,29,56,56,155,180,180,193,218,66,81,81,186,186,202,218,218,318,333,333,350,350,350,29,29,29,29,41,41,41,41,41,41,73,73,73],"floor_reached":55,"language":"ENG","playtime":2214,"items_purged":[],"score":1088,"play_id":"d897f06e-3359-48f6-b6ac-bdc81d155c26","local_time":"20210121143022","is_ascension_mode":true,"campfire_choices":[{"floor":7,"key":"REST"},{"data":"Infinite Blades","floor":12,"key":"SMITH"},{"data":"Infinite Blades","floor":15,"key":"SMITH"},{"data":"Infinite Blades","floor":24,"key":"SMITH"},{"data":"Cloak And Dagger","floor":27,"key":"SMITH"},{"floor":32,"key":"REST"},{"data":"ReplayTheSpireMod:Shiv Toss","floor":40,"key":"SMITH"},{"floor":42,"key":"REST"},{"floor":47,"key":"RECALL"},{"floor":49,"key":"REST"},{"data":"Accuracy","floor":52,"key":"SMITH"}],"circlet_count":0,"master_deck":["Strike_G","Strike_G","Defend_G+1","Defend_G+1","Defend_G+1","Defend_G+1","Survivor","Neutralize","Backflip","Skewer","Infinite Blades+1","Infinite Blades+1","PiercingWail","Malaise","Escape Plan+1","ReplayTheSpireMod:Shiv Toss+1","Slice","ReplayTheSpireMod:Shiv Toss+1","Replay:Bag of Tricks","Dodge and Roll+1","Infinite Blades+1","Hidden Blade","hubris:NaturalOne","Cloak And Dagger+1","hubris:SlightOfHand","hubris:Sniper","Slice+1","Phantasmal Killer","Deflect+1","Blade Dance+1","Metamorphosis","Hidden Blade+1","Accuracy+1","ReplayTheSpireMod:Scrap Shanks+1","ReplayTheSpireMod:Tripwire"],"relics":["Empty Cage","Quantum Egg","Replay:Ringing Soul","Replay:Bottled Eggs","White Beast Statue","Vajra","hubris:ScarierMask","hubris:Towel","Pantograph","hubris:Icosahedron","Mirror","Potion Belt","Orichalcum","Pen Nib","Replay:Grab Bag","hubris:TerracottaHorce","Philosopher\u0027s Stone","hubris:HollowSoul","Replay:WaspNest","War Paint"],"acts_visited":["Exordium","TheCity","TheBeyond","TheEnding"],"potions_floor_usage":[6,13,16,23,28,29,33,33,41,41,50,55,55,55,55,55],"damage_taken":[{"damage":8,"enemies":"Jaw Worm","floor":1,"turns":6},{"damage":0,"enemies":"Small Slimes","floor":5,"turns":4},{"damage":19,"enemies":"Replay:BlueRogue","floor":6,"turns":7},{"damage":0,"enemies":"2 Louse","floor":11,"turns":4},{"damage":7,"enemies":"Lagavulin","floor":13,"turns":6},{"damage":6,"enemies":"Large Slime","floor":14,"turns":4},{"damage":13,"enemies":"Slime Boss","floor":16,"turns":7},{"damage":8,"enemies":"Shell Parasite","floor":18,"turns":5},{"damage":16,"enemies":"Slavers","floor":23,"turns":6},{"damage":0,"enemies":"Chosen","floor":28,"turns":4},{"damage":45,"enemies":"Gremlin Leader","floor":29,"turns":5},{"damage":23,"enemies":"Snake Plant","floor":31,"turns":6},{"damage":21,"enemies":"Pondfish","floor":33,"turns":8},{"damage":4,"enemies":"3 Shapes","floor":35,"turns":3},{"damage":0,"enemies":"3 Darklings","floor":36,"turns":4},{"damage":27,"enemies":"Sphere and 2 Shapes","floor":39,"turns":3},{"damage":20,"enemies":"Maw","floor":41,"turns":7},{"damage":35,"enemies":"4 Shapes","floor":48,"turns":4},{"damage":35,"enemies":"hubris:GrandSnecko","floor":50,"turns":9},{"damage":33,"enemies":"Shield and Spear","floor":54,"turns":4},{"damage":45,"enemies":"The Heart","floor":55,"turns":2}],"seed_played":"5661786088235100256","potions_obtained":[{"floor":5,"key":"AttackPotion"},{"floor":11,"key":"Toxic Potion"},{"floor":13,"key":"GamblersBrew"},{"floor":14,"key":"Fire Potion"},{"floor":16,"key":"PowerPotion"},{"floor":18,"key":"CunningPotion"},{"floor":23,"key":"Block Potion"},{"floor":28,"key":"Strength Potion"},{"floor":29,"key":"SteroidPotion"},{"floor":31,"key":"AttackPotion"},{"floor":33,"key":"AttackPotion"},{"floor":35,"key":"Block Potion"},{"floor":36,"key":"GhostInAJar"},{"floor":39,"key":"Adrenaline Potion"},{"floor":41,"key":"Explosive Potion"},{"floor":48,"key":"Death Potion"},{"floor":54,"key":"Poison Potion"}],"is_trial":false,"path_per_floor":["M","?","T","$","M","E","R","?","T","?","M","R","E","M","R","B",null,"M","?","?","$","?","E","R","?","T","R","M","E","$","M","R","B",null,"M","M","?","?","M","R","M","R","T","$","?","?","R","M","R","B",null,"R","$","E","B"],"character_chosen":"THE_SILENT","items_purchased":["Replay:Ringing Soul","Infinite Blades","Infinite Blades","Hidden Blade","Pen Nib","Accuracy","Replay:WaspNest"],"campfire_rested":4,"item_purchase_floors":[4,4,21,21,30,44,44],"current_hp_per_floor":[62,45,45,48,51,35,58,61,61,54,57,57,53,50,50,40,94,89,89,89,92,92,79,79,79,79,79,82,40,40,20,53,60,101,100,103,106,106,82,82,62,100,100,103,103,103,103,71,108,91,117,117,117,87,0,0],"gold":73,"neow_bonus":"BOSS_RELIC","is_daily":false,"chose_seed":false,"campfire_upgraded":6,"win_rate":0.0,"timestamp":1611235822,"path_taken":["M","?","?","$","?","E","R","?","T","?","M","R","E","M","R","BOSS","M","?","?","$","?","E","R","?","T","R","M","E","?","M","R","BOSS","M","?","?","?","M","R","?","R","T","?","?","?","R","M","R","BOSS","R","$","E","BOSS"],"items_purchased_type":["Relic","Card","Card","Card","Relic","Card","Relic"],"build_version":"2020-12-22","purchased_purges":0,"victory":false,"max_hp_per_floor":[70,70,70,73,76,79,79,82,82,82,85,85,88,91,91,94,94,97,97,97,100,100,103,103,103,103,103,106,109,109,112,112,115,115,118,121,124,124,127,127,127,127,127,130,123,123,123,126,126,126,126,126,126,129,129,129],"relic_stats":{"counters":[21,113],"Pantograph":68,"Pen Nib":[19],"Orichalcum":[54],"War Paint":["Hidden Blade","ReplayTheSpireMod:Shiv Toss"],"obtain_stats":[{"Potion Belt":26,"Quantum Egg":3,"Replay:Grab Bag":34,"Vajra":13,"Pen Nib":30,"hubris:HollowSoul":34,"Replay:WaspNest":44,"hubris:Towel":19,"Orichalcum":29,"War Paint":54,"Empty Cage":0,"White Beast Statue":9,"hubris:TerracottaHorce":34,"Replay:Ringing Soul":4,"hubris:Icosahedron":22,"Pantograph":20,"hubris:ScarierMask":17,"Philosopher\u0027s Stone":34,"Replay:Bottled Eggs":6,"Mirror":23,"Ring of the Snake":0},{"Potion Belt":9,"Quantum Egg":1,"Replay:Grab Bag":13,"Vajra":5,"Pen Nib":11,"hubris:HollowSoul":13,"Replay:WaspNest":17,"hubris:Towel":8,"Orichalcum":11,"War Paint":20,"Empty Cage":0,"White Beast Statue":3,"hubris:TerracottaHorce":13,"Replay:Ringing Soul":1,"hubris:Icosahedron":8,"Pantograph":8,"hubris:ScarierMask":7,"Philosopher\u0027s Stone":13,"Replay:Bottled Eggs":3,"Mirror":9,"Ring of the Snake":0},{"Potion Belt":49,"Quantum Egg":6,"Replay:Grab Bag":72,"Vajra":27,"Pen Nib":58,"hubris:HollowSoul":72,"Replay:WaspNest":89,"hubris:Towel":43,"Orichalcum":58,"War Paint":106,"Empty Cage":0,"White Beast Statue":17,"hubris:TerracottaHorce":72,"Replay:Ringing Soul":6,"hubris:Icosahedron":43,"Pantograph":43,"hubris:ScarierMask":38,"Philosopher\u0027s Stone":72,"Replay:Bottled Eggs":17,"Mirror":49,"Ring of the Snake":0}]},"card_choices":[{"not_picked":["Quick Slash","ReplayTheSpireMod:Shiv Toss"],"picked":"Backflip","floor":1},{"not_picked":["Bane","Replay:Poison Smokescreen"],"picked":"Skewer","floor":2},{"not_picked":["All Out Attack","Flying Knee"],"picked":"PiercingWail","floor":5},{"not_picked":["Quick Slash","Noxious Fumes","Malaise"],"picked":"SKIP","floor":6},{"not_picked":["Quick Slash","Noxious Fumes"],"picked":"Malaise","floor":6},{"not_picked":["Deadly Poison","All Out Attack"],"picked":"ReplayTheSpireMod:Shiv Toss","floor":11},{"not_picked":["Leg Sweep","Noxious Fumes"],"picked":"Slice","floor":13},{"not_picked":["Catalyst","Quick Slash"],"picked":"ReplayTheSpireMod:Shiv Toss","floor":14},{"not_picked":["Unload","Poison Darts"],"picked":"Replay:Bag of Tricks","floor":16},{"not_picked":["PiercingWail","Eviscerate"],"picked":"Dodge and Roll+1","floor":18},{"not_picked":["Calculated Gamble","Dagger Throw"],"picked":"Cloak And Dagger","floor":23},{"not_picked":["Acrobatics","Deflect"],"picked":"hubris:SlightOfHand","floor":28},{"not_picked":["Finisher","Backflip"],"picked":"hubris:Sniper","floor":29},{"not_picked":["Endless Agony","Well Laid Plans"],"picked":"Slice+1","floor":31},{"not_picked":["Corpse Explosion","Envenom"],"picked":"Phantasmal Killer","floor":33},{"not_picked":["Predator+1","Skewer"],"picked":"Deflect+1","floor":35},{"not_picked":["Cloak And Dagger","Terror+1"],"picked":"Blade Dance+1","floor":36},{"not_picked":["hubris:Insight","Deep Breath"],"picked":"Metamorphosis","floor":37},{"not_picked":["PiercingWail+1","Poisoned Stab"],"picked":"Hidden Blade","floor":39},{"not_picked":["Dagger Throw+1","Quick Slash+1","Crippling Poison"],"picked":"SKIP","floor":41},{"not_picked":["Poison Darts","Well Laid Plans"],"picked":"ReplayTheSpireMod:Scrap Shanks+1","floor":48},{"not_picked":["Sucker Punch","hubris:Counter"],"picked":"ReplayTheSpireMod:Tripwire","floor":54}],"player_experience":50155,"relics_obtained":[{"floor":3,"key":"Quantum Egg"},{"floor":6,"key":"Replay:Bottled Eggs"},{"floor":9,"key":"White Beast Statue"},{"floor":13,"key":"Vajra"},{"floor":23,"key":"Mirror"},{"floor":26,"key":"Potion Belt"},{"floor":29,"key":"Orichalcum"},{"floor":54,"key":"War Paint"}],"event_choices":[{"cards_removed":["Strike_G"],"damage_healed":0,"gold_gain":0,"player_choice":"Card Removal","damage_taken":7,"max_hp_gain":0,"max_hp_loss":0,"event_name":"Golden Wing","floor":10,"gold_loss":0},{"damage_healed":0,"gold_gain":0,"player_choice":"Obtained Relic","damage_taken":0,"relics_obtained":["Pantograph"],"max_hp_gain":0,"max_hp_loss":0,"event_name":"Addict","floor":20,"gold_loss":85},{"damage_healed":0,"gold_gain":99,"player_choice":"Stole From Cult","damage_taken":0,"max_hp_gain":0,"max_hp_loss":0,"event_name":"Nest","floor":25,"gold_loss":0},{"damage_healed":0,"gold_gain":0,"player_choice":"Memory 1","damage_taken":0,"max_hp_gain":0,"max_hp_loss":0,"event_name":"SensoryStone","floor":37,"gold_loss":0},{"damage_healed":0,"gold_gain":100,"player_choice":"Pray","damage_taken":0,"max_hp_gain":0,"max_hp_loss":0,"event_name":"Golden Shrine","floor":38,"gold_loss":0},{"damage_healed":0,"gold_gain":0,"player_choice":"Max HP","damage_taken":0,"max_hp_gain":0,"max_hp_loss":7,"event_name":"Winding Halls","floor":45,"gold_loss":0}],"is_beta":false,"boss_relics":[{"not_picked":["hubris:BlackHole","hubris:RunicObelisk"],"picked":"hubris:ScarierMask"},{"not_picked":["Replay:Wanted Poster","Snecko Eye"],"picked":"Replay:Grab Bag"},{"not_picked":["Coffee Dripper","hubris:CrackedHourglass"],"picked":"hubris:TerracottaHorce"},{"not_picked":["Velvet Choker","Replay:Bronze Core"],"picked":"Philosopher\u0027s Stone"},{"not_picked":["HoveringKite","Snecko Scales"],"picked":"hubris:HollowSoul"}],"items_purged_floors":[],"is_endless":false,"potions_floor_spawned":[5,11,13,14,16,18,23,28,29,31,33,35,36,39,41,48,54],"killed_by":"The Heart","ascension_level":3}}