{"host":"3zmssa4s99zhxek5","time":1611189247,"event":{"mods":["AchievementEnabler","BaseMod","Minty Spire (QoL Compilation)","Permanent Neow","Relic Stats"],"gold_per_floor":[117,117,117,129,139,14,41,59,59,90,90,101,130,147,147,224,224,240,260,270,195,205,240,250,250,296,323,323,323,323,323],"floor_reached":30,"language":"KOR","playtime":2480,"items_purged":["Expertise"],"score":934,"play_id":"0e2af6e0-cbc4-4de2-8ca0-8408c28236e7","local_time":"20210121093407","is_ascension_mode":true,"campfire_choices":[{"data":"Calculated Gamble","floor":11,"key":"SMITH"},{"floor":15,"key":"REST"},{"data":"Eviscerate","floor":28,"key":"SMITH"}],"circlet_count":0,"master_deck":["AscendersBane","Survivor","Neutralize","Bouncing Flask","PiercingWail","Deflect","Setup","Dagger Spray","Dagger Throw","Concentrate","Calculated Gamble+1","Underhanded Strike","Backflip+1","Underhanded Strike","Blur","Eviscerate+1","Blur","Escape Plan","Prepared","Deflect","Backstab","Outmaneuver+1","Escape Plan","Calculated Gamble+1","Concentrate","Prepared"],"relics":["Pandora\u0027s Box","Question Card","FossilizedHelix","Unceasing Top","TungstenRod","MealTicket","Philosopher\u0027s Stone","Pen Nib","Tiny Chest","StoneCalendar"],"acts_visited":["Exordium","TheCity"],"potions_floor_usage":[14,18,22,30],"damage_taken":[{"damage":0,"enemies":"Jaw Worm","floor":1,"turns":3},{"damage":0,"enemies":"2 Louse","floor":4,"turns":2},{"damage":0,"enemies":"Cultist","floor":5,"turns":3},{"damage":6,"enemies":"Gremlin Nob","floor":7,"turns":3},{"damage":0,"enemies":"Looter","floor":8,"turns":4},{"damage":0,"enemies":"Lagavulin","floor":10,"turns":6},{"damage":1,"enemies":"Large Slime","floor":12,"turns":5},{"damage":0,"enemies":"3 Sentries","floor":13,"turns":7},{"damage":10,"enemies":"Lots of Slimes","floor":14,"turns":2},{"damage":0,"enemies":"The Guardian","floor":16,"turns":7},{"damage":0,"enemies":"Shell Parasite","floor":18,"turns":3},{"damage":0,"enemies":"Spheric Guardian","floor":19,"turns":4},{"damage":0,"enemies":"3 Cultists","floor":20,"turns":3},{"damage":17,"enemies":"Snake Plant","floor":22,"turns":5},{"damage":0,"enemies":"Gremlin Leader","floor":23,"turns":6},{"damage":0,"enemies":"Centurion and Healer","floor":24,"turns":3},{"damage":0,"enemies":"Slavers","floor":27,"turns":5},{"damage":32,"enemies":"Chosen and Byrds","floor":30,"turns":6}],"seed_played":"-7458880132346313359","potions_obtained":[{"floor":7,"key":"Ancient Potion"},{"floor":8,"key":"LiquidBronze"},{"floor":14,"key":"Swift Potion"},{"floor":20,"key":"SkillPotion"},{"floor":24,"key":"PowerPotion"}],"is_trial":false,"path_per_floor":["M","?","?","M","M","$","E","M","T","E","R","M","E","M","R","B",null,"M","M","M","$","M","E","M","?","T","E","R","?","M"],"character_chosen":"THE_SILENT","items_purchased":["Blur","Eviscerate"],"campfire_rested":1,"item_purchase_floors":[6,6],"current_hp_per_floor":[59,33,33,33,33,33,27,27,27,27,27,26,26,16,35,35,58,58,58,58,66,49,49,49,49,49,49,49,32,0,0],"gold":323,"neow_bonus":"BOSS_RELIC","is_daily":false,"chose_seed":false,"campfire_upgraded":2,"win_rate":0.0,"timestamp":1611189247,"path_taken":["M","?","?","M","M","$","E","M","T","E","R","M","E","M","R","BOSS","M","M","M","$","M","E","M","?","T","E","R","?","M"],"items_purchased_type":["Card","Card"],"build_version":"2020-12-22","purchased_purges":1,"victory":false,"max_hp_per_floor":[66,66,66,66,66,66,66,66,66,66,66,66,66,66,66,66,66,66,66,66,66,66,66,66,66,66,66,66,71,71,71],"relic_stats":{"counters":[18,77],"Pandora\u0027s Box":["Bouncing Flask","PiercingWail","Deflect","Setup","Dagger Spray","Expertise","Dagger Throw","Concentrate","Calculated Gamble","Underhanded Strike"],"MealTicket":8,"Tiny Chest":0,"StoneCalendar":[0],"Pen Nib":[3],"Question Card":16,"obtain_stats":[{"Pandora\u0027s Box":0,"MealTicket":13,"Philosopher\u0027s Stone":17,"Tiny Chest":26,"StoneCalendar":27,"Pen Nib":23,"Question Card":2,"FossilizedHelix":7,"Unceasing Top":9,"TungstenRod":10,"Ring of the Snake":0},{"Pandora\u0027s Box":0,"MealTicket":8,"Philosopher\u0027s Stone":10,"Tiny Chest":16,"StoneCalendar":17,"Pen Nib":15,"Question Card":1,"FossilizedHelix":4,"Unceasing Top":5,"TungstenRod":6,"Ring of the Snake":0},{"Pandora\u0027s Box":0,"MealTicket":33,"Philosopher\u0027s Stone":42,"Tiny Chest":66,"StoneCalendar":71,"Pen Nib":63,"Question Card":3,"FossilizedHelix":11,"Unceasing Top":15,"TungstenRod":21,"Ring of the Snake":0}],"Unceasing Top":[186],"TungstenRod":10},"card_choices":[{"not_picked":["Quick Slash","Caltrops"],"picked":"Backflip","floor":1},{"not_picked":["Sucker Punch","Dagger Spray","Backflip"],"picked":"Underhanded Strike","floor":4},{"not_picked":["Noxious Fumes","Poisoned Stab","Blade Dance","Sucker Punch"],"picked":"SKIP","floor":5},{"not_picked":["Endless Agony","Flying Knee","Dagger Spray"],"picked":"Blur","floor":7},{"not_picked":["Underhanded Strike","Deadly Poison","Bouncing Flask"],"picked":"Escape Plan","floor":8},{"not_picked":["Flechettes","Cloak And Dagger","Dodge and Roll"],"picked":"Prepared","floor":10},{"not_picked":["Poisoned Stab","Dagger Throw","Burst","Crippling Poison"],"picked":"SKIP","floor":12},{"not_picked":["Deadly Poison","Dagger Throw","Dodge and Roll"],"picked":"Deflect","floor":13},{"not_picked":["Tactician","Catalyst","Quick Slash"],"picked":"Backstab","floor":14},{"not_picked":["Acrobatics","Sucker Punch","Bane+1"],"picked":"Outmaneuver+1","floor":18},{"not_picked":["Dagger Spray","Blade Dance","Flying Knee"],"picked":"Escape Plan","floor":19},{"not_picked":["Cloak And Dagger","Poisoned Stab+1","Quick Slash","Acrobatics"],"picked":"SKIP","floor":20},{"not_picked":["Masterful Stab+1","Deadly Poison","Blur"],"picked":"Calculated Gamble+1","floor":22},{"not_picked":["Tools of the Trade","Quick Slash","Noxious Fumes"],"picked":"Concentrate","floor":23},{"not_picked":["Cloak And Dagger","Flechettes","Acrobatics"],"picked":"Prepared","floor":24},{"not_picked":["Crippling Poison","Bane","Skewer","All Out Attack"],"picked":"SKIP","floor":27}],"player_experience":1552412,"relics_obtained":[{"floor":7,"key":"FossilizedHelix"},{"floor":9,"key":"Unceasing Top"},{"floor":10,"key":"TungstenRod"},{"floor":13,"key":"MealTicket"},{"floor":23,"key":"Pen Nib"},{"floor":26,"key":"Tiny Chest"},{"floor":27,"key":"StoneCalendar"}],"event_choices":[{"damage_healed":0,"gold_gain":0,"player_choice":"Success","damage_taken":26,"relics_obtained":["Question Card"],"max_hp_gain":0,"max_hp_loss":0,"event_name":"Scrap Ooze","floor":2,"gold_loss":0},{"damage_healed":0,"gold_gain":0,"player_choice":"Forge","damage_taken":0,"max_hp_gain":0,"max_hp_loss":0,"event_name":"Accursed Blacksmith","floor":3,"gold_loss":0,"cards_upgraded":["Backflip"]},{"damage_healed":0,"gold_gain":0,"player_choice":"Ignored","damage_taken":0,"max_hp_gain":0,"max_hp_loss":0,"event_name":"Ghosts","floor":25,"gold_loss":0},{"damage_healed":0,"gold_gain":0,"player_choice":"Shed Blood","damage_taken":23,"max_hp_gain":5,"max_hp_loss":0,"event_name":"Forgotten Altar","floor":29,"gold_loss":0}],"is_beta":false,"boss_relics":[{"not_picked":["Runic Pyramid","Velvet Choker"],"picked":"Philosopher\u0027s Stone"}],"items_purged_floors":[21],"is_endless":false,"potions_floor_spawned":[7,8,12,14,20,24,27],"killed_by":"Chosen and Byrds","ascension_level":20}}