{"host":"jmyzvm1p6bjfuoy1","time":1611244894,"event":{"mods":["2.2 Compatiblity","AchievementEnabler","Aspiration","BaseMod","BetterRewards","Conspire","Hubris","Hunter ??","Jedi Mod","Minty Spire (QoL Compilation)","Permanent Neow","Rare Cards Sparkle","Robot Space Explorer","Shop Mod","Spicy Shops","StSLib","The Runesmith"],"gold_per_floor":[111,126,301,317,317,351,361,361,414,432,449,449,449,474,474,598,598,616,178,128,128,23,23,35,54,54,110,110,62,99,127,127,236,236,260,276,276,298,131,164,164,164,164,164,177,217,0,15,15,19,19],"floor_reached":50,"language":"ENG","playtime":7451,"items_purged":[],"score":589,"play_id":"39a3adfe-69a2-4309-89b5-67ae57748a06","local_time":"20210121110134","is_ascension_mode":false,"campfire_choices":[{"floor":12.0,"key":"REST"},{"floor":15.0,"key":"REST"},{"floor":23.0,"key":"REST"},{"floor":28.0,"key":"REST"},{"floor":32.0,"key":"REST"},{"floor":41,"key":"REST"},{"floor":44,"key":"REST"},{"floor":49,"key":"REST"}],"circlet_count":0,"master_deck":["Strike_R","Strike_R","Strike_R+1","Strike_R","Strike_R","Defend_R","Defend_R","Defend_R","Defend_R","Bash+1","Inflame","Flex","Anger","Cleave","Thunderclap","Immolate","Injury","Thunderclap","Berserk","Sword Boomerang","Flame Barrier","conspire:SpireCoStock","jedi:fear","Bludgeon","Thunderclap+1","hubris:ReadiedAction","Anger","Perfected Strike","Demon Form","Perfected Strike+1","Anger+1","Clothesline+1","Clothesline","jedi:forcepull","Clash","conspire:HitWhereItHurts","Thunderclap","hubris:ReadiedAction"],"relics":["Black Blood","Whetstone","aspiration:HiddenCompartment","jedi:shrinkray","Boot","Bloody Idol","Fusion Hammer","jedi:heavyjacket","Question Card","Anchor","Runesmith:AutoHammer","Bag of Marbles","hubris:Towel","jedi:gremlinknob","Red Mask"],"acts_visited":["Exordium","TheCity","TheBeyond"],"potions_floor_usage":[40,46,48,50],"damage_taken":[{"damage":1.0,"enemies":"Cultist","floor":1.0,"turns":3.0},{"damage":5.0,"enemies":"conspire:RoseBush","floor":2.0,"turns":2.0},{"damage":15.0,"enemies":"Jaw Worm","floor":4.0,"turns":4.0},{"damage":47.0,"enemies":"3 Sentries","floor":6.0,"turns":9.0},{"damage":0.0,"enemies":"Large Slime","floor":7.0,"turns":4.0},{"damage":5.0,"enemies":"Lots of Slimes","floor":10.0,"turns":3.0},{"damage":2.0,"enemies":"2 Fungi Beasts","floor":11.0,"turns":3.0},{"damage":9.0,"enemies":"3 Louse","floor":14.0,"turns":3.0},{"damage":21.0,"enemies":"Slime Boss","floor":16.0,"turns":7.0},{"damage":6.0,"enemies":"conspire:FuzzyDice","floor":18.0,"turns":4.0},{"damage":13.0,"enemies":"Spheric Guardian","floor":24.0,"turns":4.0},{"damage":5.0,"enemies":"Cultist and Chosen","floor":25.0,"turns":4.0},{"damage":22.0,"enemies":"Book of Stabbing","floor":27.0,"turns":4.0},{"damage":0.0,"enemies":"conspire:Head Lice","floor":30.0,"turns":5.0},{"damage":13.0,"enemies":"Centurion and Healer","floor":31.0,"turns":5.0},{"damage":13.0,"enemies":"conspire:MysteriousRune","floor":33.0,"turns":6.0},{"damage":33.0,"enemies":"3 Darklings","floor":35.0,"turns":5.0},{"damage":13.0,"enemies":"Orb Walker","floor":36.0,"turns":3.0},{"damage":33.0,"enemies":"Sphere and 2 Shapes","floor":38.0,"turns":4.0},{"damage":29,"enemies":"Reptomancer","floor":40,"turns":5},{"damage":2,"enemies":"Jaw Worm Horde","floor":45,"turns":2},{"damage":0,"enemies":"Spire Growth","floor":46,"turns":3},{"damage":9,"enemies":"Writhing Mass","floor":48,"turns":4},{"damage":91,"enemies":"hubris:GrandSnecko","floor":50,"turns":11}],"seed_played":"-7027639326374046686","potions_obtained":[{"floor":6.0,"key":"Dexterity Potion"},{"floor":7.0,"key":"jedi:holywater"},{"floor":11.0,"key":"LiquidBronze"},{"floor":16.0,"key":"BlessingOfTheForge"},{"floor":27.0,"key":"Swift Potion"},{"floor":30.0,"key":"Strength Potion"},{"floor":38.0,"key":"FearPotion"},{"floor":45,"key":"SpeedPotion"},{"floor":46,"key":"Fruit Juice"}],"is_trial":false,"path_per_floor":["M","M","?","M","?","E","M","?","T","M","M","R","?","M","R","B",null,"M","$","?","?","$","R","M","M","T","E","R","$","E","M","R","B",null,"M","M","?","M","$","E","R","?","T","R","M","M","?","M","R","B"],"character_chosen":"IRONCLAD","items_purchased":["Flame Barrier","jedi:holywater","jedi:heavyjacket","Strength Potion","jedi:fear","PowerPotion","Clothesline","jedi:forcepull"],"campfire_rested":8,"item_purchase_floors":[19,19,19,22,22,29,39,39],"current_hp_per_floor":[80,80,80,71,71,30,36,36,36,37,41,65,65,62,80,65,80,80,80,80,80,80,80,78,80,80,74,80,80,80,80,80,78,80,64,68,68,57,57,45,69,69,69,80,80,85,85,85,85,0,0],"gold":19,"neow_bonus":"RANDOM_COMMON_RELIC","is_daily":false,"chose_seed":false,"campfire_upgraded":0,"win_rate":0.0,"timestamp":1611244894,"path_taken":["M","?","?","M","?","E","?","?","T","?","M","R","?","M","R","BOSS","M","$","?","?","$","R","M","M","T","E","R","?","E","M","R","BOSS","M","M","?","?","$","E","R","?","T","R","M","M","?","M","R","BOSS"],"items_purchased_type":["Card","Potion","Relic","Potion","Card","Potion","Card","Card"],"build_version":"2020-12-22","purchased_purges":0,"victory":false,"max_hp_per_floor":[80,80,80,80,80,80,80,80,80,80,80,80,80,80,80,80,80,80,80,80,80,80,80,80,80,80,80,80,80,80,80,80,80,80,80,80,80,80,80,80,80,80,80,80,80,85,85,85,85,85,85],"card_choices":[{"not_picked":["Iron Wave","Headbutt"],"picked":"Inflame","floor":1.0},{"not_picked":["Wild Strike","Feel No Pain"],"picked":"Flex","floor":2.0},{"not_picked":["Pommel Strike","Clothesline"],"picked":"Anger","floor":4.0},{"not_picked":["Anger","Body Slam"],"picked":"hubris:StunningStrike","floor":6.0},{"not_picked":["Body Slam","Flex"],"picked":"Cleave","floor":7.0},{"not_picked":["jedi:fear","Dropkick"],"picked":"Thunderclap","floor":10.0},{"not_picked":["Body Slam","Dark Embrace"],"picked":"Immolate","floor":11.0},{"not_picked":["jedi:collectorstrike","jedi:controlledanger"],"picked":"Thunderclap","floor":14.0},{"not_picked":["Limit Break","hubris:StunningStrike"],"picked":"Berserk","floor":16.0},{"not_picked":["Wild Strike+1","jedi:MakeshiftSword+1"],"picked":"Sword Boomerang","floor":18.0},{"not_picked":["Body Slam","Anger"],"picked":"Bludgeon","floor":24.0},{"not_picked":["Body Slam","Cleave"],"picked":"Thunderclap+1","floor":25.0},{"not_picked":["jedi:suffering","Evolve+1","Clothesline"],"picked":"hubris:ReadiedAction","floor":27.0},{"not_picked":["Armaments","Clash","Iron Wave"],"picked":"Anger","floor":30.0},{"not_picked":["Power Through","Second Wind+1","Havoc+1"],"picked":"Perfected Strike","floor":31.0},{"not_picked":["conspire:HitWhereItHurts","Brutality","Juggernaut"],"picked":"Demon Form","floor":33.0},{"not_picked":["True Grit+1","Sword Boomerang+1","Rupture+1"],"picked":"Perfected Strike+1","floor":35.0},{"not_picked":["Perfected Strike+1","Clash+1","Entrench"],"picked":"Anger+1","floor":36.0},{"not_picked":["Wild Strike+1","Perfected Strike","jedi:hate+1"],"picked":"Clothesline+1","floor":38.0},{"not_picked":["Reckless Charge","Sword Boomerang","Body Slam+1"],"picked":"Clash","floor":40},{"not_picked":["Searing Blow+1","Shrug It Off+1","Headbutt+1"],"picked":"conspire:HitWhereItHurts","floor":45},{"not_picked":["Warcry+1","Sever Soul","Pummel+1"],"picked":"Thunderclap","floor":46},{"not_picked":["Sword Boomerang+1","Battle Trance","Armaments+1"],"picked":"hubris:ReadiedAction","floor":48}],"player_experience":299448,"relics_obtained":[{"floor":6.0,"key":"aspiration:HiddenCompartment"},{"floor":9.0,"key":"Boot"},{"floor":26.0,"key":"Question Card"},{"floor":27.0,"key":"Anchor"},{"floor":30.0,"key":"Runesmith:AutoHammer"},{"floor":40,"key":"Bag of Marbles"},{"floor":43,"key":"jedi:gremlinknob"}],"event_choices":[{"damage_healed":0.0,"max_hp_gain":0.0,"max_hp_loss":0.0,"gold_gain":175.0,"event_name":"Liars Game","player_choice":"AGREE","floor":3.0,"gold_loss":0.0,"damage_taken":0.0,"cards_obtained":["Doubt"]},{"damage_healed":0.0,"max_hp_gain":0.0,"max_hp_loss":0.0,"gold_gain":0.0,"event_name":"The Cleric","player_choice":"Leave","floor":5.0,"gold_loss":0.0,"damage_taken":0.0},{"cards_removed":["hubris:StunningStrike"],"damage_healed":0.0,"max_hp_gain":0.0,"max_hp_loss":0.0,"gold_gain":0.0,"event_name":"WeMeetAgain","player_choice":"Gave Card","floor":8.0,"gold_loss":0.0,"damage_taken":0.0,"relics_obtained":["jedi:shrinkray"]},{"damage_healed":0.0,"max_hp_gain":0.0,"max_hp_loss":0.0,"gold_gain":0.0,"event_name":"Golden Idol","player_choice":"Take Wound","floor":13.0,"gold_loss":0.0,"damage_taken":0.0,"relics_obtained":["Golden Idol"],"cards_obtained":["Injury"]},{"damage_healed":0.0,"max_hp_gain":0.0,"max_hp_loss":0.0,"gold_gain":0.0,"event_name":"conspire:Investor","player_choice":"Invest 1","floor":20.0,"gold_loss":0.0,"damage_taken":0.0},{"damage_healed":0.0,"max_hp_gain":0.0,"max_hp_loss":0.0,"gold_gain":0.0,"event_name":"Forgotten Altar","player_choice":"Gave Idol","floor":21.0,"relics_lost":["Golden Idol"],"gold_loss":0.0,"damage_taken":0.0,"relics_obtained":["Bloody Idol"]},{"cards_removed":["Doubt"],"damage_healed":0.0,"max_hp_gain":0.0,"max_hp_loss":0.0,"gold_gain":0.0,"event_name":"Wheel of Change","player_choice":"Card Removal","floor":37.0,"gold_loss":0.0,"damage_taken":0.0},{"damage_healed":0,"gold_gain":0,"player_choice":"Paid","damage_taken":0,"relics_obtained":["Red Mask"],"max_hp_gain":0,"max_hp_loss":0,"event_name":"Tomb of Lord Red Mask","floor":47,"gold_loss":217}],"is_beta":false,"boss_relics":[{"not_picked":["jedi:hotpepper","Ectoplasm"],"picked":"Fusion Hammer"},{"not_picked":["aspiration:SecretTechniqueScroll","Coffee Dripper"],"picked":"Black Blood"}],"items_purged_floors":[],"is_endless":false,"potions_floor_spawned":[6,7,11,16,27,30,31,38,45,46],"killed_by":"hubris:GrandSnecko","ascension_level":0}}