{"host":"wl47xhfxme4nig5w","time":1611200149,"event":{"mods":["BaseMod","Colored Map","Colored Powertips","Googly Eyes","Minty Spire (QoL Compilation)","StSLib","SuperFastMode","everything is the same but u backflip on backflip","slay the spire mod where everything is the same but ironclad has a cowboy hat"],"gold_per_floor":[113,113,127,28,103,103,69,86,86,162,179,194,194,204,204,309,309,321,331,360,360,374,374,408,408,408],"floor_reached":25,"language":"ENG","playtime":775,"items_purged":["Defend_R"],"score":256,"play_id":"caf65116-f0c1-4222-bc2a-0a1a048c066f","local_time":"20210120193549","is_ascension_mode":true,"campfire_choices":[{"data":"Bludgeon","floor":6,"key":"SMITH"},{"data":"Hemokinesis","floor":15,"key":"SMITH"},{"data":"Blood for Blood","floor":23,"key":"SMITH"}],"circlet_count":0,"master_deck":["Strike_R","Strike_R","Strike_R","Strike_R","Strike_R","Defend_R","Defend_R","Bash","Bludgeon+1","Flex","Blood for Blood+1","Dual Wield","Clothesline","Hemokinesis+1","Anger","Impervious","Thunderclap+1","Bloodletting+1","Sword Boomerang+1","Cleave"],"relics":["Black Blood","NeowsBlessing","Shuriken","Mercury Hourglass","Red Mask","CaptainsWheel"],"acts_visited":["Exordium","TheCity"],"potions_floor_usage":[16,16,20,22,24],"damage_taken":[{"damage":0,"enemies":"2 Louse","floor":1,"turns":1},{"damage":0,"enemies":"Small Slimes","floor":3,"turns":1},{"damage":0,"enemies":"Jaw Worm","floor":8,"turns":1},{"damage":3,"enemies":"Blue Slaver","floor":11,"turns":3},{"damage":14,"enemies":"Red Slaver","floor":12,"turns":2},{"damage":6,"enemies":"2 Fungi Beasts","floor":14,"turns":3},{"damage":59,"enemies":"The Guardian","floor":16,"turns":7},{"damage":13,"enemies":"2 Thieves","floor":18,"turns":3},{"damage":18,"enemies":"Shell Parasite","floor":19,"turns":3},{"damage":15,"enemies":"Masked Bandits","floor":20,"turns":3},{"damage":45,"enemies":"Shelled Parasite and Fungi","floor":22,"turns":3},{"damage":36,"enemies":"Gremlin Leader","floor":24,"turns":6},{"damage":30,"enemies":"Centurion and Healer","floor":25,"turns":2}],"seed_played":"3189895153369848901","potions_obtained":[{"floor":3,"key":"Fire Potion"},{"floor":12,"key":"Fire Potion"},{"floor":14,"key":"ElixirPotion"},{"floor":16,"key":"DuplicationPotion"},{"floor":22,"key":"BloodPotion"}],"is_trial":false,"path_per_floor":["M","?","M","$","?","R","$","M","T","T","M","M","?","M","R","B",null,"M","M","?","?","M","R","E","M"],"character_chosen":"IRONCLAD","items_purchased":["Flex","Blood for Blood"],"campfire_rested":0,"item_purchase_floors":[4,7],"current_hp_per_floor":[80,85,85,85,74,74,74,80,80,80,83,75,68,68,68,15,85,84,78,75,59,44,44,20,0,0],"gold":408,"neow_bonus":"THREE_ENEMY_KILL","is_daily":false,"chose_seed":false,"campfire_upgraded":3,"win_rate":0.0,"timestamp":1611200149,"path_taken":["M","?","M","$","?","R","?","M","T","?","M","?","?","M","R","BOSS","M","M","?","?","M","R","E","M"],"items_purchased_type":["Card","Card"],"build_version":"2020-12-22","purchased_purges":1,"victory":false,"max_hp_per_floor":[80,85,85,85,85,85,85,85,85,85,85,85,85,85,85,85,85,85,85,85,90,90,90,90,90,90],"card_choices":[{"not_picked":["Body Slam","Whirlwind","Shrug It Off"],"picked":"SKIP","floor":1},{"not_picked":["Searing Blow","Heavy Blade"],"picked":"Bludgeon","floor":3},{"not_picked":["Headbutt","True Grit"],"picked":"Dual Wield","floor":8},{"not_picked":["Armaments","Twin Strike"],"picked":"Clothesline","floor":11},{"not_picked":["Clothesline","Havoc"],"picked":"Hemokinesis","floor":12},{"not_picked":["Metallicize","Warcry"],"picked":"Anger","floor":14},{"not_picked":["Corruption","Fiend Fire"],"picked":"Impervious","floor":16},{"not_picked":["Entrench","Sever Soul"],"picked":"Thunderclap+1","floor":18},{"not_picked":["Warcry","Shrug It Off+1"],"picked":"Bloodletting+1","floor":19},{"not_picked":["Shrug It Off","Wild Strike"],"picked":"Sword Boomerang+1","floor":20},{"not_picked":["Wild Strike","Hemokinesis+1"],"picked":"Cleave","floor":22},{"not_picked":["Sentinel","Sword Boomerang","Reckless Charge"],"picked":"SKIP","floor":24}],"player_experience":345260,"relics_obtained":[{"floor":9,"key":"Shuriken"},{"floor":10,"key":"Mercury Hourglass"},{"floor":20,"key":"Red Mask"},{"floor":24,"key":"CaptainsWheel"}],"event_choices":[{"damage_healed":0,"gold_gain":0,"player_choice":"Donut","damage_taken":0,"max_hp_gain":5,"max_hp_loss":0,"event_name":"Big Fish","floor":2,"gold_loss":0},{"damage_healed":0,"gold_gain":75,"player_choice":"Gather Gold","damage_taken":11,"max_hp_gain":0,"max_hp_loss":0,"event_name":"World of Goop","floor":5,"gold_loss":0},{"cards_removed":["Defend_R"],"damage_healed":0,"gold_gain":0,"player_choice":"Card Removal","damage_taken":7,"max_hp_gain":0,"max_hp_loss":0,"event_name":"Golden Wing","floor":13,"gold_loss":0},{"damage_healed":0,"gold_gain":0,"player_choice":"Fought Bandits","damage_taken":0,"max_hp_gain":0,"max_hp_loss":0,"event_name":"Masked Bandits","floor":20,"gold_loss":0},{"damage_healed":0,"gold_gain":0,"player_choice":"Shed Blood","damage_taken":21,"max_hp_gain":5,"max_hp_loss":0,"event_name":"Forgotten Altar","floor":21,"gold_loss":0}],"is_beta":false,"boss_relics":[{"not_picked":["SacredBark","Coffee Dripper"],"picked":"Black Blood"}],"items_purged_floors":[4],"is_endless":false,"potions_floor_spawned":[3,12,14,16,22],"killed_by":"Centurion and Healer","ascension_level":4}}