{"host":"lv7etzzgwahaenh9","time":1611211052,"event":{"mods":["AchievementEnabler","BaseMod","Colored Map","Colored Powertips","Highlight Path","Minty Spire (QoL Compilation)","Permanent Neow","Quick Restart","Random Character Button","StSLib"],"gold_per_floor":[110,120,130,143,163,188,205,205,205,205,236,274,12,45,45,176,176,194,219,219,318,318,318,359,359,436,474,487,508,543,618,618,749,749,772,796,815,815,835,875,632,647,670,694,707,366,402,416,416,416],"floor_reached":51,"language":"ENG","playtime":2583,"items_purged":["Defend_P","FlurryOfBlows","ConjureBlade+1"],"score":1100,"play_id":"29e32668-0a55-4835-b272-dc8dd28175af","local_time":"20210120223732","is_ascension_mode":true,"campfire_choices":[{"floor":10.0,"key":"REST"},{"floor":15.0,"key":"REST"},{"data":"DevaForm","floor":23.0,"key":"SMITH"},{"data":"Swivel","floor":25.0,"key":"SMITH"},{"floor":32.0,"key":"REST"},{"floor":49,"key":"REST"}],"circlet_count":0,"master_deck":["Eruption","Vigilance","BowlingBash+1","WheelKick+1","Protect","WheelKick","DeusExMachina","FearNoEvil","Swivel+1","BattleHymn","ThirdEye+1","DevaForm+1","Collect","SandsOfTime+1","Worship+1","Worship+1","Ragnarok","Swivel","Alpha","WheelKick"],"relics":["Black Star","Centennial Puzzle","PreservedInsect","Golden Idol","Ancient Tea Set","Odd Mushroom","Whetstone","Eternal Feather","Omamori","Mummified Hand","Snecko Eye","Frozen Egg 2","Pantograph","Gremlin Horn","Dream Catcher","Unceasing Top","Toy Ornithopter","Bronze Scales","Pandora\u0027s Box","Blood Vial","Incense Burner","Pear","Lantern","Boot","Membership Card","War Paint","Happy Flower","Toxic Egg 2"],"acts_visited":["Exordium","TheCity","TheBeyond"],"potions_floor_usage":[42,46,50],"damage_taken":[{"damage":0.0,"enemies":"Cultist","floor":1.0,"turns":2.0},{"damage":7.0,"enemies":"Jaw Worm","floor":2.0,"turns":3.0},{"damage":0.0,"enemies":"Small Slimes","floor":3.0,"turns":3.0},{"damage":7.0,"enemies":"Looter","floor":4.0,"turns":4.0},{"damage":4.0,"enemies":"Blue Slaver","floor":5.0,"turns":6.0},{"damage":18.0,"enemies":"3 Sentries","floor":6.0,"turns":3.0},{"damage":6.0,"enemies":"Large Slime","floor":7.0,"turns":3.0},{"damage":0.0,"enemies":"The Mushroom Lair","floor":11.0,"turns":2.0},{"damage":6.0,"enemies":"Lagavulin","floor":12.0,"turns":5.0},{"damage":1.0,"enemies":"3 Sentries","floor":14.0,"turns":2.0},{"damage":0.0,"enemies":"Slime Boss","floor":16.0,"turns":5.0},{"damage":6.0,"enemies":"Shell Parasite","floor":18.0,"turns":3.0},{"damage":0.0,"enemies":"Spheric Guardian","floor":19.0,"turns":3.0},{"damage":7.0,"enemies":"Gremlin Leader","floor":24.0,"turns":4.0},{"damage":17.0,"enemies":"Book of Stabbing","floor":27.0,"turns":3.0},{"damage":3.0,"enemies":"Shelled Parasite and Fungi","floor":28.0,"turns":4.0},{"damage":0.0,"enemies":"Chosen and Byrds","floor":29.0,"turns":2.0},{"damage":11.0,"enemies":"Slavers","floor":30.0,"turns":3.0},{"damage":22.0,"enemies":"Automaton","floor":33.0,"turns":5.0},{"damage":0.0,"enemies":"3 Darklings","floor":35.0,"turns":1.0},{"damage":0.0,"enemies":"Orb Walker","floor":37.0,"turns":2.0},{"damage":21.0,"enemies":"Maw","floor":39.0,"turns":4.0},{"damage":0,"enemies":"Nemesis","floor":40,"turns":3},{"damage":5,"enemies":"Writhing Mass","floor":42,"turns":3},{"damage":0,"enemies":"Spire Growth","floor":44,"turns":1},{"damage":1,"enemies":"Jaw Worm Horde","floor":45,"turns":2},{"damage":0,"enemies":"Giant Head","floor":47,"turns":4},{"damage":28,"enemies":"4 Shapes","floor":48,"turns":3},{"damage":47,"enemies":"Time Eater","floor":50,"turns":5}],"seed_played":"-5789268111430593976","potions_obtained":[{"floor":3.0,"key":"Energy Potion"},{"floor":7.0,"key":"DistilledChaos"},{"floor":12.0,"key":"Swift Potion"},{"floor":14.0,"key":"AttackPotion"},{"floor":16.0,"key":"Ancient Potion"},{"floor":19.0,"key":"Energy Potion"},{"floor":24.0,"key":"Energy Potion"},{"floor":28.0,"key":"Fire Potion"},{"floor":33.0,"key":"Explosive Potion"},{"floor":35.0,"key":"Fruit Juice"},{"floor":37.0,"key":"AttackPotion"},{"floor":39.0,"key":"Swift Potion"},{"floor":44,"key":"SteroidPotion"}],"is_trial":false,"path_per_floor":["M","M","M","M","M","E","M","?","T","R","?","E","$","E","R","B",null,"M","M","?","?","?","R","E","R","T","E","M","M","E","?","R","B",null,"M","T","M","?","M","E","$","M","T","M","M","$","E","M","R","B",null],"character_chosen":"WATCHER","items_purchased":["ConjureBlade","BattleHymn","Lantern","Membership Card","War Paint","BottledMiracle","BottledMiracle"],"campfire_rested":4,"item_purchase_floors":[13,13,41,46,46,46,46],"current_hp_per_floor":[72,65,65,58,54,36,30,12,12,33,33,27,27,26,59,59,72,66,66,66,66,66,72,65,72,72,55,52,52,41,34,67,50,72,72,72,72,72,51,63,63,65,65,67,68,78,80,54,87,45],"gold":416,"neow_bonus":"BOSS_RELIC","is_daily":false,"chose_seed":false,"campfire_upgraded":2,"win_rate":0.0,"timestamp":1611211052,"path_taken":["M","M","?","M","M","E","M","?","T","R","?","E","$","E","R","BOSS","M","M","?","?","?","R","E","R","T","E","M","M","E","?","R","BOSS","M","?","?","?","M","E","$","M","T","M","M","$","E","M","R","BOSS"],"items_purchased_type":["Card","Card","Relic","Relic","Relic","Potion","Potion"],"build_version":"2020-12-22","purchased_purges":3,"victory":true,"max_hp_per_floor":[72,72,72,72,72,72,72,72,72,72,72,72,72,72,72,72,72,72,72,72,72,72,72,72,72,72,72,72,72,72,72,72,72,72,72,72,72,72,72,82,82,82,82,82,82,87,87,87,87,87],"card_choices":[{"not_picked":["WaveOfTheHand","Meditate"],"picked":"BowlingBash","floor":1.0},{"not_picked":["EmptyBody","Study"],"picked":"WheelKick","floor":2.0},{"not_picked":["BowlingBash","PathToVictory"],"picked":"Weave","floor":3.0},{"not_picked":["Fasting2","Study"],"picked":"Protect","floor":4.0},{"not_picked":["Collect","EmptyMind"],"picked":"WheelKick","floor":5.0},{"not_picked":["DeceiveReality","SandsOfTime"],"picked":"DeusExMachina","floor":6.0},{"not_picked":["CarveReality","EmptyBody"],"picked":"FearNoEvil","floor":7.0},{"not_picked":["EmptyMind","BowlingBash"],"picked":"Swivel","floor":11.0},{"not_picked":["Nirvana","CarveReality","Worship"],"picked":"SKIP","floor":12.0},{"not_picked":["Brilliance","CrushJoints"],"picked":"ThirdEye","floor":14.0},{"not_picked":["Scrawl","LessonLearned"],"picked":"DevaForm","floor":16.0},{"not_picked":["EmptyFist","Nirvana+1","Tantrum+1"],"picked":"SKIP","floor":18.0},{"not_picked":["LikeWater","CrushJoints","JustLucky+1"],"picked":"SKIP","floor":19.0},{"not_picked":["CutThroughFate+1","CarveReality","ClearTheMind"],"picked":"SKIP","floor":24.0},{"not_picked":["CrushJoints","FlurryOfBlows"],"picked":"SandsOfTime+1","floor":27.0},{"not_picked":["LikeWater+1","InnerPeace","Study+1"],"picked":"SKIP","floor":28.0},{"not_picked":["FearNoEvil","Fasting2+1"],"picked":"Worship+1","floor":29.0},{"not_picked":["EmptyFist","Indignation+1","JustLucky"],"picked":"SKIP","floor":30.0},{"not_picked":["FlyingSleeves","FlurryOfBlows"],"picked":"Worship+1","floor":32.0},{"not_picked":["DevaForm+1","Omniscience"],"picked":"Ragnarok","floor":33.0},{"not_picked":["ReachHeaven+1","Prostrate+1","SashWhip"],"picked":"SKIP","floor":35.0},{"not_picked":["JustLucky","Prostrate","CrushJoints"],"picked":"SKIP","floor":37.0},{"not_picked":["SashWhip","CarveReality+1","Halt+1"],"picked":"SKIP","floor":39.0},{"not_picked":["Prostrate+1","ClearTheMind+1"],"picked":"Swivel","floor":40},{"not_picked":["JustLucky","Sanctity"],"picked":"Alpha","floor":42},{"not_picked":["CrushJoints+1","Adaptation+1","ClearTheMind"],"picked":"SKIP","floor":44},{"not_picked":["Worship","CrushJoints+1","BowlingBash+1"],"picked":"SKIP","floor":45},{"not_picked":["Pray+1","PathToVictory+1","Conclude"],"picked":"SKIP","floor":47},{"not_picked":["Fasting2+1","JustLucky"],"picked":"WheelKick","floor":48}],"player_experience":303642,"relics_obtained":[{"floor":6.0,"key":"Centennial Puzzle"},{"floor":6.0,"key":"PreservedInsect"},{"floor":9.0,"key":"Ancient Tea Set"},{"floor":11.0,"key":"Odd Mushroom"},{"floor":12.0,"key":"Whetstone"},{"floor":12.0,"key":"Eternal Feather"},{"floor":14.0,"key":"Omamori"},{"floor":14.0,"key":"Mummified Hand"},{"floor":24.0,"key":"Frozen Egg 2"},{"floor":24.0,"key":"Pantograph"},{"floor":26.0,"key":"Gremlin Horn"},{"floor":27.0,"key":"Dream Catcher"},{"floor":27.0,"key":"Unceasing Top"},{"floor":30.0,"key":"Toy Ornithopter"},{"floor":30.0,"key":"Bronze Scales"},{"floor":36.0,"key":"Blood Vial"},{"floor":40,"key":"Incense Burner"},{"floor":40,"key":"Pear"},{"floor":43,"key":"Boot"},{"floor":47,"key":"Happy Flower"},{"floor":47,"key":"Toxic Egg 2"}],"event_choices":[{"damage_healed":0.0,"max_hp_gain":0.0,"max_hp_loss":0.0,"gold_gain":0.0,"event_name":"Golden Idol","player_choice":"Take Damage","floor":8.0,"gold_loss":0.0,"damage_taken":18.0,"relics_obtained":["Golden Idol"]},{"damage_healed":0.0,"max_hp_gain":0.0,"max_hp_loss":0.0,"gold_gain":0.0,"event_name":"Mushrooms","player_choice":"Fought Mushrooms","floor":11.0,"gold_loss":0.0,"damage_taken":0.0},{"damage_healed":0.0,"max_hp_gain":0.0,"max_hp_loss":0.0,"gold_gain":0.0,"cards_transformed":["Defend_P","Defend_P"],"event_name":"Drug Dealer","player_choice":"Became Test Subject","floor":20.0,"gold_loss":0.0,"damage_taken":0.0,"cards_obtained":["FlurryOfBlows","Collect"]},{"damage_healed":0.0,"max_hp_gain":0.0,"max_hp_loss":0.0,"gold_gain":99.0,"event_name":"Nest","player_choice":"Stole From Cult","floor":21.0,"gold_loss":0.0,"damage_taken":0.0},{"damage_healed":0.0,"max_hp_gain":0.0,"max_hp_loss":0.0,"gold_gain":0.0,"event_name":"Vampires","player_choice":"Ignored","floor":22.0,"gold_loss":0.0,"damage_taken":0.0},{"damage_healed":0.0,"max_hp_gain":0.0,"max_hp_loss":0.0,"gold_gain":75.0,"event_name":"FaceTrader","player_choice":"Touch","floor":31.0,"gold_loss":0.0,"damage_taken":7.0},{"cards_removed":["Weave"],"damage_healed":0.0,"max_hp_gain":0.0,"max_hp_loss":0.0,"gold_gain":0.0,"event_name":"Bonfire Elementals","player_choice":"Offered Uncommon","floor":38.0,"gold_loss":0.0,"damage_taken":0.0}],"is_beta":false,"boss_relics":[{"not_picked":["Coffee Dripper","Runic Pyramid"],"picked":"Snecko Eye"},{"not_picked":["Philosopher\u0027s Stone","Velvet Choker"],"picked":"Pandora\u0027s Box"}],"items_purged_floors":[13,41,46],"is_endless":false,"potions_floor_spawned":[3,7,12,14,16,19,24,28,33,35,37,39,44],"ascension_level":2}}