{"host":"k1zte7p040j04785","time":1611259912,"event":{"mods":["AchievementEnabler","BaseMod","Googly Eyes","Hermit","Minty Spire (QoL Compilation)","StSLib","The Cursed"],"gold_per_floor":[128,140,171,200,182,220,232,259,322,334,346,369,414,440,452,559,571,603,615,647,676,58,58,77,97,97,46,56,56,56,81,81,81,81],"floor_reached":33,"language":"RUS","playtime":2282,"items_purged":["Strike_G"],"score":259,"play_id":"f204d919-0e23-4705-ac34-2ac85f45e3c4","local_time":"20210121231152","is_ascension_mode":false,"campfire_choices":[{"floor":7,"key":"REST"},{"floor":15,"key":"REST"},{"floor":32,"key":"REST"}],"circlet_count":0,"master_deck":["Strike_G","Strike_G+1","Defend_G","Defend_G","Defend_G","Defend_G","Defend_G","Survivor","Neutralize","Slice","Masterful Stab","All Out Attack","Eviscerate+1","Sucker Punch","Expertise","All Out Attack","Finisher","Outmaneuver","Bullet Time","Bane","Poisoned Stab","Dagger Throw+1","Masterful Stab","Quick Slash","The Bomb","PiercingWail","Dagger Throw","Quick Slash","Flying Knee","Outmaneuver+1","RitualDagger"],"relics":["Ring of the Serpent","MawBank","InkBottle","Anchor","Juzu Bracelet","HornCleat","Lee\u0027s Waffle","Oddly Smooth Stone","MutagenicStrength","Ornamental Fan","Blood Vial"],"acts_visited":["Exordium","TheCity"],"potions_floor_usage":[14,16,16,33,33],"damage_taken":[{"damage":1,"enemies":"Jaw Worm","floor":1,"turns":6},{"damage":5,"enemies":"Small Slimes","floor":3,"turns":3},{"damage":0,"enemies":"Cultist","floor":4,"turns":3},{"damage":10,"enemies":"3 Sentries","floor":6,"turns":7},{"damage":0,"enemies":"Blue Slaver","floor":8,"turns":2},{"damage":0,"enemies":"Gremlin Gang","floor":12,"turns":2},{"damage":15,"enemies":"Lagavulin","floor":13,"turns":7},{"damage":0,"enemies":"Large Slime","floor":14,"turns":2},{"damage":30,"enemies":"Slime Boss","floor":16,"turns":8},{"damage":10,"enemies":"Shell Parasite","floor":18,"turns":4},{"damage":17,"enemies":"Spheric Guardian","floor":20,"turns":4},{"damage":8,"enemies":"Snecko","floor":21,"turns":4},{"damage":11,"enemies":"Snake Plant","floor":24,"turns":2},{"damage":9,"enemies":"Shelled Parasite and Fungi","floor":25,"turns":4},{"damage":3,"enemies":"Chosen and Byrds","floor":28,"turns":4},{"damage":83,"enemies":"Collector","floor":33,"turns":6}],"seed_played":"1379404596165517298","potions_obtained":[{"floor":1,"key":"Fire Potion"},{"floor":5,"key":"EssenceOfSteel"},{"floor":5,"key":"SkillPotion"},{"floor":14,"key":"SkillPotion"},{"floor":18,"key":"Strength Potion"},{"floor":20,"key":"BlessingOfTheForge"},{"floor":24,"key":"SkillPotion"}],"is_trial":false,"path_per_floor":["M","?","M","M","?","E","R","M","T","?","?","M","E","M","R","B",null,"M","?","M","M","$","?","M","M","T","$","M","?","?","T","R","B"],"character_chosen":"THE_SILENT","items_purchased":["Lee\u0027s Waffle","Quick Slash","Oddly Smooth Stone","The Bomb","PiercingWail","Flying Knee"],"campfire_rested":3,"item_purchase_floors":[22,22,22,22,22,27],"current_hp_per_floor":[69,66,61,61,61,51,70,70,70,70,56,56,41,41,62,32,70,60,60,43,35,77,77,66,57,57,57,54,48,48,48,71,0,0],"gold":81,"neow_bonus":"RANDOM_COMMON_RELIC","is_daily":false,"chose_seed":false,"campfire_upgraded":0,"win_rate":0.0,"timestamp":1611259912,"path_taken":["M","?","M","M","?","E","R","?","T","?","?","M","E","M","R","BOSS","M","?","M","M","$","?","M","M","T","$","M","?","?","?","R","BOSS"],"items_purchased_type":["Relic","Card","Relic","Card","Card","Card"],"build_version":"2020-12-22","purchased_purges":1,"victory":false,"max_hp_per_floor":[70,70,70,70,70,70,70,70,70,70,70,70,70,70,70,70,70,70,70,70,70,77,77,77,77,77,77,77,77,77,77,77,77,77],"card_choices":[{"not_picked":["Flechettes","Deadly Poison"],"picked":"Slice","floor":1},{"not_picked":["Skewer","Flechettes"],"picked":"Masterful Stab","floor":3},{"not_picked":["Backflip","Outmaneuver"],"picked":"All Out Attack","floor":4},{"not_picked":["Flying Knee","Dash"],"picked":"Eviscerate","floor":6},{"not_picked":["Crippling Poison","Dodge and Roll"],"picked":"Sucker Punch","floor":8},{"not_picked":["Blade Dance","Concentrate"],"picked":"All Out Attack","floor":12},{"not_picked":["Escape Plan","Cloak And Dagger"],"picked":"Finisher","floor":13},{"not_picked":["Burst","Prepared"],"picked":"Outmaneuver","floor":14},{"not_picked":["Envenom","Grand Finale"],"picked":"Bullet Time","floor":16},{"not_picked":["Dodge and Roll","Tactician"],"picked":"Bane","floor":18},{"not_picked":["Deadly Poison+1","Riddle With Holes"],"picked":"Dagger Throw+1","floor":20},{"not_picked":["Bane","Cloak And Dagger"],"picked":"Masterful Stab","floor":21},{"not_picked":["Cloak And Dagger","Dodge and Roll"],"picked":"Dagger Throw","floor":24},{"not_picked":["Expertise","Endless Agony"],"picked":"Quick Slash","floor":25},{"not_picked":["Choke","Cloak And Dagger"],"picked":"Outmaneuver+1","floor":28}],"player_experience":82917,"relics_obtained":[{"floor":6,"key":"Anchor"},{"floor":9,"key":"Juzu Bracelet"},{"floor":13,"key":"HornCleat"},{"floor":26,"key":"Ornamental Fan"},{"floor":31,"key":"Blood Vial"}],"event_choices":[{"damage_healed":0,"gold_gain":0,"player_choice":"Success","damage_taken":3,"relics_obtained":["InkBottle"],"max_hp_gain":0,"max_hp_loss":0,"event_name":"Scrap Ooze","floor":2,"gold_loss":0},{"damage_healed":0,"gold_gain":0,"player_choice":"Bought 2 Potions","damage_taken":0,"max_hp_gain":0,"max_hp_loss":0,"event_name":"The Woman in Blue","floor":5,"gold_loss":0},{"damage_healed":0,"gold_gain":0,"cards_transformed":["Strike_G"],"player_choice":"Transformed","damage_taken":0,"max_hp_gain":0,"max_hp_loss":0,"event_name":"Transmorgrifier","floor":10,"gold_loss":0,"cards_obtained":["Expertise"]},{"damage_healed":0,"gold_gain":0,"player_choice":"Entered Light","damage_taken":14,"max_hp_gain":0,"max_hp_loss":0,"event_name":"Shining Light","floor":11,"gold_loss":0,"cards_upgraded":["Strike_G","Eviscerate"]},{"damage_healed":0,"gold_gain":0,"player_choice":"Read","damage_taken":0,"max_hp_gain":0,"max_hp_loss":0,"event_name":"The Library","floor":19,"gold_loss":0,"cards_obtained":["Poisoned Stab"]},{"damage_healed":0,"gold_gain":0,"player_choice":"Inject Mutagens","damage_taken":0,"relics_obtained":["MutagenicStrength"],"max_hp_gain":0,"max_hp_loss":0,"event_name":"Drug Dealer","floor":23,"gold_loss":0},{"damage_healed":0,"gold_gain":0,"player_choice":"Joined the Cult","damage_taken":6,"max_hp_gain":0,"max_hp_loss":0,"event_name":"Nest","floor":29,"gold_loss":0,"cards_obtained":["RitualDagger"]},{"cards_removed":["Strike_G"],"damage_healed":0,"gold_gain":0,"player_choice":"Elegance","damage_taken":0,"max_hp_gain":0,"max_hp_loss":0,"event_name":"Back to Basics","floor":30,"gold_loss":0}],"is_beta":false,"boss_relics":[{"not_picked":["Runic Pyramid","Sozu"],"picked":"Ring of the Serpent"}],"items_purged_floors":[22],"is_endless":false,"potions_floor_spawned":[1,12,13,14,18,20,24],"killed_by":"Collector","ascension_level":0}}