{"host":"guv5thfpx4d8ikzb","time":1611271170,"event":{"mods":["2.2 Compatiblity","AchievementEnabler","BaseMod","Block Reminder","Colored Map","Colored Powertips","Downfall","Minty Spire (QoL Compilation)","Permanent Neow","Quick Restart","Relic Stats","StSLib"],"gold_per_floor":[199,217,317,335,510,540,540,76,109,283,318,218,218,236,256,357,357,357,367,385,398,398,415,483,383,174,203,203,303,403,451,517,624,624,624,624],"floor_reached":34,"language":"ENG","playtime":2344,"items_purged":["Doubt","sneckomod:Strike"],"score":691,"play_id":"343a3bd3-9e2c-4cd5-a0f3-51d12fc990c2","local_time":"20210121181930","is_ascension_mode":true,"campfire_choices":[{"floor":18.0,"key":"RECALL"},{"data":"sneckomod:UnendingSupply","floor":25.0,"key":"SMITH"},{"floor":28.0,"key":"REST"}],"circlet_count":0,"master_deck":["sneckomod:TailWhip","sneckomod:SnekBite","sneckomod:Unknown","Dagger Spray","sneckomod:UnknownCommonAttack","sneckomod:UnknownWeak","sneckomod:UnknownRareAttack","sneckomod:UnknownRareSkill+1","sneckomod:UnknownRarePower","sneckomod:Transmogrify+1","sneckomod:UnendingSupply+1","sneckomod:SoulExchange+1","sneckomod:UnknownDraw+1","sneckomod:UnknownCommonSkill+1","sneckomod:SoulDraw+1","Mayhem+1","Corruption+1","sneckomod:SlitherStrike","sneckomod:UnknownExhaust+1","sneckomod:UnlimitedRolls+1","sneckomod:UnknownClassRED+1","sneckomod:DiceBlock+1","sneckomod:UnendingSupply+1","sneckomod:UnknownBlock+1","sneckomod:UnknownDexterity+1","sneckomod:Unknown0Cost+1","sneckomod:UnknownDraw+1","sneckomod:GlitteringGambit+1","Footwork+1","sneckomod:UnknownRareSkill+1","sneckomod:UnknownBlock+1","sneckomod:MasterEye+1","sneckomod:CheapStock+1","sneckomod:CheapStock+1","sneckomod:MasterEye+1","sneckomod:UnknownRareAttack","sneckomod:DiceBlock+1","sneckomod:SoulRoll+1","sneckomod:UnknownBoss+1"],"relics":["sneckomod:SneckoSoul","Toxic Egg 2","HornCleat","downfall:HeartBlessingGreen","Shuriken","Membership Card","sneckomod:SuperSneckoSoul","downfall:HeartBlessingRed","Frozen Egg 2","HandDrill","Mango","Ice Cream","Centennial Puzzle","OrangePellets","Gambling Chip","Pocketwatch","Letter Opener","Meat on the Bone","Anchor","The Courier","Busted Crown"],"acts_visited":["Exordium","TheCity","TheBeyond"],"potions_floor_usage":[],"damage_taken":[{"damage":0.0,"enemies":"Small Slimes","floor":2.0,"turns":1.0},{"damage":9.0,"enemies":"Jaw Worm","floor":4.0,"turns":2.0},{"damage":0.0,"enemies":"downfall:FleeingMerchant","floor":8.0,"turns":4.0},{"damage":30.0,"enemies":"3 Sentries","floor":9.0,"turns":6.0},{"damage":17.0,"enemies":"downfall:FleeingMerchant","floor":10.0,"turns":4.0},{"damage":48.0,"enemies":"Gremlin Nob","floor":11.0,"turns":4.0},{"damage":0.0,"enemies":"Cultist","floor":14.0,"turns":3.0},{"damage":1.0,"enemies":"Blue Slaver","floor":15.0,"turns":3.0},{"damage":41.0,"enemies":"DF_ARCHETYPE_STREAMLINE","floor":16.0,"turns":8.0},{"damage":8.0,"enemies":"Shell Parasite","floor":19.0,"turns":3.0},{"damage":15.0,"enemies":"Chosen","floor":20.0,"turns":6.0},{"damage":29.0,"enemies":"Centurion and Healer","floor":21.0,"turns":5.0},{"damage":18.0,"enemies":"Chosen and Byrds","floor":23.0,"turns":4.0},{"damage":0.0,"enemies":"downfall:FleeingMerchant","floor":26.0,"turns":4.0},{"damage":32.0,"enemies":"Book of Stabbing","floor":27.0,"turns":5.0},{"damage":16.0,"enemies":"Gremlin Leader","floor":31.0,"turns":3.0},{"damage":2.0,"enemies":"Sentry and Sphere","floor":32.0,"turns":4.0},{"damage":0.0,"enemies":"SI_MIRROR_ARCHETYPE","floor":33.0,"turns":6.0}],"seed_played":"-6531905705691835385","potions_obtained":[{"floor":2.0,"key":"hexamod:SoulburnPotion"},{"floor":11.0,"key":"Regen Potion"}],"is_trial":false,"path_per_floor":["R","M","?","M","?","?","T","$","E","$","E","R","?","M","M","B",null,"R","M","M","M","?","M","T","R","$","E","R","?","?","E","M","B",null],"character_chosen":"THE_SNECKO","items_purchased":["sneckomod:RareBoosterPack","sneckomod:Transmogrify+1","sneckomod:UnendingSupply","Pantograph","Sling","sneckomod:UnknownCommonSkill+1","sneckomod:SoulDraw+1","HandDrill","Orichalcum","Mango","Ice Cream","Centennial Puzzle","sneckomod:UnknownBlock+1","sneckomod:MasterEye+1","sneckomod:CheapStock+1","sneckomod:CheapStock+1","sneckomod:MasterEye+1"],"campfire_rested":1,"item_purchase_floors":[8,8,8,10,10,10,10,26,26,26,26,26,26,26,26,26,26],"current_hp_per_floor":[90,90,90,81,81,81,81,81,59,57,44,44,75,75,74,48,82,82,74,59,45,45,27,27,27,41,14,46,46,46,30,28,40,90,90,90],"gold":624,"neow_bonus":"HUNDRED_GOLD","is_daily":false,"chose_seed":false,"campfire_upgraded":1,"win_rate":0.0,"timestamp":1611271170,"path_taken":["R","M","?","M","?","?","T","$","E","$","E","R","?","?","M","BOSS","R","M","M","M","?","M","T","R","$","E","R","?","?","E","M","BOSS"],"items_purchased_type":["Relic","Card","Card","Relic","Relic","Card","Card","Relic","Relic","Relic","Relic","Relic","Card","Card","Card","Card","Card"],"build_version":"2020-12-22","purchased_purges":2,"victory":false,"max_hp_per_floor":[90,90,90,90,90,90,90,90,93,93,93,93,93,93,93,93,93,93,93,93,93,93,93,93,93,107,107,107,107,107,107,107,107,107,107,107],"relic_stats":{"OrangePellets":[13],"Centennial Puzzle":[8],"Busted Crown":0,"counters":[18,75],"Shuriken":[18],"Gambling Chip":[8],"HandDrill":[26],"Letter Opener":[26],"obtain_stats":[{"Ice Cream":26,"downfall:HeartBlessingGreen":12,"Mango":26,"sneckomod:SneckoSoul":0,"Sling":10,"Cursed Key":17,"sneckomod:SuperSneckoSoul":23,"Centennial Puzzle":26,"HornCleat":11,"Pantograph":10,"Gambling Chip":27,"HandDrill":26,"Toxic Egg 2":8,"sneckomod:RareBoosterPack":8,"downfall:HeartBlessingRed":25,"The Courier":24,"Letter Opener":31,"Frozen Egg 2":11,"Orichalcum":26,"Strange Spoon":14,"OrangePellets":21,"Anchor":33,"Busted Crown":34,"Shuriken":9,"Membership Card":16,"Pocketwatch":7,"Meat on the Bone":32},{"Ice Cream":14,"downfall:HeartBlessingGreen":6,"Mango":14,"sneckomod:SneckoSoul":0,"Sling":5,"Cursed Key":9,"sneckomod:SuperSneckoSoul":13,"Centennial Puzzle":14,"HornCleat":6,"Pantograph":5,"Gambling Chip":15,"HandDrill":14,"Toxic Egg 2":3,"sneckomod:RareBoosterPack":3,"downfall:HeartBlessingRed":13,"The Courier":13,"Letter Opener":16,"Frozen Egg 2":6,"Orichalcum":14,"Strange Spoon":7,"OrangePellets":12,"Anchor":18,"Busted Crown":18,"Shuriken":4,"Membership Card":9,"Pocketwatch":2,"Meat on the Bone":17},{"Ice Cream":57,"downfall:HeartBlessingGreen":21,"Mango":57,"sneckomod:SneckoSoul":0,"Sling":17,"Cursed Key":35,"sneckomod:SuperSneckoSoul":53,"Centennial Puzzle":57,"HornCleat":21,"Pantograph":17,"Gambling Chip":62,"HandDrill":57,"Toxic Egg 2":7,"sneckomod:RareBoosterPack":7,"downfall:HeartBlessingRed":53,"The Courier":53,"Letter Opener":65,"Frozen Egg 2":21,"Orichalcum":57,"Strange Spoon":24,"OrangePellets":49,"Anchor":75,"Busted Crown":75,"Shuriken":13,"Membership Card":35,"Pocketwatch":3,"Meat on the Bone":69}],"Pocketwatch":[51],"Meat on the Bone":12},"card_choices":[{"not_picked":["sneckomod:DiceBlock","sneckomod:Nope"],"picked":"sneckomod:UnknownCommonAttack","floor":2.0},{"not_picked":["sneckomod:UnknownUncommonPower","sneckomod:QuickMove"],"picked":"sneckomod:UnknownWeak","floor":4.0},{"not_picked":["sneckomod:SoulCleanse+1","sneckomod:Nope+1","sneckomod:DiceBoulder"],"picked":"SKIP","floor":8.0},{"not_picked":["sneckomod:Nope+1","sneckomod:WideSting"],"picked":"sneckomod:SoulExchange+1","floor":9.0},{"not_picked":["sneckomod:DiceBlock+1","sneckomod:Nope+1"],"picked":"sneckomod:UnknownDraw+1","floor":10.0},{"not_picked":["sneckomod:UnknownDraw+1","sneckomod:UnknownCommonSkill+1"],"picked":"sneckomod:UnknownExhaust+1","floor":11.0},{"not_picked":["sneckomod:DiceCrush","sneckomod:WideSting"],"picked":"sneckomod:SlitherStrike","floor":14.0},{"not_picked":["sneckomod:Unknown0Cost+1","sneckomod:SlitherStrike"],"picked":"sneckomod:UnknownExhaust+1","floor":15.0},{"not_picked":["sneckomod:UnknownBoss+1","sneckomod:UnknownRareAttack"],"picked":"sneckomod:UnlimitedRolls+1","floor":16.0},{"not_picked":["sneckomod:UnknownDraw+1","sneckomod:UnknownClassGREEN+1"],"picked":"sneckomod:UnknownClassRED+1","floor":19.0},{"not_picked":["sneckomod:IronFang","sneckomod:UnknownClassRED+1"],"picked":"sneckomod:DiceBlock+1","floor":20.0},{"not_picked":["sneckomod:UnknownClassTHE_CHAMP_GRAY+1","sneckomod:WideSting"],"picked":"sneckomod:UnendingSupply+1","floor":21.0},{"not_picked":["sneckomod:DiceCrush+1","sneckomod:SnekBeam"],"picked":"sneckomod:GlitteringGambit+1","floor":23.0},{"not_picked":["sneckomod:UnknownDraw+1","sneckomod:UnknownUncommonPower+1"],"picked":"sneckomod:UnknownRareSkill+1","floor":26.0},{"not_picked":["sneckomod:ImprovisedGuard+1","sneckomod:UnknownCommonAttack+1"],"picked":"sneckomod:UnknownRareAttack","floor":27.0},{"not_picked":["sneckomod:UnendingSupply+1","sneckomod:UnknownClassRED+1"],"picked":"sneckomod:DiceBlock+1","floor":31.0},{"not_picked":["sneckomod:UnknownClassTHE_CHAMP_GRAY+1","sneckomod:QuickBite"],"picked":"sneckomod:SoulRoll+1","floor":32.0},{"not_picked":["sneckomod:SoulExchange+1","sneckomod:Cheat+1"],"picked":"sneckomod:UnknownBoss+1","floor":33.0}],"player_experience":1077501,"relics_obtained":[{"floor":7.0,"key":"Pocketwatch"},{"floor":9.0,"key":"Toxic Egg 2"},{"floor":9.0,"key":"Shuriken"},{"floor":10.0,"key":"Pocketwatch"},{"floor":11.0,"key":"HornCleat"},{"floor":11.0,"key":"Frozen Egg 2"},{"floor":14.0,"key":"Strange Spoon"},{"floor":16.0,"key":"Membership Card"},{"floor":19.0,"key":"Shuriken"},{"floor":20.0,"key":"Membership Card"},{"floor":21.0,"key":"OrangePellets"},{"floor":23.0,"key":"sneckomod:SuperSneckoSoul"},{"floor":24.0,"key":"The Courier"},{"floor":26.0,"key":"Frozen Egg 2"},{"floor":27.0,"key":"OrangePellets"},{"floor":27.0,"key":"Gambling Chip"},{"floor":31.0,"key":"Pocketwatch"},{"floor":31.0,"key":"Letter Opener"},{"floor":32.0,"key":"Meat on the Bone"},{"floor":33.0,"key":"Anchor"},{"floor":33.0,"key":"The Courier"}],"event_choices":[{"damage_healed":31.0,"max_hp_gain":0.0,"max_hp_loss":0.0,"gold_gain":0.0,"event_name":"Big Fish","player_choice":"Banana","floor":13.0,"gold_loss":0.0,"damage_taken":0.0}],"is_beta":false,"boss_relics":[{"not_picked":["SlaversCollar","bronze:MakeshiftBattery"],"picked":"Cursed Key"},{"not_picked":["Calling Bell","Astrolabe"],"picked":"Busted Crown"}],"items_purged_floors":[8,10],"is_endless":false,"potions_floor_spawned":[2,11,15,16,20,23,31,32],"ascension_level":5}}