{"host":"gk336il5jfnqajsw","time":1611200536,"event":{"mods":["2.2 Compatiblity","AchievementEnabler","BaseMod","Colored Powertips","Minty Spire (QoL Compilation)","Relic Stats","StSLib"],"gold_per_floor":[365,51,68,84,84,112,187,12,12,12,25,25,25,45,45,45,45],"floor_reached":16,"language":"ENG","playtime":521,"items_purged":["Strike_R","Bash"],"score":100,"play_id":"d454cada-3e15-45c9-ab0c-480675041ef0","local_time":"20210120204216","is_ascension_mode":false,"campfire_choices":[{"data":"Evolve","floor":10,"key":"SMITH"},{"data":"Body Slam","floor":13,"key":"SMITH"},{"data":"Burning Pact","floor":15,"key":"SMITH"}],"circlet_count":0,"master_deck":["Strike_R","Strike_R","Strike_R","Strike_R","Defend_R","Defend_R","Defend_R","Defend_R","Body Slam+1","Clash","Fire Breathing","Burning Pact+1","Evolve+1","Feed"],"relics":["Burning Blood","Gremlin Horn","Torii"],"acts_visited":["Exordium"],"potions_floor_usage":[6,14,14],"damage_taken":[{"damage":5,"enemies":"Jaw Worm","floor":1,"turns":6},{"damage":6,"enemies":"2 Louse","floor":3,"turns":3},{"damage":1,"enemies":"Cultist","floor":4,"turns":4},{"damage":18,"enemies":"3 Sentries","floor":6,"turns":4},{"damage":18,"enemies":"Large Slime","floor":11,"turns":5},{"damage":6,"enemies":"Lots of Slimes","floor":14,"turns":3},{"damage":48,"enemies":"Hexaghost","floor":16,"turns":11}],"seed_played":"-3015275135315156495","potions_obtained":[{"floor":3,"key":"PowerPotion"},{"floor":4,"key":"EssenceOfSteel"},{"floor":6,"key":"PowerPotion"},{"floor":12,"key":"Strength Potion"},{"floor":12,"key":"ColorlessPotion"}],"is_trial":false,"path_per_floor":["M","$","M","M","?","E","?","$","T","R","M","?","R","M","R","B"],"character_chosen":"IRONCLAD","items_purchased":["Gremlin Horn","Evolve"],"campfire_rested":0,"item_purchase_floors":[2,8],"current_hp_per_floor":[72,72,72,72,77,65,54,54,54,54,42,42,42,42,42,0,0],"gold":45,"neow_bonus":"TWO_FIFTY_GOLD","is_daily":false,"chose_seed":false,"campfire_upgraded":3,"win_rate":0.0,"timestamp":1611200536,"path_taken":["M","$","M","M","?","E","?","?","T","R","M","?","R","?","R","BOSS"],"items_purchased_type":["Relic","Card"],"build_version":"2020-12-22","purchased_purges":2,"victory":false,"max_hp_per_floor":[72,72,72,72,77,77,77,77,77,77,77,77,77,77,77,77,77],"relic_stats":{"Gremlin Horn":[7,7],"Torii":39,"counters":[7,36],"obtain_stats":[{"Gremlin Horn":2,"Torii":6,"Burning Blood":0},{"Gremlin Horn":1,"Torii":4,"Burning Blood":0},{"Gremlin Horn":6,"Torii":17,"Burning Blood":0}],"Burning Blood":30},"card_choices":[{"not_picked":["Armaments","Iron Wave"],"picked":"Body Slam","floor":1},{"not_picked":["Carnage","Cleave"],"picked":"Clash","floor":3},{"not_picked":["Twin Strike","True Grit"],"picked":"Fire Breathing","floor":4},{"not_picked":["Inflame","Armaments"],"picked":"Burning Pact","floor":6},{"not_picked":["Perfected Strike","Headbutt","Disarm"],"picked":"SKIP","floor":11},{"not_picked":["Thunderclap","Rage"],"picked":"Feed","floor":14}],"player_experience":556658,"relics_obtained":[{"floor":6,"key":"Torii"}],"event_choices":[{"damage_healed":0,"gold_gain":0,"player_choice":"Donut","damage_taken":0,"max_hp_gain":5,"max_hp_loss":0,"event_name":"Big Fish","floor":5,"gold_loss":0},{"damage_healed":0,"gold_gain":75,"player_choice":"Gather Gold","damage_taken":11,"max_hp_gain":0,"max_hp_loss":0,"event_name":"World of Goop","floor":7,"gold_loss":0},{"damage_healed":0,"gold_gain":0,"player_choice":"Got Potions","damage_taken":0,"max_hp_gain":0,"max_hp_loss":0,"event_name":"Lab","floor":12,"gold_loss":0}],"is_beta":false,"boss_relics":[],"items_purged_floors":[2,8],"is_endless":false,"potions_floor_spawned":[3,4,6],"killed_by":"Hexaghost","ascension_level":0}}