{"host":"qmnyg5dk1o6rw6mz","time":1611251572,"event":{"mods":["100% Spire Juice","2.2 Compatiblity","ATMod(ªü½@Mod)","AchievementEnabler","Act Like it!","AlwaysNeverKeys","Arknights The Spire","Ascension Reborn","Aspiration","Astrologer","BaseMod","Bestiary","Better Match","Better Note","BetterRewards","Challenge The Spire","Colored Map","Colored Powertips","Conjunction","Conspire","DeckTracker","Defuse TimeMaze Blight","Disable Question Mark Monsters","Energized Spire","Gensokyo","GifTheSpireLib","Gremlin Skip","GungeonMod","Highlight Path","HololiveMod","HornydragonMod","Hubris","Hyrulean Relics","Infinite Spire","Jedi Mod","KomeijiMod","Marisa¡]Ãú«B¡@Å]²z¨F¡^","Mimic Mod","Minty Spire (QoL Compilation)","MostiFishMod","Pale of the Ancients","Permanent Neow","Quarter Circle Forward PUNCH!","Quick Restart","Rare Cards Sparkle","Reimu¡]³Õ???¡^","Relic Filter","Relic Stats","Replay The Spire","Reworked Bosses","RumiaBox-ÅS¦Ì?ªº¯«¯µ²°¤l","SIMod","StSLib","Stuff the Spire","SuperFastMode","The Alterego","The Animator","The Cursed","The Gatherer","The Jungle","The Marked","The Runesmith","The Showman","Unceasing Turn Reminder","Unknown Chances","Useless Jewels Mod","Wandering Minibosses","Yuri Mod","vexMod","¡i¥\¯àMod¡j²V¨P¤§?­×Î`?¤B"],"gold_per_floor":[118,118,133,133,58,58,91,0,0,0,27,27,27,37,37,140,140,571,588,608,608,608,858,858,858],"floor_reached":24,"language":"ZHS","playtime":1139,"items_purged":[],"score":202,"play_id":"aec39754-1a31-484f-9e9e-917cce4c926f","local_time":"20210122015252","is_ascension_mode":true,"campfire_choices":[{"data":"alterego_mod:Antipathy","floor":6,"key":"SMITH"},{"data":"alterego_mod:DiscoLights","floor":10,"key":"SMITH"},{"data":"alterego_mod:Weigh","floor":15,"key":"SMITH"}],"circlet_count":0,"master_deck":["alterego_mod:Strike","alterego_mod:Strike","alterego_mod:Strike","alterego_mod:Strike","alterego_mod:Defend","alterego_mod:Defend","alterego_mod:Defend","alterego_mod:Defend","alterego_mod:Impale","alterego_mod:BigMeatyClaws","alterego_mod:BrynhildrsRune","alterego_mod:Antipathy+1","Hallucinations","alterego_mod:DiscoLights+1","alterego_mod:Weigh+1","alterego_mod:VirginLaserPalladion","alterego_mod:BiFurious","alterego_mod:Bunnysuit","AT_ThunderBolt","Gensokyo:GapWoman"],"relics":["alterego_mod:MasochisticConstitution","AT_ATBox","DaveBox","Juzu Bracelet","ReplayTheSpireMod:Ring of Addiction","Chameleon Ring","ReplayTheSpireMod:Ring of Collecting","hubris:EmptyBottle","MagicDraw4","ReplayTheSpireMod:Ring of Sloth","DemoMod:NanoMachines","DemoMod:MonsterBlood","Gensokyo:OccultBall","aspiration:DefectSkillbook","DemoMod:GlassGuonStoneRelic","qcfpunch:Not_Strongest_Fighting_Style_Guidebook","Frozen Eye"],"acts_visited":["Exordium","Gensokyo:Gensokyo"],"potions_floor_usage":[7,7,7,11,14,18,20,20,24],"damage_taken":[{"damage":2,"enemies":"Gensokyo:Gryphon","floor":1,"turns":4},{"damage":6,"enemies":"Gensokyo:3_Fairies","floor":3,"turns":5},{"damage":43,"enemies":"Gensokyo:Aya","floor":7,"turns":7},{"damage":33,"enemies":"Gensokyo:Cirno","floor":11,"turns":7},{"damage":0,"enemies":"Gensokyo:Python","floor":14,"turns":4},{"damage":45,"enemies":"Gensokyo:Yukari","floor":16,"turns":12},{"damage":42,"enemies":"Gensokyo:AngelMirror","floor":18,"turns":2},{"damage":0,"enemies":"Gensokyo:2_Gloops","floor":19,"turns":2},{"damage":28,"enemies":"Gensokyo:Swordslinger","floor":20,"turns":3},{"damage":22,"enemies":"Gensokyo:Koishi","floor":24,"turns":2}],"seed_played":"-5536086448497304459","potions_obtained":[{"floor":1,"key":"SpeedPotion"},{"floor":4,"key":"Toxic Potion"},{"floor":4,"key":"Adrenaline Potion"},{"floor":11,"key":"Conjunction:LightningMarble"},{"floor":16,"key":"Venom Potion"},{"floor":19,"key":"DistilledChaos"}],"is_trial":false,"path_per_floor":["M","?","M","?","?","R","E","?","T","R","E","?","?","M","R","B",null,"M","M","M","?","?","?","E"],"character_chosen":"The_Alterego","items_purchased":[],"campfire_rested":0,"item_purchase_floors":[],"current_hp_per_floor":[69,69,64,64,64,64,22,67,67,67,44,51,51,53,53,9,87,44,46,19,19,19,19,0,0],"gold":858,"neow_bonus":"RANDOM_COMMON_RELIC","is_daily":false,"chose_seed":false,"campfire_upgraded":3,"win_rate":0.0,"timestamp":1611251572,"path_taken":["M","?","M","?","?","R","E","?","T","R","E","?","?","M","R","BOSS","M","M","M","?","?","?","E"],"items_purchased_type":[],"build_version":"2020-12-22","purchased_purges":0,"victory":false,"max_hp_per_floor":[71,71,72,72,72,72,73,73,73,73,79,86,86,86,86,87,87,86,86,87,81,73,69,67,67],"relic_stats":{"counters":[10,48],"Juzu Bracelet":2,"obtain_stats":[{"DemoMod:Armor":9,"alterego_mod:MasochisticConstitution":0,"AT_ATBox":0,"DaveBox":0,"ReplayTheSpireMod:Ring of Addiction":4,"ReplayTheSpireMod:Ring of Sloth":9,"qcfpunch:Not_Strongest_Fighting_Style_Guidebook":21,"DemoMod:GlassGuonStoneRelic":1,"Juzu Bracelet":0,"hubris:EmptyBottle":4,"MagicDraw4":7,"Frozen Eye":24,"Chameleon Ring":4,"aspiration:DefectSkillbook":17,"DemoMod:MonsterBlood":11,"ReplayTheSpireMod:Ring of Collecting":4,"DemoMod:NanoMachines":9,"Gensokyo:OccultBall":13},{"DemoMod:Armor":3,"alterego_mod:MasochisticConstitution":0,"AT_ATBox":0,"DaveBox":0,"ReplayTheSpireMod:Ring of Addiction":2,"ReplayTheSpireMod:Ring of Sloth":3,"qcfpunch:Not_Strongest_Fighting_Style_Guidebook":9,"DemoMod:GlassGuonStoneRelic":1,"Juzu Bracelet":0,"hubris:EmptyBottle":2,"MagicDraw4":3,"Frozen Eye":9,"Chameleon Ring":2,"aspiration:DefectSkillbook":6,"DemoMod:MonsterBlood":4,"ReplayTheSpireMod:Ring of Collecting":2,"DemoMod:NanoMachines":3,"Gensokyo:OccultBall":4},{"DemoMod:Armor":16,"alterego_mod:MasochisticConstitution":0,"AT_ATBox":0,"DaveBox":0,"ReplayTheSpireMod:Ring of Addiction":9,"ReplayTheSpireMod:Ring of Sloth":16,"qcfpunch:Not_Strongest_Fighting_Style_Guidebook":46,"DemoMod:GlassGuonStoneRelic":4,"Juzu Bracelet":0,"hubris:EmptyBottle":9,"MagicDraw4":16,"Frozen Eye":46,"Chameleon Ring":9,"aspiration:DefectSkillbook":39,"DemoMod:MonsterBlood":23,"ReplayTheSpireMod:Ring of Collecting":9,"DemoMod:NanoMachines":16,"Gensokyo:OccultBall":23}]},"card_choices":[{"not_picked":["alterego_mod:Cycle","alterego_mod:Skirt","alterego_mod:BoobPocket"],"picked":"SKIP","floor":1},{"not_picked":["alterego_mod:Jiggle","alterego_mod:Belle"],"picked":"alterego_mod:Antipathy","floor":3},{"not_picked":["Metamorphosis+1","jedi:cleanse+1"],"picked":"MostiFishMod:BrokenBlackCloak+1","floor":5},{"not_picked":["alterego_mod:TrashNCrash","alterego_mod:SuperDuperMasochism"],"picked":"alterego_mod:DiscoLights","floor":7},{"not_picked":["alterego_mod:BeGentle","alterego_mod:Nekomimi","alterego_mod:PerceptionDisorder"],"picked":"SKIP","floor":11},{"not_picked":["alterego_mod:Swimsuit","alterego_mod:Clones"],"picked":"alterego_mod:Weigh","floor":14},{"not_picked":["alterego_mod:Rake","alterego_mod:InsideBaseball"],"picked":"alterego_mod:VirginLaserPalladion","floor":16},{"not_picked":["Panic Button","Hello World","AT_RobotInSpace"],"picked":"alterego_mod:BiFurious","floor":18},{"not_picked":["White Noise","MostiFishMod:GatherIntelligence","alterego_mod:Schoolgirl"],"picked":"alterego_mod:Bunnysuit","floor":19},{"not_picked":["StuffTheSpire:LoadUp","Hologram","StuffTheSpire:Coldhearted"],"picked":"AT_ThunderBolt","floor":20},{"not_picked":["Gensokyo:LittleGreenMen","Gensokyo:SevenSchoolMysteries","Gensokyo:TurboGranny"],"picked":"Gensokyo:GapWoman","floor":22}],"player_experience":199179,"relics_obtained":[{"floor":4,"key":"ReplayTheSpireMod:Ring of Addiction"},{"floor":4,"key":"Chameleon Ring"},{"floor":4,"key":"ReplayTheSpireMod:Ring of Collecting"},{"floor":4,"key":"hubris:EmptyBottle"},{"floor":7,"key":"MagicDraw4"},{"floor":9,"key":"ReplayTheSpireMod:Ring of Sloth"},{"floor":9,"key":"DemoMod:NanoMachines"},{"floor":11,"key":"DemoMod:MonsterBlood"},{"floor":16,"key":"Gensokyo:OccultBall"}],"event_choices":[{"damage_healed":0,"gold_gain":0,"player_choice":"2","damage_taken":0,"max_hp_gain":0,"max_hp_loss":0,"event_name":"betterMatch:BetterMatch","floor":5,"gold_loss":0,"cards_obtained":["betterMatch:ColorlessRareCard"]}],"is_beta":false,"boss_relics":[{"not_picked":["hubris:CrackedHourglass","NightmareShop"],"picked":"aspiration:DefectSkillbook"}],"items_purged_floors":[],"is_endless":false,"potions_floor_spawned":[1,11,16,19],"killed_by":"Gensokyo:Koishi","ascension_level":0}}