{"host":"lsq35p0sdkx2xifo","time":1611218053,"event":{"mods":["AchievementEnabler","BaseMod","Highlight Path","Minty Spire (QoL Compilation)","StSLib","The Senshi"],"gold_per_floor":[114,39,0,0,16,16,43,43,43,68,19,42,42,54,54,128,128,145,128,128,128],"floor_reached":20,"language":"ENG","playtime":716,"items_purged":[],"score":359,"play_id":"ff0c07cc-4b62-480b-8b63-7f7b652e6ee8","local_time":"20210121003413","is_ascension_mode":true,"campfire_choices":[{"data":"Infinite Blades","floor":6,"key":"SMITH"},{"data":"A Thousand Cuts","floor":8,"key":"SMITH"},{"floor":13,"key":"REST"},{"floor":15,"key":"REST"}],"circlet_count":0,"master_deck":["AscendersBane","Strike_G","Strike_G","Strike_G","Strike_G","Strike_G","Defend_G","Defend_G","Defend_G+1","Defend_G","Survivor+1","Neutralize","Infinite Blades+1","Accuracy","Dodge and Roll","A Thousand Cuts+1","Noxious Fumes","Blur","Venomology","Backstab","Choke"],"relics":["Ring of the Snake","NeowsBlessing","Shovel","Unceasing Top","Toy Ornithopter","War Paint","Black Star"],"acts_visited":["Exordium","TheCity"],"potions_floor_usage":[1,10,16,16,18,19,20,20],"damage_taken":[{"damage":0,"enemies":"2 Louse","floor":1,"turns":1},{"damage":0,"enemies":"Jaw Worm","floor":5,"turns":1},{"damage":0,"enemies":"Lagavulin","floor":7,"turns":1},{"damage":30,"enemies":"Gremlin Nob","floor":10,"turns":4},{"damage":2,"enemies":"Cultist","floor":14,"turns":4},{"damage":27,"enemies":"Hexaghost","floor":16,"turns":10},{"damage":29,"enemies":"Shell Parasite","floor":18,"turns":7},{"damage":11,"enemies":"2 Thieves","floor":19,"turns":4},{"damage":39,"enemies":"Snake Plant","floor":20,"turns":3}],"seed_played":"-949463879012190562","potions_obtained":[{"floor":1,"key":"EntropicBrew"},{"floor":10,"key":"SpeedPotion"},{"floor":16,"key":"LiquidBronze"},{"floor":18,"key":"GhostInAJar"},{"floor":19,"key":"Explosive Potion"}],"is_trial":false,"path_per_floor":["M","$","?","?","M","R","E","R","T","E","$","T","R","M","R","B",null,"M","M","M"],"character_chosen":"THE_SILENT","items_purchased":["Accuracy","PowerPotion"],"campfire_rested":2,"item_purchase_floors":[2,11],"current_hp_per_floor":[59,59,59,52,52,52,52,52,52,22,22,22,41,39,58,39,59,35,29,0,0],"gold":128,"neow_bonus":"THREE_ENEMY_KILL","is_daily":false,"chose_seed":false,"campfire_upgraded":2,"win_rate":0.0,"timestamp":1611218053,"path_taken":["M","$","?","?","M","R","E","R","T","E","$","?","R","?","R","BOSS","M","M","M"],"items_purchased_type":["Card","Potion"],"build_version":"2020-12-22","purchased_purges":0,"victory":false,"max_hp_per_floor":[66,66,66,66,66,66,66,66,66,66,66,66,66,66,66,66,66,66,66,66,66],"card_choices":[{"not_picked":["Tactician","Slice"],"picked":"Infinite Blades","floor":1},{"not_picked":["Bane","Deflect"],"picked":"Dodge and Roll","floor":5},{"not_picked":["Deadly Poison","Flechettes"],"picked":"A Thousand Cuts","floor":7},{"not_picked":["All Out Attack","Concentrate"],"picked":"Noxious Fumes","floor":10},{"not_picked":["Flying Knee","Deadly Poison"],"picked":"Blur","floor":14},{"not_picked":["Phantasmal Killer","Die Die Die"],"picked":"Venomology","floor":16},{"not_picked":["Quick Slash","Dash"],"picked":"Backstab","floor":18},{"not_picked":["Quick Slash","Masterful Stab"],"picked":"Choke","floor":19}],"player_experience":1355911,"relics_obtained":[{"floor":7,"key":"Shovel"},{"floor":9,"key":"Unceasing Top"},{"floor":10,"key":"Toy Ornithopter"},{"floor":12,"key":"War Paint"}],"event_choices":[{"damage_healed":0,"gold_gain":0,"player_choice":"Left Gold","damage_taken":0,"max_hp_gain":0,"max_hp_loss":0,"event_name":"World of Goop","floor":3,"gold_loss":39},{"cards_removed":["Defend_G"],"damage_healed":0,"gold_gain":0,"player_choice":"Card Removal","damage_taken":7,"max_hp_gain":0,"max_hp_loss":0,"event_name":"Golden Wing","floor":4,"gold_loss":0}],"is_beta":false,"boss_relics":[{"not_picked":["Runic Dome","Runic Pyramid"],"picked":"Black Star"}],"items_purged_floors":[],"is_endless":false,"potions_floor_spawned":[1,5,10,16,18,19],"killed_by":"Snake Plant","ascension_level":15}}