{"host":"ttx8tv95o5vka1nm","time":1611188079,"event":{"mods":["AchievementEnabler","BaseMod","Colored Map","Downfall","Infinite Spire","Minty Spire (QoL Compilation)","Shop Mod","StSLib","The Jungle"],"gold_per_floor":[115,75,89,16,16,50,50,85,85,102,161,161,196,208,208,208,208],"floor_reached":16,"language":"ENG","playtime":1104,"items_purged":[],"score":211,"play_id":"20aed328-2e07-4cbb-ae70-383639c9bdf9","local_time":"20210121101439","is_ascension_mode":true,"campfire_choices":[{"floor":15,"key":"REST"}],"circlet_count":0,"master_deck":["Strike_R","Strike_R","Strike_R","Strike_R","Strike_R","Defend_R","Defend_R","Defend_R","Defend_R","Bash","Iron Wave","Bloodletting","Feed","Pommel Strike","Warcry","Thunderclap","Clothesline","Shrug It Off","Armaments"],"relics":["Burning Blood","NeowsBlessing","infinitespire:WardingShard","Gremlin Horn","infinitespire:ShieldingShard","Toy Ornithopter","Letter Opener","Thread and Needle"],"acts_visited":["Exordium"],"potions_floor_usage":[8,11,13,13,16],"damage_taken":[{"damage":0,"enemies":"Cultist","floor":1,"turns":1},{"damage":0,"enemies":"Small Slimes","floor":3,"turns":1},{"damage":0,"enemies":"3 Sentries","floor":6,"turns":1},{"damage":36,"enemies":"Gremlin Nob","floor":8,"turns":5},{"damage":0,"enemies":"2 Louse","floor":10,"turns":2},{"damage":75,"enemies":"Lagavulin Event","floor":11,"turns":7},{"damage":17,"enemies":"Lagavulin","floor":13,"turns":5},{"damage":0,"enemies":"2 Fungi Beasts","floor":14,"turns":3},{"damage":64,"enemies":"Hexaghost","floor":16,"turns":16}],"seed_played":"-6853832021343141138","potions_obtained":[{"floor":2,"key":"SteroidPotion"},{"floor":2,"key":"Regen Potion"},{"floor":2,"key":"LiquidMemories"},{"floor":8,"key":"Energy Potion"},{"floor":11,"key":"GamblersBrew"}],"is_trial":false,"path_per_floor":["M","?","M","$","$","E","?","E","T","M","?","T","E","M","R","B"],"character_chosen":"IRONCLAD","items_purchased":["Feed"],"campfire_rested":1,"item_purchase_floors":[4],"current_hp_per_floor":[78,78,80,80,80,83,88,58,58,67,16,16,18,27,57,0,0],"gold":208,"neow_bonus":"THREE_ENEMY_KILL","is_daily":false,"chose_seed":false,"campfire_upgraded":0,"win_rate":0.0,"timestamp":1611188079,"path_taken":["M","?","M","?","$","E","?","E","T","M","?","?","E","M","R","BOSS"],"items_purchased_type":["Card"],"build_version":"2020-12-22","purchased_purges":0,"victory":false,"max_hp_per_floor":[80,80,80,80,80,83,88,88,88,91,94,94,97,100,100,100,100],"card_choices":[{"not_picked":["Battle Trance","Disarm"],"picked":"Iron Wave","floor":1},{"not_picked":["Dark Embrace","Power Through"],"picked":"Bloodletting","floor":3},{"not_picked":["True Grit","Perfected Strike"],"picked":"Pommel Strike","floor":6},{"not_picked":["Corruption","Perfected Strike"],"picked":"Warcry","floor":8},{"not_picked":["Combust","Sword Boomerang"],"picked":"Thunderclap","floor":10},{"not_picked":["Sword Boomerang","Headbutt"],"picked":"Clothesline","floor":11},{"not_picked":["Iron Wave","Infernal Blade"],"picked":"Shrug It Off","floor":13},{"not_picked":["Power Through","Dark Embrace"],"picked":"Armaments","floor":14}],"player_experience":758502,"relics_obtained":[{"floor":6,"key":"infinitespire:WardingShard"},{"floor":8,"key":"Gremlin Horn"},{"floor":9,"key":"infinitespire:ShieldingShard"},{"floor":11,"key":"Toy Ornithopter"},{"floor":12,"key":"Letter Opener"},{"floor":13,"key":"Thread and Needle"}],"event_choices":[{"damage_healed":0,"gold_gain":0,"player_choice":"Bought 3 Potions","damage_taken":0,"max_hp_gain":0,"max_hp_loss":0,"event_name":"The Woman in Blue","floor":2,"gold_loss":0},{"damage_healed":0,"gold_gain":0,"player_choice":"Donut","damage_taken":0,"max_hp_gain":5,"max_hp_loss":0,"event_name":"Big Fish","floor":7,"gold_loss":0},{"damage_healed":0,"gold_gain":0,"player_choice":"Searched \u00271\u0027 times","damage_taken":0,"max_hp_gain":0,"max_hp_loss":0,"event_name":"Dead Adventurer","floor":11,"gold_loss":0}],"is_beta":false,"boss_relics":[],"items_purged_floors":[],"is_endless":false,"potions_floor_spawned":[8,11],"killed_by":"Hexaghost","ascension_level":6}}