{"host":"6rz02yiipefhcw4r","time":1611205250,"event":{"mods":["2.2 Compatiblity","BaseMod","Block Reminder","Colored Map","Curses Come First","DeckTracker","Downfall","Googly Eyes","Minty Spire (QoL Compilation)","Quick Restart","Rare Cards Sparkle","StSLib"],"gold_per_floor":[99,117,117,34,134,134,210,222,242,268,268,283,312,312,332,434,434,434,448,463,563,576,587,613,628,628,647,664,403,403,436,447,543,543,543,557,557,573,622,293,293,293,293,321,321,351,3,34,54,54],"floor_reached":51,"language":"ENG","playtime":4023,"items_purged":["champ:Defend","champ:Defend","Doubt"],"score":817,"play_id":"fc46e928-f218-4317-98b3-6c0f30a380f1","local_time":"20210121030050","is_ascension_mode":false,"campfire_choices":[{"data":"champ:Execute","floor":1,"key":"SMITH"},{"data":"champ:DefensiveShout","floor":6,"key":"SMITH"},{"data":"champ:CrookedStrike","floor":11,"key":"SMITH"},{"data":"champ:PerfectedStrike","floor":18,"key":"SMITH"},{"data":"champ:DeathBlow","floor":26,"key":"SMITH"},{"data":"Apotheosis","floor":35,"key":"SMITH"},{"data":"champ:ShieldWall","floor":42,"key":"SMITH"}],"circlet_count":0,"master_deck":["champ:Strike","champ:Strike","champ:Defend","champ:Defend","champ:Execute+1","champ:Taunt","champ:PerfectedStrike+1","champ:FlashCut","champ:DeathBlow+1","champ:DefensiveShout+1","champ:CrookedStrike+1","champ:BerserkersShout","champ:VampiricStrike","champ:FlashCut","champ:FlashCut","champ:MurderStrike","champ:BladeFlurry","champ:BringItOn","champ:AdrenalArmor+1","champ:BringItOn+1","champ:RisingSlash","champ:Improvising","Apotheosis+1","champ:RapidStrikes","champ:SteelEdge","champ:ShieldWall+1","champ:CalledShot+1","champ:ShieldWall","Flash of Steel","champ:EndlessRage+1","champ:EndlessRage","champ:FancyFootwork+1","Parasite","champ:ShieldWall+1"],"relics":["champ:ChampionCrown","CloakClasp","Meat on the Bone","Question Card","Omamori","Sozu","Potion Belt","Blood Vial","Orichalcum","Cursed Key","Torii","Lee\u0027s Waffle","Pantograph","InkBottle","Mummified Hand","Singing Bowl","champ:DefensiveTrainingManual","Medical Kit","Thread and Needle"],"acts_visited":["Exordium","TheCity","TheBeyond"],"potions_floor_usage":[10,16,33,40],"damage_taken":[{"damage":10,"enemies":"Small Slimes","floor":2,"turns":2},{"damage":20,"enemies":"downfall:FleeingMerchant","floor":4,"turns":4},{"damage":51,"enemies":"downfall:FleeingMerchant","floor":5,"turns":7},{"damage":11,"enemies":"Cultist","floor":8,"turns":3},{"damage":10,"enemies":"2 Louse","floor":9,"turns":2},{"damage":14,"enemies":"Gremlin Nob","floor":10,"turns":3},{"damage":26,"enemies":"Blue Slaver","floor":12,"turns":3},{"damage":28,"enemies":"Lagavulin","floor":13,"turns":5},{"damage":10,"enemies":"Red Slaver","floor":15,"turns":2},{"damage":55,"enemies":"WA_ARCHETYPE_RETAIN","floor":16,"turns":7},{"damage":20,"enemies":"3 Byrds","floor":19,"turns":5},{"damage":9,"enemies":"Spheric Guardian","floor":20,"turns":3},{"damage":63,"enemies":"downfall:LadyInBlue","floor":21,"turns":9},{"damage":20,"enemies":"Cultist and Chosen","floor":22,"turns":3},{"damage":25,"enemies":"Centurion and Healer","floor":23,"turns":5},{"damage":30,"enemies":"Snake Plant","floor":25,"turns":3},{"damage":24,"enemies":"Shelled Parasite and Fungi","floor":27,"turns":4},{"damage":30,"enemies":"Snecko","floor":28,"turns":3},{"damage":15,"enemies":"downfall:FleeingMerchant","floor":29,"turns":4},{"damage":60,"enemies":"Gremlin Leader","floor":31,"turns":7},{"damage":35,"enemies":"Chosen and Byrds","floor":32,"turns":4},{"damage":72,"enemies":"IC_MUSHROOM_ARCHETYPE","floor":33,"turns":6},{"damage":27,"enemies":"3 Darklings","floor":36,"turns":6},{"damage":17,"enemies":"3 Shapes","floor":38,"turns":5},{"damage":57,"enemies":"2 Orb Walkers","floor":39,"turns":6},{"damage":44,"enemies":"downfall:FleeingMerchant","floor":40,"turns":4},{"damage":85,"enemies":"Giant Head","floor":44,"turns":7},{"damage":93,"enemies":"Nemesis","floor":46,"turns":7},{"damage":81,"enemies":"Giant Head","floor":48,"turns":6},{"damage":40,"enemies":"Writhing Mass","floor":49,"turns":5},{"damage":69,"enemies":"DF_ARCHETYPE_ORBS","floor":50,"turns":8}],"seed_played":"-455330889896508519","potions_obtained":[{"floor":2,"key":"bronze:BurnAndBuffPotion"},{"floor":8,"key":"Swift Potion"},{"floor":10,"key":"SneckoOil"},{"floor":16,"key":"LiquidMemories"}],"is_trial":false,"path_per_floor":["R","M","?","$","?","R","T","M","M","E","R","M","E","?","M","B",null,"R","M","M","?","M","M","T","M","R","M","M","$","?","E","M","B",null,"R","M","?","M","?","$","T","R","?","E","?","E","$","E","M","B",null],"character_chosen":"THE_CHAMP","items_purchased":["champ:DeathBlow","Apotheosis","champ:ShieldWall","Flash of Steel","Lee\u0027s Waffle","Pantograph","champ:EndlessRage","Medical Kit"],"campfire_rested":0,"item_purchase_floors":[4,29,40,40,40,40,47,47],"current_hp_per_floor":[99,99,99,99,78,78,78,77,77,73,73,67,54,54,66,58,99,99,99,90,69,81,81,81,83,83,81,73,75,75,67,81,48,99,99,97,97,92,67,106,106,106,106,108,108,77,77,75,89,84],"gold":54,"neow_bonus":"TEN_PERCENT_HP_BONUS","is_daily":false,"chose_seed":false,"campfire_upgraded":7,"win_rate":0.0,"timestamp":1611205250,"path_taken":["R","M","?","?","?","R","T","M","M","E","R","M","E","?","M","BOSS","R","M","M","?","M","M","T","?","R","M","M","$","?","E","M","BOSS","R","M","?","M","?","$","T","R","?","E","?","E","?","E","M","BOSS"],"items_purchased_type":["Card","Card","Card","Card","Relic","Relic","Card","Relic"],"build_version":"2020-12-22","purchased_purges":3,"victory":true,"max_hp_per_floor":[99,99,99,99,99,99,99,99,99,99,99,99,99,99,99,99,99,99,99,99,99,99,99,99,99,99,99,99,99,99,99,99,99,99,99,99,99,99,99,106,106,106,106,108,108,108,108,108,108,108],"card_choices":[{"not_picked":["champ:FocusedDefense","champ:PreemptiveStrike"],"picked":"champ:PerfectedStrike","floor":2},{"not_picked":["champ:Haymaker","champ:Backstep"],"picked":"champ:FlashCut","floor":4},{"not_picked":["champ:CrownThrow","champ:Backstep"],"picked":"champ:DefensiveShout","floor":5},{"not_picked":["champ:ShieldWall","champ:BringItOn"],"picked":"champ:CrookedStrike","floor":8},{"not_picked":["champ:PerfectedStrike","champ:Shatter","champ:Backstep"],"picked":"SKIP","floor":9},{"not_picked":["champ:Backstep","champ:HeartStrike"],"picked":"champ:BerserkersShout","floor":10},{"not_picked":["champ:ArenaPreparation","champ:FlashCut","champ:Endure"],"picked":"champ:VampiricStrike","floor":12},{"not_picked":["champ:FalseCounter","champ:PerfectedStrike","champ:PreemptiveStrike"],"picked":"champ:FlashCut","floor":13},{"not_picked":["champ:RisingSlash","champ:DefensiveShout","champ:DeathBlow"],"picked":"champ:FlashCut","floor":15},{"not_picked":["champ:CheapShot","champ:GladiatorForm","champ:DancingMaster"],"picked":"champ:MurderStrike","floor":16},{"not_picked":["champ:GladiatorStyle","champ:StanceDance","champ:EnragedBash"],"picked":"champ:BladeFlurry","floor":19},{"not_picked":["champ:EnGarde","champ:ArenaPreparation","champ:SetATrap"],"picked":"champ:BringItOn","floor":20},{"not_picked":["champ:ShieldSlam","champ:DefensiveShout","champ:BringItOn"],"picked":"champ:AdrenalArmor+1","floor":21},{"not_picked":["champ:PreciseThrust","champ:HeavySlash","champ:EndlessRage"],"picked":"champ:BringItOn+1","floor":22},{"not_picked":["champ:FancyFootwork","champ:ArenaPreparation","champ:TornadoPunch","champ:Shatter"],"picked":"SKIP","floor":23},{"not_picked":["champ:GutPunch","champ:PreemptiveStrike","champ:Haymaker+1","champ:GladiatorStyle"],"picked":"SKIP","floor":25},{"not_picked":["champ:SwordThrow","champ:Duel","champ:FocusedBerserking","champ:PreciseThrust"],"picked":"SKIP","floor":27},{"not_picked":["champ:DeathBlow","champ:CrownThrow","champ:DefensiveShout+1"],"picked":"champ:RisingSlash","floor":28},{"not_picked":["champ:Parry","champ:AdrenalArmor","champ:ArenaPreparation"],"picked":"champ:Improvising","floor":29},{"not_picked":["champ:EnragedBash+1","champ:BladeFlurry","champ:FancyFootwork"],"picked":"champ:RapidStrikes","floor":31},{"not_picked":["champ:Backstep","champ:EnGarde","champ:AdrenalArmor","champ:GutPunch+1"],"picked":"SKIP","floor":32},{"not_picked":["champ:HoldFirm","champ:ShieldThrow","champ:MurderStrike"],"picked":"champ:SteelEdge","floor":33},{"not_picked":["champ:EnGarde","champ:Shatter+1","champ:DefensiveShout"],"picked":"champ:ShieldWall","floor":36},{"not_picked":["champ:HeartStrike+1","champ:PreciseThrust+1","champ:PerfectedStrike+1","champ:SwordThrow"],"picked":"SKIP","floor":38},{"not_picked":["champ:TornadoPunch+1","champ:IronFortress","champ:DeathBlow+1"],"picked":"champ:CalledShot+1","floor":40},{"not_picked":["champ:Endure","champ:StanceDance","champ:EnragedBash+1","champ:Backstep"],"picked":"Singing Bowl","floor":44},{"not_picked":["champ:BladeFlurry","champ:EnragedBash","champ:SetATrap"],"picked":"champ:EndlessRage+1","floor":46},{"not_picked":["champ:Lariat+1","champ:Duel","champ:HoldFirm"],"picked":"champ:FancyFootwork+1","floor":48},{"not_picked":["champ:PerfectedStrike","champ:Backstep+1","champ:Shatter"],"picked":"champ:ShieldWall+1","floor":49}],"player_experience":723196,"relics_obtained":[{"floor":5,"key":"CloakClasp"},{"floor":7,"key":"Meat on the Bone"},{"floor":10,"key":"Question Card"},{"floor":13,"key":"Omamori"},{"floor":21,"key":"Potion Belt"},{"floor":24,"key":"Blood Vial"},{"floor":31,"key":"Orichalcum"},{"floor":39,"key":"Torii"},{"floor":41,"key":"InkBottle"},{"floor":43,"key":"Mummified Hand"},{"floor":44,"key":"Singing Bowl"},{"floor":46,"key":"champ:DefensiveTrainingManual"},{"floor":48,"key":"Thread and Needle"}],"event_choices":[{"damage_healed":0,"gold_gain":0,"player_choice":"Ignored","damage_taken":0,"max_hp_gain":0,"max_hp_loss":0,"event_name":"NoteForYourself","floor":3,"gold_loss":0},{"cards_removed":["champ:Strike"],"damage_healed":0,"gold_gain":0,"player_choice":"Removed Attack","damage_taken":0,"max_hp_gain":0,"max_hp_loss":0,"event_name":"Falling","floor":37,"gold_loss":0},{"damage_healed":0,"gold_gain":0,"player_choice":"Fight","damage_taken":0,"max_hp_gain":0,"max_hp_loss":0,"event_name":"Mysterious Sphere","floor":39,"gold_loss":0}],"is_beta":false,"boss_relics":[{"not_picked":["SlaversCollar","Pandora\u0027s Box"],"picked":"Sozu"},{"not_picked":["Black Star","Snecko Eye"],"picked":"Cursed Key"}],"items_purged_floors":[29,40,47],"is_endless":false,"potions_floor_spawned":[2,8,10,16,20,23,25,32,33,36,38,44,48],"ascension_level":0}}