{"host":"wppa8gky53tnknhf","time":1611246486,"event":{"mods":["AchievementEnabler","Act Like it!","BaseMod","Better Third Choice","BetterRewards","Card Forge","Colored Powertips","Energized Spire","Hubris","Infinite Spire","Marked Mod","Minty Spire (QoL Compilation)","Permanent Neow","Quick Restart","Rare Cards Sparkle","Relic Stats","Remove Card Discount Mod","Replay The Spire","Spikes Relics","Spire Birthday Party","StSLib","Wandering Minibosses"],"gold_per_floor":[111,127,138,154,170,170,71,86,86,86,97,122,122,171,171,280,280,304,337,337,337,362,397,397,445,469,519,550,579,609,634,634,753,753,793,861,881,881,897,945,945,992,1040,1057,1057,1090,1190,1235,1235,1245,1245,1245,402,453,481],"floor_reached":56,"language":"ENG","playtime":1561,"items_purged":[],"score":1330,"play_id":"a7dfb1a5-4abd-444b-a77c-3462af2af663","local_time":"20210121162806","is_ascension_mode":true,"campfire_choices":[{"floor":6,"key":"RECALL"},{"floor":10,"key":"REST"},{"data":"Perfected Strike","floor":15,"key":"SMITH"},{"floor":24,"key":"REST"},{"floor":32,"key":"DIG"},{"floor":41,"key":"REST"},{"floor":49,"key":"REST"},{"floor":52,"key":"REST"}],"circlet_count":0,"master_deck":["Strike_R+1","Strike_R+1","Strike_R+1","Strike_R+1","Strike_R+1","Defend_R+1","Defend_R+1","Defend_R+1","Defend_R+1","Bash+1","Berserk+1","Perfected Strike+1","Thunderclap+1","Shrug It Off+1","infinitespire:OneForAll+1","Body Slam+1","Perfected Strike+1","Perfected Strike+1","AbeCurse","Blood for Blood+1","Flame Barrier+1","Perfected Strike+1","Body Slam+1","Spot Weakness+1","Whirlwind+1","Cleave+1","Demon Form+1","Clash+1","Perfected Strike+1","Berserk+1","Entrench+1","Cleave+1","Perfected Strike+1","Body Slam+1","Sword Boomerang+1","Sword Boomerang+1","Mind Blast+1","Inflame+1"],"relics":["Burning Blood","Hammer of Thor","Seething Fire","Anvil of the Gods","Replay:Bandana","ReplayTheSpireMod:Spearhead","Replay:Grab Bag","Abe\u0027s Treasure","ChewingGum","SlaversCollar","wanderingMiniBosses:CarrionFlame","White Beast Statue","Whetstone","RollingBoulder","Torii","Replay:Ancient Bell","Vajra","hubris:BottledRain","Pondfish Scales","Durian","Darkstone Periapt","Boot","infinitespire:CursedDice","infinitespire:Broken Mirror","Lee\u0027s Waffle","King of Hearts","Replay:Baseball"],"acts_visited":["Exordium","TheCity","TheBeyond","TheEnding"],"potions_floor_usage":[8,16,16,23,28,28,33,33,36,37,46,50,55,55,55],"damage_taken":[{"damage":0,"enemies":"Jaw Worm","floor":1,"turns":3},{"damage":0,"enemies":"Small Slimes","floor":2,"turns":2},{"damage":0,"enemies":"Cultist","floor":3,"turns":2},{"damage":5,"enemies":"2 Fungi Beasts","floor":4,"turns":3},{"damage":5,"enemies":"3 Louse","floor":5,"turns":3},{"damage":2,"enemies":"Large Slime","floor":8,"turns":5},{"damage":5,"enemies":"Red Slaver","floor":11,"turns":2},{"damage":9,"enemies":"Lagavulin","floor":12,"turns":5},{"damage":14,"enemies":"Gremlin Nob","floor":14,"turns":3},{"damage":20,"enemies":"Hexaghost","floor":16,"turns":6},{"damage":20,"enemies":"2 Thieves","floor":18,"turns":3},{"damage":33,"enemies":"3 Byrds","floor":19,"turns":5},{"damage":0,"enemies":"Snake Plant","floor":22,"turns":2},{"damage":0,"enemies":"Slavers","floor":23,"turns":1},{"damage":6,"enemies":"Book of Stabbing","floor":25,"turns":3},{"damage":19,"enemies":"Gremlin Leader","floor":27,"turns":3},{"damage":0,"enemies":"Snecko","floor":28,"turns":3},{"damage":4,"enemies":"Centurion and Healer","floor":29,"turns":3},{"damage":0,"enemies":"3 Cultists","floor":30,"turns":2},{"damage":13,"enemies":"Snake Plant","floor":31,"turns":2},{"damage":13,"enemies":"Collector","floor":33,"turns":5},{"damage":0,"enemies":"3 Darklings","floor":35,"turns":2},{"damage":48,"enemies":"2 Orb Walkers","floor":36,"turns":2},{"damage":0,"enemies":"Orb Walker","floor":37,"turns":2},{"damage":2,"enemies":"Writhing Mass","floor":39,"turns":6},{"damage":13,"enemies":"Giant Head","floor":40,"turns":6},{"damage":31,"enemies":"Nemesis","floor":42,"turns":5},{"damage":26,"enemies":"Spire Growth","floor":44,"turns":5},{"damage":1,"enemies":"Transient","floor":46,"turns":5},{"damage":0,"enemies":"R_Hoarder","floor":48,"turns":6},{"damage":45,"enemies":"Replay:Hell Engine","floor":50,"turns":8},{"damage":40,"enemies":"Shield and Spear","floor":54,"turns":5},{"damage":110,"enemies":"The Heart","floor":55,"turns":9}],"seed_played":"6811889747937665843","potions_obtained":[{"floor":3,"key":"AttackPotion"},{"floor":8,"key":"Weak Potion"},{"floor":14,"key":"Adrenaline Potion"},{"floor":16,"key":"Swift Potion"},{"floor":18,"key":"Strength Potion"},{"floor":25,"key":"Dexterity Potion"},{"floor":27,"key":"FairyPotion"},{"floor":28,"key":"FearPotion"},{"floor":29,"key":"Swift Potion"},{"floor":31,"key":"SkillPotion"},{"floor":33,"key":"Elixir"},{"floor":35,"key":"LiquidBronze"},{"floor":36,"key":"Explosive Potion"},{"floor":37,"key":"Ancient Potion"},{"floor":46,"key":"SteroidPotion"},{"floor":48,"key":"EssenceOfSteel"}],"is_trial":false,"path_per_floor":["M","M","M","M","M","R","$","M","T","R","M","E","?","E","R","B",null,"M","M","?","?","M","E","R","E","T","E","M","M","M","M","R","B",null,"M","?","M","?","M","E","R","E","T","M","?","M","?","E","R","B",null,"R","$","E","B",null],"character_chosen":"IRONCLAD","items_purchased":["Body Slam","Perfected Strike","infinitespire:Broken Mirror","Lee\u0027s Waffle","King of Hearts","Sword Boomerang","Mind Blast","Strength Potion","Flashbang"],"campfire_rested":5,"item_purchase_floors":[7,7,53,53,53,53,53,53,53],"current_hp_per_floor":[80,80,80,80,80,80,80,80,80,80,80,77,77,69,69,55,80,66,39,39,39,45,51,75,75,75,62,68,70,76,69,69,62,80,80,43,49,49,53,46,71,46,46,26,38,43,43,49,78,39,97,97,104,70,43],"gold":481,"neow_bonus":"ONE_RANDOM_RARE_CARD","is_daily":false,"chose_seed":false,"campfire_upgraded":1,"win_rate":0.0,"timestamp":1611246486,"path_taken":["M","M","M","M","M","R","$","M","T","R","M","E","?","E","R","BOSS","M","M","?","?","M","E","R","E","T","E","M","M","M","M","R","BOSS","M","?","M","?","M","E","R","E","T","M","?","M","?","E","R","BOSS","R","$","E","BOSS"],"items_purchased_type":["Card","Card","Relic","Relic","Relic","Card","Card","Potion","Potion"],"build_version":"2020-12-22","purchased_purges":0,"victory":true,"max_hp_per_floor":[80,80,80,80,80,80,80,80,80,80,80,80,80,80,80,80,80,80,80,80,80,80,80,80,80,80,80,80,80,80,80,80,80,80,80,85,85,85,85,85,85,85,85,85,97,97,97,97,97,97,97,97,104,104,104],"relic_stats":{"Darkstone Periapt":12,"Lee\u0027s Waffle":7,"Torii":36,"counters":[33,127],"Whetstone":["Perfected Strike"],"Boot":[18],"obtain_stats":[{"Darkstone Periapt":42,"Torii":32,"Vajra":34,"Hammer of Thor":0,"King of Hearts":53,"Whetstone":26,"Boot":43,"Burning Blood":0,"Replay:Bandana":12,"RollingBoulder":27,"Lee\u0027s Waffle":53,"infinitespire:CursedDice":48,"Replay:Grab Bag":17,"Replay:Ancient Bell":34,"Seething Fire":0,"White Beast Statue":25,"SlaversCollar":17,"ReplayTheSpireMod:Spearhead":14,"Pondfish Scales":34,"Replay:Baseball":54,"wanderingMiniBosses:CarrionFlame":19,"Anvil of the Gods":0,"infinitespire:Broken Mirror":53,"ChewingGum":17,"Durian":36,"Abe\u0027s Treasure":17,"hubris:BottledRain":34},{"Darkstone Periapt":27,"Torii":20,"Vajra":21,"Hammer of Thor":0,"King of Hearts":31,"Whetstone":15,"Boot":27,"Burning Blood":0,"Replay:Bandana":8,"RollingBoulder":16,"Lee\u0027s Waffle":31,"infinitespire:CursedDice":30,"Replay:Grab Bag":10,"Replay:Ancient Bell":21,"Seething Fire":0,"White Beast Statue":15,"SlaversCollar":10,"ReplayTheSpireMod:Spearhead":9,"Pondfish Scales":21,"Replay:Baseball":32,"wanderingMiniBosses:CarrionFlame":12,"Anvil of the Gods":0,"infinitespire:Broken Mirror":31,"ChewingGum":10,"Durian":23,"Abe\u0027s Treasure":10,"hubris:BottledRain":21},{"Darkstone Periapt":89,"Torii":61,"Vajra":66,"Hammer of Thor":0,"King of Hearts":113,"Whetstone":48,"Boot":89,"Burning Blood":0,"Replay:Bandana":25,"RollingBoulder":51,"Lee\u0027s Waffle":113,"infinitespire:CursedDice":105,"Replay:Grab Bag":34,"Replay:Ancient Bell":66,"Seething Fire":0,"White Beast Statue":48,"SlaversCollar":34,"ReplayTheSpireMod:Spearhead":28,"Pondfish Scales":66,"Replay:Baseball":118,"wanderingMiniBosses:CarrionFlame":42,"Anvil of the Gods":0,"infinitespire:Broken Mirror":113,"ChewingGum":34,"Durian":70,"Abe\u0027s Treasure":34,"hubris:BottledRain":66}],"Burning Blood":167},"card_choices":[{"not_picked":["Pommel Strike","Abandon"],"picked":"Perfected Strike","floor":1},{"not_picked":["Bloodletting","Power Through"],"picked":"Thunderclap","floor":2},{"not_picked":["Combust","True Grit"],"picked":"Body Slam","floor":3},{"not_picked":["ReplayTheSpireMod:Strike From Hell","Pummel"],"picked":"Shrug It Off","floor":4},{"not_picked":["Havoc","Warcry"],"picked":"infinitespire:OneForAll","floor":5},{"not_picked":["Immolate","Replay:Undeath\u0027s Touch","Headbutt"],"picked":"SKIP","floor":8},{"not_picked":["Run Through","Havoc","Reaper"],"picked":"SKIP","floor":11},{"not_picked":["Anger","Disarm"],"picked":"Heavy Blade","floor":12},{"not_picked":["Anger","Abandon"],"picked":"Perfected Strike","floor":14},{"not_picked":["Fire Breathing","Shockwave"],"picked":"Blood for Blood+1","floor":18},{"not_picked":["Flex","Armaments+1","Headbutt"],"picked":"SKIP","floor":19},{"not_picked":["Flex","Armaments+1","Headbutt"],"picked":"SKIP","floor":19},{"not_picked":["ReplayTheSpireMod:Strike From Hell+1","Flex+1"],"picked":"Flame Barrier","floor":22},{"not_picked":["ReplayTheSpireMod:Limb From Limb","Shockwave"],"picked":"Perfected Strike","floor":23},{"not_picked":["Sentinel+1","Hemogenesis","Headbutt+1"],"picked":"SKIP","floor":25},{"not_picked":["Warcry","ReplayTheSpireMod:Corrosion Curse","Immolate"],"picked":"SKIP","floor":27},{"not_picked":["hubris:SharpeningStone","Cleave"],"picked":"Body Slam","floor":28},{"not_picked":["ReplayTheSpireMod:Limb From Limb","Iron Wave+1"],"picked":"Spot Weakness","floor":29},{"not_picked":["Dual Wield","Thunderclap"],"picked":"Whirlwind","floor":30},{"not_picked":["Run Through","Headbutt"],"picked":"Cleave+1","floor":31},{"not_picked":["Offering","Bludgeon"],"picked":"Demon Form","floor":33},{"not_picked":["Replay:Hysterical Blindness","Injury"],"picked":"Amnesia","floor":34},{"not_picked":["CommonCold","hubris:Wrath"],"picked":"Decay","floor":34},{"not_picked":["ReplayTheSpireMod:IOU","Shame"],"picked":"Injury","floor":34},{"not_picked":["hubris:ReadiedAction","Headbutt+1"],"picked":"Clash","floor":35},{"not_picked":["Cleave","Power Through+1"],"picked":"Perfected Strike+1","floor":36},{"not_picked":["Evolve","Havoc+1"],"picked":"Berserk","floor":37},{"not_picked":["Reckless Charge+1","Armaments+1","Pommel Strike+1"],"picked":"SKIP","floor":39},{"not_picked":["Headbutt+1","Perfected Strike+1"],"picked":"Entrench","floor":40},{"not_picked":["Seeing Red","Anger"],"picked":"Cleave","floor":42},{"not_picked":["Dark Embrace","Anger+1"],"picked":"Perfected Strike","floor":44},{"not_picked":["Feed","Dropkick"],"picked":"Body Slam","floor":46},{"not_picked":["Sever Soul+1","Clothesline+1","Armaments+1"],"picked":"SKIP","floor":48},{"not_picked":["ReplayTheSpireMod:Muscle Training","Armaments"],"picked":"Inflame","floor":54}],"player_experience":696534,"relics_obtained":[{"floor":12,"key":"Replay:Bandana"},{"floor":14,"key":"ReplayTheSpireMod:Spearhead"},{"floor":19,"key":"wanderingMiniBosses:CarrionFlame"},{"floor":25,"key":"White Beast Statue"},{"floor":26,"key":"Whetstone"},{"floor":27,"key":"RollingBoulder"},{"floor":32,"key":"Torii"},{"floor":36,"key":"Durian"},{"floor":42,"key":"Darkstone Periapt"},{"floor":43,"key":"Boot"},{"floor":48,"key":"infinitespire:CursedDice"},{"floor":54,"key":"Replay:Baseball"}],"event_choices":[{"damage_healed":0,"gold_gain":0,"player_choice":"Ignored","damage_taken":0,"max_hp_gain":0,"max_hp_loss":0,"event_name":"Ghosts","floor":20,"gold_loss":0},{"damage_healed":0,"gold_gain":0,"player_choice":"Bought 0 Potions","damage_taken":0,"max_hp_gain":0,"max_hp_loss":0,"event_name":"The Woman in Blue","floor":21,"gold_loss":0},{"damage_healed":0,"gold_gain":0,"player_choice":"Fight","damage_taken":0,"max_hp_gain":0,"max_hp_loss":0,"event_name":"Mysterious Sphere","floor":36,"gold_loss":0},{"damage_healed":0,"gold_gain":0,"player_choice":"Memory 1","damage_taken":0,"max_hp_gain":0,"max_hp_loss":0,"event_name":"SensoryStone","floor":38,"gold_loss":0},{"damage_healed":0,"gold_gain":100,"player_choice":"Pray","damage_taken":0,"max_hp_gain":0,"max_hp_loss":0,"event_name":"Golden Shrine","floor":47,"gold_loss":0}],"is_beta":false,"boss_relics":[{"not_picked":["hubris:Stopwatch","Pandora\u0027s Box"],"picked":"Replay:Grab Bag"},{"not_picked":["ReplayTheSpireMod:DimensionalGlitch","energizedSpire:EnergizedDie"],"picked":"Abe\u0027s Treasure"},{"not_picked":["Coffee Dripper","ReplayTheSpireMod:Onyx Gauntlets"],"picked":"ChewingGum"},{"not_picked":["Runic Pyramid","Ring of Chaos"],"picked":"SlaversCollar"},{"not_picked":["Tiny House","hubris:TerracottaHorce"],"picked":"Replay:Ancient Bell"},{"not_picked":["SpikesRelics:DaevaFist","Orichalcum"],"picked":"Vajra"},{"not_picked":["Frozen Egg 2","Onion Ring"],"picked":"hubris:BottledRain"},{"not_picked":["CrustySpines","Pocketwatch"],"picked":"Pondfish Scales"}],"items_purged_floors":[],"is_endless":false,"potions_floor_spawned":[3,8,14,16,18,25,27,28,29,30,31,33,35,36,37,39,40,42,44,46,48,54],"ascension_level":1}}