{"host":"h3bgw7p7cb1roykn","time":1611260337,"event":{"mods":["BaseMod","Colored Map","Downfall","Minty Spire (QoL Compilation)","StSLib"],"gold_per_floor":[119,129,143,160,172,205,54,111,111,111,129,143,156,7,7,103,103,87,97,197,197,197,197,197],"floor_reached":23,"language":"ENG","playtime":984,"items_purged":["Strike_B"],"score":207,"play_id":"df39e5cb-b7be-485b-8444-e329fd4b2f02","local_time":"20210121211857","is_ascension_mode":true,"campfire_choices":[{"floor":10,"key":"REST"},{"floor":15,"key":"REST"}],"circlet_count":0,"master_deck":["Strike_B","Strike_B","Strike_B","Defend_B","Defend_B","Defend_B","Zap","Dualcast","Coolheaded","Streamline","Redo","Sweeping Beam","Beam Cell","White Noise","Heatsinks+1","BootSequence","Creative AI+1","Cold Snap+1"],"relics":["Cracked Core","Frozen Egg 2","Lantern","Tiny Chest","Nuclear Battery"],"acts_visited":["Exordium","TheCity"],"potions_floor_usage":[12,16,16,21,23],"damage_taken":[{"damage":0,"enemies":"Small Slimes","floor":1,"turns":3},{"damage":4,"enemies":"2 Louse","floor":2,"turns":3},{"damage":0,"enemies":"Cultist","floor":3,"turns":4},{"damage":0,"enemies":"Looter","floor":4,"turns":4},{"damage":5,"enemies":"3 Louse","floor":5,"turns":2},{"damage":24,"enemies":"3 Sentries","floor":6,"turns":10},{"damage":0,"enemies":"2 Fungi Beasts","floor":11,"turns":3},{"damage":8,"enemies":"Lots of Slimes","floor":12,"turns":3},{"damage":0,"enemies":"Blue Slaver","floor":13,"turns":3},{"damage":54,"enemies":"The Guardian","floor":16,"turns":12},{"damage":18,"enemies":"2 Thieves","floor":18,"turns":4},{"damage":10,"enemies":"Shell Parasite","floor":19,"turns":5},{"damage":0,"enemies":"Centurion and Healer","floor":21,"turns":1},{"damage":49,"enemies":"Book of Stabbing","floor":23,"turns":6}],"seed_played":"-2762907202864217338","potions_obtained":[{"floor":3,"key":"Ancient Potion"},{"floor":5,"key":"Block Potion"},{"floor":12,"key":"Energy Potion"},{"floor":13,"key":"LiquidBronze"},{"floor":16,"key":"bronze:BurnAndBuffPotion"},{"floor":18,"key":"SmokeBomb"}],"is_trial":false,"path_per_floor":["M","M","M","M","M","E","$","?","T","R","M","M","M","$","R","B",null,"M","M","?","M","?","E"],"character_chosen":"DEFECT","items_purchased":["White Noise","Tiny Chest"],"campfire_rested":2,"item_purchase_floors":[7,14],"current_hp_per_floor":[75,71,71,71,66,42,42,42,42,64,64,56,56,56,75,21,75,57,47,47,47,47,0,0],"gold":197,"neow_bonus":"THREE_CARDS","is_daily":false,"chose_seed":false,"campfire_upgraded":0,"win_rate":0.0,"timestamp":1611260337,"path_taken":["M","M","M","M","M","E","$","?","T","R","M","M","M","$","R","BOSS","M","M","?","?","?","E"],"items_purchased_type":["Card","Relic"],"build_version":"2020-12-22","purchased_purges":1,"victory":false,"max_hp_per_floor":[75,75,75,75,75,75,75,75,75,75,75,75,75,75,75,75,75,75,75,75,75,75,75,75],"card_choices":[{"not_picked":["Leap","Barrage"],"picked":"Coolheaded","floor":0.0},{"not_picked":["Turbo","Undo","Steam"],"picked":"SKIP","floor":1},{"not_picked":["Coolheaded","Go for the Eyes"],"picked":"Streamline","floor":2},{"not_picked":["Reinforced Body","Go for the Eyes"],"picked":"Redo","floor":3},{"not_picked":["Auto Shields","Capacitor"],"picked":"Sweeping Beam","floor":4},{"not_picked":["Streamline","Sweeping Beam"],"picked":"Beam Cell","floor":5},{"not_picked":["Thunder Strike","Coolheaded","Go for the Eyes"],"picked":"SKIP","floor":6},{"not_picked":["Doom and Gloom","Conserve Battery"],"picked":"Heatsinks+1","floor":11},{"not_picked":["Heatsinks+1","Steam"],"picked":"BootSequence","floor":12},{"not_picked":["Blizzard","Gash","Beam Cell"],"picked":"SKIP","floor":13},{"not_picked":["Multi-Cast","Hyperbeam"],"picked":"Creative AI+1","floor":16},{"not_picked":["Compile Driver","Stack","Go for the Eyes"],"picked":"SKIP","floor":18},{"not_picked":["Turbo","Recycle+1"],"picked":"Cold Snap+1","floor":19}],"player_experience":252578,"relics_obtained":[{"floor":6,"key":"Frozen Egg 2"},{"floor":9,"key":"Lantern"}],"event_choices":[{"damage_healed":0,"gold_gain":57,"player_choice":"Gained Gold","damage_taken":0,"max_hp_gain":0,"max_hp_loss":0,"event_name":"Golden Wing","floor":8,"gold_loss":0},{"damage_healed":0,"gold_gain":100,"player_choice":"Pray","damage_taken":0,"max_hp_gain":0,"max_hp_loss":0,"event_name":"Golden Shrine","floor":20,"gold_loss":0},{"cards_removed":["Defend_B"],"damage_healed":0,"gold_gain":0,"player_choice":"Elegance","damage_taken":0,"max_hp_gain":0,"max_hp_loss":0,"event_name":"Back to Basics","floor":22,"gold_loss":0}],"is_beta":false,"boss_relics":[{"not_picked":["Runic Dome","Fusion Hammer"],"picked":"Nuclear Battery"}],"items_purged_floors":[7],"is_endless":false,"potions_floor_spawned":[3,5,12,13,16,18,19],"killed_by":"Book of Stabbing","ascension_level":1}}