{"host":"bg8va46pgqgvtzim","time":1611218336,"event":{"mods":["BaseMod","Minty Spire (QoL Compilation)","Quick Restart","StSLib","SuperFastMode"],"gold_per_floor":[110,125,142,159,159,159,186,198,210,297,338,363,375,419,431,541,553,585,414,464,484,500,500,529,529,598,598,617,642,438,467,467,571,571,590,606,606,383,401,434,434,451,451,478,478,507,507,245,245,245,245,245,38,66,66],"floor_reached":56,"language":"ZHS","playtime":3317,"items_purged":["Strike_G","Strike_G","Strike_G","Strike_G","Glass Knife+1"],"score":1564,"play_id":"0f92e1cc-5cd2-4ef7-a7f3-a78a00f83a19","local_time":"20210121163856","is_ascension_mode":true,"campfire_choices":[{"data":"Noxious Fumes","floor":6.0,"key":"SMITH"},{"data":"Footwork","floor":8.0,"key":"SMITH"},{"data":"Glass Knife","floor":13.0,"key":"SMITH"},{"data":"Blade Dance","floor":15.0,"key":"SMITH"},{"data":"Neutralize","floor":23.0,"key":"SMITH"},{"data":"Tactician","floor":25.0,"key":"SMITH"},{"data":"Setup","floor":32.0,"key":"SMITH"},{"data":"Acrobatics","floor":41,"key":"SMITH"},{"data":"Eviscerate","floor":45,"key":"SMITH"},{"floor":47,"key":"RECALL"},{"data":"Survivor","floor":49,"key":"SMITH"},{"data":"Concentrate","floor":52,"key":"SMITH"}],"circlet_count":0,"master_deck":["Defend_G","Defend_G","Defend_G+1","Defend_G+1","Defend_G","Survivor+1","Neutralize+1","Footwork+1","Noxious Fumes+1","Acrobatics+1","Blade Dance+1","Prepared+1","Tactician+1","Eviscerate+1","Expertise+1","Setup+1","Concentrate+1","Acrobatics+1","Well Laid Plans+1","Calculated Gamble+1","Terror+1","Prepared+1","Backflip+1","Flash of Steel"],"relics":["Ring of the Snake","Calipers","MawBank","Ornamental Fan","Mango","The Courier","Runic Dome","TheAbacus","Tiny Chest","Gremlin Horn","Happy Flower","Anchor","StrikeDummy","Coffee Dripper","Lantern","Matryoshka","Toxic Egg 2","War Paint","Snake Skull","Turnip","Orichalcum"],"acts_visited":["Exordium","TheCity","TheBeyond","TheEnding"],"potions_floor_usage":[55,55,55,55,55,55,55],"damage_taken":[{"damage":1.0,"enemies":"Small Slimes","floor":1.0,"turns":4.0},{"damage":2.0,"enemies":"Cultist","floor":2.0,"turns":5.0},{"damage":0.0,"enemies":"2 Louse","floor":3.0,"turns":5.0},{"damage":0.0,"enemies":"2 Fungi Beasts","floor":4.0,"turns":7.0},{"damage":15.0,"enemies":"Lagavulin","floor":7.0,"turns":9.0},{"damage":14.0,"enemies":"Gremlin Nob","floor":11.0,"turns":5.0},{"damage":3.0,"enemies":"Lots of Slimes","floor":12.0,"turns":5.0},{"damage":2.0,"enemies":"Lagavulin","floor":14.0,"turns":7.0},{"damage":13.0,"enemies":"Hexaghost","floor":16.0,"turns":11.0},{"damage":1.0,"enemies":"3 Byrds","floor":18.0,"turns":4.0},{"damage":0.0,"enemies":"Shell Parasite","floor":21.0,"turns":5.0},{"damage":9.0,"enemies":"Shelled Parasite and Fungi","floor":22.0,"turns":6.0},{"damage":0.0,"enemies":"Book of Stabbing","floor":24.0,"turns":7.0},{"damage":7.0,"enemies":"Snecko","floor":28.0,"turns":5.0},{"damage":11.0,"enemies":"Slavers","floor":29.0,"turns":5.0},{"damage":0.0,"enemies":"Book of Stabbing","floor":31.0,"turns":4.0},{"damage":23.0,"enemies":"Collector","floor":33.0,"turns":10.0},{"damage":0,"enemies":"Orb Walker","floor":35,"turns":3},{"damage":0,"enemies":"3 Shapes","floor":36,"turns":6},{"damage":31,"enemies":"Transient","floor":39,"turns":5},{"damage":0,"enemies":"Giant Head","floor":40,"turns":6},{"damage":0,"enemies":"3 Darklings","floor":42,"turns":3},{"damage":0,"enemies":"Nemesis","floor":46,"turns":5},{"damage":11,"enemies":"Time Eater","floor":50,"turns":11},{"damage":0,"enemies":"Shield and Spear","floor":54,"turns":1},{"damage":0,"enemies":"The Heart","floor":55,"turns":4}],"seed_played":"-657148335439204268","potions_obtained":[{"floor":3.0,"key":"DuplicationPotion"},{"floor":4.0,"key":"EntropicBrew"},{"floor":12.0,"key":"EntropicBrew"},{"floor":16.0,"key":"SmokeBomb"},{"floor":21.0,"key":"Block Potion"},{"floor":36,"key":"LiquidBronze"}],"is_trial":false,"path_per_floor":["M","M","M","M","?","R","E","R","T","?","E","M","R","E","R","B",null,"M","$","?","M","M","R","E","R","T","?","M","E","$","E","R","B",null,"M","M","?","$","M","E","R","M","T","T","R","E","R","$","R","B",null,"R","$","E","B",null],"character_chosen":"THE_SILENT","items_purchased":["TheAbacus","Anchor","Lantern","Terror+1","Prepared+1","Backflip+1","Flash of Steel"],"campfire_rested":0,"item_purchase_floors":[19,30,38,48,48,48,53],"current_hp_per_floor":[62,60,60,60,65,65,50,50,50,39,39,36,36,34,34,21,82,81,81,81,81,72,72,72,72,72,72,65,54,54,54,54,31,82,82,82,82,82,51,51,51,51,51,51,51,51,51,51,51,40,82,82,82,82,82],"gold":66,"neow_bonus":"ONE_RARE_RELIC","is_daily":false,"chose_seed":false,"campfire_upgraded":11,"win_rate":0.0,"timestamp":1611218336,"path_taken":["M","M","M","M","?","R","E","R","T","?","E","M","R","E","R","BOSS","M","$","?","?","M","R","E","R","T","?","M","E","$","E","R","BOSS","M","M","?","$","M","E","R","?","T","?","R","E","R","$","R","BOSS","R","$","E","BOSS"],"items_purchased_type":["Relic","Relic","Relic","Card","Card","Card","Card"],"build_version":"2020-12-22","purchased_purges":5,"victory":true,"max_hp_per_floor":[63,63,63,63,68,68,68,68,68,68,82,82,82,82,82,82,82,82,82,82,82,82,82,82,82,82,82,82,82,82,82,82,82,82,82,82,82,82,82,82,82,82,82,82,82,82,82,82,82,82,82,82,82,82,82],"card_choices":[{"not_picked":["Flying Knee","Slice"],"picked":"Footwork","floor":1.0},{"not_picked":["Outmaneuver","Dagger Spray","Poisoned Stab"],"picked":"SKIP","floor":2.0},{"not_picked":["Expertise","Dodge and Roll","Distraction"],"picked":"SKIP","floor":3.0},{"not_picked":["Flying Knee","Choke"],"picked":"Noxious Fumes","floor":4.0},{"not_picked":["Dagger Spray","Riddle With Holes","Deflect"],"picked":"SKIP","floor":7.0},{"not_picked":["Slice","Glass Knife","Outmaneuver"],"picked":"SKIP","floor":11.0},{"not_picked":["Slice","Outmaneuver"],"picked":"Glass Knife","floor":11.0},{"not_picked":["PiercingWail","Poisoned Stab"],"picked":"Acrobatics","floor":12.0},{"not_picked":["Well Laid Plans","Dagger Throw"],"picked":"Blade Dance","floor":14.0},{"not_picked":["Outmaneuver+1","Flying Knee","Slice"],"picked":"SKIP","floor":18.0},{"not_picked":["Deflect","Bouncing Flask+1"],"picked":"Prepared+1","floor":21.0},{"not_picked":["Flying Knee+1","Bane","Underhanded Strike"],"picked":"SKIP","floor":22.0},{"not_picked":["Deflect","Tools of the Trade"],"picked":"Tactician","floor":24.0},{"not_picked":["Outmaneuver","Sucker Punch","Poisoned Stab"],"picked":"SKIP","floor":28.0},{"not_picked":["Underhanded Strike","Sucker Punch"],"picked":"Expertise+1","floor":29.0},{"not_picked":["Glass Knife","Slice+1"],"picked":"Setup","floor":31.0},{"not_picked":["Eviscerate","Backflip","Catalyst"],"picked":"SKIP","floor":35},{"not_picked":["Dagger Throw+1","Cloak And Dagger+1"],"picked":"Concentrate","floor":36},{"not_picked":["Predator+1","Blade Dance"],"picked":"Acrobatics+1","floor":39},{"not_picked":["Finisher+1","Deflect","Endless Agony"],"picked":"SKIP","floor":40},{"not_picked":["Bouncing Flask","Underhanded Strike+1"],"picked":"Well Laid Plans+1","floor":42},{"not_picked":["Finisher+1","PiercingWail+1"],"picked":"Calculated Gamble+1","floor":46},{"not_picked":["Catalyst+1","Dodge and Roll+1","Slice+1"],"picked":"SKIP","floor":54}],"player_experience":2289396,"relics_obtained":[{"floor":7.0,"key":"MawBank"},{"floor":9.0,"key":"Ornamental Fan"},{"floor":11.0,"key":"Mango"},{"floor":14.0,"key":"The Courier"},{"floor":24.0,"key":"Tiny Chest"},{"floor":26.0,"key":"Gremlin Horn"},{"floor":29.0,"key":"Happy Flower"},{"floor":31.0,"key":"StrikeDummy"},{"floor":40,"key":"Matryoshka"},{"floor":43,"key":"Toxic Egg 2"},{"floor":44,"key":"War Paint"},{"floor":44,"key":"Snake Skull"},{"floor":46,"key":"Turnip"},{"floor":54,"key":"Orichalcum"}],"event_choices":[{"damage_healed":0.0,"max_hp_gain":5.0,"max_hp_loss":0.0,"gold_gain":0.0,"event_name":"Big Fish","player_choice":"Donut","floor":5.0,"gold_loss":0.0,"damage_taken":0.0},{"damage_healed":0.0,"max_hp_gain":0.0,"max_hp_loss":0.0,"gold_gain":75.0,"event_name":"World of Goop","player_choice":"Gather Gold","floor":10.0,"gold_loss":0.0,"damage_taken":11.0},{"damage_healed":0.0,"max_hp_gain":0.0,"max_hp_loss":0.0,"gold_gain":100.0,"event_name":"The Joust","player_choice":"Bet on Murderer","floor":20.0,"gold_loss":50.0,"damage_taken":0.0},{"damage_healed":0.0,"max_hp_gain":0.0,"max_hp_loss":0.0,"gold_gain":0.0,"event_name":"The Library","player_choice":"Read","floor":27.0,"gold_loss":0.0,"damage_taken":0.0,"cards_obtained":["Eviscerate"]},{"cards_removed":["Strike_G"],"damage_healed":0,"gold_gain":0,"player_choice":"Purged","damage_taken":0,"max_hp_gain":0,"max_hp_loss":0,"event_name":"Purifier","floor":37,"gold_loss":0}],"is_beta":false,"boss_relics":[{"not_picked":["Runic Pyramid","Empty Cage"],"picked":"Runic Dome"},{"not_picked":["Snecko Eye","Tiny House"],"picked":"Coffee Dripper"}],"items_purged_floors":[19,30,38,48,53],"is_endless":false,"potions_floor_spawned":[3,4,12,16,21,22,24,36,54],"ascension_level":1}}