{"host":"swphzoo6hmc78epl","time":1611201353,"event":{"mods":["BaseMod","Highlight Path","Minty Spire (QoL Compilation)","Quick Restart"],"gold_per_floor":[110,123,140,151,164,198,198,209,232,251,267,267,267,283,283,381,381,392,392,77,77,92,17,48,65,118,118,187,187,187],"floor_reached":29,"language":"ENG","playtime":1872,"items_purged":["Strike_G"],"score":286,"play_id":"9fb57c33-4206-40a2-a8a4-1356c01d1d5b","local_time":"20210120225553","is_ascension_mode":true,"campfire_choices":[{"data":"Dash","floor":7,"key":"SMITH"},{"data":"Endless Agony","floor":13,"key":"SMITH"},{"data":"Deadly Poison","floor":15,"key":"SMITH"},{"floor":27,"key":"REST"}],"circlet_count":0,"master_deck":["Strike_G","Strike_G","Defend_G","Defend_G","Defend_G","Defend_G","Defend_G","Survivor","Neutralize","Endless Agony+1","Masterful Stab","Poisoned Stab","Footwork","Flying Knee","Dash+1","Bane","Footwork","Cloak And Dagger","Deadly Poison+1","Envenom","Noxious Fumes","Swift Strike","Corpse Explosion","Blur+1","Backflip"],"relics":["SacredBark","Bag of Marbles","Omamori","Calling Bell","Oddly Smooth Stone","Mercury Hourglass","WingedGreaves","Chemical X","Necronomicon","Orichalcum","Akabeko","The Courier"],"acts_visited":["Exordium","TheCity"],"potions_floor_usage":[6,16,22,24,24],"damage_taken":[{"damage":6,"enemies":"Small Slimes","floor":1,"turns":5},{"damage":4,"enemies":"Jaw Worm","floor":2,"turns":5},{"damage":7,"enemies":"2 Louse","floor":3,"turns":2},{"damage":12,"enemies":"Large Slime","floor":4,"turns":6},{"damage":4,"enemies":"Looter","floor":5,"turns":3},{"damage":19,"enemies":"3 Sentries","floor":6,"turns":6},{"damage":0,"enemies":"Exordium Thugs","floor":8,"turns":4},{"damage":0,"enemies":"Exordium Wildlife","floor":10,"turns":4},{"damage":0,"enemies":"Looter","floor":11,"turns":3},{"damage":5,"enemies":"Gremlin Gang","floor":14,"turns":5},{"damage":2,"enemies":"The Guardian","floor":16,"turns":10},{"damage":20,"enemies":"Spheric Guardian","floor":18,"turns":6},{"damage":12,"enemies":"2 Thieves","floor":22,"turns":3},{"damage":12,"enemies":"Slavers","floor":24,"turns":2},{"damage":5,"enemies":"Centurion and Healer","floor":25,"turns":5},{"damage":31,"enemies":"Book of Stabbing","floor":29,"turns":4}],"seed_played":"7410531590189552638","potions_obtained":[{"floor":3,"key":"CultistPotion"},{"floor":6,"key":"Weak Potion"},{"floor":10,"key":"Dexterity Potion"},{"floor":11,"key":"Explosive Potion"},{"floor":18,"key":"AttackPotion"},{"floor":22,"key":"LiquidMemories"}],"is_trial":false,"path_per_floor":["M","M","M","M","M","E","R","M","T","M","M","?","R","M","R","B",null,"M","?","$","?","M","?","E","M","T","R","T","E"],"character_chosen":"THE_SILENT","items_purchased":["Swift Strike","Chemical X"],"campfire_rested":1,"item_purchase_floors":[20,20],"current_hp_per_floor":[64,60,53,41,37,18,18,18,18,18,18,18,18,13,13,11,70,50,50,50,34,22,22,10,5,5,26,26,0,0],"gold":187,"neow_bonus":"BOSS_RELIC","is_daily":false,"chose_seed":false,"campfire_upgraded":3,"win_rate":0.0,"timestamp":1611201353,"path_taken":["M","M","M","M","M","E","R","M","T","M","M","?","R","M","R","BOSS","M","?","$","?","M","?","E","M","T","R","?","E"],"items_purchased_type":["Card","Relic"],"build_version":"2020-12-22","purchased_purges":1,"victory":false,"max_hp_per_floor":[70,70,70,70,70,70,70,70,70,70,70,70,70,70,70,70,70,70,70,70,70,70,70,70,70,70,70,70,70,70],"card_choices":[{"not_picked":["Blade Dance","Calculated Gamble"],"picked":"Endless Agony","floor":1},{"not_picked":["Prepared","Backflip"],"picked":"Masterful Stab","floor":2},{"not_picked":["Riddle With Holes","Expertise"],"picked":"Poisoned Stab","floor":3},{"not_picked":["Blur","Cloak And Dagger"],"picked":"Footwork","floor":4},{"not_picked":["PiercingWail","Calculated Gamble"],"picked":"Flying Knee","floor":5},{"not_picked":["Phantasmal Killer","Accuracy"],"picked":"Dash","floor":6},{"not_picked":["Quick Slash","Concentrate"],"picked":"Bane","floor":8},{"not_picked":["Acrobatics","Bane"],"picked":"Footwork","floor":10},{"not_picked":["Well Laid Plans","Blade Dance"],"picked":"Cloak And Dagger","floor":11},{"not_picked":["Prepared","Cloak And Dagger"],"picked":"Deadly Poison","floor":14},{"not_picked":["Storm of Steel","Wraith Form v2"],"picked":"Envenom","floor":16},{"not_picked":["PiercingWail+1","Terror"],"picked":"Noxious Fumes","floor":18},{"not_picked":["Blade Dance","Acrobatics"],"picked":"Corpse Explosion","floor":22},{"not_picked":["Endless Agony","Dagger Throw"],"picked":"Blur+1","floor":24},{"not_picked":["Sucker Punch","Flying Knee+1"],"picked":"Backflip","floor":25}],"player_experience":792177,"relics_obtained":[{"floor":6,"key":"Bag of Marbles"},{"floor":9,"key":"Omamori"},{"floor":17,"key":"Oddly Smooth Stone"},{"floor":17,"key":"Mercury Hourglass"},{"floor":17,"key":"WingedGreaves"},{"floor":21,"key":"Necronomicon"},{"floor":24,"key":"Orichalcum"},{"floor":26,"key":"Akabeko"},{"floor":28,"key":"The Courier"}],"event_choices":[{"cards_removed":["Strike_G"],"damage_healed":0,"gold_gain":0,"player_choice":"Forget","damage_taken":0,"max_hp_gain":0,"max_hp_loss":0,"event_name":"Living Wall","floor":12,"gold_loss":0},{"damage_healed":0,"gold_gain":0,"player_choice":"Ignored","damage_taken":0,"max_hp_gain":0,"max_hp_loss":0,"event_name":"Ghosts","floor":19,"gold_loss":0},{"damage_healed":0,"gold_gain":0,"player_choice":"Obtained Book","damage_taken":16,"max_hp_gain":0,"max_hp_loss":0,"event_name":"Cursed Tome","floor":21,"gold_loss":0},{"cards_removed":["Strike_G"],"damage_healed":0,"gold_gain":0,"player_choice":"Gave Gold","damage_taken":0,"max_hp_gain":0,"max_hp_loss":0,"event_name":"Beggar","floor":23,"gold_loss":75}],"is_beta":false,"boss_relics":[{"not_picked":["Sozu","Coffee Dripper"],"picked":"Calling Bell"}],"items_purged_floors":[20],"is_endless":false,"potions_floor_spawned":[3,6,10,11,18,22],"killed_by":"Book of Stabbing","ascension_level":3}}