{"host":"mlczotyo8j5fj6lt","time":1611258289,"event":{"mods":["AchievementEnabler","BaseMod","Better Third Choice","BetterRewards","Conspire","Defective Defect","Fox Events","Good Game Mod","Googly Eyes","Hubris","Minty Spire (QoL Compilation)","Quick Restart","Replay The Spire","StS++","StSLib","everything is the same but u backflip on backflip"],"gold_per_floor":[110,125,141,216,196,226,226,238,261,261,273,299,314,330,330,427,427,439,39,52,52,68,68,86,86,86,86,14,34,53,53,53,53,53],"floor_reached":33,"language":"ENG","playtime":1659,"items_purged":[],"score":251,"play_id":"b7144eef-9f88-46bf-adc1-ca6ee5c03de1","local_time":"20210121204449","is_ascension_mode":false,"campfire_choices":[{"floor":7.0,"key":"REST"},{"data":"Armaments","floor":10.0,"key":"SMITH"},{"data":"Reboot","floor":15.0,"key":"SMITH"},{"floor":23.0,"key":"REST"},{"floor":25.0,"key":"REST"},{"floor":27.0,"key":"REST"}],"circlet_count":0,"master_deck":["Strike_R","Strike_R","Strike_R","Strike_R","Strike_R","Defend_R","Defend_R","Defend_R+1","Defend_R","Bash+1","Reboot+1","Pommel Strike","Heavy Blade","Flex","Double Tap+1","Armaments+1","Thunderclap","StSpp:TheBiggerTheyAre","Run Through+1","Demon Form+1","hubris:CleavingFinish+1","Offering","Hemokinesis","Replay:Undeath\u0027s Touch+1","Spot Weakness","Uppercut"],"relics":["Burning Blood","REME:ComplimentaryCards","Potion Belt","War Paint","Bag of Preparation","Ring of Chaos","Mirror","conspire:Dentures"],"acts_visited":["Exordium","TheCity"],"potions_floor_usage":[33],"damage_taken":[{"damage":11.0,"enemies":"2 Louse","floor":1.0,"turns":4.0},{"damage":1.0,"enemies":"Jaw Worm","floor":2.0,"turns":5.0},{"damage":1.0,"enemies":"Cultist","floor":3.0,"turns":4.0},{"damage":26.0,"enemies":"Lagavulin","floor":6.0,"turns":8.0},{"damage":10.0,"enemies":"Exordium Thugs","floor":8.0,"turns":3.0},{"damage":20.0,"enemies":"Lots of Slimes","floor":11.0,"turns":6.0},{"damage":2.0,"enemies":"Exordium Wildlife","floor":13.0,"turns":3.0},{"damage":3.0,"enemies":"Red Slaver","floor":14.0,"turns":3.0},{"damage":47.0,"enemies":"Slime Boss","floor":16.0,"turns":10.0},{"damage":32.0,"enemies":"Spheric Guardian","floor":18.0,"turns":6.0},{"damage":38.0,"enemies":"2 Thieves","floor":20.0,"turns":5.0},{"damage":6.0,"enemies":"Centurion and Healer","floor":22.0,"turns":4.0},{"damage":20.0,"enemies":"Cultist and Chosen","floor":24.0,"turns":4.0},{"damage":12.0,"enemies":"3 Cultists","floor":29.0,"turns":6.0},{"damage":23.0,"enemies":"Snecko","floor":30.0,"turns":5.0},{"damage":83,"enemies":"Automaton","floor":33,"turns":6}],"seed_played":"5174846307912689599","potions_obtained":[{"floor":1.0,"key":"Adrenaline Potion"},{"floor":3.0,"key":"ColorlessPotion"},{"floor":5.0,"key":"EssenceOfSteel"},{"floor":14.0,"key":"EntropicBrew"},{"floor":16.0,"key":"Swift Potion"},{"floor":20.0,"key":"LifebloodPotion"},{"floor":24.0,"key":"Venom Potion"},{"floor":29.0,"key":"LifebloodPotion"}],"is_trial":false,"path_per_floor":["M","M","M","?","?","E","R","M","T","R","M","T","M","M","R","B",null,"M","$","M","?","M","R","M","R","T","R","$","M","M","?","R","B"],"character_chosen":"IRONCLAD","items_purchased":["Mirror","Offering","LifebloodPotion"],"campfire_rested":4,"item_purchase_floors":[19,19,28],"current_hp_per_floor":[75,80,80,69,69,49,73,69,69,69,55,55,59,62,62,37,80,54,54,22,22,22,46,32,56,56,80,80,74,57,42,67,0,0],"gold":53,"neow_bonus":"UPGRADE_CARD","is_daily":false,"chose_seed":false,"campfire_upgraded":2,"win_rate":0.0,"timestamp":1611258289,"path_taken":["M","M","M","?","?","E","R","M","T","R","?","?","M","?","R","BOSS","M","$","M","?","M","R","?","R","T","R","?","M","?","?","R","BOSS"],"items_purchased_type":["Relic","Card","Potion"],"build_version":"2020-12-22","purchased_purges":0,"victory":false,"max_hp_per_floor":[80,80,80,80,80,80,80,80,80,80,80,80,80,80,80,80,80,80,80,80,80,80,80,80,80,80,80,80,80,80,85,85,85,85],"card_choices":[{"not_picked":["Twin Strike","Clothesline"],"picked":"Pommel Strike","floor":1.0},{"not_picked":["Warcry","Flex"],"picked":"Heavy Blade","floor":2.0},{"not_picked":["Battle Trance","Evolve"],"picked":"Flex","floor":3.0},{"not_picked":["Burning Pact","Armaments"],"picked":"Double Tap","floor":6.0},{"not_picked":["Defy Death","ReplayTheSpireMod:Strike From Hell"],"picked":"Armaments","floor":8.0},{"not_picked":["Twin Strike","Burning Pact"],"picked":"Thunderclap","floor":11.0},{"not_picked":["Sever Soul","ReplayTheSpireMod:Limb From Limb"],"picked":"StSpp:TheBiggerTheyAre","floor":13.0},{"not_picked":["True Grit","ReplayTheSpireMod:Strike From Hell"],"picked":"Run Through","floor":14.0},{"not_picked":["Fiend Fire","StSpp:Turnabout"],"picked":"Demon Form","floor":16.0},{"not_picked":["Clash","ReplayTheSpireMod:Strike From Hell"],"picked":"hubris:CleavingFinish+1","floor":18.0},{"not_picked":["Sword Boomerang","StSpp:Succumb"],"picked":"Hemokinesis","floor":20.0},{"not_picked":["Clothesline+1","Fiend Fire"],"picked":"Replay:Undeath\u0027s Touch+1","floor":22.0},{"not_picked":["Body Slam+1","Warcry"],"picked":"Spot Weakness","floor":24.0},{"not_picked":["conspire:Charge","Shockwave"],"picked":"Uppercut","floor":29.0},{"not_picked":["Uppercut+1","hubris:ReadiedAction","StSpp:Succumb"],"picked":"SKIP","floor":30.0}],"player_experience":215268,"relics_obtained":[{"floor":6.0,"key":"Potion Belt"},{"floor":9.0,"key":"War Paint"},{"floor":12.0,"key":"Bag of Preparation"},{"floor":26.0,"key":"conspire:Dentures"}],"event_choices":[{"damage_healed":0.0,"max_hp_gain":0.0,"max_hp_loss":0.0,"gold_gain":75.0,"event_name":"betterThird:BetterGoop","player_choice":"Gold","floor":4.0,"gold_loss":0.0,"damage_taken":11.0},{"damage_healed":0.0,"max_hp_gain":0.0,"max_hp_loss":0.0,"gold_gain":0.0,"event_name":"The Woman in Blue","player_choice":"Bought 1 Potion","floor":5.0,"gold_loss":0.0,"damage_taken":0.0},{"damage_healed":0.0,"max_hp_gain":0.0,"max_hp_loss":0.0,"gold_gain":0.0,"event_name":"Accursed Blacksmith","player_choice":"Forge","floor":21.0,"gold_loss":0.0,"damage_taken":0.0,"cards_upgraded":["Demon Form"]},{"damage_healed":0.0,"max_hp_gain":5.0,"max_hp_loss":0.0,"gold_gain":0.0,"event_name":"Forgotten Altar","player_choice":"Shed Blood","floor":31.0,"gold_loss":0.0,"damage_taken":20.0}],"is_beta":false,"boss_relics":[{"not_picked":["StSpp:FireArrow","Mark of Pain"],"picked":"Ring of Chaos"}],"items_purged_floors":[],"is_endless":false,"potions_floor_spawned":[1,3,14,16,20,24,29],"killed_by":"Automaton","ascension_level":0}}