{"host":"l5xpox9cbdko122s","time":1611191539,"event":{"mods":["AchievementEnabler","BaseMod","Better Skull","Colored Map","Colored Powertips","Curses Come First","Displayed Cursed Tome","Hermit","Highlight Path","Minty Spire (QoL Compilation)","Quick Restart","Shop Mod","StSLib"],"gold_per_floor":[114,114,114,131,145,145,145,155,155,155,155,189,189,207,207,335,335,349,389,389,410,288,288,288],"floor_reached":23,"language":"ENG","playtime":1348,"items_purged":["Injury"],"score":189,"play_id":"1716c2fa-8017-401b-becc-ab6e220dc6d9","local_time":"20210120201219","is_ascension_mode":false,"campfire_choices":[{"floor":6,"key":"RECALL"},{"floor":13,"key":"REST"},{"floor":15,"key":"REST"}],"circlet_count":0,"master_deck":["hermit:Strike_Hermit+1","hermit:Strike_Hermit+1","hermit:Strike_Hermit+1","hermit:Strike_Hermit+1","hermit:Defend_Hermit+1","hermit:Defend_Hermit+1","hermit:Defend_Hermit+1","hermit:Snapshot","hermit:WideOpen","hermit:Maintenance","CurseOfTheBell"],"relics":["Golden Idol","hermit:Horseshoe","Smiling Mask","CaptainsWheel","Red Mask","MerchantsRug","HandDrill"],"acts_visited":["Exordium","TheCity"],"potions_floor_usage":[8,8,16,19,19],"damage_taken":[{"damage":0,"enemies":"2 Louse","floor":1,"turns":4},{"damage":0,"enemies":"Small Slimes","floor":4,"turns":3},{"damage":0,"enemies":"Cultist","floor":5,"turns":2},{"damage":12,"enemies":"Large Slime","floor":8,"turns":5},{"damage":44,"enemies":"Lagavulin","floor":12,"turns":6},{"damage":4,"enemies":"Blue Slaver","floor":14,"turns":3},{"damage":20,"enemies":"Hexaghost","floor":16,"turns":9},{"damage":10,"enemies":"Shell Parasite","floor":18,"turns":5},{"damage":21,"enemies":"Masked Bandits","floor":19,"turns":5},{"damage":10,"enemies":"Spheric Guardian","floor":21,"turns":4},{"damage":53,"enemies":"Gremlin Leader","floor":23,"turns":11}],"seed_played":"-475674060100090786","potions_obtained":[{"floor":1,"key":"Regen Potion"},{"floor":5,"key":"Weak Potion"},{"floor":14,"key":"Swift Potion"},{"floor":16,"key":"Swift Potion"},{"floor":18,"key":"Regen Potion"}],"is_trial":false,"path_per_floor":["M","?","?","M","M","R","$","M","T","?","?","E","R","M","R","B",null,"M","?","?","M","$","E"],"character_chosen":"HERMIT","items_purchased":["MerchantsRug","HandDrill"],"campfire_rested":2,"item_purchase_floors":[22,22],"current_hp_per_floor":[75,75,75,75,75,75,75,72,72,72,72,28,50,46,68,48,75,65,58,58,48,48,0,0],"gold":288,"neow_bonus":"BOSS_RELIC","is_daily":false,"chose_seed":false,"campfire_upgraded":0,"win_rate":0.0,"timestamp":1611191539,"path_taken":["M","?","?","M","M","R","$","?","T","?","?","E","R","M","R","BOSS","M","?","?","M","$","E"],"items_purchased_type":["Relic","Relic"],"build_version":"2020-12-22","purchased_purges":1,"victory":false,"max_hp_per_floor":[75,75,75,75,75,75,75,75,75,75,75,75,75,75,75,75,75,75,75,75,75,75,75,75],"card_choices":[{"not_picked":["hermit:NoHoldsBarred","hermit:Feint","hermit:Shortfuse"],"picked":"SKIP","floor":1},{"not_picked":["hermit:Spite","hermit:FullyLoaded"],"picked":"hermit:WideOpen","floor":4},{"not_picked":["hermit:LowProfile","hermit:Glare","hermit:Ricochet"],"picked":"SKIP","floor":5},{"not_picked":["hermit:LowProfile","hermit:Manifest","hermit:SprayPray"],"picked":"SKIP","floor":8},{"not_picked":["hermit:ItchyTrigger","hermit:Shortfuse","hermit:Determination"],"picked":"SKIP","floor":12},{"not_picked":["hermit:TrackingShot","hermit:Glare"],"picked":"hermit:Maintenance","floor":14},{"not_picked":["hermit:HoleUp","hermit:Showdown","hermit:Feint"],"picked":"SKIP","floor":18},{"not_picked":["hermit:HoleUp","hermit:Brawl","hermit:BigShot"],"picked":"SKIP","floor":21}],"player_experience":167869,"relics_obtained":[{"floor":12,"key":"hermit:Horseshoe"},{"floor":17,"key":"Smiling Mask"},{"floor":17,"key":"Mummified Hand"},{"floor":17,"key":"CaptainsWheel"},{"floor":19,"key":"Red Mask"}],"event_choices":[{"cards_removed":["hermit:Covet"],"damage_healed":0,"gold_gain":0,"player_choice":"Forget","damage_taken":0,"max_hp_gain":0,"max_hp_loss":0,"event_name":"Living Wall","floor":2,"gold_loss":0},{"cards_removed":["hermit:Defend_Hermit"],"damage_healed":0,"gold_gain":0,"player_choice":"Purged","damage_taken":0,"max_hp_gain":0,"max_hp_loss":0,"event_name":"Purifier","floor":3,"gold_loss":0},{"damage_healed":0,"gold_gain":0,"player_choice":"Ignored","damage_taken":0,"max_hp_gain":0,"max_hp_loss":0,"event_name":"Liars Game","floor":10,"gold_loss":0},{"damage_healed":0,"gold_gain":0,"player_choice":"Take Wound","damage_taken":0,"relics_obtained":["Golden Idol"],"max_hp_gain":0,"max_hp_loss":0,"event_name":"Golden Idol","floor":11,"gold_loss":0,"cards_obtained":["Injury"]},{"damage_healed":0,"gold_gain":0,"player_choice":"Fought Bandits","damage_taken":0,"max_hp_gain":0,"max_hp_loss":0,"event_name":"Masked Bandits","floor":19,"gold_loss":0},{"damage_healed":0,"gold_gain":0,"player_choice":"Simplicity","damage_taken":0,"max_hp_gain":0,"max_hp_loss":0,"event_name":"Back to Basics","floor":20,"gold_loss":0,"cards_upgraded":["hermit:Strike_Hermit","hermit:Strike_Hermit","hermit:Strike_Hermit","hermit:Strike_Hermit","hermit:Defend_Hermit","hermit:Defend_Hermit","hermit:Defend_Hermit"]}],"is_beta":false,"boss_relics":[{"not_picked":["Busted Crown","SlaversCollar"],"picked":"Calling Bell"}],"items_purged_floors":[22],"is_endless":false,"potions_floor_spawned":[1,5,14,16,18],"killed_by":"Gremlin Leader","ascension_level":0}}