{"host":"Ringo","time":1611231735,"event":{"mods":["BaseMod","Colored Map","Conspire","Dota2Spire","Minty Spire (QoL Compilation)","StSLib","[IsaacMod]ÒÔÈö¼âËþ","¡¾ÒÅÎï¿¨ÅÆ¡¿REMEMod"],"gold_per_floor":[117,129,139,149,159,186,220,237,237,257,286,315,349,377,377,450,450,469,25,40,60,71,121,153,186,186,200,232,265,300,359,359,438,438,453,472,486,506,519,544,576,608,608,638,638,667,177,209,209,209,209],"floor_reached":52,"language":"ZHS","playtime":1728,"items_purged":[],"score":3923,"play_id":"5cff75ab-0ee1-42de-8985-e66c4cc76e2b","local_time":"20210121202215","daily_mods":["SealedDeck","Vintage","Heirloom","Time Dilation","Flight","DeadlyEvents","Elite Swarm","Lethality","Binary"],"is_ascension_mode":true,"campfire_choices":[{"data":"DevaForm","floor":15,"key":"SMITH"},{"data":"Establishment","floor":32,"key":"SMITH"},{"data":"Ragnarok","floor":49,"key":"SMITH"}],"circlet_count":0,"master_deck":["AscendersBane","PathToVictory","JustLucky","ThirdEye+1","EmptyFist+1","FollowUp+1","PathToVictory+1","JustLucky+1","Halt+1","Consecrate+1","Crescendo+1","Core Surge+1","LessonLearned+1","REME_EmptyShield+1","Scrawl+1","REME_CRH","DevaForm+1","Wish+1","ForeignInfluence","SashWhip+1","FollowUp+1","REME_EmptyShield+1","Establishment+1","DeusExMachina+1","Establishment+1","ReachHeaven","Devotion","Devotion+1","Establishment","Ragnarok+1"],"relics":["HushsDoor","D4","Cracked Core","CaptainsWheel","MoneyPower","GnawedLeaf","Blue Candle","REME_DuelDisc","Leech","conspire:DecoderRing","Nunchaku","War Paint","DeathBook","REME_HourglassOfDeath","Mercury Hourglass","EdensBlessing","Pen Nib","HowToJump","Dota2Spire:ArmletOfMordiggian","MealTicket","conspire:RoyalGoblet","YumHeart","Dota2Spire:PowerTreads","Anchor","conspire:Flyswatter","Dota2Spire:MaskOfMadness","Matryoshka","InkBottle","Art of War","Dream Catcher","Lantern","BookOfRevelations","UnicornStump","Bag of Marbles","Tiny Chest","PreservedInsect","Sozu","HornCleat","BlankCard","Regal Pillow","TheBean","Eternal Feather","Mummified Hand","Gambling Chip","Dota2Spire:ArcaneBoots","Dota2Spire:DivineRapier","Oddly Smooth Stone","Question Card","Melange","Dota2Spire:Vanguard","conspire:TopHat"],"acts_visited":["TheCity","TheBeyond"],"potions_floor_usage":[16,27,33],"damage_taken":[{"damage":0,"enemies":"Cultist","floor":1,"turns":1},{"damage":0,"enemies":"2 Louse","floor":2,"turns":2},{"damage":0,"enemies":"Small Slimes","floor":3,"turns":1},{"damage":0,"enemies":"Gremlin Gang","floor":4,"turns":1},{"damage":0,"enemies":"Looter","floor":5,"turns":1},{"damage":0,"enemies":"Gremlin Nob","floor":6,"turns":1},{"damage":0,"enemies":"Lagavulin","floor":7,"turns":2},{"damage":0,"enemies":"Blue Slaver","floor":8,"turns":1},{"damage":0,"enemies":"Large Slime","floor":10,"turns":1},{"damage":0,"enemies":"3 Sentries","floor":11,"turns":2},{"damage":0,"enemies":"Gremlin Nob","floor":12,"turns":1},{"damage":0,"enemies":"Lagavulin","floor":13,"turns":1},{"damage":0,"enemies":"Gremlin Nob","floor":14,"turns":2},{"damage":0,"enemies":"Slime Boss","floor":16,"turns":1},{"damage":0,"enemies":"3 Byrds","floor":18,"turns":1},{"damage":0,"enemies":"Spheric Guardian","floor":20,"turns":1},{"damage":0,"enemies":"Cultist and Chosen","floor":21,"turns":1},{"damage":0,"enemies":"Snake Plant","floor":22,"turns":1},{"damage":0,"enemies":"Book of Stabbing","floor":23,"turns":2},{"damage":0,"enemies":"Slavers","floor":24,"turns":1},{"damage":0,"enemies":"Gremlin Leader","floor":25,"turns":1},{"damage":0,"enemies":"Shelled Parasite and Fungi","floor":27,"turns":1},{"damage":0,"enemies":"Slavers","floor":28,"turns":1},{"damage":0,"enemies":"Gremlin Leader","floor":29,"turns":1},{"damage":0,"enemies":"conspire:Head Lice","floor":30,"turns":1},{"damage":0,"enemies":"Book of Stabbing","floor":31,"turns":1},{"damage":0,"enemies":"conspire:MysteriousRune","floor":33,"turns":2},{"damage":0,"enemies":"3 Darklings","floor":35,"turns":1},{"damage":0,"enemies":"3 Shapes","floor":36,"turns":1},{"damage":0,"enemies":"Jaw Worm Horde","floor":37,"turns":1},{"damage":0,"enemies":"Sphere and 2 Shapes","floor":38,"turns":1},{"damage":0,"enemies":"Spire Growth","floor":39,"turns":1},{"damage":0,"enemies":"Giant Head","floor":40,"turns":1},{"damage":0,"enemies":"Reptomancer","floor":41,"turns":2},{"damage":0,"enemies":"Giant Head","floor":42,"turns":1},{"damage":0,"enemies":"Reptomancer","floor":44,"turns":1},{"damage":0,"enemies":"Nemesis","floor":46,"turns":1},{"damage":0,"enemies":"Giant Head","floor":48,"turns":1},{"damage":0,"enemies":"Awakened One","floor":50,"turns":2},{"damage":0,"enemies":"Donu and Deca","floor":51,"turns":1}],"seed_played":"3353972838243029521","potions_obtained":[{"floor":4,"key":"GamblersBrew"},{"floor":5,"key":"DuplicationPotion"},{"floor":16,"key":"GamblersBrew"},{"floor":27,"key":"Explosive Potion"}],"is_trial":true,"path_per_floor":["M","M","M","M","M","E","E","M","T","M","E","E","E","E","R","B",null,"M","$","M","M","M","E","E","E","T","M","E","E","E","E","R","B",null,"M","M","M","M","M","E","E","E","T","E","?","E","$","E","R","B","B",null],"character_chosen":"WATCHER","items_purchased":["ForeignInfluence","Dota2Spire:PowerTreads","Anchor","SashWhip","FollowUp","ReachHeaven","Melange","Dota2Spire:Vanguard","conspire:TopHat"],"campfire_rested":0,"item_purchase_floors":[17,19,19,19,19,34,47,47,47],"current_hp_per_floor":[61,61,61,62,62,62,62,62,62,62,62,62,62,62,62,62,59,59,59,59,59,59,59,59,59,59,59,59,59,59,59,59,59,57,57,57,57,57,57,57,57,57,57,57,57,57,57,57,57,57,57],"gold":209,"neow_bonus":"","is_daily":false,"chose_seed":false,"campfire_upgraded":3,"win_rate":0.0,"timestamp":1611231735,"path_taken":["M","M","M","M","?","E","E","M","T","M","E","E","E","E","R","BOSS","M","$","M","M","M","E","E","E","T","M","E","E","E","E","R","BOSS","M","M","M","M","M","E","E","E","T","E","?","E","$","E","R","BOSS","BOSS"],"items_purchased_type":["Card","Relic","Relic","Card","Card","Card","Relic","Relic","Relic"],"build_version":"2020-12-18","purchased_purges":0,"victory":true,"max_hp_per_floor":[62,62,62,62,62,62,62,62,62,62,62,62,62,62,62,62,59,59,59,59,59,59,59,59,59,59,59,59,59,59,59,59,59,57,57,57,57,57,57,57,57,57,57,57,57,57,57,57,57,57,57],"card_choices":[{"not_picked":["Devotion"],"picked":"LessonLearned","floor":6},{"not_picked":["Wish"],"picked":"REME_EmptyShield","floor":7},{"not_picked":["LessonLearned"],"picked":"Scrawl","floor":11},{"not_picked":["LessonLearned"],"picked":"REME_CRH","floor":12},{"not_picked":["Omniscience","LessonLearned"],"picked":"SKIP","floor":13},{"not_picked":["Blasphemy"],"picked":"DevaForm","floor":14},{"not_picked":["LessonLearned"],"picked":"Wish","floor":16},{"not_picked":["REME_CRH","LessonLearned"],"picked":"SKIP","floor":23},{"not_picked":["Alpha"],"picked":"REME_EmptyShield","floor":24},{"not_picked":["Scrawl"],"picked":"Establishment","floor":25},{"not_picked":["Omniscience","Ragnarok"],"picked":"SKIP","floor":28},{"not_picked":["Blasphemy","Ragnarok"],"picked":"SKIP","floor":29},{"not_picked":["Blasphemy","Ragnarok"],"picked":"SKIP","floor":29},{"not_picked":["Wish"],"picked":"DeusExMachina","floor":30},{"not_picked":["Ragnarok"],"picked":"Establishment","floor":31},{"not_picked":["Vault"],"picked":"Devotion","floor":40},{"not_picked":["Alpha"],"picked":"Devotion","floor":41},{"not_picked":["Omniscience"],"picked":"Establishment","floor":42},{"not_picked":["DeusExMachina","REME_EmptyShield"],"picked":"SKIP","floor":44},{"not_picked":["REME_CRH","Omniscience"],"picked":"SKIP","floor":46},{"not_picked":["Omniscience","REME_EmptyShield"],"picked":"Ragnarok","floor":48}],"player_experience":541710,"relics_obtained":[{"floor":1,"key":"Letter Opener"},{"floor":2,"key":"D4"},{"floor":3,"key":"Leech"},{"floor":4,"key":"conspire:DecoderRing"},{"floor":5,"key":"Nunchaku"},{"floor":6,"key":"War Paint"},{"floor":7,"key":"DeathBook"},{"floor":8,"key":"REME_HourglassOfDeath"},{"floor":9,"key":"Mercury Hourglass"},{"floor":10,"key":"EdensBlessing"},{"floor":11,"key":"Pen Nib"},{"floor":12,"key":"HowToJump"},{"floor":13,"key":"Dota2Spire:ArmletOfMordiggian"},{"floor":14,"key":"MealTicket"},{"floor":18,"key":"YumHeart"},{"floor":20,"key":"conspire:Flyswatter"},{"floor":21,"key":"Dota2Spire:MaskOfMadness"},{"floor":22,"key":"Matryoshka"},{"floor":23,"key":"InkBottle"},{"floor":24,"key":"Art of War"},{"floor":25,"key":"Dream Catcher"},{"floor":26,"key":"Lantern"},{"floor":26,"key":"BookOfRevelations"},{"floor":27,"key":"UnicornStump"},{"floor":28,"key":"Bag of Marbles"},{"floor":29,"key":"Tiny Chest"},{"floor":30,"key":"PreservedInsect"},{"floor":35,"key":"HornCleat"},{"floor":36,"key":"BlankCard"},{"floor":37,"key":"Regal Pillow"},{"floor":39,"key":"TheBean"},{"floor":40,"key":"Eternal Feather"},{"floor":41,"key":"Mummified Hand"},{"floor":42,"key":"Gambling Chip"},{"floor":43,"key":"Dota2Spire:ArcaneBoots"},{"floor":43,"key":"Dota2Spire:DivineRapier"},{"floor":44,"key":"Oddly Smooth Stone"},{"floor":46,"key":"Question Card"}],"event_choices":[{"damage_healed":0,"gold_gain":0,"player_choice":"Ignored","damage_taken":0,"max_hp_gain":0,"max_hp_loss":0,"event_name":"Purifier","floor":45,"gold_loss":0}],"is_beta":true,"boss_relics":[{"not_picked":["SacredBark","ChampionBelt"],"picked":"conspire:RoyalGoblet"},{"not_picked":[]},{"not_picked":["Dota2Spire:RefresherOrb","REME_ChargedStone"],"picked":"Sozu"},{"not_picked":[]}],"items_purged_floors":[],"is_endless":false,"potions_floor_spawned":[4,5,8,11,12,16,18,20,25,27,29,31,37,38,39,46,48],"ascension_level":20}}