{"host":"pxmwci5ksxda8grt","time":1611202642,"event":{"mods":["BaseMod","Better Third Choice","BetterRewards","Colored Map","Colored Powertips","Defuse TimeMaze Blight","Energized Spire","GifTheSpireLib","Minty Spire (QoL Compilation)","Quick Restart","Rare Cards Sparkle","Relic Stats","StSLib","SuperFastMode"],"gold_per_floor":[111,125,138,152,169,195,195,4754,4777,4794,4794,4821,4821,4895,4895,5000,4950,4962,4912,4060,4074,4091,4091,3277,3311,3311,3326,3351,3365,3365,3365,3365,3463,3463,3479,3528,3547,2912,2932,2966,2966,2966,2993,3037,3068,3093,3139,3167,3179,3191],"floor_reached":51,"language":"ENG","playtime":3475,"items_purged":["Normality","Strike_G","Strike_G","Dagger Throw"],"score":1055,"play_id":"5ce5cded-0193-481b-a457-d3b29e51f9e1","local_time":"20210121171722","is_ascension_mode":true,"campfire_choices":[{"data":"Glass Knife","floor":7,"key":"SMITH"},{"data":"Dagger Spray","floor":11,"key":"SMITH"},{"data":"Infinite Blades","floor":13,"key":"SMITH"},{"data":"Footwork","floor":15,"key":"SMITH"},{"data":"Blade Dance","floor":23,"key":"SMITH"},{"data":"Envenom","floor":32,"key":"SMITH"},{"data":"Accuracy","floor":41,"key":"SMITH"},{"data":"Accuracy","floor":49,"key":"SMITH"}],"circlet_count":0,"master_deck":["Defend_G","Defend_G","Defend_G+1","Defend_G","Defend_G","Neutralize","Backstab","Poisoned Stab","Footwork+1","Outmaneuver+1","Glass Knife+1","Well Laid Plans","Dagger Spray+1","Caltrops","Infinite Blades+1","Envenom+1","Quick Slash","Infinite Blades+1","Blade Dance+1","Bouncing Flask","Noxious Fumes","Catalyst","Infinite Blades","Deflect+1","Quick Slash+1","Flying Knee+1","Bite+1","Bite+1","Bite+1","Bite+1","Bite+1","Writhe","Die Die Die+1","CurseOfTheBell","Accuracy+1","Cloak And Dagger+1","Accuracy+1","Blade Dance+1"],"relics":["Ring of the Snake","Bag of Preparation","Orichalcum","TheAbacus","Dead Branch","Ice Cream","MealTicket","HandDrill","Bag of Marbles","Pen Nib","PreservedInsect","energizedSpire:HugeHouse","The Specimen","Ninja Scroll","DollysMirror","Strawberry","Molten Egg 2","TwistedFunnel","War Paint","Tingsha","TungstenRod","Centennial Puzzle","Calling Bell","Toy Ornithopter","Shuriken","Gambling Chip","Du-Vu Doll","White Beast Statue","Happy Flower","Pocketwatch","MawBank","Sundial","Omamori"],"acts_visited":["Exordium","TheCity","TheBeyond"],"potions_floor_usage":[22,28,36,45],"damage_taken":[{"damage":0.0,"enemies":"Cultist","floor":1.0,"turns":3.0},{"damage":0.0,"enemies":"Jaw Worm","floor":2.0,"turns":2.0},{"damage":0.0,"enemies":"2 Louse","floor":3.0,"turns":1.0},{"damage":0.0,"enemies":"2 Fungi Beasts","floor":4.0,"turns":3.0},{"damage":4.0,"enemies":"Looter","floor":5.0,"turns":2.0},{"damage":4,"enemies":"Gremlin Nob","floor":6,"turns":3},{"damage":0,"enemies":"Large Slime","floor":10,"turns":1},{"damage":3,"enemies":"3 Sentries","floor":12,"turns":3},{"damage":18,"enemies":"Hexaghost","floor":16,"turns":7},{"damage":2,"enemies":"Shell Parasite","floor":18,"turns":2},{"damage":0,"enemies":"Spheric Guardian","floor":21,"turns":2},{"damage":5,"enemies":"Shelled Parasite and Fungi","floor":22,"turns":2},{"damage":0,"enemies":"Slavers","floor":25,"turns":1},{"damage":4,"enemies":"Cultist and Chosen","floor":27,"turns":3},{"damage":5,"enemies":"Book of Stabbing","floor":28,"turns":2},{"damage":6,"enemies":"Snake Plant","floor":29,"turns":2},{"damage":18,"enemies":"Automaton","floor":33,"turns":6},{"damage":0,"enemies":"3 Darklings","floor":35,"turns":1},{"damage":16,"enemies":"2 Orb Walkers","floor":36,"turns":3},{"damage":0,"enemies":"3 Shapes","floor":37,"turns":1},{"damage":0,"enemies":"Jaw Worm Horde","floor":39,"turns":1},{"damage":13,"enemies":"Nemesis","floor":40,"turns":3},{"damage":0,"enemies":"Reptomancer","floor":44,"turns":2},{"damage":9,"enemies":"Spire Growth","floor":45,"turns":2},{"damage":0,"enemies":"3 Darklings","floor":46,"turns":1},{"damage":0,"enemies":"Nemesis","floor":47,"turns":1},{"damage":0,"enemies":"Transient","floor":48,"turns":5},{"damage":34,"enemies":"Awakened One","floor":50,"turns":4}],"seed_played":"-2357258175156578811","potions_obtained":[{"floor":1.0,"key":"SkillPotion"},{"floor":4.0,"key":"LiquidMemories"},{"floor":10,"key":"DistilledChaos"},{"floor":21,"key":"Regen Potion"},{"floor":22,"key":"EssenceOfSteel"},{"floor":35,"key":"SmokeBomb"},{"floor":37,"key":"Block Potion"},{"floor":40,"key":"PowerPotion"},{"floor":45,"key":"DuplicationPotion"}],"is_trial":false,"path_per_floor":["M","M","M","M","M","E","R","$","T","M","R","E","R","?","R","B",null,"M","?","$","M","M","R","$","E","T","M","E","M","?","?","R","B",null,"M","?","M","$","M","E","R","?","T","E","M","M","E","M","R","B",null],"character_chosen":"THE_SILENT","items_purchased":["Bag of Preparation","Orichalcum","TheAbacus","HandDrill","Bag of Marbles","Blood Vial","The Specimen","Ninja Scroll","DollysMirror","Blade Dance","Strawberry","Molten Egg 2","TwistedFunnel","Noxious Fumes","Catalyst","White Beast Statue","Happy Flower","Accuracy"],"campfire_rested":0,"item_purchase_floors":[0,0,0,8,8,8,20,20,20,20,24,24,24,24,24,38,38,38],"current_hp_per_floor":[70,70,70,70,66,62,62,70,70,70,70,67,67,67,67,51,65,63,63,65,65,60,60,72,72,72,68,65,61,61,61,61,58,72,72,64,64,72,72,62,62,62,62,62,58,58,58,70,70,42],"gold":3203,"neow_bonus":"","is_daily":false,"chose_seed":false,"campfire_upgraded":8,"win_rate":0.0,"timestamp":1611202642,"path_taken":["M","?","M","M","M","E","R","$","T","M","R","E","R","?","R","BOSS","M","?","$","?","M","R","$","E","T","M","E","M","?","?","R","BOSS","M","?","M","$","M","E","R","?","T","E","?","?","E","M","R","BOSS"],"items_purchased_type":["Relic","Relic","Relic","Relic","Relic","Relic","Relic","Relic","Relic","Card","Relic","Relic","Relic","Card","Card","Relic","Relic","Card"],"build_version":"2020-12-22","purchased_purges":4,"victory":true,"max_hp_per_floor":[70,70,70,70,70,70,70,70,70,70,70,70,70,70,70,70,65,65,65,65,65,65,65,72,72,72,72,72,72,72,72,72,72,72,72,72,72,72,72,72,72,72,72,72,72,72,72,72,72,72],"relic_stats":{"Happy Flower":[6],"counters":[28,69],"Dead Branch":[194],"Tingsha":[108],"Pen Nib":[28],"PreservedInsect":232,"Bag of Preparation":[20],"Orichalcum":[162],"War Paint":["Outmaneuver","Defend_G"],"MawBank":96,"Centennial Puzzle":[15],"TheAbacus":[30],"Shuriken":[35],"Sundial":[0],"Gambling Chip":[29],"MealTicket":23,"HandDrill":[40],"obtain_stats":[{"Ice Cream":0,"TwistedFunnel":24,"Bag of Preparation":0,"Blood Vial":8,"Centennial Puzzle":31,"TheAbacus":0,"Ninja Scroll":20,"DollysMirror":20,"Sundial":44,"Strawberry":24,"Gambling Chip":34,"MealTicket":6,"HandDrill":8,"energizedSpire:HugeHouse":17,"Ring of the Snake":0,"The Specimen":20,"Happy Flower":38,"Dead Branch":0,"Tingsha":26,"Pen Nib":9,"PreservedInsect":12,"Omamori":47,"Orichalcum":0,"War Paint":25,"MawBank":43,"White Beast Statue":38,"Calling Bell":34,"Du-Vu Doll":36,"Shuriken":34,"Molten Egg 2":24,"Bag of Marbles":8,"TungstenRod":28,"Toy Ornithopter":34,"Pocketwatch":40},{"Ice Cream":0,"TwistedFunnel":12,"Bag of Preparation":0,"Blood Vial":6,"Centennial Puzzle":16,"TheAbacus":0,"Ninja Scroll":10,"DollysMirror":10,"Sundial":23,"Strawberry":12,"Gambling Chip":17,"MealTicket":6,"HandDrill":6,"energizedSpire:HugeHouse":9,"Ring of the Snake":0,"The Specimen":10,"Happy Flower":20,"Dead Branch":0,"Tingsha":13,"Pen Nib":6,"PreservedInsect":8,"Omamori":26,"Orichalcum":0,"War Paint":13,"MawBank":22,"White Beast Statue":20,"Calling Bell":17,"Du-Vu Doll":19,"Shuriken":17,"Molten Egg 2":12,"Bag of Marbles":6,"TungstenRod":15,"Toy Ornithopter":17,"Pocketwatch":22},{"Ice Cream":0,"TwistedFunnel":31,"Bag of Preparation":0,"Blood Vial":14,"Centennial Puzzle":39,"TheAbacus":0,"Ninja Scroll":27,"DollysMirror":27,"Sundial":56,"Strawberry":31,"Gambling Chip":45,"MealTicket":14,"HandDrill":14,"energizedSpire:HugeHouse":25,"Ring of the Snake":0,"The Specimen":27,"Happy Flower":50,"Dead Branch":0,"Tingsha":32,"Pen Nib":14,"PreservedInsect":18,"Omamori":60,"Orichalcum":0,"War Paint":32,"MawBank":54,"White Beast Statue":50,"Calling Bell":45,"Du-Vu Doll":49,"Shuriken":45,"Molten Egg 2":31,"Bag of Marbles":14,"TungstenRod":37,"Toy Ornithopter":45,"Pocketwatch":54}],"TungstenRod":15,"Toy Ornithopter":10,"Ring of the Snake":[56],"Pocketwatch":[0]},"card_choices":[{"not_picked":["Slice","Backflip"],"picked":"Poisoned Stab","floor":1.0},{"not_picked":["Finisher","Poisoned Stab"],"picked":"Footwork","floor":2.0},{"not_picked":["PiercingWail","Sucker Punch"],"picked":"Outmaneuver","floor":3.0},{"not_picked":["Sucker Punch","Dagger Throw"],"picked":"Glass Knife","floor":4.0},{"not_picked":["Predator","Choke"],"picked":"Well Laid Plans","floor":5.0},{"not_picked":["Prepared","Bouncing Flask"],"picked":"Dagger Spray","floor":6},{"not_picked":["Quick Slash","Deadly Poison"],"picked":"Caltrops","floor":10},{"not_picked":["Tactician","Terror"],"picked":"Infinite Blades","floor":12},{"not_picked":["Venomology","Phantasmal Killer"],"picked":"Envenom","floor":16},{"not_picked":["Sucker Punch","Well Laid Plans"],"picked":"Quick Slash","floor":18},{"not_picked":["Bane+1","All Out Attack","PiercingWail"],"picked":"SKIP","floor":21},{"not_picked":["Bane","Backflip"],"picked":"Bouncing Flask","floor":22},{"not_picked":["Eviscerate+1","Escape Plan"],"picked":"Infinite Blades","floor":25},{"not_picked":["Backflip","Tactician"],"picked":"Deflect+1","floor":27},{"not_picked":["Prepared","Well Laid Plans"],"picked":"Quick Slash+1","floor":28},{"not_picked":["Storm of Steel","Masterful Stab+1"],"picked":"Flying Knee+1","floor":29},{"not_picked":["Adrenaline","Grand Finale+1"],"picked":"Die Die Die+1","floor":33},{"not_picked":["Backflip","Quick Slash+1"],"picked":"Accuracy","floor":35},{"not_picked":["Acrobatics+1","Dodge and Roll+1"],"picked":"Cloak And Dagger+1","floor":37},{"not_picked":["Underhanded Strike+1","Leg Sweep+1","Predator+1"],"picked":"SKIP","floor":39},{"not_picked":["Escape Plan+1","Blur"],"picked":"Blade Dance+1","floor":40},{"not_picked":["Flechettes+1","Footwork","Sucker Punch+1"],"picked":"SKIP","floor":44},{"not_picked":["Dodge and Roll","Backflip+1","Quick Slash+1"],"picked":"SKIP","floor":45},{"not_picked":["Noxious Fumes","Finisher+1","Well Laid Plans+1"],"picked":"SKIP","floor":46},{"not_picked":["Dash+1","Reflex","Riddle With Holes+1"],"picked":"SKIP","floor":47},{"not_picked":["Bouncing Flask","Outmaneuver+1","Quick Slash+1"],"picked":"SKIP","floor":48}],"player_experience":564816,"relics_obtained":[{"floor":6,"key":"MealTicket"},{"floor":9,"key":"Pen Nib"},{"floor":12,"key":"PreservedInsect"},{"floor":25,"key":"War Paint"},{"floor":26,"key":"Tingsha"},{"floor":28,"key":"TungstenRod"},{"floor":34,"key":"Toy Ornithopter"},{"floor":34,"key":"Shuriken"},{"floor":34,"key":"Gambling Chip"},{"floor":36,"key":"Du-Vu Doll"},{"floor":40,"key":"Pocketwatch"},{"floor":43,"key":"MawBank"},{"floor":44,"key":"Sundial"},{"floor":47,"key":"Omamori"}],"event_choices":[{"damage_healed":0,"gold_gain":74,"player_choice":"Gained Gold","damage_taken":0,"max_hp_gain":0,"max_hp_loss":0,"event_name":"Golden Wing","floor":14,"gold_loss":0},{"damage_healed":0,"gold_gain":0,"player_choice":"Bet on Murderer","damage_taken":0,"max_hp_gain":0,"max_hp_loss":0,"event_name":"The Joust","floor":19,"gold_loss":50},{"damage_healed":0,"gold_gain":0,"player_choice":"Became a vampire (Vial)","damage_taken":0,"max_hp_gain":0,"max_hp_loss":0,"event_name":"Vampires","floor":30,"relics_lost":["Blood Vial"],"gold_loss":0,"cards_obtained":["Bite","Bite","Bite","Bite","Bite"]},{"damage_healed":0,"gold_gain":0,"player_choice":"Opened","damage_taken":0,"relics_obtained":["Centennial Puzzle"],"max_hp_gain":0,"max_hp_loss":0,"event_name":"The Mausoleum","floor":31,"gold_loss":0,"cards_obtained":["Writhe"]},{"damage_healed":0,"gold_gain":0,"player_choice":"Fight","damage_taken":0,"max_hp_gain":0,"max_hp_loss":0,"event_name":"Mysterious Sphere","floor":36,"gold_loss":0},{"damage_healed":0,"gold_gain":0,"player_choice":"Got Potions","damage_taken":0,"max_hp_gain":0,"max_hp_loss":0,"event_name":"Lab","floor":42,"gold_loss":0}],"is_beta":false,"boss_relics":[{"not_picked":["energizedSpire:DeadBattery","Snecko Eye"],"picked":"energizedSpire:HugeHouse"},{"not_picked":["Pandora\u0027s Box","Busted Crown"],"picked":"Calling Bell"}],"items_purged_floors":[0,20,24,38],"is_endless":false,"potions_floor_spawned":[1,4,10,21,22,35,37,39,40,44,45,46,47,48],"ascension_level":1}}