{"host":"oeotdbd679q6m6vu","time":1611229371,"event":{"mods":["Act Like it!","BaseMod","Colored Map","Decade(Õı–°√˜)","Downfall","Friendly Minions","Gensokyo","GifTheSpireLib","Highlight Path","Lobotomy","Marisa£®ÏF”Í°°ƒß¿Ì…≥£©","Minty Spire (QoL Compilation)","Rare Cards Sparkle","Reimu£®≤©¿ˆ¡È√Œ£©","StSLib","The Animator","The Bug Knight","Youmu£®ªÍ∆«—˝√Œ£©"],"gold_per_floor":[99,119,132,10,30,49,49,334,362,200,218,250,250,260,260,260],"floor_reached":14,"language":"ZHS","playtime":902,"items_purged":[],"score":130,"play_id":"3c9daddc-8271-4776-968b-5f28f8f84ab9","local_time":"20210121064251","is_ascension_mode":true,"campfire_choices":[{"data":"bronze:Goto","floor":1,"key":"SMITH"},{"data":"bronze:Virus","floor":13,"key":"SMITH"}],"circlet_count":0,"master_deck":["bronze:Strike","bronze:Strike","bronze:Strike","bronze:Strike","bronze:Defend","bronze:Defend","bronze:Defend","bronze:Defend","bronze:Replicate","bronze:Goto+1","QueenOfHatred","bronze:RecursiveStrike","MHz","bronze:FollowUp","WallGazer","bronze:ChosenStrike","CrumblingArmor","bronze:Virus+1","MeatLantern","Gensokyo:SummonJeweledCobra","bronze:InfiniteBeams","FairyFestival","Scarecrow","Freischutz","bronze:Iterate","BigBird"],"relics":["bronze:BronzeCore","CogitoBucket","Potion Belt","HornCleat","Letter Opener","Gensokyo:Companionship","Bag of Preparation","ChangeAnything","Happy Flower"],"acts_visited":["Exordium"],"potions_floor_usage":[14],"damage_taken":[{"damage":6,"enemies":"Gensokyo:Python","floor":2,"turns":4},{"damage":11,"enemies":"Gensokyo:Gryphon","floor":3,"turns":4},{"damage":8,"enemies":"Gensokyo:2_Kodama","floor":5,"turns":5},{"damage":16,"enemies":"Gensokyo:CorruptedTreant","floor":6,"turns":6},{"damage":2,"enemies":"downfall:FleeingMerchant","floor":8,"turns":4},{"damage":2,"enemies":"Gensokyo:Aya","floor":9,"turns":3},{"damage":2,"enemies":"downfall:FleeingMerchant","floor":10,"turns":4},{"damage":8,"enemies":"Gensokyo:2_Rabbits","floor":11,"turns":2},{"damage":42,"enemies":"Gensokyo:Mamizou","floor":12,"turns":3},{"damage":37,"enemies":"Gensokyo:Cirno","floor":14,"turns":2}],"seed_played":"1429811500946790663","potions_obtained":[{"floor":3,"key":"Energy Potion"},{"floor":5,"key":"Regen Potion"},{"floor":9,"key":"bronze:FreeFunctionsPotion"},{"floor":11,"key":"DuplicationPotion"},{"floor":12,"key":"Dexterity Potion"}],"is_trial":false,"path_per_floor":["R","M","M","COS","M","M","T","$","E","$","M","E","R","E"],"character_chosen":"THE_AUTOMATON","items_purchased":["Bag of Preparation"],"campfire_rested":0,"item_purchase_floors":[10],"current_hp_per_floor":[70,64,65,65,68,58,58,59,57,55,57,17,17,0,0,0],"gold":260,"neow_bonus":"","is_daily":false,"chose_seed":false,"campfire_upgraded":2,"win_rate":0.0,"timestamp":1611229371,"path_taken":["R","M","M","COS","M","M","T","$","E","$","M","E","R","E"],"items_purchased_type":["Relic"],"build_version":"2020-12-22","purchased_purges":0,"victory":false,"max_hp_per_floor":[70,70,70,70,70,70,70,70,70,70,70,70,70,70,70,70],"card_choices":[{"not_picked":["ShyLook","Funeral"],"picked":"QueenOfHatred","floor":2},{"not_picked":["bronze:Shield","bronze:Flail","bronze:CutThrough"],"picked":"SKIP","floor":2},{"not_picked":["bronze:Philosophize","bronze:Constructor"],"picked":"bronze:RecursiveStrike","floor":3},{"not_picked":["SnowQueen","PunishingBird"],"picked":"MHz","floor":3},{"not_picked":["bronze:Flail","bronze:Overheat"],"picked":"bronze:FollowUp","floor":5},{"not_picked":["OSAHOGD","Bloodbath"],"picked":"WallGazer","floor":5},{"not_picked":["bronze:DelayedGuard","bronze:DelayedSlice"],"picked":"bronze:ChosenStrike","floor":6},{"not_picked":["PunishingBird","CherryBlossoms"],"picked":"CrumblingArmor","floor":6},{"not_picked":["bronze:Turbo","bronze:Separator"],"picked":"bronze:Virus","floor":8},{"not_picked":["SpiderBud","Bloodbath"],"picked":"MeatLantern","floor":8},{"not_picked":["bronze:DarkDash","bronze:ItsAFeature"],"picked":"bronze:InfiniteBeams","floor":9},{"not_picked":["Bloodbath","PunishingBird"],"picked":"FairyFestival","floor":9},{"not_picked":["QueenBee","SpiderBud"],"picked":"Scarecrow","floor":10},{"not_picked":["bronze:BugBarrage","bronze:AlphaBuild","bronze:Turbo"],"picked":"SKIP","floor":10},{"not_picked":["OSAHOGD","Yin"],"picked":"Freischutz","floor":11},{"not_picked":["bronze:Fortify","bronze:OilSpill","bronze:Repulsor"],"picked":"SKIP","floor":11},{"not_picked":["bronze:Fortify","bronze:OilSpill","bronze:Repulsor"],"picked":"SKIP","floor":11},{"not_picked":["bronze:Refactor","bronze:FollowUp"],"picked":"bronze:Iterate","floor":12},{"not_picked":["ShyLook","OldLady"],"picked":"BigBird","floor":12}],"player_experience":364736,"relics_obtained":[{"floor":7,"key":"HornCleat"},{"floor":9,"key":"Letter Opener"},{"floor":12,"key":"Happy Flower"}],"event_choices":[],"is_beta":false,"boss_relics":[],"items_purged_floors":[],"is_endless":false,"potions_floor_spawned":[3,5,9,11,12],"killed_by":"Gensokyo:Cirno","ascension_level":1}}