{"host":"7sni158j623xchr2","time":1611197323,"event":{"mods":["BaseMod","Colored Map","Highlight Path","Minty Spire (QoL Compilation)","Permanent Neow","Potion Indicator Mod","Rare Cards Sparkle","Relic Sorter","Relic Stats","StSLib","everything is the same but u backflip on backflip"],"gold_per_floor":[109,109,109,124,43,43,61,102,102,138,138,157,175,218,218,337,337,361,460,460,475,475,514,514,547,597,597,616,616,649,663,663,787,787,807,1140,486,506,526,557,557,582,582,106,123,123,141,160,160,160,160,160,26,61,61],"floor_reached":56,"language":"ENG","playtime":1966,"items_purged":["Strike_B","Defend_B"],"score":1461,"play_id":"b31eb6ba-6fe6-4c25-b6a4-d5fdb8b15339","local_time":"20210120204843","is_ascension_mode":true,"campfire_choices":[{"data":"Turbo","floor":6.0,"key":"SMITH"},{"data":"Hologram","floor":11.0,"key":"SMITH"},{"data":"Fission","floor":15.0,"key":"SMITH"},{"data":"Electrodynamics","floor":24.0,"key":"SMITH"},{"floor":27,"key":"REST"},{"data":"Consume","floor":29,"key":"SMITH"},{"data":"Defragment","floor":32,"key":"SMITH"},{"floor":41,"key":"RECALL"},{"data":"Sunder","floor":46,"key":"SMITH"},{"data":"Zap","floor":49,"key":"SMITH"},{"data":"Streamline","floor":52,"key":"SMITH"}],"circlet_count":0,"master_deck":["Defend_B","Defend_B","Zap+1","Dualcast+1","Streamline+1","Turbo+1","Rip and Tear","Hologram+1","Fission+1","Chill+1","Compile Driver","Consume+1","Electrodynamics+1","Conserve Battery+1","Glacier+1","Storm+1","Sweeping Beam+1","Reinforced Body+1","Sunder+1","Self Repair+1","Defragment+1","Echo Form","Defragment+1","Coolheaded"],"relics":["Runic Pyramid","Meat on the Bone","The Courier","Pantograph","White Beast Statue","Astrolabe","Singing Bowl","Bag of Preparation","PreservedInsect","CaptainsWheel","Philosopher\u0027s Stone","Runic Capacitor","Centennial Puzzle","Mango","War Paint","Bronze Scales","DataDisk","Ornamental Fan","Membership Card","Orichalcum","Ginger","Lizard Tail","TungstenRod","Eternal Feather"],"acts_visited":["Exordium","TheCity","TheBeyond","TheEnding"],"potions_floor_usage":[45,55,55],"damage_taken":[{"damage":1.0,"enemies":"Cultist","floor":1.0,"turns":3.0},{"damage":0.0,"enemies":"Small Slimes","floor":4.0,"turns":3.0},{"damage":2.0,"enemies":"Jaw Worm","floor":7.0,"turns":3.0},{"damage":16.0,"enemies":"Lagavulin","floor":8.0,"turns":5.0},{"damage":17.0,"enemies":"3 Sentries","floor":10.0,"turns":7.0},{"damage":7.0,"enemies":"2 Fungi Beasts","floor":12.0,"turns":3.0},{"damage":2.0,"enemies":"3 Louse","floor":13.0,"turns":3.0},{"damage":8.0,"enemies":"Lagavulin","floor":14.0,"turns":6.0},{"damage":8.0,"enemies":"Slime Boss","floor":16.0,"turns":6.0},{"damage":0.0,"enemies":"Shell Parasite","floor":18.0,"turns":4.0},{"damage":3.0,"enemies":"Chosen","floor":21.0,"turns":5.0},{"damage":0.0,"enemies":"Sentry and Sphere","floor":22.0,"turns":3.0},{"damage":65.0,"enemies":"Book of Stabbing","floor":23.0,"turns":10.0},{"damage":34,"enemies":"Slavers","floor":25,"turns":3},{"damage":10,"enemies":"Snake Plant","floor":28,"turns":6},{"damage":1,"enemies":"Gremlin Leader","floor":30,"turns":4},{"damage":18,"enemies":"Centurion and Healer","floor":31,"turns":3},{"damage":40,"enemies":"Automaton","floor":33,"turns":13},{"damage":0,"enemies":"Orb Walker","floor":35,"turns":2},{"damage":0,"enemies":"3 Darklings","floor":38,"turns":3},{"damage":3,"enemies":"Maw","floor":39,"turns":7},{"damage":0,"enemies":"Reptomancer","floor":40,"turns":3},{"damage":6,"enemies":"Nemesis","floor":42,"turns":3},{"damage":21,"enemies":"Writhing Mass","floor":45,"turns":3},{"damage":6,"enemies":"Spire Growth","floor":47,"turns":4},{"damage":10,"enemies":"Transient","floor":48,"turns":5},{"damage":10,"enemies":"Donu and Deca","floor":50,"turns":4},{"damage":19,"enemies":"Shield and Spear","floor":54,"turns":3},{"damage":26,"enemies":"The Heart","floor":55,"turns":7}],"seed_played":"-8738393269164394293","potions_obtained":[{"floor":1.0,"key":"Dexterity Potion"},{"floor":8.0,"key":"Dexterity Potion"},{"floor":10.0,"key":"Energy Potion"},{"floor":16.0,"key":"FairyPotion"},{"floor":18.0,"key":"DuplicationPotion"},{"floor":21.0,"key":"SmokeBomb"},{"floor":23.0,"key":"FearPotion"},{"floor":25,"key":"Dexterity Potion"},{"floor":35,"key":"Fire Potion"},{"floor":38,"key":"LiquidMemories"},{"floor":45,"key":"ColorlessPotion"},{"floor":47,"key":"GamblersBrew"}],"is_trial":false,"path_per_floor":["M","?","?","M","$","R","M","E","T","E","R","M","M","E","R","B",null,"M","?","?","M","M","E","R","E","T","R","M","R","E","M","R","B",null,"M","?","$","M","M","E","R","E","T","$","M","R","M","M","R","B",null,"R","$","E","B",null],"character_chosen":"DEFECT","items_purchased":["Rip and Tear","Runic Capacitor","Centennial Puzzle","Mango","War Paint","Membership Card","Orichalcum","Ginger","Lizard Tail","TungstenRod","Coolheaded"],"campfire_rested":1,"item_purchase_floors":[5,37,37,37,37,44,44,44,44,53,53],"current_hp_per_floor":[74,62,44,44,44,44,42,38,38,33,33,38,48,40,40,57,75,75,75,75,72,72,19,19,24,24,46,48,48,47,51,51,57,75,77,77,91,93,95,97,97,99,99,99,90,90,96,96,96,103,103,103,103,96,89],"gold":61,"neow_bonus":"BOSS_RELIC","is_daily":false,"chose_seed":false,"campfire_upgraded":9,"win_rate":0.0,"timestamp":1611197323,"path_taken":["M","?","?","M","$","R","M","E","T","E","R","?","M","E","R","BOSS","M","?","?","M","M","E","R","E","T","R","?","R","E","M","R","BOSS","M","?","?","M","M","E","R","E","T","$","M","R","M","?","R","BOSS","R","$","E","BOSS"],"items_purchased_type":["Card","Relic","Relic","Relic","Relic","Relic","Relic","Relic","Relic","Relic","Card"],"build_version":"2020-12-22","purchased_purges":2,"victory":true,"max_hp_per_floor":[75,75,75,75,75,75,75,75,75,75,75,75,75,75,75,75,75,75,75,75,75,75,75,75,75,75,75,75,75,75,75,75,75,75,77,77,91,93,95,97,97,99,99,99,101,101,103,103,103,103,103,103,103,105,105],"relic_stats":{"Singing Bowl":16,"counters":[29,134],"Astrolabe":["Conserve Battery","Glacier","Storm"],"Eternal Feather":0,"PreservedInsect":219,"Bag of Preparation":[30],"Ginger":[4],"War Paint":["Chill","Dualcast"],"Orichalcum":[36],"Centennial Puzzle":[24],"Lizard Tail":0,"Ornamental Fan":[8],"Pantograph":65,"Bronze Scales":[150],"obtain_stats":[{"Singing Bowl":23,"Mango":37,"Bag of Preparation":25,"Runic Capacitor":37,"Ginger":44,"Centennial Puzzle":37,"Lizard Tail":44,"Pantograph":10,"Philosopher\u0027s Stone":34,"Cracked Core":0,"Runic Pyramid":0,"Golden Idol":3,"Astrolabe":17,"Eternal Feather":54,"The Courier":8,"PreservedInsect":26,"War Paint":37,"Orichalcum":44,"White Beast Statue":14,"CaptainsWheel":30,"DataDisk":42,"Ornamental Fan":43,"Bronze Scales":40,"Membership Card":44,"TungstenRod":53,"Meat on the Bone":2},{"Singing Bowl":13,"Mango":19,"Bag of Preparation":14,"Runic Capacitor":19,"Ginger":23,"Centennial Puzzle":19,"Lizard Tail":23,"Pantograph":5,"Philosopher\u0027s Stone":18,"Cracked Core":0,"Runic Pyramid":0,"Golden Idol":1,"Astrolabe":9,"Eternal Feather":28,"The Courier":4,"PreservedInsect":14,"War Paint":19,"Orichalcum":23,"White Beast Statue":8,"CaptainsWheel":16,"DataDisk":23,"Ornamental Fan":23,"Bronze Scales":22,"Membership Card":23,"TungstenRod":27,"Meat on the Bone":1},{"Singing Bowl":61,"Mango":92,"Bag of Preparation":64,"Runic Capacitor":92,"Ginger":108,"Centennial Puzzle":92,"Lizard Tail":108,"Pantograph":21,"Philosopher\u0027s Stone":90,"Cracked Core":0,"Runic Pyramid":0,"Golden Idol":3,"Astrolabe":39,"Eternal Feather":127,"The Courier":14,"PreservedInsect":64,"War Paint":92,"Orichalcum":108,"White Beast Statue":33,"CaptainsWheel":74,"DataDisk":108,"Ornamental Fan":108,"Bronze Scales":105,"Membership Card":108,"TungstenRod":124,"Meat on the Bone":3}],"TungstenRod":19,"Meat on the Bone":108},"card_choices":[{"not_picked":["Coolheaded","Stack"],"picked":"Streamline","floor":1.0},{"not_picked":["Sweeping Beam","Steam"],"picked":"Turbo","floor":4.0},{"not_picked":["Reprogram","Redo"],"picked":"Hologram","floor":7.0},{"not_picked":["Ball Lightning","Sweeping Beam"],"picked":"Fission","floor":8.0},{"not_picked":["Barrage","Redo"],"picked":"Chill","floor":10.0},{"not_picked":["Steam","Leap"],"picked":"Compile Driver","floor":12.0},{"not_picked":["Self Repair","Rebound"],"picked":"Consume","floor":13.0},{"not_picked":["Rebound","Skim","Reprogram"],"picked":"SKIP","floor":14.0},{"not_picked":["All For One","Seek"],"picked":"Electrodynamics","floor":16.0},{"not_picked":["Tempest","Ball Lightning","Conserve Battery"],"picked":"SKIP","floor":18.0},{"not_picked":["Stack","Chill","Gash+1"],"picked":"SKIP","floor":21.0},{"not_picked":["Steam+1","Melter"],"picked":"Sweeping Beam+1","floor":23.0},{"not_picked":["All For One","Electrodynamics"],"picked":"Reinforced Body+1","floor":25},{"not_picked":["Undo","Skim"],"picked":"Sunder","floor":28},{"not_picked":["Gash","Compile Driver+1"],"picked":"Self Repair+1","floor":30},{"not_picked":["Sweeping Beam","Compile Driver"],"picked":"Defragment","floor":31},{"not_picked":["Rainbow","Seek"],"picked":"Echo Form","floor":33},{"not_picked":["Go for the Eyes","Stack","Compile Driver+1"],"picked":"Singing Bowl","floor":35},{"not_picked":["Rebound","Barrage+1","Sweeping Beam"],"picked":"Singing Bowl","floor":38},{"not_picked":["Ball Lightning+1","Turbo","Static Discharge+1"],"picked":"Singing Bowl","floor":39},{"not_picked":["Undo+1","Redo+1","Leap+1"],"picked":"Singing Bowl","floor":40},{"not_picked":["BootSequence","Ball Lightning+1","FTL"],"picked":"Singing Bowl","floor":42},{"not_picked":["Darkness","Streamline","Recycle"],"picked":"Singing Bowl","floor":45},{"not_picked":["Compile Driver+1","Rebound","Beam Cell"],"picked":"Singing Bowl","floor":47},{"not_picked":["Streamline+1","Beam Cell+1"],"picked":"Defragment+1","floor":48},{"not_picked":["Blizzard+1","Darkness+1","Hyperbeam"],"picked":"Singing Bowl","floor":54}],"player_experience":1655294,"relics_obtained":[{"floor":8.0,"key":"The Courier"},{"floor":10.0,"key":"Pantograph"},{"floor":14.0,"key":"White Beast Statue"},{"floor":23.0,"key":"Singing Bowl"},{"floor":25,"key":"Bag of Preparation"},{"floor":26,"key":"PreservedInsect"},{"floor":30,"key":"CaptainsWheel"},{"floor":40,"key":"Bronze Scales"},{"floor":42,"key":"DataDisk"},{"floor":43,"key":"Ornamental Fan"},{"floor":54,"key":"Eternal Feather"}],"event_choices":[{"damage_healed":0.0,"max_hp_gain":0.0,"max_hp_loss":0.0,"gold_gain":0.0,"event_name":"Scrap Ooze","player_choice":"Success","floor":2.0,"gold_loss":0.0,"damage_taken":12.0,"relics_obtained":["Meat on the Bone"]},{"damage_healed":0.0,"max_hp_gain":0.0,"max_hp_loss":0.0,"gold_gain":0.0,"event_name":"Golden Idol","player_choice":"Take Damage","floor":3.0,"gold_loss":0.0,"damage_taken":18.0,"relics_obtained":["Golden Idol"]},{"damage_healed":0.0,"max_hp_gain":0.0,"max_hp_loss":0.0,"gold_gain":99.0,"event_name":"Nest","player_choice":"Stole From Cult","floor":19.0,"gold_loss":0.0,"damage_taken":0.0},{"cards_removed":["Strike_B"],"damage_healed":0.0,"max_hp_gain":0.0,"max_hp_loss":0.0,"gold_gain":0.0,"event_name":"Purifier","player_choice":"Purged","floor":20.0,"gold_loss":0.0,"damage_taken":0.0},{"damage_healed":0,"gold_gain":333,"player_choice":"Gave Idol","damage_taken":0,"max_hp_gain":0,"max_hp_loss":0,"event_name":"The Moai Head","floor":36,"relics_lost":["Golden Idol"],"gold_loss":0}],"is_beta":false,"boss_relics":[{"not_picked":["Empty Cage","Snecko Eye"],"picked":"Astrolabe"},{"not_picked":["SacredBark","Calling Bell"],"picked":"Philosopher\u0027s Stone"}],"items_purged_floors":[37,44],"is_endless":false,"potions_floor_spawned":[1,8,10,12,16,18,21,22,23,25,28,30,31,33,35,38,39,40,42,45,47,48,54],"ascension_level":2}}