{"host":"94qggqh0xz0sp6ai","time":1611190555,"event":{"mods":["100% Spire Juice","Abigail Mod","Act Like it!","BaseMod","CapriCore","Downfall","Friendly Minions","Gensokyo","Hermit","Jorbs\u0027s Wanderer Trilogy","Koishi","Marisa（霧雨　魔理沙）","Minty Spire (QoL Compilation)","Permanent Neow","Reimu（博??梦）","StSLib","The Alterego","The Construct","The Cursed","The Hierophant","The Immortal","The Marked","The Servant 0.9.4","TheBandit","Waifu the Spire"],"gold_per_floor":[109,109,132,31,45,45,56,87,87,87,87,128,128,137,137,274,301,341,375,659,86,120,120,178,178,251,277,306,338,338,58,58,65,65],"floor_reached":33,"language":"ENG","playtime":1101,"items_purged":["hermit:Strike_Hermit","Regret","Injury"],"score":405,"play_id":"3b2c2c33-b247-4c68-89b2-c291407aaa62","local_time":"20210120185555","is_ascension_mode":true,"campfire_choices":[{"data":"hermit:Roughhouse","floor":6,"key":"SMITH"},{"floor":10,"key":"REST"},{"data":"hermit:Dive","floor":13,"key":"SMITH"},{"floor":15,"key":"REST"},{"data":"hermit:Vantage","floor":23,"key":"SMITH"},{"data":"hermit:ShadowCloak","floor":25,"key":"SMITH"},{"floor":30,"key":"REST"},{"data":"hermit:PistolWhip","floor":32,"key":"SMITH"}],"circlet_count":0,"master_deck":["hermit:Defend_Hermit","hermit:Defend_Hermit","hermit:Defend_Hermit","hermit:Snapshot","hermit:Covet","hermit:Roughhouse+1","hermit:Scavenge","hermit:TrackingShot","hermit:Vantage+1","hermit:Quickdraw","hermit:PistolWhip+1","hermit:Dive+1","hermit:RoundhouseKick","hermit:EyeOfTheStorm+1","hermit:Deadeye+1","hermit:Coalescence+1","hermit:Glare+1","hermit:Headshot+1","hermit:ShadowCloak+1","hermit:Misfire","hermit:Feint+1","hermit:Ricochet+1"],"relics":["hermit:Momento","The Courier","StoneCalendar","hermit:CharredGlove","CeramicFish","Golden Idol","Astrolabe","Gambling Chip","Thread and Needle","HornCleat","Singing Bowl","Membership Card","Kunai"],"acts_visited":["Exordium","TheCity"],"potions_floor_usage":[33,33],"damage_taken":[{"damage":0,"enemies":"Small Slimes","floor":1,"turns":4},{"damage":2,"enemies":"Cultist","floor":3,"turns":3},{"damage":0,"enemies":"2 Louse","floor":5,"turns":4},{"damage":0,"enemies":"Exordium Thugs","floor":7,"turns":4},{"damage":45,"enemies":"Gremlin Nob","floor":8,"turns":5},{"damage":12,"enemies":"Lagavulin","floor":12,"turns":7},{"damage":27,"enemies":"The Guardian","floor":16,"turns":9},{"damage":9,"enemies":"Shell Parasite","floor":18,"turns":5},{"damage":8,"enemies":"Chosen","floor":19,"turns":4},{"damage":5,"enemies":"Snake Plant","floor":22,"turns":4},{"damage":0,"enemies":"Book of Stabbing","floor":24,"turns":6},{"damage":19,"enemies":"3 Cultists","floor":27,"turns":7},{"damage":0,"enemies":"Chosen and Byrds","floor":28,"turns":7},{"damage":0,"enemies":"Snake Plant","floor":29,"turns":4},{"damage":47,"enemies":"Automaton","floor":33,"turns":12}],"seed_played":"5991440345788820550","potions_obtained":[{"floor":8,"key":"FairyPotion"},{"floor":22,"key":"Energy Potion"},{"floor":28,"key":"Block Potion"}],"is_trial":false,"path_per_floor":["M","?","M","$","M","R","M","E","T","R","?","E","R","?","R","B",null,"M","M","?","$","M","R","E","R","T","M","M","M","R","$","R","B"],"character_chosen":"HERMIT","items_purchased":["hermit:TrackingShot","Gambling Chip","Thread and Needle","Membership Card","Kunai"],"campfire_rested":3,"item_purchase_floors":[4,21,21,31,31],"current_hp_per_floor":[68,68,66,66,66,66,66,21,21,43,10,22,22,22,44,17,61,52,44,44,44,39,39,39,39,39,22,22,22,45,45,45,0,0],"gold":65,"neow_bonus":"ONE_RANDOM_RARE_CARD","is_daily":false,"chose_seed":false,"campfire_upgraded":5,"win_rate":0.0,"timestamp":1611190555,"path_taken":["M","?","?","?","M","R","M","E","T","R","?","E","R","?","R","BOSS","M","M","?","$","M","R","E","R","T","?","M","M","R","?","R","BOSS"],"items_purchased_type":["Card","Relic","Relic","Relic","Relic"],"build_version":"2020-12-22","purchased_purges":3,"victory":false,"max_hp_per_floor":[75,75,75,75,75,75,75,75,75,75,75,75,75,75,75,75,75,75,75,75,75,75,75,75,75,75,77,77,77,77,77,77,77,77],"card_choices":[{"not_picked":["hermit:Snipe","hermit:Vantage"],"picked":"hermit:Scavenge","floor":1},{"not_picked":["hermit:BodyArmor","hermit:HighCaliber","hermit:Showdown"],"picked":"SKIP","floor":3},{"not_picked":["hermit:BodyArmor","hermit:HoleUp"],"picked":"hermit:Vantage","floor":5},{"not_picked":["hermit:Vantage","hermit:Coalescence"],"picked":"hermit:Quickdraw","floor":7},{"not_picked":["hermit:ItchyTrigger","hermit:CalledShot"],"picked":"hermit:PistolWhip","floor":8},{"not_picked":["hermit:Roulette","hermit:HighNoon"],"picked":"hermit:Dive","floor":12},{"not_picked":["hermit:FatalDesire","hermit:DeadOrAlive"],"picked":"hermit:RoundhouseKick","floor":16},{"not_picked":["hermit:LowProfile","hermit:Roulette"],"picked":"hermit:Glare+1","floor":18},{"not_picked":["hermit:Brawl","hermit:GoldenBullet"],"picked":"hermit:Headshot+1","floor":19},{"not_picked":["hermit:BlackWind","hermit:ItchyTrigger"],"picked":"hermit:ShadowCloak","floor":22},{"not_picked":["hermit:Maintenance","hermit:BodyArmor"],"picked":"hermit:Misfire","floor":24},{"not_picked":["hermit:HighCaliber","hermit:Virtue","hermit:Combo"],"picked":"Singing Bowl","floor":27},{"not_picked":["hermit:Roulette","hermit:ShadowCloak"],"picked":"hermit:Feint+1","floor":28},{"not_picked":["hermit:EyeOfTheStorm","hermit:Maintenance"],"picked":"hermit:Ricochet+1","floor":29}],"player_experience":1409492,"relics_obtained":[{"floor":8,"key":"The Courier"},{"floor":9,"key":"StoneCalendar"},{"floor":12,"key":"CeramicFish"},{"floor":24,"key":"HornCleat"},{"floor":26,"key":"Singing Bowl"}],"event_choices":[{"cards_removed":["hermit:Strike_Hermit"],"damage_healed":0,"gold_gain":0,"player_choice":"Purged","damage_taken":0,"max_hp_gain":0,"max_hp_loss":0,"event_name":"Purifier","floor":2,"gold_loss":0},{"damage_healed":0,"gold_gain":0,"player_choice":"Success","damage_taken":33,"relics_obtained":["hermit:CharredGlove"],"max_hp_gain":0,"max_hp_loss":0,"event_name":"Scrap Ooze","floor":11,"gold_loss":0},{"damage_healed":0,"gold_gain":0,"player_choice":"Take Wound","damage_taken":0,"relics_obtained":["Golden Idol"],"max_hp_gain":0,"max_hp_loss":0,"event_name":"Golden Idol","floor":14,"gold_loss":0,"cards_obtained":["Injury"]},{"damage_healed":0,"gold_gain":275,"player_choice":"Desecrate","damage_taken":0,"max_hp_gain":0,"max_hp_loss":0,"event_name":"Golden Shrine","floor":20,"gold_loss":0,"cards_obtained":["Regret"]}],"is_beta":false,"boss_relics":[{"not_picked":["Snecko Eye","SacredBark"],"picked":"Astrolabe"}],"items_purged_floors":[4,21,31],"is_endless":false,"potions_floor_spawned":[8,22,28],"killed_by":"Automaton","ascension_level":7}}