{"host":"sc0o2qwpf9j16a4i","time":1611190249,"event":{"mods":["AchievementEnabler","BaseMod","BetterRewards","Block Reminder","Colored Map","Colored Powertips","Custom Start","Highlight Path","Minty Spire (QoL Compilation)","Relic Stats"],"gold_per_floor":[112,130,130,140,152,152,181,181,252,320,320,60,110,139,139,214,214,229,50,100,118,168,168,201,201,201,43,63,129,129,79,79,153,153,172,222,272,335,385,385],"floor_reached":39,"language":"ENG","playtime":1571,"items_purged":["Strike_R","Strike_R"],"score":1239,"play_id":"eb21cd69-5899-478a-b51f-c00d145ad4d2","local_time":"20210121025049","is_ascension_mode":true,"campfire_choices":[{"floor":6,"key":"REST"},{"data":"Disarm","floor":8,"key":"SMITH"},{"data":"Inflame","floor":11,"key":"SMITH"},{"data":"Feed","floor":15,"key":"SMITH"},{"data":"Disarm","floor":23,"key":"SMITH"},{"data":"Spot Weakness","floor":25,"key":"SMITH"},{"data":"Burning Pact","floor":30,"key":"SMITH"},{"data":"Impervious","floor":32,"key":"SMITH"}],"circlet_count":0,"master_deck":["AscendersBane","Defend_R","Defend_R","Bash+1","Reaper","Inflame+1","Flame Barrier","Thunderclap","Disarm+1","Spot Weakness+1","Reaper","Disarm+1","Clothesline","Feed+1","Impervious+1","Impervious","Exhume+1","Uppercut+1","Uppercut+1","Reaper","Shrug It Off","Burning Pact+1","Dual Wield+1","Barricade","Battle Trance+1","Havoc+1"],"relics":["Burning Blood","OrangePellets","Anchor","Self Forming Clay","Sling","Omamori","SsserpentHead","Magic Flower","Ornamental Fan","Happy Flower","Astrolabe","Potion Belt","Lantern","SlaversCollar"],"acts_visited":["Exordium","TheCity","TheBeyond"],"potions_floor_usage":[7,28,33,38,39],"damage_taken":[{"damage":4,"enemies":"Jaw Worm","floor":1,"turns":6},{"damage":6,"enemies":"Cultist","floor":2,"turns":4},{"damage":0,"enemies":"2 Louse","floor":4,"turns":2},{"damage":22,"enemies":"Red Slaver","floor":5,"turns":4},{"damage":37,"enemies":"3 Sentries","floor":7,"turns":9},{"damage":36,"enemies":"Large Slime","floor":10,"turns":8},{"damage":30,"enemies":"Lagavulin","floor":14,"turns":10},{"damage":0,"enemies":"The Guardian","floor":16,"turns":15},{"damage":13,"enemies":"Spheric Guardian","floor":18,"turns":7},{"damage":40,"enemies":"3 Byrds","floor":21,"turns":8},{"damage":45,"enemies":"Gremlin Leader","floor":24,"turns":8},{"damage":46,"enemies":"Centurion and Healer","floor":28,"turns":11},{"damage":37,"enemies":"Chosen and Byrds","floor":29,"turns":7},{"damage":184,"enemies":"Automaton","floor":33,"turns":17},{"damage":111,"enemies":"3 Darklings","floor":35,"turns":9},{"damage":65,"enemies":"Orb Walker","floor":38,"turns":7},{"damage":157,"enemies":"2 Orb Walkers","floor":39,"turns":6}],"seed_played":"-2664630504765963839","potions_obtained":[{"floor":1,"key":"SpeedPotion"},{"floor":2,"key":"BlessingOfTheForge"},{"floor":16,"key":"SpeedPotion"},{"floor":24,"key":"LiquidMemories"},{"floor":29,"key":"Strength Potion"},{"floor":33,"key":"BloodPotion"},{"floor":35,"key":"Ancient Potion"},{"floor":38,"key":"ColorlessPotion"}],"is_trial":false,"path_per_floor":["M","M","?","M","M","R","E","R","T","M","R","$","?","E","R","B",null,"M","$","?","M","?","R","E","R","T","$","M","M","R","$","R","B",null,"M","?","?","M","?"],"character_chosen":"IRONCLAD","items_purchased":["OrangePellets","Anchor","Self Forming Clay","Sling","Omamori","Reaper","Inflame","Flame Barrier","Feed","Impervious","Reaper","Lantern"],"campfire_rested":1,"item_purchase_floors":[0,0,0,0,0,0,0,0,12,12,19,27],"current_hp_per_floor":[22,31,31,37,25,47,47,47,47,53,53,53,53,46,46,79,79,81,81,81,84,84,84,87,87,87,87,91,75,75,75,75,74,93,62,52,52,64,0,0],"gold":385,"neow_bonus":"","is_daily":false,"chose_seed":false,"campfire_upgraded":7,"win_rate":0.0,"timestamp":1611190249,"path_taken":["M","M","?","M","M","R","E","R","T","?","R","$","?","E","R","BOSS","M","$","?","M","?","R","E","R","T","$","M","?","R","?","R","BOSS","M","?","?","?","?"],"items_purchased_type":["Relic","Relic","Relic","Relic","Relic","Card","Card","Card","Card","Card","Card","Relic"],"build_version":"2020-12-22","purchased_purges":2,"victory":false,"max_hp_per_floor":[75,75,75,75,75,75,75,75,75,75,75,75,75,75,75,79,79,83,83,83,87,87,87,87,87,87,87,91,95,95,95,95,99,99,103,103,103,103,103,103],"relic_stats":{"OrangePellets":[10],"SsserpentHead":500,"Happy Flower":[31],"counters":[98,476],"Self Forming Clay":[258],"Ornamental Fan":[28],"Astrolabe":["ForeignInfluence","Brilliance","Study","Exhume","Uppercut","Uppercut"],"Magic Flower":[173],"obtain_stats":[{"Calipers":26,"Gremlin Horn":24,"CeramicFish":14,"Ginger":6,"Bottled Tornado":30,"Boot":41,"Sling":0,"Sozu":34,"Lizard Tail":11,"HornCleat":7,"Sundial":47,"MealTicket":26,"Philosopher\u0027s Stone":17,"Necronomicon":21,"Happy Flower":9,"Astrolabe":17,"Oddly Smooth Stone":31,"Pen Nib":14,"Charon\u0027s Ashes":41,"War Paint":20,"Question Card":45,"OrangePellets":30,"SlaversCollar":34,"Brimstone":0,"Molten Egg 2":0,"Black Star":17,"Meat on the Bone":23,"Darkstone Periapt":11,"Lantern":26,"Regal Pillow":44,"Singing Bowl":0,"Magic Flower":7,"Mango":31,"Bag of Preparation":22,"Juzu Bracelet":24,"Burning Blood":0,"SsserpentHead":3,"Matryoshka":24,"Tiny Chest":7,"Red Mask":28,"Chemical X":22,"Red Skull":9,"Runic Pyramid":34,"Potion Belt":31,"Golden Idol":10,"Self Forming Clay":0,"The Courier":28,"Omamori":31,"Orichalcum":20,"Frozen Egg 2":28,"Medical Kit":0,"Anchor":0,"Busted Crown":0,"Ornamental Fan":9,"Bag of Marbles":7,"Art of War":44,"Membership Card":4,"Toy Ornithopter":3},{"Calipers":69,"Gremlin Horn":14,"CeramicFish":25,"Ginger":37,"Bottled Tornado":71,"Boot":54,"Sling":81,"Sozu":49,"Lizard Tail":6,"HornCleat":22,"Sundial":79,"MealTicket":15,"Philosopher\u0027s Stone":26,"Necronomicon":45,"Happy Flower":22,"Astrolabe":89,"Oddly Smooth Stone":34,"Pen Nib":9,"Charon\u0027s Ashes":77,"War Paint":28,"Question Card":55,"OrangePellets":33,"SlaversCollar":95,"Brimstone":35,"Molten Egg 2":56,"Black Star":10,"Meat on the Bone":30,"Darkstone Periapt":38,"Lantern":45,"Regal Pillow":54,"Singing Bowl":17,"Magic Flower":86,"Mango":48,"Bag of Preparation":13,"Juzu Bracelet":14,"Burning Blood":0,"SsserpentHead":83,"Matryoshka":69,"Tiny Chest":61,"Red Mask":47,"Chemical X":45,"Red Skull":4,"Runic Pyramid":72,"Potion Belt":16,"Golden Idol":22,"Self Forming Clay":81,"The Courier":69,"Omamori":16,"Orichalcum":12,"Frozen Egg 2":69,"Medical Kit":17,"Anchor":35,"Busted Crown":0,"Ornamental Fan":86,"Bag of Marbles":4,"Art of War":78,"Membership Card":36,"Toy Ornithopter":58},{"Calipers":271,"Gremlin Horn":57,"CeramicFish":101,"Ginger":169,"Bottled Tornado":280,"Boot":223,"Sling":338,"Sozu":204,"Lizard Tail":20,"HornCleat":91,"Sundial":328,"MealTicket":62,"Philosopher\u0027s Stone":111,"Necronomicon":190,"Happy Flower":91,"Astrolabe":396,"Oddly Smooth Stone":150,"Pen Nib":29,"Charon\u0027s Ashes":316,"War Paint":119,"Question Card":227,"OrangePellets":143,"SlaversCollar":454,"Brimstone":162,"Molten Egg 2":229,"Black Star":39,"Meat on the Bone":128,"Darkstone Periapt":172,"Lantern":190,"Regal Pillow":223,"Singing Bowl":71,"Magic Flower":363,"Mango":198,"Bag of Preparation":51,"Juzu Bracelet":57,"Burning Blood":0,"SsserpentHead":348,"Matryoshka":271,"Tiny Chest":244,"Red Mask":194,"Chemical X":190,"Red Skull":13,"Runic Pyramid":290,"Potion Belt":66,"Golden Idol":91,"Self Forming Clay":338,"The Courier":271,"Omamori":66,"Orichalcum":48,"Frozen Egg 2":271,"Medical Kit":71,"Anchor":162,"Busted Crown":0,"Ornamental Fan":363,"Bag of Marbles":13,"Art of War":322,"Membership Card":165,"Toy Ornithopter":234}],"Burning Blood":443},"card_choices":[{"not_picked":["Sentinel","Warcry"],"picked":"Thunderclap","floor":1},{"not_picked":["Warcry","Iron Wave"],"picked":"Disarm","floor":2},{"not_picked":["Rage","Sentinel"],"picked":"Spot Weakness","floor":4},{"not_picked":["Searing Blow","Sentinel"],"picked":"Reaper","floor":5},{"not_picked":["Headbutt","Clash"],"picked":"Disarm","floor":7},{"not_picked":["Heavy Blade","Power Through"],"picked":"Clothesline","floor":10},{"not_picked":["Warcry","Power Through","Sword Boomerang"],"picked":"SKIP","floor":14},{"not_picked":["Double Tap","Fiend Fire"],"picked":"Impervious","floor":16},{"not_picked":["Clash","Body Slam","Headbutt"],"picked":"SKIP","floor":18},{"not_picked":["Sword Boomerang","Anger"],"picked":"Burning Pact","floor":21},{"not_picked":["Bludgeon","Anger"],"picked":"Dual Wield+1","floor":24},{"not_picked":["Anger","Heavy Blade","Iron Wave"],"picked":"SKIP","floor":28},{"not_picked":["Twin Strike","Headbutt","Reckless Charge+1"],"picked":"SKIP","floor":29},{"not_picked":["Corruption","Feed"],"picked":"Barricade","floor":33},{"not_picked":["Body Slam+1","Flex+1"],"picked":"Battle Trance+1","floor":35},{"not_picked":["Body Slam+1","Warcry"],"picked":"Havoc+1","floor":38}],"player_experience":824863,"relics_obtained":[{"floor":7,"key":"Magic Flower"},{"floor":9,"key":"Ornamental Fan"},{"floor":14,"key":"Happy Flower"},{"floor":24,"key":"Potion Belt"}],"event_choices":[{"damage_healed":0,"gold_gain":0,"player_choice":"Trade","damage_taken":0,"relics_obtained":["SsserpentHead"],"max_hp_gain":0,"max_hp_loss":0,"event_name":"FaceTrader","floor":3,"gold_loss":0},{"damage_healed":0,"gold_gain":0,"player_choice":"Upgraded","damage_taken":0,"max_hp_gain":0,"max_hp_loss":0,"event_name":"Upgrade Shrine","floor":13,"gold_loss":0,"cards_upgraded":["Bash"]},{"damage_healed":0,"gold_gain":0,"player_choice":"Read","damage_taken":0,"max_hp_gain":0,"max_hp_loss":0,"event_name":"The Library","floor":20,"gold_loss":0,"cards_obtained":["Shrug It Off"]},{"cards_removed":["Strike_R"],"damage_healed":0,"gold_gain":0,"player_choice":"Purged","damage_taken":0,"max_hp_gain":0,"max_hp_loss":0,"event_name":"Purifier","floor":22,"gold_loss":0},{"damage_healed":0,"gold_gain":0,"player_choice":"Memory 3","damage_taken":10,"max_hp_gain":0,"max_hp_loss":0,"event_name":"SensoryStone","floor":36,"gold_loss":0},{"cards_removed":["Defend_R"],"damage_healed":0,"gold_gain":0,"player_choice":"Purged","damage_taken":0,"max_hp_gain":0,"max_hp_loss":0,"event_name":"Purifier","floor":37,"gold_loss":0},{"damage_healed":0,"gold_gain":0,"player_choice":"Fight","damage_taken":0,"max_hp_gain":0,"max_hp_loss":0,"event_name":"Mysterious Sphere","floor":39,"gold_loss":0}],"is_beta":false,"boss_relics":[{"not_picked":["Runic Cube","Mark of Pain"],"picked":"Astrolabe"},{"not_picked":["SacredBark","Velvet Choker"],"picked":"SlaversCollar"}],"items_purged_floors":[0,31],"is_endless":false,"potions_floor_spawned":[1,2,16,24,29,33,35,38],"killed_by":"2 Orb Walkers","ascension_level":20}}