{"host":"xc18ixkpjvqrt8st","time":1611244967,"event":{"mods":["Act Like it!","BaseMod","Better Match","Better Third Choice","Conspire","Hallownest","Hermit","Hubris","Infinite Spire","Minty Spire (QoL Compilation)","Replay The Spire","Robot Space Explorer","Shop Mod","Spicy Shops","StSLib","The Animator","The Jungle","The Marked"],"gold_per_floor":[114,20,20,20,44,44,62,86,113,145,165,192,192,202,202,298,298,324,323,323,323,323],"floor_reached":21,"language":"ENG","playtime":1604,"items_purged":[],"score":201,"play_id":"ac9e470f-7db1-45bc-a55b-0dcc557dfa89","local_time":"20210121100247","is_ascension_mode":true,"campfire_choices":[{"floor":6,"key":"RECALL"},{"floor":13,"key":"REST"},{"floor":15,"key":"DIG"}],"circlet_count":0,"master_deck":["animator:Strike_NoGameNoLife","animator:Defend_NoGameNoLife","animator:Strike","animator:Strike","animator:Strike","animator:Defend","animator:Defend","animator:Defend","animator:DolaSchwi","animator:DolaCouronne","animator:Eris","animator:Shinoa","animator:Magilou","Pain","animator:LizardPriest","animator:Mikaela","animator:Tet","animator:Rider","animator:Vanir","animator:Spearman","animator:DolaSchwi","animator:Sora","animator:ZankiKiguchi","animator:IzunaHatsuse","hubris:Fate"],"relics":["animator:LivingPicture","animator:TheMissingPiece","WarpedTongs","PreservedInsect","Chameleon Ring","conspire:TopHat","infinitespire:Joker Card","SlaversCollar","Sundial"],"acts_visited":["Exordium","TheCity"],"potions_floor_usage":[10,12,14,19],"damage_taken":[{"damage":2,"enemies":"2 Louse","floor":1,"turns":3},{"damage":5,"enemies":"Cultist","floor":5,"turns":4},{"damage":4,"enemies":"conspire:RoseBush","floor":7,"turns":4},{"damage":3,"enemies":"3 Louse","floor":8,"turns":4},{"damage":20,"enemies":"3 Sentries","floor":10,"turns":10},{"damage":0,"enemies":"Large Slime","floor":11,"turns":10},{"damage":16,"enemies":"Gremlin Nob","floor":12,"turns":4},{"damage":1,"enemies":"conspire:2 RoseBushes","floor":14,"turns":5},{"damage":35,"enemies":"Hexaghost","floor":16,"turns":10},{"damage":24,"enemies":"3 Byrds","floor":18,"turns":7},{"damage":14,"enemies":"2 Thieves","floor":19,"turns":4},{"damage":36,"enemies":"Snake Plant","floor":21,"turns":2}],"seed_played":"-2049629930500825678","potions_obtained":[{"floor":5,"key":"PowerPotion"},{"floor":11,"key":"FearPotion"},{"floor":12,"key":"Fire Potion"},{"floor":18,"key":"Fire Potion"},{"floor":19,"key":"Explosive Potion"}],"is_trial":false,"path_per_floor":["M","$","?","$","M","R","M","M","T","E","M","E","R","M","R","B",null,"M","M","AVR","M"],"character_chosen":"THE_ANIMATOR","items_purchased":["animator:Magilou"],"campfire_rested":1,"item_purchase_floors":[2],"current_hp_per_floor":[66,66,66,66,61,61,60,60,60,43,46,34,54,56,56,28,68,47,33,33,0,0],"gold":323,"neow_bonus":"ONE_RANDOM_RARE_CARD","is_daily":false,"chose_seed":false,"campfire_upgraded":0,"win_rate":0.0,"timestamp":1611244967,"path_taken":["M","$","?","$","M","R","M","M","T","E","?","E","R","?","R","BOSS","M","M","AVR","M"],"items_purchased_type":["Card"],"build_version":"2020-12-22","purchased_purges":0,"victory":false,"max_hp_per_floor":[66,66,66,66,66,66,66,66,66,66,66,67,67,67,67,68,68,68,68,68,68,68],"card_choices":[{"not_picked":["animator:DolaCouronne","animator:Yuuichirou"],"picked":"animator:Shinoa","floor":1},{"not_picked":["animator:Verdia","animator:Megumin"],"picked":"animator:LizardPriest","floor":5},{"not_picked":["animator:Shigure","animator:Archer"],"picked":"animator:Mikaela","floor":7},{"not_picked":["animator:FielNirvalen","animator:DolaCouronne"],"picked":"animator:Tet","floor":8},{"not_picked":["animator:Shigure","animator:ChlammyZell"],"picked":"animator:Rider","floor":10},{"not_picked":["animator:HiiragiShinya","animator:Konayuki"],"picked":"animator:Vanir","floor":11},{"not_picked":["animator:Caster","animator:Megumin"],"picked":"animator:Spearman","floor":12},{"not_picked":["animator:DolaRiku","animator:FielNirvalen"],"picked":"animator:DolaSchwi","floor":14},{"not_picked":["animator:Guren","animator:Wiz"],"picked":"animator:Sora","floor":16},{"not_picked":["animator:Tet+1","animator:Azekura"],"picked":"animator:ZankiKiguchi","floor":18},{"not_picked":["animator:CowGirl","animator:LizardPriest"],"picked":"animator:IzunaHatsuse","floor":19}],"player_experience":572593,"relics_obtained":[{"floor":9,"key":"PreservedInsect"},{"floor":10,"key":"Chameleon Ring"},{"floor":12,"key":"conspire:TopHat"},{"floor":15,"key":"infinitespire:Joker Card"}],"event_choices":[{"damage_healed":0,"gold_gain":0,"player_choice":"Rummage","damage_taken":0,"relics_obtained":["WarpedTongs"],"max_hp_gain":0,"max_hp_loss":0,"event_name":"Accursed Blacksmith","floor":3,"gold_loss":0,"cards_obtained":["Pain"]}],"is_beta":false,"boss_relics":[{"not_picked":["animator:RacePiece","Replay:Wanted Poster"],"picked":"SlaversCollar"}],"items_purged_floors":[],"is_endless":false,"potions_floor_spawned":[5,11,12,18,19],"killed_by":"Snake Plant","ascension_level":1}}