{"host":"lzgtipmdvfidlxwf","time":1611250141,"event":{"mods":["2.2 Compatiblity","AchievementEnabler","BaseMod","Bestiary","Better Altar","Better Match","Better Note","Better Sensory Stone","Better Skull","Better Third Choice","Block Reminder","CapriCore","Colored Map","Colored Powertips","DeckTracker","Downfall","Friendly Minions","Hermit","Minty Spire (QoL Compilation)","Quick Restart","Rare Cards Sparkle","Relic Stats","Robot Space Explorer","Shade Mod","Shop Mod","Somnambulant","Spicy Shops","StSLib","SuperFastMode","Synergy Search","The Cursed","The Disciple","The Hayseed","The Immortal","The Marked","The Servant 0.9.4","TheVacant","Transform Curses","Unknown Chances"],"gold_per_floor":[112,112,124,140,140,156,167,167,192,257,24,54,54,64,64,167,167,179,179,190,46,58,58,75,75,75,94,110,110,110,141,141,141,141],"floor_reached":33,"language":"ENG","playtime":3487,"items_purged":[],"score":294,"play_id":"a6686a73-dbdc-447b-a4ae-de2bc91209a0","local_time":"20210121172901","is_ascension_mode":false,"campfire_choices":[{"floor":13,"key":"REST"},{"floor":15,"key":"REST"},{"data":"theMarked:ComboAttacks","floor":23,"key":"SMITH"},{"floor":29,"key":"REST"},{"floor":32,"key":"REST"}],"circlet_count":0,"master_deck":["theMarked:Strike","theMarked:Strike","theMarked:Strike","theMarked:Strike","theMarked:Defend","theMarked:Defend","theMarked:Defend","theMarked:Defend","theMarked:SoldierOfQuellstein","theMarked:Polarize","theMarked:RogueSparks","theMarked:SwordAndMagic","theMarked:Electrify","Regret","theMarked:Aftermath","theMarked:Levitate","Bullet Time+1","theMarked:AttractMetal","theMarked:ComboAttacks+1","theMarked:Reabsorb","theMarked:BanishingStrike","theMarked:BindingBlade","theMarked:CreepingChasm+1","theMarked:EmpowerWeapon","theMarked:MysticalArsenal","theMarked:ChainLightning","theMarked:SuspiciousRaven","theMarked:Generate","theMarked:ChainLightning","theMarked:SuspiciousRaven","theMarked:ChainLightning"],"relics":["theMarked:BronzeBlade","Vajra","Orichalcum","Anchor","Nunchaku","Pen Nib","Ornamental Fan","Thread and Needle","theMarked:DemonDagger","Boot","theMarked:NailFile"],"acts_visited":["Exordium","TheCity"],"potions_floor_usage":[6,12,12,20,27],"damage_taken":[{"damage":1,"enemies":"Jaw Worm","floor":1,"turns":4},{"damage":0,"enemies":"Small Slimes","floor":3,"turns":4},{"damage":4,"enemies":"2 Louse","floor":4,"turns":4},{"damage":15,"enemies":"Blue Slaver","floor":6,"turns":3},{"damage":10,"enemies":"Exordium Thugs","floor":7,"turns":2},{"damage":23,"enemies":"Gremlin Nob","floor":10,"turns":4},{"damage":3,"enemies":"Lagavulin","floor":12,"turns":7},{"damage":1,"enemies":"Exordium Wildlife","floor":14,"turns":3},{"damage":43,"enemies":"The Guardian","floor":16,"turns":8},{"damage":3,"enemies":"Chosen","floor":18,"turns":3},{"damage":6,"enemies":"Shell Parasite","floor":20,"turns":4},{"damage":0,"enemies":"Snecko","floor":22,"turns":2},{"damage":31,"enemies":"Centurion and Healer","floor":24,"turns":5},{"damage":11,"enemies":"Snake Plant","floor":27,"turns":3},{"damage":12,"enemies":"Sentry and Sphere","floor":28,"turns":4},{"damage":35,"enemies":"Gremlin Leader","floor":31,"turns":7},{"damage":63,"enemies":"Automaton","floor":33,"turns":6}],"seed_played":"7120261120274114772","potions_obtained":[{"floor":1,"key":"Dexterity Potion"},{"floor":3,"key":"theMarked:ChargePotion"},{"floor":10,"key":"SkillPotion"},{"floor":18,"key":"LiquidMemories"},{"floor":24,"key":"FearPotion"},{"floor":28,"key":"sneckomod:MuddlingPotion"}],"is_trial":false,"path_per_floor":["M","?","M","M","?","M","M","?","T","?","$","E","R","M","R","B",null,"M","?","M","$","M","R","M","T","T","M","M","R","?","E","R","B"],"character_chosen":"THE_DEFAULT","items_purchased":["Pen Nib","theMarked:ComboAttacks","Thread and Needle","theMarked:MysticalArsenal"],"campfire_rested":4,"item_purchase_floors":[11,11,21,21],"current_hp_per_floor":[76,76,76,72,72,57,47,38,38,15,15,12,35,34,57,14,77,74,74,68,68,68,68,37,37,37,26,14,37,37,2,25,0,0],"gold":141,"neow_bonus":"TEN_PERCENT_HP_BONUS","is_daily":false,"chose_seed":false,"campfire_upgraded":1,"win_rate":0.0,"timestamp":1611250141,"path_taken":["M","?","M","M","?","?","M","?","T","?","?","E","R","M","R","BOSS","M","?","M","?","M","R","M","?","T","M","?","R","?","E","R","BOSS"],"items_purchased_type":["Relic","Card","Relic","Card"],"build_version":"2020-12-22","purchased_purges":0,"victory":false,"max_hp_per_floor":[77,77,77,77,77,77,77,77,77,77,77,77,77,77,77,77,77,77,77,77,77,77,77,77,77,77,77,77,77,77,77,77,77,77],"relic_stats":{"Nunchaku":[8],"counters":[17,72],"Ornamental Fan":[40],"Pen Nib":[8],"Orichalcum":[90],"Boot":[2],"obtain_stats":[{"theMarked:ArtifactOfAir":0,"theMarked:NailFile":31,"Anchor":9,"Nunchaku":10,"theMarked:DemonDagger":25,"Ornamental Fan":12,"Vajra":5,"Thread and Needle":21,"Pen Nib":11,"theMarked:BronzeBlade":17,"Orichalcum":8,"Boot":26},{"theMarked:ArtifactOfAir":0,"theMarked:NailFile":16,"Anchor":5,"Nunchaku":6,"theMarked:DemonDagger":13,"Ornamental Fan":7,"Vajra":3,"Thread and Needle":11,"Pen Nib":6,"theMarked:BronzeBlade":9,"Orichalcum":5,"Boot":13},{"theMarked:ArtifactOfAir":0,"theMarked:NailFile":66,"Anchor":17,"Nunchaku":21,"theMarked:DemonDagger":52,"Ornamental Fan":28,"Vajra":12,"Thread and Needle":45,"Pen Nib":21,"theMarked:BronzeBlade":39,"Orichalcum":17,"Boot":52}]},"card_choices":[{"not_picked":["theMarked:ResourceFulStrike","theMarked:WastefulAttack"],"picked":"theMarked:Polarize","floor":1},{"not_picked":["theMarked:WardOff","theMarked:TakeCover"],"picked":"theMarked:SwordAndMagic","floor":3},{"not_picked":["theMarked:BanishingStrike","theMarked:DeterminationOfTheMarked"],"picked":"theMarked:Electrify","floor":4},{"not_picked":["theMarked:Static","theMarked:ResourceFulStrike"],"picked":"theMarked:Aftermath","floor":6},{"not_picked":["theMarked:HeightenedSenses","theMarked:DeterminationOfTheMarked"],"picked":"theMarked:Levitate","floor":7},{"not_picked":["theMarked:RepellingDischarge","theMarked:Seal"],"picked":"theMarked:AttractMetal","floor":10},{"not_picked":["theMarked:LightningStrikesTwice","theMarked:Polarize"],"picked":"theMarked:Reabsorb","floor":12},{"not_picked":["theMarked:Improvise","theMarked:Frustration"],"picked":"theMarked:BanishingStrike","floor":14},{"not_picked":["theMarked:Vacuum","theMarked:TakeOffHeels"],"picked":"theMarked:BindingBlade","floor":16},{"not_picked":["theMarked:ElectricStrings","theMarked:TunnelVision"],"picked":"theMarked:CreepingChasm+1","floor":18},{"not_picked":["theMarked:HeightenedSenses","theMarked:ResourceFulStrike"],"picked":"theMarked:EmpowerWeapon","floor":20},{"not_picked":["theMarked:Static","theMarked:TwofoldDefense"],"picked":"theMarked:ChainLightning","floor":22},{"not_picked":["theMarked:Parry","theMarked:KeepCalmAndFightOn"],"picked":"theMarked:SuspiciousRaven","floor":24},{"not_picked":["theMarked:ResourceFulStrike+1","theMarked:Aftermath+1"],"picked":"theMarked:Generate","floor":27},{"not_picked":["theMarked:WastefulDefense","theMarked:SelfDefenseTraining"],"picked":"theMarked:ChainLightning","floor":28},{"not_picked":["theMarked:ResourceFulStrike","theMarked:Parkour"],"picked":"theMarked:ChainLightning","floor":31}],"player_experience":134169,"relics_obtained":[{"floor":9,"key":"Anchor"},{"floor":10,"key":"Nunchaku"},{"floor":12,"key":"Ornamental Fan"},{"floor":25,"key":"theMarked:DemonDagger"},{"floor":26,"key":"Boot"},{"floor":31,"key":"theMarked:NailFile"}],"event_choices":[{"damage_healed":0,"gold_gain":0,"cards_transformed":["theMarked:Strike"],"player_choice":"Change","damage_taken":0,"max_hp_gain":0,"max_hp_loss":0,"event_name":"Living Wall","floor":2,"gold_loss":0,"cards_obtained":["theMarked:RogueSparks"]},{"damage_healed":0,"gold_gain":0,"player_choice":"Box","damage_taken":0,"relics_obtained":["Vajra"],"max_hp_gain":0,"max_hp_loss":0,"event_name":"Big Fish","floor":5,"gold_loss":0,"cards_obtained":["Regret"]},{"damage_healed":0,"gold_gain":0,"player_choice":"Searched \u00272\u0027 times","damage_taken":0,"max_hp_gain":0,"max_hp_loss":0,"event_name":"Dead Adventurer","floor":10,"gold_loss":0},{"damage_healed":0,"gold_gain":0,"player_choice":"Bought 0 Potions","damage_taken":0,"max_hp_gain":0,"max_hp_loss":0,"event_name":"The Woman in Blue","floor":19,"gold_loss":0},{"damage_healed":0,"gold_gain":0,"player_choice":"Copied","damage_taken":0,"max_hp_gain":0,"max_hp_loss":0,"event_name":"Duplicator","floor":30,"gold_loss":0,"cards_obtained":["theMarked:SuspiciousRaven"]}],"is_beta":false,"boss_relics":[{"not_picked":["Philosopher\u0027s Stone","Astrolabe"],"picked":"theMarked:BronzeBlade"}],"items_purged_floors":[],"is_endless":false,"potions_floor_spawned":[1,3,10,18,24,28],"killed_by":"Automaton","ascension_level":0}}