{"host":"0cm5wy4nhuju7tij","time":1611198704,"event":{"mods":["100% Spire Juice","2.2 Compatiblity","AchievementEnabler","Aspiration","BaseMod","Better Third Choice","BetterRewards","CCEM","CapriCore","Colored Powertips","Curses Come First","Custom Start","Displayed Cursed Tome","Downfall","Energized Spire","Evolution","Filter the Spire","Highlight Path","Jess\u0027s Bottle","Minty Spire (QoL Compilation)","Permanent Neow","Poor People Problems","Relic Stats","Shop Mod","Spicy Shops","StSLib","The Cursed","The Juggle","The Sage","TheFirefly"],"gold_per_floor":[117,137,137,14,14,14,46,56,109,143,143,163,163,196,196,300,300,315,327,25,25,45,71,71,31,31,49,49,75,90,119,119,224,224,239,259,277,88,11,44,54,54,54,68,99,99,124,124,124,124],"floor_reached":51,"language":"ENG","playtime":3182,"items_purged":["Defend_B","TheCursedMod:Dregs"],"score":994,"play_id":"6a9bf1af-26ee-43a9-a6ed-ca0ab6158c6f","local_time":"20210120221144","is_ascension_mode":true,"campfire_choices":[{"data":"Zap","floor":6,"key":"SMITH"},{"floor":11,"key":"REST"},{"data":"Genetic Algorithm","floor":13,"key":"SMITH"},{"data":"Consume","floor":15,"key":"SMITH"},{"floor":24,"key":"REST"},{"data":"Chill","floor":28,"key":"SMITH"},{"data":"Stack","floor":32,"key":"SMITH"},{"data":"Thunder Strike","floor":42,"key":"SMITH"},{"data":"Electrodynamics","floor":46,"key":"SMITH"},{"data":"Seek","floor":49,"key":"SMITH"}],"circlet_count":0,"master_deck":["Strike_B","Strike_B","Strike_B","Strike_B","Defend_B","Defend_B","Defend_B","Zap+1","Dualcast","Cold Snap","Genetic Algorithm+1","Stack+1","Gash","Lockon","Gash","Doom and Gloom","Consume+1","Electrodynamics+1","Gash","Leap+1","Chill+1","Go for the Eyes+1","Capacitor","Capacitor","Sweeping Beam","Stack","Thunder Strike+1","Redo+1","Storm+1","Capacitor","Conserve Battery","Streamline+1","downfall:Aged","BootSequence","Seek+1","Thinking Ahead"],"relics":["Cracked Core","EVO:Axolotl","Blood Vial","Juzu Bracelet","Bronze Scales","CCEMRelics:SpiritsEdge","Incense Burner","Singing Bowl","Cursed Key","aspiration:EnhancedActuators","Ancient Tea Set","FossilizedHelix","Mercury Hourglass","Orichalcum","aspiration:AnachronicSnailShell","aspiration:RunicSpoon","sagemod:The_Guidebook_Guide","Pear","Kunai","Smiling Mask","Anchor"],"acts_visited":["Exordium","TheCity","TheBeyond"],"potions_floor_usage":[],"damage_taken":[{"damage":6,"enemies":"2 Louse","floor":1,"turns":4},{"damage":5,"enemies":"Jaw Worm","floor":2,"turns":3},{"damage":17,"enemies":"3 Sentries","floor":7,"turns":9},{"damage":1,"enemies":"Cultist","floor":8,"turns":4},{"damage":25,"enemies":"Gremlin Nob","floor":10,"turns":4},{"damage":1,"enemies":"Blue Slaver","floor":12,"turns":3},{"damage":4,"enemies":"Lagavulin","floor":14,"turns":5},{"damage":14,"enemies":"Hexaghost","floor":16,"turns":8},{"damage":17,"enemies":"2 Thieves","floor":18,"turns":3},{"damage":0,"enemies":"Spheric Guardian","floor":19,"turns":3},{"damage":24,"enemies":"Snake Plant","floor":22,"turns":2},{"damage":30,"enemies":"Slavers","floor":23,"turns":5},{"damage":0,"enemies":"3 Cultists","floor":27,"turns":3},{"damage":0,"enemies":"Book of Stabbing","floor":29,"turns":5},{"damage":0,"enemies":"Cultist and Chosen","floor":30,"turns":3},{"damage":7,"enemies":"Slavers","floor":31,"turns":4},{"damage":20,"enemies":"Collector","floor":33,"turns":8},{"damage":0,"enemies":"3 Darklings","floor":35,"turns":4},{"damage":0,"enemies":"3 Shapes","floor":36,"turns":4},{"damage":12,"enemies":"3 Darklings","floor":37,"turns":4},{"damage":13,"enemies":"Reptomancer","floor":40,"turns":6},{"damage":0,"enemies":"Writhing Mass","floor":41,"turns":4},{"damage":3,"enemies":"Spire Growth","floor":44,"turns":4},{"damage":0,"enemies":"Giant Head","floor":45,"turns":7},{"damage":6,"enemies":"Nemesis","floor":47,"turns":7},{"damage":41,"enemies":"Donu and Deca","floor":50,"turns":10}],"seed_played":"3082770319997407698","potions_obtained":[{"floor":1,"key":"SpeedPotion"},{"floor":2,"key":"champ:CounterPotion"},{"floor":14,"key":"ColorlessPotion"},{"floor":16,"key":"Guardian:BlockOnCardUsePotion"},{"floor":29,"key":"FairyPotion"},{"floor":35,"key":"EssenceOfDarkness"}],"is_trial":false,"path_per_floor":["M","M","?","$","?","R","E","M","T","E","R","M","R","E","R","B",null,"M","M","$","?","M","E","R","$","T","M","R","E","M","E","R","B",null,"M","M","M","$","$","E","M","R","T","M","E","R","E","?","R","B",null],"character_chosen":"DEFECT","items_purchased":["Juzu Bracelet","Stack","aspiration:EnhancedActuators","Ancient Tea Set","Capacitor","Capacitor","Conserve Battery","sagemod:The_Guidebook_Guide"],"campfire_rested":2,"item_purchase_floors":[4,4,20,20,25,38,38,39],"current_hp_per_floor":[76,71,53,53,58,58,43,44,44,21,47,48,48,46,46,34,87,70,72,72,81,59,31,57,57,57,59,59,61,65,60,60,42,89,89,89,79,79,79,80,82,82,82,83,85,85,81,81,81,42],"gold":124,"neow_bonus":"TEN_PERCENT_HP_BONUS","is_daily":false,"chose_seed":false,"campfire_upgraded":8,"win_rate":0.0,"timestamp":1611198704,"path_taken":["M","M","?","?","?","R","E","M","T","E","R","M","R","E","R","BOSS","M","M","$","?","M","E","R","?","T","M","R","E","M","E","R","BOSS","M","M","M","?","$","E","M","R","T","M","E","R","E","?","R","BOSS"],"items_purchased_type":["Relic","Card","Relic","Relic","Card","Card","Card","Relic"],"build_version":"2020-12-22","purchased_purges":2,"victory":true,"max_hp_per_floor":[82,82,82,82,87,87,87,87,87,87,87,87,87,87,87,87,87,87,87,87,87,87,87,87,87,87,87,87,87,89,89,89,89,89,89,89,91,91,91,103,103,103,103,105,105,105,105,105,105,105],"relic_stats":{"Blood Vial":40,"Singing Bowl":8,"counters":[26,125],"Bronze Scales":[327],"aspiration:RunicSpoon":[66],"Juzu Bracelet":1,"Kunai":[7],"Orichalcum":[90],"Cursed Key":2,"Smiling Mask":0,"obtain_stats":[{"Pear":40,"Singing Bowl":14,"aspiration:RunicSpoon":34,"Juzu Bracelet":4,"Incense Burner":10,"EVO:Axolotl":0,"Orichalcum":29,"sagemod:The_Guidebook_Guide":39,"Cursed Key":17,"Ancient Tea Set":20,"Smiling Mask":45,"CCEMRelics:SpiritsEdge":9,"Mercury Hourglass":26,"Blood Vial":3,"Anchor":47,"aspiration:EnhancedActuators":20,"Bronze Scales":7,"aspiration:AnachronicSnailShell":31,"Kunai":43,"Cracked Core":0,"FossilizedHelix":23},{"Pear":21,"Singing Bowl":7,"aspiration:RunicSpoon":17,"Juzu Bracelet":2,"Incense Burner":5,"EVO:Axolotl":0,"Orichalcum":14,"sagemod:The_Guidebook_Guide":20,"Cursed Key":8,"Ancient Tea Set":10,"Smiling Mask":24,"CCEMRelics:SpiritsEdge":4,"Mercury Hourglass":12,"Blood Vial":2,"Anchor":25,"aspiration:EnhancedActuators":10,"Bronze Scales":3,"aspiration:AnachronicSnailShell":16,"Kunai":22,"Cracked Core":0,"FossilizedHelix":12},{"Pear":93,"Singing Bowl":32,"aspiration:RunicSpoon":75,"Juzu Bracelet":7,"Incense Burner":24,"EVO:Axolotl":0,"Orichalcum":60,"sagemod:The_Guidebook_Guide":87,"Cursed Key":40,"Ancient Tea Set":46,"Smiling Mask":108,"CCEMRelics:SpiritsEdge":20,"Mercury Hourglass":53,"Blood Vial":7,"Anchor":115,"aspiration:EnhancedActuators":46,"Bronze Scales":16,"aspiration:AnachronicSnailShell":67,"Kunai":97,"Cracked Core":0,"FossilizedHelix":53}],"Mercury Hourglass":[318]},"card_choices":[{"not_picked":["Steam Power","Compile Driver"],"picked":"Cold Snap","floor":1},{"not_picked":["Go for the Eyes","Storm"],"picked":"Genetic Algorithm","floor":2},{"not_picked":["Rebound","Aggregate"],"picked":"Gash","floor":7},{"not_picked":["Redo","Sweeping Beam"],"picked":"Lockon","floor":8},{"not_picked":["aspiration:Polymerization","Barrage"],"picked":"Gash","floor":10},{"not_picked":["Compile Driver","Chaos"],"picked":"Doom and Gloom","floor":12},{"not_picked":["Doom and Gloom","Melter"],"picked":"Consume","floor":14},{"not_picked":["Meteor Strike","Creative AI"],"picked":"Electrodynamics","floor":16},{"not_picked":["BootSequence","Sunder"],"picked":"Gash","floor":18},{"not_picked":["Turbo+1","Glacier"],"picked":"Leap+1","floor":19},{"not_picked":["Redo+1","FTL"],"picked":"Chill","floor":22},{"not_picked":["Turbo","Compile Driver+1"],"picked":"Go for the Eyes+1","floor":23},{"not_picked":["Redo","Seek"],"picked":"Capacitor","floor":27},{"not_picked":["Ball Lightning","Coolheaded"],"picked":"Sweeping Beam","floor":29},{"not_picked":["Tempest","Rebound+1","Heatsinks"],"picked":"Singing Bowl","floor":30},{"not_picked":["Go for the Eyes+1","Machine Learning"],"picked":"Stack","floor":31},{"not_picked":["Electrodynamics","Buffer"],"picked":"Thunder Strike","floor":33},{"not_picked":["Barrage+1","Leap+1"],"picked":"Redo+1","floor":35},{"not_picked":["Leap","Barrage+1"],"picked":"Storm+1","floor":36},{"not_picked":["Cold Snap","Sweeping Beam","Chaos+1"],"picked":"Singing Bowl","floor":37},{"not_picked":["Go for the Eyes","Turbo","Beam Cell"],"picked":"Singing Bowl","floor":40},{"not_picked":["Rebound","Go for the Eyes+1"],"picked":"Streamline+1","floor":41},{"not_picked":["Redo","Biased Cognition","Static Discharge"],"picked":"Singing Bowl","floor":44},{"not_picked":["Blizzard","Steam+1"],"picked":"BootSequence","floor":45},{"not_picked":["Beam Cell+1","Recycle"],"picked":"Seek","floor":47},{"not_picked":["Blind","Dramatic Entrance"],"picked":"Thinking Ahead","floor":48}],"player_experience":221776,"relics_obtained":[{"floor":7,"key":"Bronze Scales"},{"floor":9,"key":"CCEMRelics:SpiritsEdge"},{"floor":10,"key":"Incense Burner"},{"floor":14,"key":"Singing Bowl"},{"floor":23,"key":"FossilizedHelix"},{"floor":26,"key":"Mercury Hourglass"},{"floor":29,"key":"Orichalcum"},{"floor":31,"key":"aspiration:AnachronicSnailShell"},{"floor":40,"key":"Pear"},{"floor":43,"key":"Kunai"},{"floor":45,"key":"Smiling Mask"},{"floor":47,"key":"Anchor"}],"event_choices":[{"damage_healed":0,"gold_gain":0,"player_choice":"Relic ","damage_taken":18,"max_hp_gain":0,"max_hp_loss":0,"event_name":"betterThird:BetterScrap","floor":3,"gold_loss":0,"cards_obtained":["Grand Finale"]},{"damage_healed":0,"gold_gain":0,"player_choice":"Donut","damage_taken":0,"max_hp_gain":5,"max_hp_loss":0,"event_name":"Big Fish","floor":5,"gold_loss":0},{"damage_healed":0,"gold_gain":0,"player_choice":"Memory 1","damage_taken":0,"max_hp_gain":0,"max_hp_loss":0,"event_name":"SensoryStone","floor":48,"gold_loss":0}],"is_beta":false,"boss_relics":[{"not_picked":["energizedSpire:MagnifyingGlass","Calling Bell"],"picked":"Cursed Key"},{"not_picked":["energizedSpire:SpiderWeb","Velvet Choker"],"picked":"aspiration:RunicSpoon"}],"items_purged_floors":[20,38],"is_endless":false,"potions_floor_spawned":[1,2,14,16,18,19,23,29,35,36,37,41,47],"ascension_level":2}}