{"host":"tch6k55kfxnw5l94","time":1611245970,"event":{"mods":["BaseMod","Downfall","Minty Spire (QoL Compilation)","StSLib"],"gold_per_floor":[99,9999,10012,10112,10212,10240,10265,10265,10278,10307,10107,10134,9215,9232,9247,9344,9344,9344,9357,9207,8243,8257,8284,8284,8284,8316,7543,7559,7559,7459,7459,7470,7572,7572,7572,7583,7583,7000,6307,6341,6391,5790,5804,5824,5824,5824,5852,5852,5870,5870,5870,5904,5013,5013,5013,5013],"floor_reached":57,"language":"ENG","playtime":3554,"items_purged":["bronze:Strike","bronze:Strike","bronze:AlphaBuild","Enlightenment+1"],"score":1858,"play_id":"5e9c83e5-d30d-418b-ae82-ca0a5b64a6aa","local_time":"20210121111930","is_ascension_mode":true,"campfire_choices":[{"floor":1.0,"key":"RECALL"},{"data":"bronze:BuggyMess","floor":11.0,"key":"SMITH"},{"data":"bronze:Format","floor":18.0,"key":"SMITH"},{"data":"bronze:MaxOutput","floor":30.0,"key":"SMITH"},{"data":"bronze:MaxOutput","floor":35,"key":"SMITH"},{"data":"bronze:Repulsor","floor":45,"key":"SMITH"},{"data":"Impatience","floor":54,"key":"SMITH"}],"circlet_count":0,"master_deck":["bronze:Defend+1","bronze:Defend+1","bronze:Defend+1","bronze:Defend+1","bronze:Goto+1","bronze:InfiniteLoop+1","bronze:Constructor+1","bronze:Iterate+1","bronze:Optimize+1","bronze:Fortify+1","bronze:BuggyMess+1","bronze:FineTuning+1","bronze:Allocate+1","bronze:Philosophize+1","bronze:AlphaBuild+1","bronze:Turbo+1","bronze:Flail+1","bronze:Separator+1","bronze:ItsAFeature+1","bronze:Turbo+1","bronze:Format+1","bronze:Shell+1","bronze:Flail+1","bronze:BuggyMess+1","bronze:Mutator+1","bronze:FollowUp+1","Secret Technique+1","bronze:BronzeOrb+1","bronze:Terminator+1","bronze:MaxOutput+1","bronze:Iterate+1","bronze:MaxOutput+1","bronze:Turbo+1","bronze:Return+1","bronze:FineTuning+1","bronze:Repulsor+1","bronze:Boost","Impatience+1","bronze:CloningBeam+1","Panacea","bronze:GetLatest","bronze:Constructor+1","bronze:Turbo+1"],"relics":["bronze:BronzeCore","bronze:BronzeIdol","downfall:ShatteredFragment","bronze:ProtectiveGoggles","Meat on the Bone","ClockworkSouvenir","Anchor","Strawberry","bronze:ElectromagneticCoil","Orrery","Guardian:PocketSentry","Whetstone","TungstenRod","Darkstone Periapt","Juzu Bracelet","Ice Cream","Bag of Marbles","Guardian:BottledAnomaly","bronze:BottledCode","bronze:MakeshiftBattery","HandDrill","StoneCalendar","Toolbox","Blood Vial","hexamod:BolsterEngine","Boot","Bag of Preparation","Pantograph","sneckomod:BlankCard","PreservedInsect","Lee\u0027s Waffle","hexamod:Sixitude","Ornamental Fan"],"acts_visited":["Exordium","TheCity","TheBeyond","TheEnding"],"potions_floor_usage":[40,47,47,47,50,55,56,56],"damage_taken":[{"damage":7.0,"enemies":"Jaw Worm","floor":2.0,"turns":3.0},{"damage":11.0,"enemies":"Small Slimes","floor":3.0,"turns":5.0},{"damage":37.0,"enemies":"downfall:Heads","floor":5.0,"turns":6.0},{"damage":19.0,"enemies":"Gremlin Nob","floor":6.0,"turns":5.0},{"damage":0.0,"enemies":"Cultist","floor":9.0,"turns":2.0},{"damage":21.0,"enemies":"Lagavulin","floor":10.0,"turns":5.0},{"damage":0.0,"enemies":"Gremlin Nob","floor":12.0,"turns":2.0},{"damage":0.0,"enemies":"downfall:FleeingMerchant","floor":13.0,"turns":4.0},{"damage":0.0,"enemies":"Exordium Wildlife","floor":14.0,"turns":2.0},{"damage":0.0,"enemies":"Lots of Slimes","floor":15.0,"turns":2.0},{"damage":0.0,"enemies":"WA_ARCHETYPE_RETAIN","floor":16.0,"turns":1.0},{"damage":0.0,"enemies":"Chosen","floor":19.0,"turns":4.0},{"damage":0.0,"enemies":"downfall:FleeingMerchant","floor":21.0,"turns":4.0},{"damage":0.0,"enemies":"3 Byrds","floor":22.0,"turns":3.0},{"damage":0.0,"enemies":"Slavers","floor":23.0,"turns":2.0},{"damage":0.0,"enemies":"Gremlin Leader","floor":26.0,"turns":4.0},{"damage":1.0,"enemies":"downfall:FleeingMerchant","floor":27.0,"turns":4.0},{"damage":0.0,"enemies":"Centurion and Healer","floor":28.0,"turns":3.0},{"damage":0.0,"enemies":"Snake Plant","floor":32.0,"turns":2.0},{"damage":0,"enemies":"SI_MIRROR_ARCHETYPE","floor":33,"turns":1},{"damage":0,"enemies":"3 Shapes","floor":36,"turns":1},{"damage":0,"enemies":"Giant Head","floor":40,"turns":6},{"damage":0,"enemies":"3 Darklings","floor":43,"turns":2},{"damage":0,"enemies":"Writhing Mass","floor":44,"turns":2},{"damage":21,"enemies":"Reptomancer","floor":47,"turns":3},{"damage":1,"enemies":"Sphere and 2 Shapes","floor":49,"turns":2},{"damage":18,"enemies":"DF_ARCHETYPE_ORBS","floor":50,"turns":3},{"damage":0,"enemies":"downfall:CharBossMerchant","floor":52,"turns":5},{"damage":21,"enemies":"downfall:NeowBoss","floor":55,"turns":14},{"damage":76,"enemies":"downfall:NeowBossFinal","floor":56,"turns":8}],"seed_played":"7540439434039208460","potions_obtained":[{"floor":6.0,"key":"sneckomod:MuddlingPotion"},{"floor":9.0,"key":"DistilledChaos"},{"floor":10.0,"key":"DuplicationPotion"},{"floor":14.0,"key":"DuplicationPotion"},{"floor":16.0,"key":"bronze:CleanCodePotion"},{"floor":19.0,"key":"bronze:FreeFunctionsPotion"},{"floor":23.0,"key":"Explosive Potion"},{"floor":52,"key":"FearPotion"}],"is_trial":false,"path_per_floor":["R","M","M","?","?","E","T","?","M","E","R","E","$","M","M","B",null,"R","M","?","$","M","E","T","?","E","$","M","?","R","?","M","B",null,"R","M","?","$","?","E","T","$","M","M","R","?","E","?","M","B",null,"E","$","R","B","B",null],"character_chosen":"THE_AUTOMATON","items_purchased":["ClockworkSouvenir","Anchor","Strawberry","bronze:Turbo","bronze:Flail","bronze:Separator","ColorlessPotion","SpeedPotion","Ancient Potion","bronze:ItsAFeature","Orrery","Guardian:PocketSentry","AttackPotion","Swift Potion","Secret Technique","Whetstone","bronze:BuildAFunctionPotion","bronze:MaxOutput","bronze:Turbo","Ice Cream","Bag of Marbles","Block Potion","bronze:BurnAndBuffPotion","GamblersBrew","Guardian:BottledAnomaly","Enlightenment","HandDrill","StoneCalendar","DistilledChaos","bronze:Repulsor","Toolbox","Blood Vial","DuplicationPotion","bronze:Boost","Impatience","Bag of Preparation","Pantograph","EntropicBrew","Panacea","Lee\u0027s Waffle","hexamod:Sixitude","Ornamental Fan","Slimebound:ThreeZeroPotion","Regen Potion"],"campfire_rested":0,"item_purchase_floors":[13,13,13,13,13,13,13,13,13,13,21,21,21,21,21,21,21,27,27,27,27,27,27,27,27,27,38,38,38,38,39,39,39,39,39,42,42,42,42,53,53,53,53,53],"current_hp_per_floor":[70,63,52,52,70,51,51,70,70,70,80,80,87,87,87,87,87,87,87,97,97,97,97,97,97,97,96,96,87,87,87,87,87,87,87,87,77,77,77,77,77,77,77,77,77,77,56,56,57,59,73,75,84,84,63,39],"gold":5013,"neow_bonus":"ONE_RANDOM_RARE_CARD","is_daily":false,"chose_seed":false,"campfire_upgraded":6,"win_rate":0.0,"timestamp":1611245970,"path_taken":["R","M","M","?","?","E","T","?","M","E","R","E","$","M","M","BOSS","R","M","?","$","?","E","T","?","E","?","M","?","R","?","M","BOSS","R","M","?","$","?","E","T","?","M","M","R","?","E","?","M","BOSS","E","$","R","BOSS","BOSS"],"items_purchased_type":["Relic","Relic","Relic","Card","Card","Card","Potion","Potion","Potion","Card","Relic","Relic","Potion","Potion","Card","Relic","Potion","Card","Card","Relic","Relic","Potion","Potion","Potion","Relic","Card","Relic","Relic","Potion","Card","Relic","Relic","Potion","Card","Card","Relic","Relic","Potion","Card","Relic","Relic","Relic","Potion","Potion"],"build_version":"2020-12-22","purchased_purges":4,"victory":true,"max_hp_per_floor":[70,70,70,70,70,70,70,70,70,70,80,80,87,87,87,87,87,87,87,97,97,97,97,97,97,97,97,97,87,87,87,87,87,87,87,87,77,77,77,77,77,77,77,77,77,77,77,77,77,77,77,77,84,84,84,84],"card_choices":[{"not_picked":["bronze:Branch","bronze:FineTuning"],"picked":"bronze:Constructor","floor":2.0},{"not_picked":["bronze:Invalidate","bronze:BugBarrage"],"picked":"bronze:Iterate","floor":3.0},{"not_picked":["bronze:Return","bronze:ForceShield"],"picked":"bronze:Fortify","floor":5.0},{"not_picked":["bronze:RecursiveStrike","bronze:Iterate"],"picked":"bronze:BuggyMess","floor":6.0},{"not_picked":["bronze:Frontload","bronze:OilSpill"],"picked":"bronze:FineTuning","floor":9.0},{"not_picked":["bronze:CloningBeam","bronze:Shell"],"picked":"bronze:Allocate","floor":10.0},{"not_picked":["bronze:Shield","bronze:DelayedSlice"],"picked":"bronze:Philosophize","floor":12.0},{"not_picked":["bronze:Constructor","bronze:DelayedSlice"],"picked":"bronze:AlphaBuild","floor":13.0},{"not_picked":["bronze:BitShift","bronze:WhirlingStrike"],"picked":"bronze:Turbo","floor":14.0},{"not_picked":["bronze:Separator","bronze:BugBarrage","bronze:BitShift"],"picked":"SKIP","floor":15.0},{"not_picked":["bronze:Assembly","bronze:CleanCode"],"picked":"bronze:Format","floor":16.0},{"not_picked":["bronze:DelayedSlice+1","bronze:Flail"],"picked":"bronze:Shell+1","floor":19.0},{"not_picked":["bronze:Turbo","bronze:ShipIt","bronze:Deprecate+1"],"picked":"SKIP","floor":21.0},{"not_picked":["bronze:ItsAFeature+1","bronze:Branch"],"picked":"bronze:Flail","floor":21.0},{"not_picked":["bronze:Safeguard+1","bronze:BugBarrage+1"],"picked":"bronze:BuggyMess","floor":21.0},{"not_picked":["bronze:Constructor","bronze:DelayedGuard+1"],"picked":"bronze:Mutator","floor":21.0},{"not_picked":["bronze:DelayedGuard","bronze:Overheat"],"picked":"bronze:FollowUp+1","floor":21.0},{"not_picked":["bronze:Constructor","bronze:WhirlingStrike"],"picked":"bronze:BronzeOrb","floor":22.0},{"not_picked":["bronze:DarkDash","bronze:BuggyMess"],"picked":"bronze:AlphaBuild","floor":23.0},{"not_picked":["bronze:Philosophize","bronze:CloningBeam"],"picked":"bronze:MaxOutput","floor":26.0},{"not_picked":["bronze:ChildClass+1","bronze:WildBeam"],"picked":"bronze:Iterate+1","floor":27.0},{"not_picked":["bronze:Repair","bronze:BugBarrage"],"picked":"bronze:Return+1","floor":28.0},{"not_picked":["bronze:DigitalCarnage","bronze:Turbo+1"],"picked":"bronze:FineTuning+1","floor":32.0},{"not_picked":["bronze:CutThrough+1","bronze:BugBarrage","bronze:WhirlingStrike+1"],"picked":"SKIP","floor":36},{"not_picked":["bronze:WildBeam","bronze:Allocate"],"picked":"bronze:CloningBeam+1","floor":40},{"not_picked":["bronze:Refactor+1","bronze:Optimize"],"picked":"bronze:GetLatest","floor":43},{"not_picked":["bronze:Invalidate","bronze:Flail+1","bronze:ChosenStrike"],"picked":"SKIP","floor":44},{"not_picked":["bronze:WildBeam+1","bronze:Shell+1"],"picked":"bronze:Constructor+1","floor":47},{"not_picked":["bronze:FineTuning","bronze:WhirlingStrike+1"],"picked":"bronze:Turbo+1","floor":49},{"not_picked":["bronze:RecursiveStrike","bronze:Repair","bronze:Return+1"],"picked":"SKIP","floor":52}],"player_experience":269231,"relics_obtained":[{"floor":6.0,"key":"bronze:BronzeIdol"},{"floor":10.0,"key":"bronze:ProtectiveGoggles"},{"floor":12.0,"key":"Meat on the Bone"},{"floor":23.0,"key":"TungstenRod"},{"floor":24.0,"key":"Darkstone Periapt"},{"floor":26.0,"key":"Juzu Bracelet"},{"floor":40,"key":"hexamod:BolsterEngine"},{"floor":41,"key":"Boot"},{"floor":47,"key":"sneckomod:BlankCard"},{"floor":52,"key":"PreservedInsect"}],"event_choices":[{"damage_healed":0.0,"max_hp_gain":0.0,"max_hp_loss":0.0,"gold_gain":0.0,"event_name":"The Library","player_choice":"Read","floor":25.0,"gold_loss":0.0,"damage_taken":0.0,"cards_obtained":["bronze:Terminator"]},{"damage_healed":0.0,"max_hp_gain":0.0,"max_hp_loss":0.0,"gold_gain":0.0,"event_name":"Vampires","player_choice":"Ignored","floor":31.0,"gold_loss":0.0,"damage_taken":0.0},{"cards_removed":["bronze:Replicate"],"damage_healed":0,"gold_gain":0,"player_choice":"Removed Attack","damage_taken":0,"max_hp_gain":0,"max_hp_loss":0,"event_name":"Falling","floor":48,"gold_loss":0}],"is_beta":false,"boss_relics":[{"not_picked":["bronze:PlatinumCore","Coffee Dripper"],"picked":"bronze:ElectromagneticCoil"},{"not_picked":["SacredBark","Calling Bell"],"picked":"bronze:MakeshiftBattery"}],"items_purged_floors":[13,21,27,39],"is_endless":false,"potions_floor_spawned":[6,9,10,14,15,16,19,23,32,43,47,49,52],"ascension_level":5}}