{"host":"ci7ivtocgfxh0ueo","time":1611239770,"event":{"mods":["BaseMod","GifTheSpireLib","Minty Spire (QoL Compilation)","StSLib"],"gold_per_floor":[117,117,117,62,72,72,147,173,173,187,203,303,320,335,335,406,406,419,30,48,48,63,63,74,74,74,74,99,149,149,149],"floor_reached":30,"language":"ZHT","playtime":695,"items_purged":[],"score":523,"play_id":"eb3f609a-3698-4d5c-84e1-e1d3325e6a33","local_time":"20210121223610","is_ascension_mode":true,"campfire_choices":[{"data":"Bash","floor":6,"key":"SMITH"},{"data":"Disarm","floor":15,"key":"SMITH"},{"floor":23,"key":"REST"}],"circlet_count":0,"master_deck":["AscendersBane","Strike_R","Strike_R","Strike_R","Defend_R","Defend_R","Defend_R","Defend_R","Bash+1","Flex","Shockwave","Immolate","Disarm+1","Inflame","Ghostly Armor","Reaper","Flex+1","Feel No Pain","Panache","Cleave","Rampage"],"relics":["Burning Blood","NeowsBlessing","Vajra","Sundial","Blue Candle","Empty Cage","Omamori","The Courier","Gambling Chip","Toy Ornithopter"],"acts_visited":["Exordium","TheCity"],"potions_floor_usage":[16,22,24,28],"damage_taken":[{"damage":0,"enemies":"2 Louse","floor":1,"turns":1},{"damage":0,"enemies":"Small Slimes","floor":5,"turns":1},{"damage":0,"enemies":"3 Sentries","floor":8,"turns":2},{"damage":0,"enemies":"Cultist","floor":10,"turns":4},{"damage":16,"enemies":"Blue Slaver","floor":11,"turns":3},{"damage":0,"enemies":"Lots of Slimes","floor":13,"turns":1},{"damage":12,"enemies":"Exordium Wildlife","floor":14,"turns":3},{"damage":27,"enemies":"Hexaghost","floor":16,"turns":10},{"damage":36,"enemies":"3 Byrds","floor":18,"turns":4},{"damage":32,"enemies":"Chosen","floor":20,"turns":9},{"damage":27,"enemies":"Snake Plant","floor":22,"turns":5},{"damage":19,"enemies":"Centurion and Healer","floor":24,"turns":5},{"damage":70,"enemies":"Slavers","floor":28,"turns":7},{"damage":16,"enemies":"Shelled Parasite and Fungi","floor":30,"turns":1}],"seed_played":"-7336355414889933618","potions_obtained":[{"floor":10,"key":"FairyPotion"},{"floor":16,"key":"Ancient Potion"},{"floor":21,"key":"EntropicBrew"}],"is_trial":false,"path_per_floor":["M","?","?","$","M","R","?","E","T","M","M","?","M","M","R","B",null,"M","$","M","?","M","R","M","?","T","?","E","T","M"],"character_chosen":"IRONCLAD","items_purchased":["AttackPotion","Omamori","Feel No Pain","Panache"],"campfire_rested":1,"item_purchase_floors":[4,19,19,19],"current_hp_per_floor":[74,79,68,68,74,74,63,69,69,75,65,65,71,65,65,44,71,41,41,26,26,30,54,63,79,79,79,15,15,0,0],"gold":149,"neow_bonus":"THREE_ENEMY_KILL","is_daily":false,"chose_seed":false,"campfire_upgraded":2,"win_rate":0.0,"timestamp":1611239770,"path_taken":["M","?","?","$","M","R","?","E","T","M","M","?","?","M","R","BOSS","M","$","M","?","?","R","?","?","T","?","E","?","M"],"items_purchased_type":["Potion","Relic","Card","Card"],"build_version":"2020-12-22","purchased_purges":0,"victory":false,"max_hp_per_floor":[75,80,80,80,80,80,80,80,80,80,80,80,80,80,80,80,80,80,80,80,80,80,80,80,80,80,80,80,80,80,80],"card_choices":[{"not_picked":["True Grit","Body Slam"],"picked":"Flex","floor":1},{"not_picked":["Body Slam","True Grit","Evolve"],"picked":"SKIP","floor":5},{"not_picked":["Headbutt","Iron Wave"],"picked":"Shockwave","floor":8},{"not_picked":["Bloodletting","Sword Boomerang"],"picked":"Immolate","floor":10},{"not_picked":["True Grit","Evolve"],"picked":"Disarm","floor":11},{"not_picked":["Shockwave","Blood for Blood"],"picked":"Inflame","floor":13},{"not_picked":["Body Slam","Headbutt"],"picked":"Ghostly Armor","floor":14},{"not_picked":["Corruption","Impervious"],"picked":"Reaper","floor":16},{"not_picked":["Body Slam","Perfected Strike"],"picked":"Flex+1","floor":18},{"not_picked":["Wild Strike","Pommel Strike"],"picked":"Cleave","floor":20},{"not_picked":["Anger","Warcry"],"picked":"Rampage","floor":22},{"not_picked":["Pommel Strike","Wild Strike+1","Bloodletting"],"picked":"SKIP","floor":24},{"not_picked":["Burning Pact","Reckless Charge+1","Perfected Strike"],"picked":"SKIP","floor":28}],"player_experience":1343384,"relics_obtained":[{"floor":8,"key":"Sundial"},{"floor":9,"key":"Blue Candle"},{"floor":26,"key":"The Courier"},{"floor":28,"key":"Gambling Chip"},{"floor":29,"key":"Toy Ornithopter"}],"event_choices":[{"damage_healed":0,"gold_gain":0,"player_choice":"Donut","damage_taken":0,"max_hp_gain":5,"max_hp_loss":0,"event_name":"Big Fish","floor":2,"gold_loss":0},{"damage_healed":0,"gold_gain":0,"player_choice":"Success","damage_taken":11,"relics_obtained":["Vajra"],"max_hp_gain":0,"max_hp_loss":0,"event_name":"Scrap Ooze","floor":3,"gold_loss":0},{"damage_healed":0,"gold_gain":75,"player_choice":"Gather Gold","damage_taken":11,"max_hp_gain":0,"max_hp_loss":0,"event_name":"World of Goop","floor":7,"gold_loss":0},{"damage_healed":0,"gold_gain":100,"player_choice":"Gold","damage_taken":0,"max_hp_gain":0,"max_hp_loss":0,"event_name":"Wheel of Change","floor":12,"gold_loss":0},{"damage_healed":0,"gold_gain":0,"player_choice":"Got Potions","damage_taken":0,"max_hp_gain":0,"max_hp_loss":0,"event_name":"Lab","floor":21,"gold_loss":0},{"damage_healed":16,"gold_gain":0,"player_choice":"Heal","damage_taken":0,"max_hp_gain":0,"max_hp_loss":0,"event_name":"The Library","floor":25,"gold_loss":0},{"damage_healed":0,"gold_gain":0,"player_choice":"Smashed Altar","damage_taken":0,"max_hp_gain":0,"max_hp_loss":0,"event_name":"Forgotten Altar","floor":27,"gold_loss":0,"cards_obtained":["Decay"]}],"is_beta":false,"boss_relics":[{"not_picked":["Ectoplasm","Mark of Pain"],"picked":"Empty Cage"}],"items_purged_floors":[],"is_endless":false,"potions_floor_spawned":[10,11,16,18,22],"killed_by":"Shelled Parasite and Fungi","ascension_level":18}}