{"host":"oz9vhs3xbxflhe72","time":1611216191,"event":{"mods":["Act Like it!","BaseMod","Bestiary","Block Reminder","Colored Powertips","DeckTracker","Friendly Minions","Key Reminder","Minty Spire (QoL Compilation)","Quick Restart","StSLib","Unceasing Turn Reminder","everything is the same but u backflip on backflip","ojb\u0027s Info Mod"],"gold_per_floor":[119,294,313,313,333,366,377,377,400,65,65,65,118,157,157,280,280,294,244,288,349,412,466,466,523,549,549,594,594,594],"floor_reached":29,"language":"ENG","playtime":3019,"items_purged":[],"score":275,"play_id":"2fb5688f-5ef3-4775-9dca-a6bbc7b613bd","local_time":"20210121040311","is_ascension_mode":false,"campfire_choices":[{"data":"Eruption","floor":8.0,"key":"SMITH"},{"data":"EmptyMind","floor":15.0,"key":"SMITH"},{"data":"Study","floor":24,"key":"SMITH"},{"floor":27,"key":"REST"}],"circlet_count":0,"master_deck":["Strike_P","Strike_P","Strike_P","Strike_P","Defend_P","Defend_P","Defend_P","Defend_P","Eruption+1","Vigilance","FlurryOfBlows+1","EmptyBody","FlurryOfBlows","EmptyMind+1","HandOfGreed+1","Protect","DevaForm","Scrawl","Study+1","Protect","ConjureBlade","BattleHymn","TalkToTheHand"],"relics":["SacredBark","Art of War","InkBottle","Omamori","Whetstone","PreservedInsect","VioletLotus","Centennial Puzzle","Dream Catcher","Damaru"],"acts_visited":[],"potions_floor_usage":[22,22,23,25],"damage_taken":[{"damage":3.0,"enemies":"Small Slimes","floor":1.0,"turns":4.0},{"damage":0.0,"enemies":"Jaw Worm","floor":3.0,"turns":4.0},{"damage":0.0,"enemies":"Cultist","floor":5.0,"turns":3.0},{"damage":5.0,"enemies":"Gremlin Nob","floor":6.0,"turns":4.0},{"damage":6.0,"enemies":"3 Louse","floor":7.0,"turns":3.0},{"damage":8.0,"enemies":"Lagavulin","floor":13.0,"turns":4.0},{"damage":0.0,"enemies":"2 Fungi Beasts","floor":14.0,"turns":2.0},{"damage":10.0,"enemies":"Hexaghost","floor":16.0,"turns":8.0},{"damage":12.0,"enemies":"Shell Parasite","floor":18.0,"turns":10.0},{"damage":7,"enemies":"Chosen","floor":20,"turns":6},{"damage":0,"enemies":"Centurion and Healer","floor":21,"turns":5},{"damage":12,"enemies":"Chosen and Byrds","floor":22,"turns":7},{"damage":10,"enemies":"Gremlin Leader","floor":23,"turns":6},{"damage":14,"enemies":"Slavers","floor":25,"turns":4},{"damage":21,"enemies":"Sentry and Sphere","floor":28,"turns":4},{"damage":20,"enemies":"Gremlin Leader","floor":29,"turns":4}],"seed_played":"676338706381607858","potions_obtained":[{"floor":1.0,"key":"EntropicBrew"},{"floor":6.0,"key":"AttackPotion"},{"floor":7.0,"key":"AttackPotion"},{"floor":16.0,"key":"LiquidBronze"},{"floor":18.0,"key":"Ancient Potion"},{"floor":21,"key":"BlessingOfTheForge"},{"floor":23,"key":"Fire Potion"},{"floor":25,"key":"Weak Potion"}],"is_trial":false,"path_per_floor":["M","?","M","T","M","E","M","R","T","$","?","$","E","M","R","B",null,"M","?","M","M","M","E","R","E","T","R","M","E"],"character_chosen":"WATCHER","items_purchased":["HandOfGreed","Whetstone"],"campfire_rested":1,"item_purchase_floors":[10,10],"current_hp_per_floor":[69,69,69,69,69,64,58,58,58,58,51,51,43,43,43,33,72,60,60,53,53,41,31,31,17,17,38,17,0,0],"gold":594,"neow_bonus":"BOSS_RELIC","is_daily":false,"chose_seed":false,"campfire_upgraded":3,"win_rate":0.0,"timestamp":1611216191,"path_taken":["M","?","M","?","M","E","M","R","T","$","?","?","E","M","R","BOSS","M","?","?","M","M","E","R","E","T","R","M","E"],"items_purchased_type":["Card","Relic"],"build_version":"2020-12-22","purchased_purges":0,"victory":false,"max_hp_per_floor":[72,72,72,72,72,72,72,72,72,72,72,72,72,72,72,72,72,72,72,72,72,72,72,72,72,72,72,72,72,72],"card_choices":[{"not_picked":["Wallop","Meditate"],"picked":"FlurryOfBlows","floor":1.0},{"not_picked":["Vengeance","Tantrum"],"picked":"EmptyBody","floor":3.0},{"not_picked":["Conclude","Halt"],"picked":"FlurryOfBlows","floor":5.0},{"not_picked":["Establishment","CutThroughFate"],"picked":"EmptyMind","floor":6.0},{"not_picked":["FlyingSleeves","CutThroughFate","Pray"],"picked":"SKIP","floor":7.0},{"not_picked":["EmptyBody","Halt"],"picked":"Protect","floor":13.0},{"not_picked":["LikeWater","Consecrate"],"picked":"DevaForm","floor":14.0},{"not_picked":["Vault","ConjureBlade"],"picked":"Scrawl","floor":16.0},{"not_picked":["Worship","Pray","WaveOfTheHand+1"],"picked":"SKIP","floor":18.0},{"not_picked":["Nirvana","Meditate","CutThroughFate"],"picked":"SKIP","floor":20},{"not_picked":["SignatureMove","Nirvana+1"],"picked":"Study","floor":21},{"not_picked":["EmptyBody","SashWhip"],"picked":"Protect","floor":22},{"not_picked":["Sanctity","SandsOfTime"],"picked":"ConjureBlade","floor":23},{"not_picked":["FlurryOfBlows","WreathOfFlame+1"],"picked":"BattleHymn","floor":25},{"not_picked":["Crescendo","FollowUp+1"],"picked":"TalkToTheHand","floor":27},{"not_picked":["LikeWater","Protect","Weave+1"],"picked":"SKIP","floor":28}],"player_experience":120585,"relics_obtained":[{"floor":4.0,"key":"Art of War"},{"floor":6.0,"key":"InkBottle"},{"floor":9.0,"key":"Omamori"},{"floor":13.0,"key":"PreservedInsect"},{"floor":23,"key":"Centennial Puzzle"},{"floor":25,"key":"Dream Catcher"},{"floor":26,"key":"Damaru"}],"event_choices":[{"damage_healed":0.0,"max_hp_gain":0.0,"max_hp_loss":0.0,"gold_gain":175.0,"event_name":"Liars Game","player_choice":"AGREE","floor":2.0,"gold_loss":0.0,"damage_taken":0.0,"cards_obtained":["Doubt"]},{"cards_removed":["Doubt"],"damage_healed":0.0,"max_hp_gain":0.0,"max_hp_loss":0.0,"gold_gain":0.0,"event_name":"Golden Wing","player_choice":"Card Removal","floor":11.0,"gold_loss":0.0,"damage_taken":7.0},{"damage_healed":0.0,"max_hp_gain":0.0,"max_hp_loss":0.0,"gold_gain":0.0,"event_name":"The Joust","player_choice":"Bet on Murderer","floor":19.0,"gold_loss":50.0,"damage_taken":0.0}],"is_beta":false,"boss_relics":[{"not_picked":["Calling Bell","Busted Crown"],"picked":"VioletLotus"}],"items_purged_floors":[],"is_endless":false,"potions_floor_spawned":[1,6,7,16,18,21,23,25],"killed_by":"Gremlin Leader","ascension_level":0}}