{"host":"ux8r2oyej5019q8x","time":1611191209,"event":{"mods":["AchievementEnabler","BaseMod","Colored Map","Colored Powertips","GifTheSpireLib","HexUI Lib","Highlight Path","Minty Spire (QoL Compilation)","Rare Cards Sparkle","Relic Stats","StSLib","everything is the same but u backflip on backflip"],"gold_per_floor":[360,40,40,64,29,70,70,84,107,107,107,121,139,152,152,273,273,289,313,326,24,49,49,49,73,149,169,183,18,18,18,18],"floor_reached":31,"language":"ENG","playtime":3887,"items_purged":["Defend_B"],"score":301,"play_id":"25fa604b-dcd3-4501-beef-d3fb581573da","local_time":"20210121020649","is_ascension_mode":true,"campfire_choices":[{"floor":7,"key":"REST"},{"data":"Chill","floor":10,"key":"SMITH"},{"floor":15,"key":"REST"},{"floor":23,"key":"REST"},{"data":"Fission","floor":30,"key":"SMITH"}],"circlet_count":0,"master_deck":["Strike_B","Strike_B","Strike_B","Strike_B","Defend_B","Defend_B","Defend_B","Zap","Dualcast","Storm","Metamorphosis","Fusion","Doom and Gloom","Chill+1","Hologram","Conserve Battery","Defragment","Fission+1","FTL+1","Ball Lightning+1","Lockon","Coolheaded","Conserve Battery+1","Master of Strategy+1","Static Discharge"],"relics":["Cracked Core","ClockworkSouvenir","Golden Idol","Bag of Preparation","DataDisk","Nuclear Battery","Membership Card","Pocketwatch","Nilry\u0027s Codex","Toxic Egg 2"],"acts_visited":["Exordium","TheCity"],"potions_floor_usage":[13,16,16,25,25,27,28],"damage_taken":[{"damage":9,"enemies":"Jaw Worm","floor":1,"turns":4},{"damage":6,"enemies":"2 Louse","floor":4,"turns":3},{"damage":30,"enemies":"Lagavulin","floor":6,"turns":6},{"damage":0,"enemies":"Cultist","floor":8,"turns":3},{"damage":5,"enemies":"Blue Slaver","floor":12,"turns":4},{"damage":0,"enemies":"Gremlin Gang","floor":13,"turns":1},{"damage":1,"enemies":"Red Slaver","floor":14,"turns":3},{"damage":30,"enemies":"Hexaghost","floor":16,"turns":8},{"damage":6,"enemies":"Spheric Guardian","floor":18,"turns":3},{"damage":28,"enemies":"2 Thieves","floor":19,"turns":4},{"damage":5,"enemies":"Chosen and Byrds","floor":20,"turns":4},{"damage":15,"enemies":"Centurion and Healer","floor":22,"turns":3},{"damage":5,"enemies":"Snecko","floor":25,"turns":3},{"damage":2,"enemies":"3 Cultists","floor":27,"turns":3},{"damage":0,"enemies":"Centurion and Healer","floor":28,"turns":6},{"damage":8,"enemies":"Snake Plant","floor":31,"turns":2}],"seed_played":"-2131542938482731783","potions_obtained":[{"floor":1,"key":"Strength Potion"},{"floor":8,"key":"Weak Potion"},{"floor":11,"key":"LiquidBronze"},{"floor":11,"key":"PowerPotion"},{"floor":13,"key":"PowerPotion"},{"floor":16,"key":"LiquidMemories"},{"floor":19,"key":"CultistPotion"},{"floor":25,"key":"Explosive Potion"},{"floor":27,"key":"LiquidMemories"}],"is_trial":false,"path_per_floor":["M","$","?","M","?","E","R","M","T","R","?","M","M","M","R","B",null,"M","M","M","$","M","R","?","M","T","M","M","$","R","M"],"character_chosen":"DEFECT","items_purchased":["ClockworkSouvenir","Metamorphosis","Membership Card","Pocketwatch","Master of Strategy+1","Static Discharge"],"campfire_rested":3,"item_purchase_floors":[2,2,21,21,29,29],"current_hp_per_floor":[45,45,27,21,39,9,31,31,31,31,31,26,26,25,47,17,61,55,27,22,22,7,29,13,8,8,6,6,6,6,0,0],"gold":18,"neow_bonus":"TWO_FIFTY_GOLD","is_daily":false,"chose_seed":false,"campfire_upgraded":2,"win_rate":0.0,"timestamp":1611191209,"path_taken":["M","$","?","M","?","E","R","M","T","R","?","M","M","M","R","BOSS","M","M","M","$","M","R","?","M","T","M","M","$","R","M"],"items_purchased_type":["Relic","Card","Relic","Relic","Card","Card"],"build_version":"2020-12-22","purchased_purges":1,"victory":false,"max_hp_per_floor":[75,75,75,75,75,75,75,75,75,75,75,75,75,75,75,75,75,75,75,75,75,75,75,75,75,75,75,75,75,75,75,75],"relic_stats":{"counters":[16,60],"Golden Idol":78,"Bag of Preparation":[26],"obtain_stats":[{"DataDisk":9,"Golden Idol":3,"Nilry\u0027s Codex":24,"Bag of Preparation":6,"Membership Card":21,"Toxic Egg 2":26,"Cracked Core":0,"ClockworkSouvenir":2,"Nuclear Battery":17,"Pocketwatch":21},{"DataDisk":4,"Golden Idol":1,"Nilry\u0027s Codex":12,"Bag of Preparation":3,"Membership Card":11,"Toxic Egg 2":13,"Cracked Core":0,"ClockworkSouvenir":1,"Nuclear Battery":8,"Pocketwatch":11},{"DataDisk":16,"Golden Idol":4,"Nilry\u0027s Codex":46,"Bag of Preparation":13,"Membership Card":43,"Toxic Egg 2":49,"Cracked Core":0,"ClockworkSouvenir":4,"Nuclear Battery":32,"Pocketwatch":43}],"Pocketwatch":[9]},"card_choices":[{"not_picked":["Barrage","Rip and Tear"],"picked":"Storm","floor":1},{"not_picked":["Lockon","FTL"],"picked":"Fusion","floor":4},{"not_picked":["Gash","Conserve Battery"],"picked":"Doom and Gloom","floor":6},{"not_picked":["Steam","Cold Snap"],"picked":"Chill","floor":8},{"not_picked":["Blizzard","Beam Cell"],"picked":"Hologram","floor":12},{"not_picked":["Gash","Hologram"],"picked":"Conserve Battery","floor":13},{"not_picked":["Glacier","Amplify"],"picked":"Defragment","floor":14},{"not_picked":["Multi-Cast","All For One"],"picked":"Fission","floor":16},{"not_picked":["Recycle","Leap+1"],"picked":"FTL+1","floor":18},{"not_picked":["Go for the Eyes","Redo"],"picked":"Ball Lightning+1","floor":19},{"not_picked":["Beam Cell","Compile Driver","Melter"],"picked":"SKIP","floor":20},{"not_picked":["Gash","Blizzard"],"picked":"Lockon","floor":22},{"not_picked":["Gash+1","Conserve Battery"],"picked":"Coolheaded","floor":25},{"not_picked":["Beam Cell+1","Lockon"],"picked":"Conserve Battery+1","floor":27},{"not_picked":["Hologram+1","Melter","Amplify+1"],"picked":"SKIP","floor":28}],"player_experience":183761,"relics_obtained":[{"floor":6,"key":"Bag of Preparation"},{"floor":9,"key":"DataDisk"},{"floor":24,"key":"Nilry\u0027s Codex"},{"floor":26,"key":"Toxic Egg 2"}],"event_choices":[{"damage_healed":0,"gold_gain":0,"player_choice":"Take Damage","damage_taken":18,"relics_obtained":["Golden Idol"],"max_hp_gain":0,"max_hp_loss":0,"event_name":"Golden Idol","floor":3,"gold_loss":0},{"damage_healed":18,"gold_gain":0,"player_choice":"Healed","damage_taken":0,"max_hp_gain":0,"max_hp_loss":0,"event_name":"The Cleric","floor":5,"gold_loss":35},{"damage_healed":0,"gold_gain":0,"player_choice":"Got Potions","damage_taken":0,"max_hp_gain":0,"max_hp_loss":0,"event_name":"Lab","floor":11,"gold_loss":0},{"damage_healed":0,"gold_gain":0,"player_choice":"Obtained Book","damage_taken":16,"max_hp_gain":0,"max_hp_loss":0,"event_name":"Cursed Tome","floor":24,"gold_loss":0}],"is_beta":false,"boss_relics":[{"not_picked":["Velvet Choker","SlaversCollar"],"picked":"Nuclear Battery"}],"items_purged_floors":[29],"is_endless":false,"potions_floor_spawned":[1,8,13,14,16,19,25,27],"killed_by":"Snake Plant","ascension_level":5}}