{"host":"lxihx0b6awoz2w1j","time":1611271348,"event":{"mods":["Act Like it!","BaseMod","Better Third Choice","CapriCore","Colored Powertips","Conspire","Fox Events","Gensokyo","Hermit","Hubris","Infinite Spire","JesterMod","Luminous","Marisa????????","Melee Mod","Minty Spire (QoL Compilation)","Prisma Mod","Quick Restart","Relic Stats","Replay The Spire","Shade Mod","Spicy Shops","StSLib","The Alterego","The Blue Laboratory","The Cursed","The Disciple","The Forsaken","The Gatherer","The Immortal","The Jungle","The Marked","The Runesmith","The Senshi","The Servant 0.9.4","The Spell Scribe","Waifu the Spire"],"gold_per_floor":[111,124,144,159,32,67,67,97,144,162,162,178,178,189,189,291,291,302,302,312,312,326,351,351,383,406,62,87,107,107,119,119,224,224],"floor_reached":33,"language":"ENG","playtime":1755,"items_purged":[],"score":491,"play_id":"13c11731-b569-44cd-9fe8-1bc1478624af","local_time":"20210122002228","is_ascension_mode":true,"campfire_choices":[{"floor":7.0,"key":"REST"},{"floor":13.0,"key":"REST"},{"data":"1","floor":15.0,"key":"LIFT"},{"data":"Neutralize","floor":24.0,"key":"SMITH"},{"data":"2","floor":30.0,"key":"LIFT"},{"data":"3","floor":32.0,"key":"LIFT"}],"circlet_count":0,"master_deck":["Strike_G","Strike_G","Strike_G","Strike_G","Strike_G","Defend_G+1","Defend_G+1","Defend_G+1","Defend_G+1","Defend_G+1","Survivor","Neutralize+1","Quick Slash","Backstab","Flying Knee","Poisoned Stab","Accuracy+1","All Out Attack","Poison Darts+1","Blade Dance","Deflect","Sucker Punch","ReplayTheSpireMod:Tripwire","Glass Knife","Noxious Fumes","Hidden Blade","Cloak And Dagger","Blade Dance+1","Heel Hook","Accuracy","Dodge and Roll","Footwork+1","Pot Of Greed","Pot Of Greed","Pot Of Greed","Flying Knee","Deadly Poison"],"relics":["Ring of the Snake","Girya","Regal Pillow","Pet Ghost","Black Star","Pocketwatch","Painkiller Herb","MealTicket","Replay:Bottled Eggs","Meat on the Bone","Bird Faced Urn","infinitespire:Satchel","Replay:Mystery Machine","Lee\u0027s Waffle","Calipers","Grinning Jar"],"acts_visited":["Exordium","TheCity"],"potions_floor_usage":[],"damage_taken":[{"damage":0.0,"enemies":"conspire:RoseBush","floor":1.0,"turns":4.0},{"damage":0.0,"enemies":"Small Slimes","floor":2.0,"turns":4.0},{"damage":0.0,"enemies":"Cultist","floor":3.0,"turns":3.0},{"damage":10.0,"enemies":"Large Slime","floor":4.0,"turns":11.0},{"damage":22.0,"enemies":"3 Sentries","floor":6.0,"turns":8.0},{"damage":39.0,"enemies":"Lagavulin","floor":8.0,"turns":6.0},{"damage":6.0,"enemies":"Exordium Wildlife","floor":10.0,"turns":2.0},{"damage":0.0,"enemies":"3 Louse","floor":12.0,"turns":3.0},{"damage":7.0,"enemies":"Exordium Thugs","floor":14.0,"turns":4.0},{"damage":51.0,"enemies":"The Guardian","floor":16.0,"turns":11.0},{"damage":2.0,"enemies":"3 Byrds","floor":18.0,"turns":5.0},{"damage":0.0,"enemies":"Spheric Guardian","floor":20.0,"turns":1.0},{"damage":1.0,"enemies":"Chosen and Byrds","floor":22.0,"turns":4.0},{"damage":22.0,"enemies":"Replay:Snechameleon","floor":23.0,"turns":4.0},{"damage":0.0,"enemies":"Gremlin Leader","floor":25.0,"turns":4.0},{"damage":5.0,"enemies":"conspire:SneckoGhost","floor":28.0,"turns":5.0},{"damage":2.0,"enemies":"Centurion and Healer","floor":29.0,"turns":3.0},{"damage":0.0,"enemies":"Sentry and Sphere","floor":31.0,"turns":3.0},{"damage":60,"enemies":"Collector","floor":33,"turns":8}],"seed_played":"3369596346755329056","potions_obtained":[{"floor":3.0,"key":"blueLaboratory:NinjaPotion"},{"floor":10.0,"key":"Weak Potion"},{"floor":12.0,"key":"Strength Potion"},{"floor":16.0,"key":"AttackPotion"},{"floor":22.0,"key":"Poison Potion"}],"is_trial":false,"path_per_floor":["M","M","M","M","$","E","R","E","T","M","?","M","R","M","R","B",null,"M","AVR","?","?","?","E","T","E","T","T","E","?","T","?","T","B"],"character_chosen":"THE_SILENT","items_purchased":["Accuracy+1","All Out Attack","Replay:Mystery Machine","Accuracy","Lee\u0027s Waffle","Dodge and Roll"],"campfire_rested":2,"item_purchase_floors":[5,5,27,27,27,27],"current_hp_per_floor":[77,77,77,67,67,45,68,29,29,23,23,23,61,54,54,3,77,75,75,75,75,74,52,52,52,52,84,81,83,83,84,84,42,42],"gold":224,"neow_bonus":"TEN_PERCENT_HP_BONUS","is_daily":false,"chose_seed":false,"campfire_upgraded":1,"win_rate":0.0,"timestamp":1611271348,"path_taken":["M","M","?","M","$","E","R","E","T","M","?","M","R","M","R","BOSS","M","AVR","?","?","?","E","T","E","T","?","E","?","T","?","T","BOSS"],"items_purchased_type":["Card","Card","Relic","Card","Relic","Card"],"build_version":"2020-12-22","purchased_purges":0,"victory":false,"max_hp_per_floor":[77,77,77,77,77,77,77,77,77,77,77,77,77,77,77,77,77,77,77,77,77,77,77,77,77,77,84,84,84,84,84,84,84,84],"relic_stats":{"Regal Pillow":15,"Lee\u0027s Waffle":17,"counters":[19,93],"Bird Faced Urn":[13],"MealTicket":15,"Black Star":3,"obtain_stats":[{"Girya":6,"Regal Pillow":8,"Lee\u0027s Waffle":27,"Calipers":28,"Painkiller Herb":19,"Replay:Mystery Machine":27,"Pet Ghost":9,"Bird Faced Urn":25,"infinitespire:Satchel":26,"MealTicket":23,"Black Star":17,"Replay:Bottled Eggs":23,"Grinning Jar":28,"Ring of the Snake":0,"Pocketwatch":19,"Meat on the Bone":25},{"Girya":5,"Regal Pillow":6,"Lee\u0027s Waffle":15,"Calipers":16,"Painkiller Herb":11,"Replay:Mystery Machine":15,"Pet Ghost":6,"Bird Faced Urn":15,"infinitespire:Satchel":15,"MealTicket":14,"Black Star":10,"Replay:Bottled Eggs":14,"Grinning Jar":16,"Ring of the Snake":0,"Pocketwatch":11,"Meat on the Bone":15},{"Girya":30,"Regal Pillow":36,"Lee\u0027s Waffle":74,"Calipers":79,"Painkiller Herb":61,"Replay:Mystery Machine":74,"Pet Ghost":36,"Bird Faced Urn":74,"infinitespire:Satchel":74,"MealTicket":70,"Black Star":56,"Replay:Bottled Eggs":70,"Grinning Jar":79,"Ring of the Snake":0,"Pocketwatch":61,"Meat on the Bone":74}],"Ring of the Snake":[38],"Pocketwatch":[9],"Meat on the Bone":12},"card_choices":[{"not_picked":["Choke","Underhanded Strike"],"picked":"Quick Slash","floor":1.0},{"not_picked":["Dagger Throw","Footwork"],"picked":"Backstab","floor":2.0},{"not_picked":["hubris:SlightOfHand","Deadly Poison"],"picked":"Flying Knee","floor":3.0},{"not_picked":["Deadly Poison","Concentrate"],"picked":"Poisoned Stab","floor":4.0},{"not_picked":["Underhanded Strike","Backflip"],"picked":"Poison Darts","floor":6.0},{"not_picked":["Sucker Punch","Flying Knee"],"picked":"Blade Dance","floor":8.0},{"not_picked":["Prepared","Sucker Punch"],"picked":"Deflect","floor":10.0},{"not_picked":["Predator","Underhanded Strike"],"picked":"Sucker Punch","floor":12.0},{"not_picked":["Choke","Quick Slash"],"picked":"ReplayTheSpireMod:Tripwire","floor":14.0},{"not_picked":["ReplayTheSpireMod:Necrosis","Venomology"],"picked":"Glass Knife","floor":16.0},{"not_picked":["Prepared+1","hubris:Sniper"],"picked":"Noxious Fumes","floor":18.0},{"not_picked":["ReplayTheSpireMod:Exploit Weakness","Crippling Poison"],"picked":"Hidden Blade","floor":20.0},{"not_picked":["Accuracy","Prepared"],"picked":"Cloak And Dagger","floor":22.0},{"not_picked":["hubris:TrickCloak","Underhanded Strike"],"picked":"Blade Dance+1","floor":23.0},{"not_picked":["hubris:SlightOfHand","Doppelganger"],"picked":"Heel Hook","floor":25.0},{"not_picked":["Skewer","Outmaneuver"],"picked":"Footwork+1","floor":28.0},{"not_picked":["Dagger Throw","Deadly Poison"],"picked":"Flying Knee","floor":29.0},{"not_picked":["Hidden Blade","Reflex+1"],"picked":"Deadly Poison","floor":31.0}],"player_experience":650617,"relics_obtained":[{"floor":6.0,"key":"Girya"},{"floor":8.0,"key":"Regal Pillow"},{"floor":9.0,"key":"Pet Ghost"},{"floor":23.0,"key":"MealTicket"},{"floor":23.0,"key":"Replay:Bottled Eggs"},{"floor":25.0,"key":"Meat on the Bone"},{"floor":25.0,"key":"Bird Faced Urn"},{"floor":26.0,"key":"infinitespire:Satchel"},{"floor":28.0,"key":"Calipers"},{"floor":28.0,"key":"Grinning Jar"}],"event_choices":[{"damage_healed":0.0,"max_hp_gain":0.0,"max_hp_loss":0.0,"gold_gain":0.0,"event_name":"Upgrade Shrine","player_choice":"Upgraded","floor":11.0,"gold_loss":0.0,"damage_taken":0.0,"cards_upgraded":["Poison Darts"]}],"is_beta":false,"boss_relics":[{"not_picked":["theForsaken:PaleLantern","Astrolabe"],"picked":"Black Star"}],"items_purged_floors":[],"is_endless":false,"potions_floor_spawned":[3,10,12,14,16,18,22,23,28],"killed_by":"Collector","ascension_level":1}}