{"host":"gzsdmyo07u314vug","time":1611203299,"event":{"mods":["2.2 Compatiblity","Astrologer","BaseMod","Colored Powertips","GifTheSpireLib","Gremlin Mod","Hermit","Jorbs\u0027s Wanderer Trilogy","Minty Spire (QoL Compilation)","Quick Restart","Rare Cards Sparkle","Relic Stats","Replay The Spire","Robot Space Explorer","Shop Mod","StSLib","The Bug Knight","The Construct","The Cursed","The Elementalist","The Hierophant","The IronCluck","The Marked","The Necromancer","The Runesmith","The Servant 0.9.4","Unceasing Turn Reminder","everything is the same but u backflip on backflip","slay the spire mod where everything is the same but ironclad has a cowboy hat","vexMod"],"gold_per_floor":[110,127,52,63,80,80,80,90,116,126,154,154,54,74,74,178,178,196,212,14,34,51,51,65,80,80,80,80,80,80,80,80,180,180,200,249,249,99,99,99,114,131,131,131,144,144,144,154,154,154],"floor_reached":51,"language":"ENG","playtime":3650,"items_purged":["astrologer:Strike","astrologer:Strike","astrologer:Strike","astrologer:Defend"],"score":741,"play_id":"8d719e7a-5a74-456d-828d-c7cb9f16be10","local_time":"20210121012819","is_ascension_mode":true,"campfire_choices":[{"data":"astrologer:FrozenStar","floor":6.0,"key":"SMITH"},{"data":"astrologer:SolarFlare","floor":12.0,"key":"SMITH"},{"data":"astrologer:Justice","floor":15,"key":"SMITH"},{"floor":23,"key":"REST"},{"data":"astrologer:CosmicExpanse","floor":27,"key":"SMITH"},{"floor":30,"key":"REST"},{"data":"astrologer:Nova","floor":32,"key":"SMITH"},{"floor":40,"key":"REST"},{"floor":44,"key":"REST"},{"data":"astrologer:Stardust","floor":46,"key":"SMITH"},{"floor":49,"key":"REST"}],"circlet_count":0,"master_deck":["astrologer:Defend","astrologer:Defend","astrologer:NorthStar+1","astrologer:TheFool","astrologer:FrozenStar+1","astrologer:ShootingStar","astrologer:StarOfMisfortune","astrologer:SolarFlare+1","astrologer:Confirmation","astrologer:Justice+1","astrologer:Stardust+1","astrologer:Nova+1","astrologer:Moonlight+1","astrologer:Stardust+1","astrologer:CosmicExpanse+1","astrologer:ShootingStar+1","astrologer:FadingStar","astrologer:Alignment","astrologer:SolarFlare","Madness","Madness","astrologer:GlassStar+1"],"relics":["astrologer:SkyMirror","Replay:Wax Seal","Tiny Chest","construct:WeddingRing","Pet Ghost","Ornamental Fan","Mango","Replay:Mystery Machine","MealTicket"],"acts_visited":["Exordium","TheCity","TheBeyond"],"potions_floor_usage":[16,16,21,22,24,36,45,50],"damage_taken":[{"damage":0.0,"enemies":"Jaw Worm","floor":1.0,"turns":4.0},{"damage":0.0,"enemies":"Cultist","floor":2.0,"turns":5.0},{"damage":0.0,"enemies":"2 Louse","floor":4.0,"turns":3.0},{"damage":5.0,"enemies":"Exordium Thugs","floor":5.0,"turns":5.0},{"damage":0.0,"enemies":"Red Slaver","floor":8.0,"turns":4.0},{"damage":0.0,"enemies":"Looter","floor":10.0,"turns":4.0},{"damage":10.0,"enemies":"3 Sentries","floor":11.0,"turns":8.0},{"damage":0,"enemies":"Large Slime","floor":14,"turns":5},{"damage":0,"enemies":"Hexaghost","floor":16,"turns":9},{"damage":34,"enemies":"Chosen","floor":18,"turns":6},{"damage":0,"enemies":"Spheric Guardian","floor":19,"turns":3},{"damage":5,"enemies":"3 Cultists","floor":21,"turns":4},{"damage":0,"enemies":"Cultist and Chosen","floor":22,"turns":4},{"damage":13,"enemies":"Snake Plant","floor":24,"turns":4},{"damage":23,"enemies":"Centurion and Healer","floor":25,"turns":5},{"damage":24,"enemies":"Collector","floor":33,"turns":8},{"damage":12,"enemies":"3 Darklings","floor":35,"turns":4},{"damage":42,"enemies":"2 Orb Walkers","floor":36,"turns":6},{"damage":7,"enemies":"Orb Walker","floor":41,"turns":4},{"damage":14,"enemies":"Writhing Mass","floor":42,"turns":5},{"damage":6,"enemies":"Jaw Worm Horde","floor":45,"turns":4},{"damage":17,"enemies":"4 Shapes","floor":48,"turns":4},{"damage":23,"enemies":"Awakened One","floor":50,"turns":11}],"seed_played":"-1586518435704764643","potions_obtained":[{"floor":2.0,"key":"FairyPotion"},{"floor":4.0,"key":"construct:ShiftPotion"},{"floor":10.0,"key":"Languid Potion"},{"floor":14,"key":"Strength Potion"},{"floor":16,"key":"Elixir"},{"floor":19,"key":"Adrenaline Potion"},{"floor":22,"key":"Fruit Juice"},{"floor":25,"key":"FearPotion"},{"floor":33,"key":"GamblersBrew"},{"floor":36,"key":"Explosive Potion"},{"floor":48,"key":"Block Potion"}],"is_trial":false,"path_per_floor":["M","M","$","M","M","R","?","M","T","M","E","R","$","M","R","B",null,"M","M","$","M","M","R","M","M","T","R","?","?","R","T","R","B",null,"M","?","?","$","?","R","M","M","T","R","M","R","T","M","R","B",null],"character_chosen":"ASTROLOGER","items_purchased":["astrologer:CosmicExpanse"],"campfire_rested":5,"item_purchase_floors":[20],"current_hp_per_floor":[70,70,70,70,65,65,65,65,65,65,55,55,55,55,55,55,70,36,36,36,31,31,52,44,21,21,21,21,28,50,50,50,26,75,63,35,35,35,24,50,43,29,29,55,49,49,49,32,58,35],"gold":154,"neow_bonus":"REMOVE_CARD","is_daily":false,"chose_seed":false,"campfire_upgraded":6,"win_rate":0.0,"timestamp":1611203299,"path_taken":["M","M","$","M","M","R","?","M","T","M","E","R","$","M","R","BOSS","M","M","$","?","M","R","M","M","T","R","?","?","R","?","R","BOSS","M","?","?","$","?","R","M","M","T","R","M","R","?","?","R","BOSS"],"items_purchased_type":["Card"],"build_version":"2020-12-22","purchased_purges":4,"victory":true,"max_hp_per_floor":[70,70,70,70,70,70,70,70,70,70,70,70,70,70,70,70,70,70,70,70,70,70,70,75,75,75,75,75,75,75,75,75,75,75,75,89,89,89,89,89,89,89,89,89,89,89,89,89,89,89],"relic_stats":{"counters":[23,119],"Ornamental Fan":[0],"Tiny Chest":2,"MealTicket":0,"obtain_stats":[{"construct:WeddingRing":17,"Ornamental Fan":31,"Tiny Chest":11,"Mango":36,"MealTicket":47,"astrologer:SkyMirror":0,"Replay:Wax Seal":9,"Replay:Mystery Machine":43,"Pet Ghost":26},{"construct:WeddingRing":9,"Ornamental Fan":15,"Tiny Chest":7,"Mango":18,"MealTicket":21,"astrologer:SkyMirror":0,"Replay:Wax Seal":5,"Replay:Mystery Machine":20,"Pet Ghost":15},{"construct:WeddingRing":47,"Ornamental Fan":73,"Tiny Chest":33,"Mango":91,"MealTicket":104,"astrologer:SkyMirror":0,"Replay:Wax Seal":21,"Replay:Mystery Machine":100,"Pet Ghost":73}]},"card_choices":[{"not_picked":["astrologer:Eclipse","astrologer:TheDevil"],"picked":"astrologer:FrozenStar","floor":1.0},{"not_picked":["astrologer:CrystalBall","astrologer:Quincunx"],"picked":"astrologer:ShootingStar","floor":2.0},{"not_picked":["astrologer:Conjunction","astrologer:Moonlight"],"picked":"astrologer:StarOfMisfortune","floor":4.0},{"not_picked":["astrologer:Sunrise","astrologer:Shine"],"picked":"astrologer:SolarFlare","floor":5.0},{"not_picked":["astrologer:SpaceDust","astrologer:FrozenStar","astrologer:MeteorShower"],"picked":"SKIP","floor":8.0},{"not_picked":["astrologer:Eclipse","astrologer:MeteorShower"],"picked":"astrologer:Confirmation","floor":10.0},{"not_picked":["astrologer:SpaceDust","astrologer:MeteorShower"],"picked":"astrologer:Justice","floor":11.0},{"not_picked":["astrologer:TheEmpress","astrologer:SpaceDust"],"picked":"astrologer:Stardust","floor":14},{"not_picked":["astrologer:Death","astrologer:RejectReality"],"picked":"astrologer:Nova","floor":16},{"not_picked":["astrologer:Opposition","astrologer:Cataclysm"],"picked":"astrologer:Moonlight+1","floor":18},{"not_picked":["astrologer:Still","astrologer:TheTower+1"],"picked":"astrologer:Stardust+1","floor":19},{"not_picked":["astrologer:Justice","astrologer:Conjunction"],"picked":"astrologer:ShootingStar+1","floor":21},{"not_picked":["astrologer:Opposition+1","astrologer:TheWorld","astrologer:Conjunction+1"],"picked":"SKIP","floor":22},{"not_picked":["astrologer:SpaceDust+1","astrologer:FrozenStar+1"],"picked":"astrologer:FadingStar","floor":24},{"not_picked":["astrologer:Still","astrologer:DarkMatter","astrologer:Eclipse"],"picked":"SKIP","floor":25},{"not_picked":["astrologer:Premonition","astrologer:Starfield"],"picked":"astrologer:Alignment","floor":33},{"not_picked":["astrologer:Opposition","astrologer:StarOfRegret"],"picked":"astrologer:SolarFlare","floor":35},{"not_picked":["astrologer:ReadTheStars","astrologer:Stardust+1","astrologer:TheHangedMan"],"picked":"SKIP","floor":41},{"not_picked":["astrologer:Eclipse+1","astrologer:Radiance+1","astrologer:SolarFlare+1"],"picked":"SKIP","floor":42},{"not_picked":["astrologer:Still","astrologer:Temperance","astrologer:Conjunction+1"],"picked":"SKIP","floor":45},{"not_picked":["astrologer:DarkMatter","astrologer:Stardust+1"],"picked":"astrologer:GlassStar+1","floor":48}],"player_experience":751832,"relics_obtained":[{"floor":9.0,"key":"Replay:Wax Seal"},{"floor":11.0,"key":"Tiny Chest"},{"floor":26,"key":"Pet Ghost"},{"floor":31,"key":"Ornamental Fan"},{"floor":36,"key":"Mango"},{"floor":43,"key":"Replay:Mystery Machine"},{"floor":47,"key":"MealTicket"}],"event_choices":[{"damage_healed":0.0,"max_hp_gain":0.0,"max_hp_loss":0.0,"gold_gain":0.0,"event_name":"Upgrade Shrine","player_choice":"Upgraded","floor":7.0,"gold_loss":0.0,"damage_taken":0.0,"cards_upgraded":["astrologer:NorthStar"]},{"cards_removed":["astrologer:Defend"],"damage_healed":0,"gold_gain":0,"player_choice":"Elegance","damage_taken":0,"max_hp_gain":0,"max_hp_loss":0,"event_name":"Back to Basics","floor":28,"gold_loss":0},{"damage_healed":0,"gold_gain":0,"player_choice":"Fight","damage_taken":0,"max_hp_gain":0,"max_hp_loss":0,"event_name":"Mysterious Sphere","floor":36,"gold_loss":0},{"damage_healed":0,"gold_gain":0,"player_choice":"Ignored","damage_taken":0,"max_hp_gain":0,"max_hp_loss":0,"event_name":"Tomb of Lord Red Mask","floor":37,"gold_loss":0},{"damage_healed":0,"gold_gain":0,"player_choice":"Embrace Madness","damage_taken":11,"max_hp_gain":0,"max_hp_loss":0,"event_name":"Winding Halls","floor":39,"gold_loss":0,"cards_obtained":["Madness","Madness"]}],"is_beta":false,"boss_relics":[{"not_picked":["vexMod:NewClearReactor","ReplayTheSpireMod:DimensionalGlitch"],"picked":"construct:WeddingRing"},{"not_picked":["Astrolabe","Abe\u0027s Treasure","vexMod:EndlessSickness"]}],"items_purged_floors":[3,13,20,38],"is_endless":false,"potions_floor_spawned":[2,4,10,14,16,19,22,25,33,36,41,48],"ascension_level":2}}