{"host":"ndpbn7fqb3wjbd7p","time":1611268129,"event":{"mods":["AchievementEnabler","Act Like it!","AlwaysNeverKeys","BaseMod","Better Vampires","Block Reminder","Colored Powertips","DeckTracker","Defuse TimeMaze Blight","Friendly Minions","Hallownest","Hermit","Highlight Path","MarisaÅiñ∂âJÅ@ñÇóùçπÅj","Minty Spire (QoL Compilation)","Permanent Neow","Shade Mod","StSLib","SuperFastMode","Synergy Search","The Mystic","Unceasing Turn Reminder","egg"],"gold_per_floor":[119,44,44,44,58,58,77,2,50,50,50,50,67,81,81,154,154,173,33,43,60,77,111,111,111,111,130,130,147,147,182,182,258,308,324,199,212,152,168,18,28,28,28,28,40,40,40,72,72,72],"floor_reached":51,"language":"ENG","playtime":3179,"items_purged":["Strike_G","Defend_G","Strike_G+1","Defend_G"],"score":1668,"play_id":"4f6e13b9-29e7-4461-8d9e-95b7a308bc75","local_time":"20210121232849","is_ascension_mode":true,"campfire_choices":[{"data":"Reflex","floor":6,"key":"SMITH"},{"data":"Neutralize","floor":10,"key":"SMITH"},{"data":"Endless Agony","floor":15,"key":"SMITH"},{"data":"Tactician","floor":25,"key":"SMITH"},{"data":"Acrobatics","floor":30,"key":"SMITH"},{"data":"Acrobatics","floor":32,"key":"SMITH"},{"data":"Expertise","floor":42,"key":"SMITH"},{"data":"A Thousand Cuts","floor":44,"key":"SMITH"},{"data":"Terror","floor":46,"key":"SMITH"},{"data":"Storm of Steel","floor":49,"key":"SMITH"}],"circlet_count":0,"master_deck":["AscendersBane","Survivor+1","Neutralize+1","Reflex+1","Endless Agony+1","Terror+1","Underhanded Strike","Acrobatics+1","Adrenaline+1","Tactician+1","Backflip+1","Escape Plan+1","Heel Hook","Tactician+1","Acrobatics+1","Expertise+1","Storm of Steel+1","A Thousand Cuts+1","Escape Plan+1"],"relics":["Ring of the Snake","Nunchaku","Astrolabe","Girya","Blue Candle","Ancient Tea Set","Tiny House","Meat on the Bone","Gremlin Horn","StrikeDummy"],"acts_visited":["Exordium","TheCity","TheCity"],"potions_floor_usage":[14,16,20,33,33,50],"damage_taken":[{"damage":2,"enemies":"Jaw Worm","floor":1,"turns":5},{"damage":0,"enemies":"Small Slimes","floor":5,"turns":4},{"damage":0,"enemies":"2 Louse","floor":7,"turns":3},{"damage":0,"enemies":"2 Fungi Beasts","floor":13,"turns":3},{"damage":0,"enemies":"Exordium Wildlife","floor":14,"turns":2},{"damage":10,"enemies":"Hexaghost","floor":16,"turns":8},{"damage":0,"enemies":"2 Thieves","floor":18,"turns":4},{"damage":0,"enemies":"Spheric Guardian","floor":20,"turns":3},{"damage":0,"enemies":"Centurion and Healer","floor":21,"turns":4},{"damage":1,"enemies":"Shelled Parasite and Fungi","floor":22,"turns":4},{"damage":0,"enemies":"Gremlin Leader","floor":23,"turns":2},{"damage":1,"enemies":"Cultist and Chosen","floor":27,"turns":1},{"damage":1,"enemies":"Snake Plant","floor":29,"turns":1},{"damage":0,"enemies":"Book of Stabbing","floor":31,"turns":1},{"damage":1,"enemies":"Collector","floor":33,"turns":1},{"damage":19,"enemies":"Hallownest:2_Littles","floor":35,"turns":4},{"damage":1,"enemies":"Hallownest:Shield_Heavy","floor":37,"turns":1},{"damage":1,"enemies":"Hallownest:Shield_Sturdy","floor":39,"turns":1},{"damage":1,"enemies":"Hallownest:Slobbering_and_Violent","floor":41,"turns":2},{"damage":0,"enemies":"Hallownest:2_Wandering_and_1_Horned","floor":45,"turns":2},{"damage":1,"enemies":"Hallownest:StalkingDevout","floor":48,"turns":1},{"damage":1,"enemies":"Hallownest:Radiance","floor":50,"turns":1}],"seed_played":"833100041283109923","potions_obtained":[{"floor":7,"key":"LiquidMemories"},{"floor":13,"key":"ColorlessPotion"},{"floor":16,"key":"Dexterity Potion"},{"floor":18,"key":"GamblersBrew"},{"floor":20,"key":"Dexterity Potion"},{"floor":27,"key":"Strength Potion"},{"floor":33,"key":"EssenceOfSteel"},{"floor":34,"key":"FairyPotion"},{"floor":39,"key":"Energy Potion"},{"floor":45,"key":"LiquidMemories"}],"is_trial":false,"path_per_floor":["M","?","?","?","M","R","M","$","T","R","$","?","M","M","R","B",null,"M","$","M","M","M","E","$","R","T","M","?","M","R","E","R","B",null,"M","$","M","?","M","$","M","R","T","R","M","R","$","E","R","B",null],"character_chosen":"THE_SILENT","items_purchased":["Tactician"],"campfire_rested":0,"item_purchase_floors":[19],"current_hp_per_floor":[57,57,57,57,57,57,57,57,57,57,57,37,37,37,37,27,56,56,56,56,56,55,55,55,55,55,54,54,53,53,53,53,52,68,49,49,48,48,47,47,46,46,46,46,46,46,46,45,45,44],"gold":72,"neow_bonus":"THREE_CARDS","is_daily":false,"chose_seed":false,"campfire_upgraded":10,"win_rate":0.0,"timestamp":1611268129,"path_taken":["M","?","?","?","M","R","M","$","T","R","?","?","M","M","R","BOSS","M","$","M","M","M","E","$","R","T","M","?","M","R","E","R","BOSS","M","$","M","?","M","$","M","R","T","R","?","R","$","E","R","BOSS"],"items_purchased_type":["Card"],"build_version":"2020-12-22","purchased_purges":4,"victory":true,"max_hp_per_floor":[66,66,66,66,66,66,66,66,66,66,66,66,66,66,66,66,66,66,66,66,66,66,66,66,66,66,66,66,66,66,66,66,66,71,71,71,71,71,71,71,71,71,71,71,71,71,71,71,71,71],"card_choices":[{"not_picked":["Backstab","Deadly Poison"],"picked":"Reflex","floor":0},{"not_picked":["Dagger Spray","Flechettes"],"picked":"Endless Agony","floor":1},{"not_picked":["Deadly Poison","Outmaneuver"],"picked":"Terror","floor":5},{"not_picked":["Accuracy","Blade Dance"],"picked":"Underhanded Strike","floor":7},{"not_picked":["Blade Dance","Blur"],"picked":"Acrobatics","floor":13},{"not_picked":["Predator","Skewer","Caltrops"],"picked":"SKIP","floor":14},{"not_picked":["Doppelganger","Corpse Explosion"],"picked":"Adrenaline","floor":16},{"not_picked":["Flechettes","Bane"],"picked":"Heel Hook","floor":18},{"not_picked":["Dodge and Roll","Leg Sweep","Backflip"],"picked":"SKIP","floor":20},{"not_picked":["PiercingWail","Flying Knee","Deflect"],"picked":"SKIP","floor":21},{"not_picked":["Footwork","Slice"],"picked":"Acrobatics","floor":22},{"not_picked":["Backflip","Dagger Spray"],"picked":"Expertise","floor":23},{"not_picked":["Skewer","Predator+1","Bane"],"picked":"SKIP","floor":27},{"not_picked":["Expertise","Wraith Form v2","Infinite Blades"],"picked":"SKIP","floor":29},{"not_picked":["Backflip","Accuracy","Malaise"],"picked":"SKIP","floor":31},{"not_picked":["After Image","Grand Finale"],"picked":"Storm of Steel","floor":33},{"not_picked":["Underhanded Strike","Deadly Poison+1","Dagger Throw"],"picked":"SKIP","floor":35},{"not_picked":["Poisoned Stab","Infinite Blades","Distraction+1"],"picked":"SKIP","floor":37},{"not_picked":["Expertise+1","Leg Sweep+1","Dodge and Roll"],"picked":"SKIP","floor":39},{"not_picked":["Bane","PiercingWail"],"picked":"A Thousand Cuts","floor":41},{"not_picked":["Dagger Throw+1","Blade Dance","Poisoned Stab"],"picked":"SKIP","floor":45},{"not_picked":["Backstab+1","Dagger Throw"],"picked":"Escape Plan+1","floor":48}],"player_experience":1172893,"relics_obtained":[{"floor":9,"key":"Nunchaku"},{"floor":23,"key":"Girya"},{"floor":26,"key":"Blue Candle"},{"floor":31,"key":"Ancient Tea Set"},{"floor":43,"key":"Gremlin Horn"},{"floor":48,"key":"StrikeDummy"}],"event_choices":[{"cards_removed":["Strike_G"],"damage_healed":0,"gold_gain":0,"player_choice":"Card Removal","damage_taken":0,"max_hp_gain":0,"max_hp_loss":0,"event_name":"The Cleric","floor":2,"gold_loss":75},{"cards_removed":["Defend_G"],"damage_healed":0,"gold_gain":0,"player_choice":"Forget","damage_taken":0,"max_hp_gain":0,"max_hp_loss":0,"event_name":"Living Wall","floor":3,"gold_loss":0},{"damage_healed":0,"gold_gain":0,"player_choice":"Ignored","damage_taken":0,"max_hp_gain":0,"max_hp_loss":0,"event_name":"Liars Game","floor":4,"gold_loss":0},{"damage_healed":0,"gold_gain":0,"player_choice":"Entered Light","damage_taken":20,"max_hp_gain":0,"max_hp_loss":0,"event_name":"Shining Light","floor":12,"gold_loss":0,"cards_upgraded":["Strike_G","Survivor"]},{"cards_removed":["Defend_G"],"damage_healed":0,"gold_gain":0,"player_choice":"Elegance","damage_taken":0,"max_hp_gain":0,"max_hp_loss":0,"event_name":"Back to Basics","floor":28,"gold_loss":0}],"is_beta":false,"boss_relics":[{"not_picked":["Runic Dome","Snecko Eye"],"picked":"Astrolabe"},{"not_picked":["Runic Pyramid","Busted Crown"],"picked":"Tiny House"}],"items_purged_floors":[8,19,36,40],"is_endless":false,"potions_floor_spawned":[7,13,16,18,20,22,27,33,39,45],"ascension_level":19}}