{"host":"tq99ucv8ezzqzioe","time":1611270236,"event":{"mods":["BaseMod","Colored Map","Downfall","Highlight Path","Minty Spire (QoL Compilation)","StSLib"],"gold_per_floor":[214,214,214,226,29,29,60,135,184,195,209,241,257,257,257,359,359,379,379,0,17,30,30,65,77,77,77,77,105,105,5,5,102,102,114,114,131,0,13,13,46,46,127,159,179,195,205,80,80,80,80,80,80,105,105],"floor_reached":56,"language":"ENG","playtime":12648,"items_purged":["Strike_R","Strike_R","Defend_R"],"score":1556,"play_id":"84ac4fd6-f0c6-4cda-9d4f-888b4500192e","local_time":"20210121180356","is_ascension_mode":true,"campfire_choices":[{"data":"Bash","floor":6,"key":"SMITH"},{"data":"True Grit","floor":15,"key":"SMITH"},{"floor":23,"key":"RECALL"},{"data":"True Grit","floor":27,"key":"SMITH"},{"data":"True Grit","floor":30,"key":"SMITH"},{"data":"Body Slam","floor":32,"key":"SMITH"},{"data":"Barricade","floor":40,"key":"SMITH"},{"data":"Shrug It Off","floor":42,"key":"SMITH"},{"data":"Juggernaut","floor":49,"key":"SMITH"},{"data":"Whirlwind","floor":52,"key":"SMITH"}],"circlet_count":0,"master_deck":["Strike_R+1","Strike_R+1","Defend_R","Defend_R","Defend_R","Bash+1","Battle Trance","Pommel Strike+1","True Grit+1","Mayhem","Juggernaut+1","True Grit+1","Disarm","True Grit+1","Inflame","Feed","Body Slam+1","Shrug It Off+1","Power Through+1","Body Slam+1","Impervious","Metallicize","Barricade+1","Whirlwind+1","Shrug It Off+1","Body Slam+1","Body Slam+1","Ghostly Armor+1","Entrench+1"],"relics":["Burning Blood","Eternal Feather","Ice Cream","Omamori","Sozu","Pen Nib","Orrery","Kunai","Letter Opener","Pocketwatch","SlaversCollar","Red Mask","Red Skull","Shuriken","Molten Egg 2","Strawberry"],"acts_visited":["Exordium","TheCity","TheBeyond","TheEnding"],"potions_floor_usage":[12,12,25],"damage_taken":[{"damage":0,"enemies":"Small Slimes","floor":1,"turns":6},{"damage":4,"enemies":"2 Louse","floor":4,"turns":3},{"damage":29,"enemies":"Gremlin Nob","floor":7,"turns":5},{"damage":9,"enemies":"Jaw Worm","floor":10,"turns":4},{"damage":8,"enemies":"2 Fungi Beasts","floor":11,"turns":3},{"damage":19,"enemies":"3 Sentries","floor":12,"turns":7},{"damage":4,"enemies":"Exordium Wildlife","floor":13,"turns":4},{"damage":3,"enemies":"Hexaghost","floor":16,"turns":11},{"damage":18,"enemies":"3 Byrds","floor":18,"turns":6},{"damage":21,"enemies":"Shell Parasite","floor":21,"turns":6},{"damage":9,"enemies":"Shelled Parasite and Fungi","floor":22,"turns":5},{"damage":6,"enemies":"Book of Stabbing","floor":24,"turns":6},{"damage":2,"enemies":"3 Cultists","floor":25,"turns":5},{"damage":3,"enemies":"Gremlin Leader","floor":29,"turns":8},{"damage":0,"enemies":"Automaton","floor":33,"turns":7},{"damage":9,"enemies":"3 Darklings","floor":35,"turns":8},{"damage":5,"enemies":"3 Shapes","floor":37,"turns":5},{"damage":0,"enemies":"3 Darklings","floor":39,"turns":6},{"damage":6,"enemies":"Nemesis","floor":41,"turns":5},{"damage":13,"enemies":"Reptomancer","floor":44,"turns":7},{"damage":3,"enemies":"4 Shapes","floor":45,"turns":4},{"damage":12,"enemies":"Writhing Mass","floor":46,"turns":3},{"damage":15,"enemies":"Jaw Worm Horde","floor":47,"turns":4},{"damage":13,"enemies":"Donu and Deca","floor":50,"turns":7},{"damage":8,"enemies":"Shield and Spear","floor":54,"turns":5},{"damage":54,"enemies":"The Heart","floor":55,"turns":8}],"seed_played":"742030075515742704","potions_obtained":[{"floor":1,"key":"PowerPotion"},{"floor":7,"key":"DuplicationPotion"},{"floor":13,"key":"Energy Potion"}],"is_trial":false,"path_per_floor":["M","?","?","M","$","R","E","?","T","M","M","E","M","?","R","B",null,"M","?","$","M","M","R","E","M","T","R","?","E","R","$","R","B",null,"M","?","M","?","M","R","E","R","T","E","M","M","M","$","R","B",null,"R","$","E","B",null],"character_chosen":"IRONCLAD","items_purchased":["True Grit","Mayhem","Pen Nib","Orrery"],"campfire_rested":0,"item_purchase_floors":[5,5,20,20],"current_hp_per_floor":[80,64,52,54,54,60,37,26,26,23,21,8,10,10,19,22,66,57,57,57,42,42,57,57,61,61,76,76,79,86,86,86,86,86,83,83,84,84,86,86,86,86,86,79,85,79,70,70,85,78,86,89,89,94,46],"gold":105,"neow_bonus":"HUNDRED_GOLD","is_daily":false,"chose_seed":false,"campfire_upgraded":9,"win_rate":0.0,"timestamp":1611270236,"path_taken":["M","?","?","M","?","R","E","?","T","?","M","E","M","?","R","BOSS","M","?","$","?","M","R","E","M","T","R","?","E","R","?","R","BOSS","M","?","M","?","M","R","E","R","T","E","M","M","M","?","R","BOSS","R","$","E","BOSS"],"items_purchased_type":["Card","Card","Relic","Relic"],"build_version":"2020-12-22","purchased_purges":3,"victory":true,"max_hp_per_floor":[80,80,80,80,80,80,80,80,80,80,80,80,80,80,80,80,80,83,83,83,83,86,86,86,86,86,86,86,86,86,86,86,86,86,86,86,86,86,86,86,86,86,86,86,89,89,89,89,89,89,89,89,89,96,96],"card_choices":[{"not_picked":["Reckless Charge","Wild Strike"],"picked":"Battle Trance","floor":1},{"not_picked":["Perfected Strike","Thunderclap"],"picked":"Pommel Strike","floor":4},{"not_picked":["Entrench","True Grit"],"picked":"Juggernaut","floor":7},{"not_picked":["Clothesline","Metallicize"],"picked":"True Grit","floor":10},{"not_picked":["Dark Embrace","Headbutt"],"picked":"Disarm","floor":11},{"not_picked":["Dark Embrace","Bloodletting"],"picked":"True Grit","floor":12},{"not_picked":["Evolve","Clash"],"picked":"Inflame","floor":13},{"not_picked":["Berserk","Corruption"],"picked":"Feed","floor":16},{"not_picked":["Thunderclap+1","Anger+1"],"picked":"Body Slam+1","floor":18},{"not_picked":["Wild Strike+1","Cleave"],"picked":"Pommel Strike+1","floor":20},{"not_picked":["Power Through","Searing Blow+1"],"picked":"Shrug It Off+1","floor":20},{"not_picked":["Disarm+1","Feel No Pain+1"],"picked":"Power Through+1","floor":20},{"not_picked":["Combust","Heavy Blade"],"picked":"Body Slam","floor":20},{"not_picked":["Pummel+1","Fire Breathing"],"picked":"Impervious","floor":21},{"not_picked":["Sword Boomerang","Clothesline"],"picked":"Metallicize","floor":22},{"not_picked":["Headbutt","Thunderclap+1","Bludgeon"],"picked":"SKIP","floor":24},{"not_picked":["Shockwave+1","Body Slam","Battle Trance"],"picked":"SKIP","floor":25},{"not_picked":["Second Wind","Armaments+1","Dropkick"],"picked":"SKIP","floor":29},{"not_picked":["Offering","Bludgeon"],"picked":"Barricade","floor":33},{"not_picked":["Twin Strike","Iron Wave"],"picked":"Whirlwind","floor":35},{"not_picked":["Havoc","Dual Wield+1"],"picked":"Shrug It Off","floor":37},{"not_picked":["Pommel Strike+1","Burning Pact+1"],"picked":"Body Slam+1","floor":39},{"not_picked":["Second Wind+1","Cleave+1"],"picked":"Body Slam+1","floor":41},{"not_picked":["Spot Weakness+1","Evolve+1"],"picked":"Ghostly Armor+1","floor":44},{"not_picked":["Pommel Strike+1","Corruption","Sword Boomerang+1"],"picked":"SKIP","floor":45},{"not_picked":["Body Slam+1","Havoc","True Grit+1"],"picked":"SKIP","floor":46},{"not_picked":["Shrug It Off+1","Sword Boomerang+1"],"picked":"Entrench+1","floor":47},{"not_picked":["Double Tap","Demon Form","Thunderclap+1"],"picked":"SKIP","floor":54}],"player_experience":717206,"relics_obtained":[{"floor":7,"key":"Ice Cream"},{"floor":12,"key":"Omamori"},{"floor":24,"key":"Kunai"},{"floor":26,"key":"Letter Opener"},{"floor":29,"key":"Pocketwatch"},{"floor":41,"key":"Red Skull"},{"floor":43,"key":"Shuriken"},{"floor":44,"key":"Molten Egg 2"},{"floor":54,"key":"Strawberry"}],"event_choices":[{"damage_healed":0,"gold_gain":0,"player_choice":"Entered Light","damage_taken":16,"max_hp_gain":0,"max_hp_loss":0,"event_name":"Shining Light","floor":2,"gold_loss":0,"cards_upgraded":["Strike_R","Strike_R"]},{"damage_healed":0,"gold_gain":0,"player_choice":"Success","damage_taken":12,"relics_obtained":["Eternal Feather"],"max_hp_gain":0,"max_hp_loss":0,"event_name":"Scrap Ooze","floor":3,"gold_loss":0},{"damage_healed":0,"gold_gain":75,"player_choice":"Gather Gold","damage_taken":11,"max_hp_gain":0,"max_hp_loss":0,"event_name":"World of Goop","floor":8,"gold_loss":0},{"damage_healed":0,"gold_gain":0,"player_choice":"Upgraded","damage_taken":0,"max_hp_gain":0,"max_hp_loss":0,"event_name":"Upgrade Shrine","floor":14,"gold_loss":0,"cards_upgraded":["Pommel Strike"]},{"damage_healed":0,"gold_gain":0,"player_choice":"Cursed","damage_taken":0,"max_hp_gain":0,"max_hp_loss":0,"event_name":"Wheel of Change","floor":19,"gold_loss":0,"cards_obtained":["Decay"]},{"cards_removed":["Strike_R"],"damage_healed":0,"gold_gain":0,"player_choice":"Purged","damage_taken":0,"max_hp_gain":0,"max_hp_loss":0,"event_name":"Purifier","floor":28,"gold_loss":0},{"cards_removed":["Pommel Strike"],"damage_healed":0,"gold_gain":0,"player_choice":"Removed Attack","damage_taken":0,"max_hp_gain":0,"max_hp_loss":0,"event_name":"Falling","floor":36,"gold_loss":0},{"damage_healed":0,"gold_gain":0,"player_choice":"Paid","damage_taken":0,"relics_obtained":["Red Mask"],"max_hp_gain":0,"max_hp_loss":0,"event_name":"Tomb of Lord Red Mask","floor":38,"gold_loss":131}],"is_beta":false,"boss_relics":[{"not_picked":["Black Star","bronze:MakeshiftBattery"],"picked":"Sozu"},{"not_picked":["Busted Crown","Calling Bell"],"picked":"SlaversCollar"}],"items_purged_floors":[20,31,48],"is_endless":false,"potions_floor_spawned":[1,7,13,24,25,29,33,39,41,47,54],"ascension_level":5}}