{"host":"utcbn1j9ebmpc40m","time":1611247797,"event":{"mods":["BaseMod","Better Altar","Better Match","GifTheSpireLib","Minty Spire (QoL Compilation)","Poor People Problems","StSLib","SuperFastMode","The IronCluck","The Servant 0.9.4"],"gold_per_floor":[109,89,104,117,127,127,1,1,24,38,14,14,42,54,54,153,153,166,91,91,190,209,209,159,159,159,159,172,182,182,182,182],"floor_reached":31,"language":"ENG","playtime":595,"items_purged":["Strike_G"],"score":235,"play_id":"42b9f12a-ac97-4e45-89c4-e9d6461c5fb3","local_time":"20210121114957","is_ascension_mode":false,"campfire_choices":[{"data":"Catalyst","floor":6,"key":"SMITH"},{"floor":12,"key":"REST"},{"floor":15,"key":"REST"},{"floor":23,"key":"REST"},{"floor":25,"key":"REST"},{"data":"Noxious Fumes","floor":27,"key":"SMITH"}],"circlet_count":0,"master_deck":["Strike_G","Strike_G","Strike_G","Strike_G","Defend_G","Defend_G","Defend_G","Defend_G","Defend_G","Survivor","Neutralize","Deadly Poison","Noxious Fumes+1","Catalyst+1","Catalyst+1","Bane","Unload","Bane","Dodge and Roll","Dagger Spray","Envenom","Slice+1","Finisher+1","Calculated Gamble+1","Adrenaline+1"],"relics":["Ring of the Snake","Bronze Scales","Lantern","Runic Pyramid","Toxic Egg 2"],"acts_visited":["Exordium","TheCity"],"potions_floor_usage":[5,13,16,16],"damage_taken":[{"damage":3,"enemies":"Jaw Worm","floor":1,"turns":4},{"damage":6,"enemies":"Cultist","floor":3,"turns":4},{"damage":2,"enemies":"2 Louse","floor":4,"turns":4},{"damage":0,"enemies":"Looter","floor":5,"turns":3},{"damage":11,"enemies":"2 Fungi Beasts","floor":10,"turns":3},{"damage":19,"enemies":"3 Sentries","floor":13,"turns":6},{"damage":27,"enemies":"Gremlin Gang","floor":14,"turns":5},{"damage":12,"enemies":"The Guardian","floor":16,"turns":7},{"damage":11,"enemies":"2 Thieves","floor":18,"turns":4},{"damage":29,"enemies":"Spheric Guardian","floor":22,"turns":5},{"damage":32,"enemies":"Snake Plant","floor":28,"turns":4},{"damage":16,"enemies":"Cultist and Chosen","floor":29,"turns":6},{"damage":15,"enemies":"Sentry and Sphere","floor":31,"turns":4}],"seed_played":"-120000198102324518","potions_obtained":[{"floor":1,"key":"LiquidBronze"},{"floor":2,"key":"Dexterity Potion"},{"floor":3,"key":"AttackPotion"},{"floor":14,"key":"AttackPotion"},{"floor":28,"key":"Weak Potion"},{"floor":29,"key":"SkillPotion"}],"is_trial":false,"path_per_floor":["M","?","M","M","M","R","$","?","T","M","$","R","E","M","R","B",null,"M","$","?","?","M","R","?","R","T","R","M","M","?","M"],"character_chosen":"THE_SILENT","items_purchased":["Catalyst","Bane","Bane"],"campfire_rested":4,"item_purchase_floors":[7,7,11],"current_hp_per_floor":[67,67,61,59,59,59,59,59,59,48,48,69,50,23,44,32,70,59,59,59,59,30,51,51,70,70,70,38,22,15,0,0],"gold":182,"neow_bonus":"THREE_CARDS","is_daily":false,"chose_seed":false,"campfire_upgraded":2,"win_rate":0.0,"timestamp":1611247797,"path_taken":["M","?","M","M","?","R","$","?","T","M","$","R","E","M","R","BOSS","M","$","?","?","M","R","?","R","T","R","?","M","?","?"],"items_purchased_type":["Card","Card","Card"],"build_version":"2020-12-22","purchased_purges":1,"victory":false,"max_hp_per_floor":[70,70,70,70,70,70,70,70,70,70,70,70,70,70,70,70,70,70,70,70,70,70,70,70,70,70,70,70,70,70,70,70],"card_choices":[{"not_picked":["Deflect","Backflip"],"picked":"Deadly Poison","floor":0},{"not_picked":["Deflect","Slice"],"picked":"Noxious Fumes","floor":1},{"not_picked":["Predator","Quick Slash","Underhanded Strike"],"picked":"SKIP","floor":3},{"not_picked":["Flying Knee","Quick Slash","Acrobatics"],"picked":"SKIP","floor":4},{"not_picked":["Riddle With Holes","Well Laid Plans"],"picked":"Catalyst","floor":5},{"not_picked":["Blade Dance","Outmaneuver"],"picked":"Unload","floor":10},{"not_picked":["Outmaneuver","Escape Plan"],"picked":"Dodge and Roll","floor":13},{"not_picked":["Deadly Poison","Underhanded Strike"],"picked":"Dagger Spray","floor":14},{"not_picked":["Doppelganger","Grand Finale"],"picked":"Envenom","floor":16},{"not_picked":["Blade Dance","Sucker Punch"],"picked":"Slice+1","floor":18},{"not_picked":["Distraction","Flying Knee+1"],"picked":"Finisher+1","floor":22},{"not_picked":["All Out Attack","Dodge and Roll+1"],"picked":"Calculated Gamble+1","floor":28},{"not_picked":["Prepared+1","Leg Sweep+1"],"picked":"Adrenaline+1","floor":29}],"player_experience":505536,"relics_obtained":[{"floor":9,"key":"Bronze Scales"},{"floor":13,"key":"Lantern"},{"floor":26,"key":"Toxic Egg 2"}],"event_choices":[{"damage_healed":0,"gold_gain":0,"player_choice":"Bought 1 Potion","damage_taken":0,"max_hp_gain":0,"max_hp_loss":0,"event_name":"The Woman in Blue","floor":2,"gold_loss":0},{"damage_healed":0,"gold_gain":0,"player_choice":"Grow","damage_taken":0,"max_hp_gain":0,"max_hp_loss":0,"event_name":"Living Wall","floor":8,"gold_loss":0,"cards_upgraded":["Catalyst"]},{"damage_healed":0,"gold_gain":0,"player_choice":"Ignored","damage_taken":0,"max_hp_gain":0,"max_hp_loss":0,"event_name":"Ghosts","floor":20,"gold_loss":0},{"damage_healed":0,"gold_gain":99,"player_choice":"Stole From Cult","damage_taken":0,"max_hp_gain":0,"max_hp_loss":0,"event_name":"Nest","floor":21,"gold_loss":0},{"damage_healed":0,"gold_gain":0,"player_choice":"Bet on Murderer","damage_taken":0,"max_hp_gain":0,"max_hp_loss":0,"event_name":"The Joust","floor":24,"gold_loss":50},{"damage_healed":0,"gold_gain":0,"player_choice":"Damaged","damage_taken":7,"max_hp_gain":0,"max_hp_loss":0,"event_name":"Wheel of Change","floor":30,"gold_loss":0}],"is_beta":false,"boss_relics":[{"not_picked":["Ring of the Serpent","Empty Cage"],"picked":"Runic Pyramid"}],"items_purged_floors":[19],"is_endless":false,"potions_floor_spawned":[1,3,4,14,28,29],"killed_by":"Sentry and Sphere","ascension_level":0}}