{"host":"mai03x2ekbjy4059","time":1611189206,"event":{"mods":["2.2 Compatiblity","BaseMod","Colored Map","DeckTracker","Keyboard Shortcuts","Minty Spire (QoL Compilation)","Permanent Neow","Quick Restart","SuperFastMode","everything is the same but u backflip on backflip"],"gold_per_floor":[119,119,66,82,257,282,301,324,372,404,404,235,267,282,282,378,378,388,388,402,10,26,61,74,109,121,133,163,50,77,177,177,274,274,291,291,291,291,311,311,346,346,346,399,417,451,451,470,470,470,470,470,15,49,49],"floor_reached":56,"language":"KOR","playtime":1910,"items_purged":["Doubt","Strike_G","Strike_G","Strike_G"],"score":1509,"play_id":"684d6ea8-dda8-4b31-a5a0-0e00117d41b9","local_time":"20210121093326","is_ascension_mode":true,"campfire_choices":[{"data":"Sadistic Nature","floor":11.0,"key":"SMITH"},{"data":"Trip","floor":15.0,"key":"SMITH"},{"floor":32,"key":"REST"},{"floor":40,"key":"RECALL"},{"data":"1","floor":42,"key":"LIFT"},{"data":"2","floor":49,"key":"LIFT"},{"data":"3","floor":52,"key":"LIFT"}],"circlet_count":0,"master_deck":["Strike_G","Defend_G","Defend_G","Defend_G","Defend_G","Survivor","Neutralize","Sadistic Nature+1","Poisoned Stab","Backflip","Poisoned Stab","Deadly Poison","Trip+1","Dodge and Roll","Backflip","Adrenaline","PiercingWail","Caltrops+1","Footwork","Crippling Poison","Bane","Poisoned Stab+1","Catalyst","Escape Plan","Dodge and Roll+1","After Image","Escape Plan+1","Bouncing Flask","Caltrops","Deflect+1","Perseverance+1"],"relics":["Ring of the Snake","Boot","Odd Mushroom","Art of War","Tiny Chest","TungstenRod","Fusion Hammer","Anchor","Matryoshka","Mummified Hand","MawBank","Regal Pillow","Torii","Bag of Preparation","Meat on the Bone","CaptainsWheel","Pocketwatch","Blue Candle","Sozu","Ginger","Girya","Prayer Wheel","Dead Branch","Toxic Egg 2","Nunchaku","PrismaticShard","Ornamental Fan"],"acts_visited":["Exordium","TheCity","TheBeyond","TheEnding"],"potions_floor_usage":[55,55,55],"damage_taken":[{"damage":0.0,"enemies":"Small Slimes","floor":1.0,"turns":4.0},{"damage":0.0,"enemies":"Jaw Worm","floor":4.0,"turns":4.0},{"damage":21.0,"enemies":"Lagavulin","floor":6.0,"turns":6.0},{"damage":0.0,"enemies":"Cultist","floor":7.0,"turns":4.0},{"damage":15.0,"enemies":"The Mushroom Lair","floor":8.0,"turns":5.0},{"damage":18.0,"enemies":"3 Sentries","floor":10.0,"turns":9.0},{"damage":13.0,"enemies":"Lagavulin","floor":13.0,"turns":5.0},{"damage":0.0,"enemies":"Exordium Wildlife","floor":14.0,"turns":3.0},{"damage":0.0,"enemies":"Hexaghost","floor":16.0,"turns":8.0},{"damage":0.0,"enemies":"2 Thieves","floor":18.0,"turns":4.0},{"damage":0.0,"enemies":"3 Byrds","floor":20.0,"turns":5.0},{"damage":11,"enemies":"Centurion and Healer","floor":22,"turns":5},{"damage":7,"enemies":"Book of Stabbing","floor":23,"turns":5},{"damage":0,"enemies":"Snake Plant","floor":24,"turns":3},{"damage":0,"enemies":"Gremlin Leader","floor":25,"turns":5},{"damage":0,"enemies":"Cultist and Chosen","floor":28,"turns":4},{"damage":5,"enemies":"Book of Stabbing","floor":30,"turns":4},{"damage":0,"enemies":"Colosseum Slavers","floor":31,"turns":2},{"damage":0,"enemies":"Colosseum Nobs","floor":31,"turns":3},{"damage":14,"enemies":"Automaton","floor":33,"turns":10},{"damage":0,"enemies":"3 Shapes","floor":35,"turns":4},{"damage":0,"enemies":"Orb Walker","floor":39,"turns":3},{"damage":10,"enemies":"Nemesis","floor":41,"turns":5},{"damage":5,"enemies":"2 Orb Walkers","floor":44,"turns":4},{"damage":0,"enemies":"3 Darklings","floor":45,"turns":2},{"damage":13,"enemies":"Giant Head","floor":46,"turns":10},{"damage":0,"enemies":"4 Shapes","floor":48,"turns":5},{"damage":13,"enemies":"Donu and Deca","floor":50,"turns":7},{"damage":0,"enemies":"Shield and Spear","floor":54,"turns":5},{"damage":8,"enemies":"The Heart","floor":55,"turns":8}],"seed_played":"3480969965853160972","potions_obtained":[{"floor":1.0,"key":"Poison Potion"},{"floor":4.0,"key":"FairyPotion"},{"floor":6.0,"key":"Regen Potion"},{"floor":14.0,"key":"AttackPotion"},{"floor":18.0,"key":"AttackPotion"},{"floor":22,"key":"SkillPotion"},{"floor":25,"key":"Block Potion"}],"is_trial":false,"path_per_floor":["M","?","$","M","?","E","M","?","T","E","R","$","E","M","R","B",null,"M","?","M","$","M","E","M","E","T","T","M","$","E","?","R","B",null,"M","?","T","?","M","R","E","R","T","?","M","E","T","M","R","B",null,"R","$","E","B",null],"character_chosen":"THE_SILENT","items_purchased":["Poisoned Stab","Trip","Footwork","Matryoshka","Nunchaku","PrismaticShard"],"campfire_rested":1,"item_purchase_floors":[3,12,21,21,53,53],"current_hp_per_floor":[49,42,42,42,42,21,21,20,20,2,2,2,21,21,21,21,70,70,70,70,70,59,52,52,52,52,52,52,52,47,47,70,56,70,70,66,66,66,66,66,56,56,56,51,51,38,38,38,38,37,66,66,66,66,58],"gold":49,"neow_bonus":"RANDOM_COLORLESS_2","is_daily":false,"chose_seed":false,"campfire_upgraded":2,"win_rate":0.0,"timestamp":1611189206,"path_taken":["M","?","$","M","?","E","M","?","T","E","R","?","E","M","R","BOSS","M","?","M","$","M","E","?","E","T","?","M","?","E","?","R","BOSS","M","?","?","?","?","R","E","R","T","?","M","E","?","M","R","BOSS","R","$","E","BOSS"],"items_purchased_type":["Card","Card","Card","Relic","Relic","Relic"],"build_version":"2020-12-22","purchased_purges":4,"victory":true,"max_hp_per_floor":[70,70,70,70,70,70,70,70,70,70,70,70,70,70,70,70,70,70,70,70,70,70,70,70,70,70,70,70,70,70,70,70,70,70,70,66,66,66,66,66,66,66,66,66,66,66,66,66,66,66,66,66,66,66,66],"card_choices":[{"not_picked":["Magnetism","Apotheosis"],"picked":"Sadistic Nature","floor":0.0},{"not_picked":["Calculated Gamble","Accuracy","Dagger Spray"],"picked":"SKIP","floor":1.0},{"not_picked":["Deflect","Acrobatics"],"picked":"Backflip","floor":4.0},{"not_picked":["Flying Knee","Sucker Punch"],"picked":"Poisoned Stab","floor":6.0},{"not_picked":["Dodge and Roll","Distraction","Finisher"],"picked":"SKIP","floor":7.0},{"not_picked":["Tools of the Trade","Finisher"],"picked":"Deadly Poison","floor":8.0},{"not_picked":["Outmaneuver","All Out Attack","Masterful Stab"],"picked":"SKIP","floor":10.0},{"not_picked":["Slice","Outmaneuver"],"picked":"Dodge and Roll","floor":13.0},{"not_picked":["Quick Slash","Outmaneuver"],"picked":"Backflip","floor":14.0},{"not_picked":["Doppelganger","Venomology"],"picked":"Adrenaline","floor":16.0},{"not_picked":["Well Laid Plans","Prepared"],"picked":"PiercingWail","floor":18.0},{"not_picked":["Flying Knee+1","Cloak And Dagger"],"picked":"Caltrops+1","floor":20.0},{"not_picked":["Quick Slash","Tactician"],"picked":"Crippling Poison","floor":22},{"not_picked":["Doppelganger","Bullet Time"],"picked":"Bane","floor":23},{"not_picked":["Deflect","Dagger Spray+1"],"picked":"Poisoned Stab+1","floor":24},{"not_picked":["Underhanded Strike","Slice"],"picked":"Catalyst","floor":25},{"not_picked":["Deflect","Sucker Punch"],"picked":"Escape Plan","floor":28},{"not_picked":["Choke","Predator","Die Die Die"],"picked":"SKIP","floor":30},{"not_picked":["Deflect","Endless Agony"],"picked":"Dodge and Roll+1","floor":31},{"not_picked":["Burst","Tools of the Trade"],"picked":"After Image","floor":33},{"not_picked":["Dodge and Roll+1","Flying Knee","Predator+1"],"picked":"SKIP","floor":35},{"not_picked":["Distraction","Dagger Throw"],"picked":"Escape Plan+1","floor":39},{"not_picked":["Underhanded Strike+1","Predator","Deadly Poison"],"picked":"SKIP","floor":41},{"not_picked":["Prepared+1","Setup","Dagger Spray"],"picked":"SKIP","floor":45},{"not_picked":["Slice+1","Eviscerate+1","Deflect"],"picked":"SKIP","floor":45},{"not_picked":["Underhanded Strike","Masterful Stab"],"picked":"Bouncing Flask","floor":46},{"not_picked":["Predator","Quick Slash+1"],"picked":"Caltrops","floor":48},{"not_picked":["Sucker Punch","Storm of Steel+1"],"picked":"Deflect+1","floor":48},{"not_picked":["Brilliance","Sweeping Beam+1"],"picked":"Perseverance+1","floor":54}],"player_experience":1117253,"relics_obtained":[{"floor":6.0,"key":"Boot"},{"floor":8.0,"key":"Odd Mushroom"},{"floor":9.0,"key":"Art of War"},{"floor":10.0,"key":"Tiny Chest"},{"floor":13.0,"key":"TungstenRod"},{"floor":23,"key":"Mummified Hand"},{"floor":25,"key":"MawBank"},{"floor":26,"key":"Regal Pillow"},{"floor":26,"key":"Torii"},{"floor":27,"key":"Bag of Preparation"},{"floor":27,"key":"Meat on the Bone"},{"floor":30,"key":"CaptainsWheel"},{"floor":31,"key":"Pocketwatch"},{"floor":31,"key":"Blue Candle"},{"floor":37,"key":"Ginger"},{"floor":41,"key":"Girya"},{"floor":44,"key":"Prayer Wheel"},{"floor":46,"key":"Dead Branch"},{"floor":47,"key":"Toxic Egg 2"},{"floor":54,"key":"Ornamental Fan"}],"event_choices":[{"cards_removed":["Strike_G"],"damage_healed":0.0,"max_hp_gain":0.0,"max_hp_loss":0.0,"gold_gain":0.0,"event_name":"Golden Wing","player_choice":"Card Removal","floor":2.0,"gold_loss":0.0,"damage_taken":7.0},{"damage_healed":0.0,"max_hp_gain":0.0,"max_hp_loss":0.0,"gold_gain":175.0,"event_name":"Liars Game","player_choice":"AGREE","floor":5.0,"gold_loss":0.0,"damage_taken":0.0,"cards_obtained":["Doubt"]},{"damage_healed":0.0,"max_hp_gain":0.0,"max_hp_loss":0.0,"gold_gain":0.0,"event_name":"Mushrooms","player_choice":"Fought Mushrooms","floor":8.0,"gold_loss":0.0,"damage_taken":0.0},{"damage_healed":0.0,"max_hp_gain":0.0,"max_hp_loss":0.0,"gold_gain":0.0,"event_name":"WeMeetAgain","player_choice":"Gave Potion","floor":19.0,"gold_loss":0.0,"damage_taken":0.0,"relics_obtained":["Anchor"]},{"damage_healed":0,"gold_gain":0,"player_choice":"Fight","damage_taken":0,"max_hp_gain":0,"max_hp_loss":0,"event_name":"Colosseum","floor":31,"gold_loss":0},{"damage_healed":0,"gold_gain":0,"player_choice":"Fought Nobs","damage_taken":0,"max_hp_gain":0,"max_hp_loss":0,"event_name":"Colosseum","floor":31,"gold_loss":0},{"damage_healed":0,"gold_gain":0,"player_choice":"Max HP","damage_taken":0,"max_hp_gain":0,"max_hp_loss":4,"event_name":"Winding Halls","floor":36,"gold_loss":0},{"cards_removed":["Defend_G"],"damage_healed":0,"gold_gain":0,"player_choice":"Removed Skill","damage_taken":0,"max_hp_gain":0,"max_hp_loss":0,"event_name":"Falling","floor":38,"gold_loss":0},{"damage_healed":0,"gold_gain":0,"player_choice":"Fight","damage_taken":0,"max_hp_gain":0,"max_hp_loss":0,"event_name":"Mysterious Sphere","floor":44,"gold_loss":0}],"is_beta":false,"boss_relics":[{"not_picked":["Velvet Choker","WristBlade"],"picked":"Fusion Hammer"},{"not_picked":["Cursed Key","Calling Bell"],"picked":"Sozu"}],"items_purged_floors":[12,21,29,53],"is_endless":false,"potions_floor_spawned":[1,4,6,14,18,22,25,33,45,46,48,54],"ascension_level":1}}