{"host":"9cyo9hnjhojz9htx","time":1611239219,"event":{"mods":["ATMod(°¢èªMod)","BaseMod","Colored Powertips","Downfall","Hermit","Lobotomy","Minty Spire (QoL Compilation)","Spicy Shops","StSLib","The Blackbeard","The Gatherer","¡¾ÒÅÎï¿¨ÅÆ¡¿REMEMod"],"gold_per_floor":[119,194,194,194,194,225,225],"floor_reached":6,"language":"ZHS","playtime":201,"items_purged":[],"score":42,"play_id":"c9759b85-d5cd-4629-b351-91175affa480","local_time":"20210121222659","daily_mods":["Heirloom","Time Dilation","Flight","Elite Swarm"],"is_ascension_mode":false,"campfire_choices":[],"circlet_count":0,"master_deck":["Strike_B","Strike_B","Strike_B","Strike_B","Defend_B","Defend_B","Defend_B","Defend_B","Zap","Dualcast","AT_EMC2","Auto Shields","Zap","Meteor Strike"],"relics":["Cracked Core","AT_ATBox","REME_ComplimentaryCards","FossilizedHelix","Golden Idol","Bottled Lightning"],"acts_visited":["Exordium"],"potions_floor_usage":[],"damage_taken":[{"damage":0,"enemies":"Jaw Worm","floor":1,"turns":3},{"damage":40,"enemies":"3 Sentries","floor":6,"turns":7}],"seed_played":"-5962777294630188417","potions_obtained":[{"floor":6,"key":"Dexterity Potion"}],"is_trial":true,"path_per_floor":["M","?","?","?","?","E"],"character_chosen":"DEFECT","items_purchased":[],"campfire_rested":0,"item_purchase_floors":[],"current_hp_per_floor":[75,64,46,46,46,6,6],"gold":225,"neow_bonus":"","is_daily":false,"chose_seed":false,"campfire_upgraded":0,"win_rate":0.0,"timestamp":1611239219,"path_taken":["M","?","?","?","?","E"],"items_purchased_type":[],"build_version":"2020-12-22","purchased_purges":0,"victory":false,"max_hp_per_floor":[75,75,75,75,75,75,75],"card_choices":[{"not_picked":["Gash","Leap"],"picked":"Auto Shields","floor":1},{"not_picked":["Buffer","Core Surge"],"picked":"Meteor Strike","floor":6}],"player_experience":160940,"relics_obtained":[{"floor":6,"key":"Bottled Lightning"}],"event_choices":[{"damage_healed":0,"gold_gain":75,"player_choice":"Gather Gold","damage_taken":11,"max_hp_gain":0,"max_hp_loss":0,"event_name":"World of Goop","floor":2,"gold_loss":0},{"damage_healed":0,"gold_gain":0,"player_choice":"Take Damage","damage_taken":18,"relics_obtained":["Golden Idol"],"max_hp_gain":0,"max_hp_loss":0,"event_name":"Golden Idol","floor":3,"gold_loss":0},{"damage_healed":0,"gold_gain":0,"player_choice":"Ignored","damage_taken":0,"max_hp_gain":0,"max_hp_loss":0,"event_name":"Golden Wing","floor":4,"gold_loss":0}],"is_beta":false,"boss_relics":[],"items_purged_floors":[],"is_endless":true,"potions_floor_spawned":[6],"killed_by":"3 Sentries","ascension_level":0}}