{"host":"TheShotgunBoss","time":1611199958,"event":{"mods":["AchievementEnabler","Always Whale","Aspiration","BaseMod","Beaked The Cultist","Colored Map","Colored Powertips","Colorless Booster Pack","Conspire","Downfall","Energized Spire","FetchMod","GifTheSpireLib","Halation","Hubris","Infinite Spire","Jedi Mod","Minty Spire (QoL Compilation)","Poor People Problems","Quick Restart","RNG!","Relic Sorter","SacredBarkPlus","Shop Mod","Spikes Relics","StSLib","Stuff the Spire","The Blue Laboratory","The Construct","Uncapped","Unceasing Turn Reminder","everything is the same but u backflip on backflip","vexMod","??????REMEMod"],"gold_per_floor":[99,115,129,142,142,177,250,261,291,291,306,306,331,217,229,324,324,324,334,350,350,369,388,411,423,435,166,166,183,183,196,216,312,312,312,332,332,249,259,259,306,306,324,344,371,386,386,404,418,418],"floor_reached":51,"language":"ENG","playtime":2598,"items_purged":["Slimebound:Strike_Slimebound","Slimebound:Strike_Slimebound","Slimebound:Split+1"],"score":781,"play_id":"4ea7562e-3c25-4c50-9c3a-e64cf463bf39","local_time":"20210120223238","is_ascension_mode":true,"campfire_choices":[{"data":"Slimebound:Split","floor":1,"key":"SMITH"},{"data":"Slimebound:LevelUp","floor":10,"key":"SMITH"},{"floor":12,"key":"REST"},{"data":"Slimebound:SplitSpecialist","floor":18,"key":"SMITH"},{"data":"Slimebound:Darklings","floor":30,"key":"SMITH"},{"data":"Slimebound:SlimeBarrage","floor":35,"key":"SMITH"},{"data":"Slimebound:LevelUp","floor":40,"key":"SMITH"},{"data":"Slimebound:OneTwoCombo","floor":42,"key":"SMITH"},{"data":"Slimebound:LeadByExample","floor":47,"key":"SMITH"}],"circlet_count":0,"master_deck":["Slimebound:Tackle","Slimebound:Defend_Slimebound","Slimebound:Defend_Slimebound+1","Slimebound:Defend_Slimebound","Slimebound:CorrosiveSpit+1","Slimebound:LeadByExample+1","Slimebound:LevelUp+1","Slimebound:OneTwoCombo+1","Slimebound:SplitSpecialist+1","Slimebound:SplitSpecialist+1","Slimebound:Prepare","Slimebound:MinionMaster","Slimebound:PressTheAttack+1","Slimebound:SlimeBarrage+1","Slimebound:Recollect+1","Slimebound:SlimeSlap","Slimebound:GoopSpray","Slimebound:Darklings+1","Slimebound:LevelUp+1","Slimebound:MinionMaster"],"relics":["Slimebound:AbsorbEndCombat","REME_ComplimentaryCards","StuffTheSpire:GrapeVine","GremlinMask","halation:Toothbrush","jedi:heavyjacket","War Paint","Toy Ornithopter","construct:WeddingRing","StuffTheSpire:HeavyRock","Centennial Puzzle","Runic Pyramid","jedi:purplefairy","conspire:TopHat","hubris:Potato"],"acts_visited":["Exordium","TheCity","TheBeyond"],"potions_floor_usage":[4,31,46,50,50],"damage_taken":[{"damage":3,"enemies":"2 Louse","floor":2,"turns":3},{"damage":3,"enemies":"Cultist","floor":3,"turns":3},{"damage":3,"enemies":"Jaw Worm","floor":4,"turns":4},{"damage":15,"enemies":"Lagavulin","floor":6,"turns":6},{"damage":9,"enemies":"Exordium Thugs","floor":8,"turns":6},{"damage":12,"enemies":"3 Sentries","floor":9,"turns":5},{"damage":10,"enemies":"Red Slaver","floor":11,"turns":3},{"damage":0,"enemies":"downfall:FleeingMerchant","floor":14,"turns":4},{"damage":0,"enemies":"conspire:2 RoseBushes","floor":15,"turns":4},{"damage":37,"enemies":"SI_SHIV_ARCHETYPE","floor":16,"turns":8},{"damage":22,"enemies":"conspire:FuzzyDice","floor":19,"turns":5},{"damage":4,"enemies":"Spheric Guardian","floor":20,"turns":5},{"damage":0,"enemies":"Shelled Parasite and Fungi","floor":22,"turns":5},{"damage":11,"enemies":"Snake Plant","floor":23,"turns":4},{"damage":0,"enemies":"Snecko","floor":25,"turns":4},{"damage":0,"enemies":"Centurion and Healer","floor":26,"turns":6},{"damage":0,"enemies":"downfall:FleeingMerchant","floor":27,"turns":4},{"damage":12,"enemies":"Snake Plant","floor":29,"turns":3},{"damage":10,"enemies":"3 Cultists","floor":31,"turns":5},{"damage":0,"enemies":"Chosen and Byrds","floor":32,"turns":4},{"damage":8,"enemies":"DF_ARCHETYPE_CLAW","floor":33,"turns":7},{"damage":0,"enemies":"3 Darklings","floor":36,"turns":3},{"damage":0,"enemies":"downfall:FleeingMerchant","floor":38,"turns":4},{"damage":1,"enemies":"3 Shapes","floor":39,"turns":4},{"damage":14,"enemies":"Maw","floor":43,"turns":6},{"damage":0,"enemies":"4 Shapes","floor":44,"turns":4},{"damage":7,"enemies":"beaked:SuperParasite","floor":45,"turns":5},{"damage":25,"enemies":"Spire Growth","floor":46,"turns":4},{"damage":1,"enemies":"Transient","floor":48,"turns":5},{"damage":26,"enemies":"Jaw Worm Horde","floor":49,"turns":4},{"damage":5,"enemies":"WA_ARCHETYPE_DIVINITY","floor":50,"turns":6}],"seed_played":"8648388577195312671","potions_obtained":[{"floor":4,"key":"REME_GoldPotion"},{"floor":6,"key":"blueLaboratory:FruitPunch"},{"floor":9,"key":"AttackPotion"},{"floor":11,"key":"FearPotion"},{"floor":31,"key":"AttackPotion"},{"floor":44,"key":"Dexterity Potion"},{"floor":46,"key":"Dexterity Potion"}],"is_trial":false,"path_per_floor":["R","M","M","M","?","E","T","M","E","R","M","R","T","$","M","B",null,"R","M","M","?","M","M","T","M","M","$","?","M","R","M","M","B",null,"R","M","?","$","M","R","T","R","M","M","E","M","R","M","M","B",null],"character_chosen":"SLIMEBOUND","items_purchased":["Slimebound:Prepare","Centennial Puzzle","jedi:purplefairy"],"campfire_rested":1,"item_purchase_floors":[14,27,38],"current_hp_per_floor":[65,62,63,60,60,49,49,46,36,36,30,49,49,60,64,35,68,68,50,48,48,52,43,43,45,47,52,58,48,48,49,53,53,79,79,79,82,85,85,85,85,85,75,79,76,58,63,66,44,55],"gold":418,"neow_bonus":"RANDOM_COMMON_RELIC","is_daily":false,"chose_seed":false,"campfire_upgraded":8,"win_rate":0.0,"timestamp":1611199958,"path_taken":["R","M","M","M","?","E","T","M","E","R","?","R","?","$","M","BOSS","R","M","M","?","M","?","T","M","?","$","?","M","R","M","M","BOSS","R","M","?","$","M","R","T","R","M","M","E","M","R","M","M","BOSS"],"items_purchased_type":["Card","Relic","Relic"],"build_version":"2020-12-18","purchased_purges":3,"victory":true,"max_hp_per_floor":[65,65,65,65,65,65,65,65,65,65,65,65,65,68,68,68,68,68,68,68,68,68,68,68,68,68,71,77,77,77,79,79,79,79,79,79,82,85,85,85,85,85,85,85,85,85,85,85,85,85],"card_choices":[{"not_picked":["Slimebound:Grow","Slimebound:RollThrough"],"picked":"Slimebound:LeadByExample","floor":2},{"not_picked":["Slimebound:Recollect","Slimebound:SplitLeeching","Slimebound:LeechingTouch"],"picked":"SKIP","floor":3},{"not_picked":["Slimebound:SplitBruiser","Slimebound:SplitAcid"],"picked":"Slimebound:LevelUp","floor":4},{"not_picked":["Slimebound:FinishingTackle","Slimebound:FlameTackle"],"picked":"Slimebound:OneTwoCombo","floor":6},{"not_picked":["Slimebound:RollThrough","Slimebound:GoopTackle","Slimebound:LeechEnergy"],"picked":"SKIP","floor":8},{"not_picked":["Slimebound:GoopTackle","Slimebound:PressTheAttack","Slimebound:SplitLeeching"],"picked":"SKIP","floor":9},{"not_picked":["Slimebound:RollThrough","Slimebound:SlimeBrawl"],"picked":"Slimebound:SplitSpecialist","floor":11},{"not_picked":["Slimebound:PrepareCrush","Slimebound:GrowthPunch"],"picked":"Slimebound:SplitSpecialist","floor":14},{"not_picked":["Slimebound:Grow","Slimebound:Prepare","Slimebound:LeechEnergy"],"picked":"SKIP","floor":15},{"not_picked":["Slimebound:PrepareCrush","Slimebound:SelfFormingGoo"],"picked":"Slimebound:MinionMaster","floor":16},{"not_picked":["Slimebound:FinishingTackle+1","Slimebound:SplitAcid"],"picked":"Slimebound:PressTheAttack+1","floor":19},{"not_picked":["Slimebound:GoopTackle","Slimebound:Prepare"],"picked":"Slimebound:SlimeBarrage","floor":20},{"not_picked":["Slimebound:BestDefense","Slimebound:SplitAcid","Slimebound:Schlurp"],"picked":"SKIP","floor":22},{"not_picked":["Slimebound:LeadByExample","Slimebound:LivingWall+1"],"picked":"Slimebound:Recollect+1","floor":23},{"not_picked":["Slimebound:WasteNot","Slimebound:Grow","Slimebound:DivideAndConquer"],"picked":"SKIP","floor":25},{"not_picked":["Slimebound:SlimeSpikes","Slimebound:SplitLeeching","Slimebound:LeadByExample"],"picked":"SKIP","floor":26},{"not_picked":["Slimebound:RollThrough","Slimebound:SplitLeeching","Slimebound:GoopTackle"],"picked":"SKIP","floor":27},{"not_picked":["Slimebound:LeechingTouch","Slimebound:GoopSpray"],"picked":"Slimebound:Darklings","floor":29},{"not_picked":["Slimebound:SamplingLick","Slimebound:AcidTongue","Slimebound:FinishingTackle+1"],"picked":"SKIP","floor":31},{"not_picked":["Slimebound:HungryTackle","Slimebound:RollThrough"],"picked":"Slimebound:LevelUp","floor":32},{"not_picked":["Slimebound:LeechLife","Slimebound:Overexert"],"picked":"Slimebound:MinionMaster","floor":33},{"not_picked":["Slimebound:FinishingTackle","Slimebound:ViciousTackle+1","Slimebound:GoopSpray"],"picked":"SKIP","floor":36},{"not_picked":["Slimebound:MegaLick+1","Slimebound:RollThrough","Slimebound:PressTheAttack+1"],"picked":"SKIP","floor":38},{"not_picked":["Slimebound:HungryTackle","Slimebound:Prepare+1","Slimebound:GoopSpray"],"picked":"SKIP","floor":39},{"not_picked":["Slimebound:Prepare+1","Slimebound:RollThrough","Slimebound:Recollect"],"picked":"SKIP","floor":43},{"not_picked":["Slimebound:Prepare+1","Slimebound:RollThrough","Slimebound:Recollect"],"picked":"SKIP","floor":43},{"not_picked":["Slimebound:GrowthPunch","Slimebound:Grow+1","Slimebound:DivideAndConquer"],"picked":"SKIP","floor":44},{"not_picked":["Slimebound:ComboTackle+1","Slimebound:GoopSpray+1","Slimebound:SplitBruiser"],"picked":"SKIP","floor":45},{"not_picked":["Slimebound:BestDefense","Slimebound:GoopTackle","Slimebound:SlimeSpikes+1"],"picked":"SKIP","floor":46},{"not_picked":["Slimebound:PrepareCrush","Slimebound:RainOfGoop+1","Slimebound:SplitMire+1"],"picked":"SKIP","floor":48},{"not_picked":["Slimebound:GrowthPunch+1","Slimebound:LeadByExample+1","Slimebound:SlimeTap"],"picked":"SKIP","floor":49}],"player_experience":274205,"relics_obtained":[{"floor":6,"key":"halation:Toothbrush"},{"floor":7,"key":"jedi:heavyjacket"},{"floor":9,"key":"War Paint"},{"floor":13,"key":"Toy Ornithopter"},{"floor":24,"key":"StuffTheSpire:HeavyRock"},{"floor":41,"key":"conspire:TopHat"},{"floor":45,"key":"hubris:Potato"}],"event_choices":[{"damage_healed":0,"gold_gain":0,"player_choice":"Trade","damage_taken":0,"relics_obtained":["GremlinMask"],"max_hp_gain":0,"max_hp_loss":0,"event_name":"FaceTrader","floor":5,"gold_loss":0},{"damage_healed":0,"gold_gain":0,"cards_transformed":["Slimebound:Strike_Slimebound","Slimebound:Defend_Slimebound"],"player_choice":"Became Test Subject","damage_taken":0,"max_hp_gain":0,"max_hp_loss":0,"event_name":"Drug Dealer","floor":28,"gold_loss":0,"cards_obtained":["Slimebound:SlimeSlap","Slimebound:GoopSpray"]},{"cards_removed":["Endless Agony"],"damage_healed":0,"gold_gain":0,"player_choice":"Removed Attack","damage_taken":0,"max_hp_gain":0,"max_hp_loss":0,"event_name":"Falling","floor":37,"gold_loss":0}],"is_beta":true,"boss_relics":[{"not_picked":["Pandora\u0027s Box","bronze:MakeshiftBattery"],"picked":"construct:WeddingRing"},{"not_picked":["conspire:SlowCooker","hubris:VirtuousBlindfold"],"picked":"Runic Pyramid"}],"items_purged_floors":[14,27,38],"is_endless":false,"potions_floor_spawned":[4,6,9,11,20,23,25,29,31,44,45,46],"ascension_level":1}}