{"host":"j4g6ia6asvpyu2b0","time":1611250500,"event":{"mods":["BaseMod","Colored Map","Minty Spire (QoL Compilation)","Permanent Neow","Quick Restart","Relic Stats","StSLib","Unceasing Turn Reminder"],"gold_per_floor":[14,30,47,67,80,109,109,137,137,137,153,173,173,173,173,268,268,287,68,68,87,87,125,125,125],"floor_reached":24,"language":"ENG","playtime":856,"items_purged":[],"score":438,"play_id":"bf58b4c7-25d9-4ed6-abf3-ed493dba4d94","local_time":"20210121103500","is_ascension_mode":true,"campfire_choices":[{"data":"Bash","floor":7.0,"key":"SMITH"},{"data":"Feed","floor":13.0,"key":"SMITH"},{"data":"Disarm","floor":15.0,"key":"SMITH"}],"circlet_count":0,"master_deck":["AscendersBane","Strike_R","Strike_R","Strike_R","Strike_R","Strike_R","Defend_R","Defend_R","Defend_R","Defend_R","Bash+1","Feed+1","Whirlwind","Evolve","Battle Trance","Feel No Pain","Thunderclap","Disarm+1","Offering","Dark Embrace","Spot Weakness","Shrug It Off","Necronomicurse","Heavy Blade"],"relics":["Burning Blood","Ice Cream","Lantern","Golden Idol","Philosopher\u0027s Stone","PreservedInsect","Necronomicon","Akabeko"],"acts_visited":["Exordium","TheCity"],"potions_floor_usage":[23],"damage_taken":[{"damage":2.0,"enemies":"2 Louse","floor":1.0,"turns":3.0},{"damage":20.0,"enemies":"Cultist","floor":2.0,"turns":5.0},{"damage":4.0,"enemies":"Small Slimes","floor":3.0,"turns":5.0},{"damage":26.0,"enemies":"Exordium Wildlife","floor":4.0,"turns":6.0},{"damage":7.0,"enemies":"Large Slime","floor":5.0,"turns":5.0},{"damage":24.0,"enemies":"Gremlin Nob","floor":6.0,"turns":4.0},{"damage":20.0,"enemies":"Lagavulin","floor":8.0,"turns":7.0},{"damage":16.0,"enemies":"Blue Slaver","floor":11.0,"turns":5.0},{"damage":10.0,"enemies":"Gremlin Gang","floor":12.0,"turns":3.0},{"damage":40.0,"enemies":"The Guardian","floor":16.0,"turns":20.0},{"damage":18.0,"enemies":"2 Thieves","floor":18.0,"turns":2.0},{"damage":20,"enemies":"Chosen","floor":21,"turns":5},{"damage":46,"enemies":"Slavers","floor":23,"turns":4},{"damage":18,"enemies":"Shelled Parasite and Fungi","floor":24,"turns":1}],"seed_played":"6255820133553097815","potions_obtained":[{"floor":1.0,"key":"Block Potion"},{"floor":4.0,"key":"SteroidPotion"},{"floor":8.0,"key":"Swift Potion"},{"floor":11.0,"key":"BloodPotion"},{"floor":12.0,"key":"SkillPotion"},{"floor":21,"key":"ElixirPotion"}],"is_trial":false,"path_per_floor":["M","M","M","M","M","E","R","E","T","?","M","M","R","?","R","B",null,"M","$","?","M","?","E","M"],"character_chosen":"IRONCLAD","items_purchased":["Spot Weakness","PreservedInsect"],"campfire_rested":0,"item_purchase_floors":[19,19],"current_hp_per_floor":[75,64,69,52,54,39,39,25,25,93,83,82,82,58,58,28,82,74,74,53,43,27,13,0,0],"gold":125,"neow_bonus":"THREE_RARE_CARDS","is_daily":false,"chose_seed":false,"campfire_upgraded":3,"win_rate":0.0,"timestamp":1611250500,"path_taken":["M","M","M","M","M","E","R","E","T","?","M","?","R","?","R","BOSS","M","$","?","M","?","E","M"],"items_purchased_type":["Card","Relic"],"build_version":"2020-12-22","purchased_purges":0,"victory":false,"max_hp_per_floor":[78,81,84,87,90,93,93,93,93,93,93,96,96,96,96,100,100,104,104,109,113,113,117,117,117],"relic_stats":{"counters":[14,75],"Golden Idol":35,"PreservedInsect":41,"Necronomicon":[3],"obtain_stats":[{"Ice Cream":6,"Lantern":8,"Golden Idol":14,"Philosopher\u0027s Stone":17,"PreservedInsect":19,"Necronomicon":22,"Burning Blood":0,"Akabeko":23},{"Ice Cream":6,"Lantern":7,"Golden Idol":9,"Philosopher\u0027s Stone":10,"PreservedInsect":11,"Necronomicon":12,"Burning Blood":0,"Akabeko":13},{"Ice Cream":28,"Lantern":35,"Golden Idol":43,"Philosopher\u0027s Stone":63,"PreservedInsect":65,"Necronomicon":70,"Burning Blood":0,"Akabeko":74}],"Burning Blood":78},"card_choices":[{"not_picked":["Corruption","Barricade"],"picked":"Feed","floor":0.0},{"not_picked":["Sword Boomerang","True Grit"],"picked":"Rampage","floor":1.0},{"not_picked":["Wild Strike","True Grit"],"picked":"Whirlwind","floor":2.0},{"not_picked":["Perfected Strike","Dark Embrace","Sever Soul"],"picked":"SKIP","floor":3.0},{"not_picked":["Burning Pact","Iron Wave"],"picked":"Evolve","floor":4.0},{"not_picked":["Havoc","True Grit"],"picked":"Battle Trance","floor":5.0},{"not_picked":["Dropkick","Whirlwind","Battle Trance"],"picked":"SKIP","floor":6.0},{"not_picked":["Dual Wield","Burning Pact"],"picked":"Feel No Pain","floor":8.0},{"not_picked":["Heavy Blade","Havoc"],"picked":"Thunderclap","floor":11.0},{"not_picked":["Havoc","Ghostly Armor"],"picked":"Disarm","floor":12.0},{"not_picked":["Berserk","Immolate"],"picked":"Offering","floor":16.0},{"not_picked":["Warcry","Hemokinesis+1"],"picked":"Dark Embrace","floor":18.0},{"not_picked":["Perfected Strike+1","Armaments"],"picked":"Shrug It Off","floor":21},{"not_picked":["Pommel Strike","Thunderclap"],"picked":"Heavy Blade","floor":23}],"player_experience":908175,"relics_obtained":[{"floor":6.0,"key":"Ice Cream"},{"floor":8.0,"key":"Lantern"},{"floor":22,"key":"Necronomicon"},{"floor":23,"key":"Akabeko"}],"event_choices":[{"cards_removed":["Rampage"],"damage_healed":68.0,"max_hp_gain":0.0,"max_hp_loss":0.0,"gold_gain":0.0,"event_name":"Bonfire Elementals","player_choice":"Offered Uncommon","floor":10.0,"gold_loss":0.0,"damage_taken":0.0},{"damage_healed":0.0,"max_hp_gain":0.0,"max_hp_loss":0.0,"gold_gain":0.0,"event_name":"Golden Idol","player_choice":"Take Damage","floor":14.0,"gold_loss":0.0,"damage_taken":24.0,"relics_obtained":["Golden Idol"]},{"damage_healed":0,"gold_gain":0,"player_choice":"Shed Blood","damage_taken":26,"max_hp_gain":5,"max_hp_loss":0,"event_name":"Forgotten Altar","floor":20,"gold_loss":0},{"damage_healed":0,"gold_gain":0,"player_choice":"Obtained Book","damage_taken":16,"max_hp_gain":0,"max_hp_loss":0,"event_name":"Cursed Tome","floor":22,"gold_loss":0}],"is_beta":false,"boss_relics":[{"not_picked":["Black Star","Black Blood"],"picked":"Philosopher\u0027s Stone"}],"items_purged_floors":[],"is_endless":false,"potions_floor_spawned":[1,4,8,11,12,16,21],"killed_by":"Shelled Parasite and Fungi","ascension_level":14}}