{"host":"17xjy7b7ubl548g2","time":1611209578,"event":{"mods":["2.2 Compatiblity","Act Like it!","Aspiration","Astrologer","Bard","BaseMod","Challenge The Spire","ChefMod","Colored Map","Colored Powertips","Conspire","Elementarium","Energized Spire","Gensokyo","GifTheSpireLib","Halation","Hallownest","Hubris","Infinite Spire","Jedi Mod","Jorbs\u0027s Wanderer Trilogy","Marisa（霧雨　魔理沙）","Marked Mod","Menagerie","Minty Spire (QoL Compilation)","Permanent Neow","Replay The Spire","Robot Space Explorer","Spicy Shops","StSLib","Stuff the Spire","The Blue Laboratory","The Bug Knight","The Construct","The Disciple","The Factory","The Hayseed","The Hierophant","The Marked","The Runesmith","The Sage","TheFirefly"],"gold_per_floor":[111,111,131,143,154,154,164,194,194,194,213,224,224,236,236,312,312,329,429,443,443,460,460,485,497,524,550,561,561,591,603,603,705,705,761,761,761,775,775,775,1073,1153,1153,426,549,409,409,500,500,580,580,580,459,576,576],"floor_reached":56,"language":"ENG","playtime":5035,"items_purged":["Strike_P"],"score":2140,"play_id":"390792c5-7a60-49e5-a80f-720b9b9fa09c","local_time":"20210121011258","is_ascension_mode":true,"campfire_choices":[{"data":"Eruption","floor":6.0,"key":"SMITH"},{"data":"Wallop","floor":10.0,"key":"SMITH"},{"data":"Meditate","floor":13.0,"key":"SMITH"},{"data":"Perseverance","floor":15.0,"key":"SMITH"},{"data":"Ragnarok","floor":23.0,"key":"SMITH"},{"floor":29.0,"key":"REST"},{"floor":32.0,"key":"REST"},{"data":"StuffTheSpire:CelestialWarden","floor":40.0,"key":"SMITH"},{"data":"infinitespire:Execution","floor":47.0,"key":"SMITH"},{"data":"Wallop","floor":47.0,"key":"SMITH"},{"data":"Devotion","floor":49.0,"key":"SMITH"},{"floor":49.0,"key":"RECALL"},{"data":"AsteroidBelt","floor":52.0,"key":"SMITH"},{"data":"ThirdEye","floor":52.0,"key":"SMITH"}],"circlet_count":0,"master_deck":["AscendersBane","Defend_P+1","Defend_P+1","Defend_P+1","Eruption+1","Vigilance+1","BowlingBash","ReplayTheSpireMod:From All Sides+1","Quick Slash+1","Replay:Poison Smokescreen","Wallop+1","Perseverance+1","Prostrate+1","Meditate+1","Replay:BluntJabs+1","Devotion+1","infinitespire:Gouge+1","infinitespire:Collect+1","6A+1","Ragnarok+1","Consecrate","Evaluate+1","infinitespire:Execution+1","Robbery+1","AsteroidBelt+1","Wallop+1","StuffTheSpire:CelestialWarden+1","Replay:AllIn","ChargeUpSpray+1","Prostrate+1","ThirdEye+1","Tantrum","DoubleSpark+1","FlurryOfBlows+1"],"relics":["PureWater","aspiration:Lifesprig","HollowMod:LifeEnderRelic","aspiration:MarisaSkillbook","Replay:Wanted Poster","halation:LettersToHer","aspiration:TomeofQuesting","infinitespire:Satchel","Elementarium:ElementariumTrophy","Empty Cage","conspire:DecoderRing","halation:Pancakes","jedi:fakemustache","Lantern","Turnip","halation:PenCase","jedi:bottledfury","hubris:MysteriousPyramids"],"acts_visited":["Exordium","Exordium","TheBeyond","TheEnding"],"potions_floor_usage":[55],"damage_taken":[{"damage":1.0,"enemies":"Cultist","floor":1.0,"turns":4.0},{"damage":0.0,"enemies":"Jaw Worm","floor":3.0,"turns":3.0},{"damage":2.0,"enemies":"Small Slimes","floor":4.0,"turns":2.0},{"damage":0.0,"enemies":"2 Fungi Beasts","floor":5.0,"turns":2.0},{"damage":14.0,"enemies":"Lots of Slimes","floor":7.0,"turns":4.0},{"damage":3.0,"enemies":"Replay:BlueRogue","floor":8.0,"turns":5.0},{"damage":0.0,"enemies":"3 Louse","floor":11.0,"turns":2.0},{"damage":0.0,"enemies":"Gremlin Gang","floor":12.0,"turns":4.0},{"damage":12.0,"enemies":"Lots of Slimes","floor":14.0,"turns":2.0},{"damage":4.0,"enemies":"The Guardian","floor":16.0,"turns":9.0},{"damage":24.0,"enemies":"Elementarium:MUD_AND_TAR_GOLEMS","floor":18.0,"turns":4.0},{"damage":0.0,"enemies":"Elementarium:VoidCorruption","floor":20.0,"turns":3.0},{"damage":0.0,"enemies":"Elementarium:3_ELEMENTALS","floor":22.0,"turns":4.0},{"damage":0.0,"enemies":"Elementarium:ElementalPortal","floor":24.0,"turns":4.0},{"damage":0.0,"enemies":"Elementarium:CYCLONE_AND_LIVING_STORMCLOUD","floor":25.0,"turns":3.0},{"damage":1.0,"enemies":"Elementarium:Hydrostalker","floor":28.0,"turns":2.0},{"damage":20.0,"enemies":"Nightmare","floor":30.0,"turns":4.0},{"damage":8.0,"enemies":"Elementarium:VoidBeast","floor":31.0,"turns":2.0},{"damage":7.0,"enemies":"Elementarium:GoldenDragon","floor":33.0,"turns":5.0},{"damage":0.0,"enemies":"3 Shapes","floor":35.0,"turns":4.0},{"damage":0.0,"enemies":"Orb Walker","floor":38.0,"turns":3.0},{"damage":48.0,"enemies":"Nightmare","floor":41.0,"turns":4.0},{"damage":0.0,"enemies":"Transient","floor":42.0,"turns":4.0},{"damage":0.0,"enemies":"Maw","floor":45.0,"turns":2.0},{"damage":28.0,"enemies":"HollowMod:StalkingDevout","floor":48.0,"turns":4.0},{"damage":21.0,"enemies":"infinitespire:MassOfShapes","floor":50.0,"turns":5.0},{"damage":32.0,"enemies":"Shield and Spear","floor":54.0,"turns":6.0},{"damage":37,"enemies":"The Heart","floor":55,"turns":7}],"seed_played":"-4798121385870386787","potions_obtained":[{"floor":5.0,"key":"Milkshake"},{"floor":8.0,"key":"Elixir"},{"floor":14.0,"key":"Fire Potion"},{"floor":16.0,"key":"GamblersBrew"},{"floor":18.0,"key":"blueLaboratory:RecallPotion"},{"floor":20.0,"key":"LiquidMemories"},{"floor":30.0,"key":"blueLaboratory:FaithlessPotion"},{"floor":33.0,"key":"LiquidMemories"},{"floor":41.0,"key":"blueLaboratory:EpiphanyPotion"},{"floor":42.0,"key":"Strength Potion"},{"floor":48.0,"key":"Energy Potion"}],"is_trial":false,"path_per_floor":["M","?","M","M","M","R","M","E","T","R","M","M","R","M","R","B",null,"M","AVR","M","?","M","R","E","M","T","T","M","R","NM","M","R","B",null,"M","?","?","M","?","R","NM","M","T","$","M","$","R","E","R","B",null,"R","$","E","B",null],"character_chosen":"WATCHER","items_purchased":["jedi:fakemustache","Lantern","Turnip","ThirdEye","halation:PenCase","blueLaboratory:HorrorPotion","DoubleSpark+1"],"campfire_rested":2,"item_purchase_floors":[44,44,44,44,46,53,53],"current_hp_per_floor":[66,66,66,64,64,64,50,47,47,47,47,47,47,35,35,31,63,39,39,39,43,43,43,43,43,43,43,42,64,44,36,58,51,68,68,68,68,68,68,68,60,60,60,74,74,74,74,46,46,25,62,62,72,40,3],"gold":576,"neow_bonus":"TEN_PERCENT_HP_BONUS","is_daily":false,"chose_seed":false,"campfire_upgraded":11,"win_rate":0.0,"timestamp":1611209578,"path_taken":["M","?","M","M","M","R","M","E","T","R","?","M","R","M","R","BOSS","M","AVR","M","?","M","R","E","?","T","?","M","R","NM","M","R","BOSS","M","?","?","?","?","R","NM","?","T","$","?","$","R","E","R","BOSS","R","$","E","BOSS"],"items_purchased_type":["Relic","Relic","Relic","Card","Relic","Potion","Card"],"build_version":"2020-12-22","purchased_purges":1,"victory":true,"max_hp_per_floor":[74,74,74,74,74,74,74,74,74,74,74,74,74,74,74,74,74,74,74,74,74,74,74,74,74,74,74,74,74,74,74,74,74,74,74,74,74,74,74,74,74,74,74,74,74,74,74,74,74,74,74,74,74,74,74],"card_choices":[{"not_picked":["Protect","SashWhip"],"picked":"BowlingBash","floor":1.0},{"not_picked":["Replay:ManipulateFuture","Crescendo"],"picked":"Wallop","floor":3.0},{"not_picked":["CutThroughFate","SashWhip","JustLucky"],"picked":"SKIP","floor":4.0},{"not_picked":["MarkedMod:Acupuncture","MarkedMod:FirstStrike"],"picked":"LessonLearned","floor":5.0},{"not_picked":["FearNoEvil","Replay:ManipulateFuture"],"picked":"Perseverance","floor":7.0},{"not_picked":["SandsOfTime","MarkedMod:Acupuncture"],"picked":"Prostrate","floor":8.0},{"not_picked":["Evaluate","FlurryOfBlows"],"picked":"Meditate","floor":11.0},{"not_picked":["Nirvana","SashWhip"],"picked":"Replay:BluntJabs","floor":12.0},{"not_picked":["WheelKick","Pray","Replay:ManipulateFuture"],"picked":"SKIP","floor":14.0},{"not_picked":["LessonLearned","ConjureBlade"],"picked":"Devotion","floor":16.0},{"not_picked":["SporeBomb","JustLucky","WitchOfGreed","Replay:ManipulateFuture"],"picked":"SKIP","floor":18.0},{"not_picked":["DC","DarkMatter","PathToVictory"],"picked":"6A+1","floor":20.0},{"not_picked":["UnstableBomb","Replay:ManipulateFuture","MarkedMod:GracefulMovements"],"picked":"Ragnarok","floor":22.0},{"not_picked":["Sanctity","ChargingUp","ChargeUpSpray"],"picked":"Consecrate","floor":24.0},{"not_picked":["FollowUp","EventHorizon","Replay:ManipulateFuture+1","RefractionSpark"],"picked":"SKIP","floor":25.0},{"not_picked":["CutThroughFate","BlazingStar","DoubleSpark"],"picked":"Evaluate+1","floor":28.0},{"not_picked":["ReplayTheSpireMod:Haul","hubris:Fate"],"picked":"infinitespire:Execution","floor":30.0},{"not_picked":["JustLucky","BinaryStars","Crescendo"],"picked":"Robbery+1","floor":30.0},{"not_picked":["Study+1","Replay:Vibes+1","Perseverance"],"picked":"AsteroidBelt","floor":31.0},{"not_picked":["Pray","Collect+1","Crescendo"],"picked":"Wallop","floor":35.0},{"not_picked":["StuffTheSpire:Innocence","StuffTheSpire:Rapture"],"picked":"StuffTheSpire:CelestialWarden","floor":36.0},{"not_picked":["Replay:BluntJabs","FollowUp","ClearTheMind"],"picked":"Replay:AllIn","floor":38.0},{"not_picked":["Replay:Cycle+1","Replay:AtTheReady","EnergyRecoil"],"picked":"ChargeUpSpray+1","floor":41.0},{"not_picked":["Replay:DivineShield","EarthLightRay","Tantrum"],"picked":"Prostrate+1","floor":42.0},{"not_picked":["PathToVictory","FlyingSleeves+1","FollowUp","MarkedMod:GentlePulse"],"picked":"SKIP","floor":45.0},{"not_picked":["CollectingQuirk","PathToVictory+1","EscapeVelocity"],"picked":"Tantrum","floor":48.0},{"not_picked":["Replay:ManipulateFuture+1","OortCloud","Replay:Anticipation"],"picked":"FlurryOfBlows+1","floor":54.0}],"player_experience":1860572,"relics_obtained":[{"floor":8.0,"key":"aspiration:Lifesprig"},{"floor":9.0,"key":"HollowMod:LifeEnderRelic"},{"floor":24.0,"key":"halation:LettersToHer"},{"floor":26.0,"key":"halation:LettersToHer"},{"floor":26.0,"key":"conspire:TopHat"},{"floor":27.0,"key":"halation:LettersToHer"},{"floor":27.0,"key":"aspiration:TomeofQuesting"},{"floor":30.0,"key":"infinitespire:Satchel"},{"floor":37.0,"key":"conspire:DecoderRing"},{"floor":41.0,"key":"halation:Pancakes"},{"floor":43.0,"key":"halation:LettersToHer"},{"floor":48.0,"key":"jedi:bottledfury"},{"floor":54.0,"key":"hubris:MysteriousPyramids"}],"event_choices":[{"damage_healed":0.0,"max_hp_gain":0.0,"max_hp_loss":0.0,"gold_gain":0.0,"event_name":"Wheel of Change","player_choice":"Relic","floor":37.0,"gold_loss":0.0,"damage_taken":0.0},{"damage_healed":0.0,"max_hp_gain":0.0,"max_hp_loss":0.0,"gold_gain":0.0,"event_name":"Transmorgrifier","player_choice":"Ignored","floor":39.0,"gold_loss":0.0,"damage_taken":0.0}],"is_beta":false,"boss_relics":[{"not_picked":["aspiration:FutureDiary","aspiration:SecretTechniqueScroll"],"picked":"aspiration:MarisaSkillbook"},{"not_picked":["Honey Jar","sagemod:Falmels_Amulet"],"picked":"Empty Cage"}],"items_purged_floors":[19],"is_endless":false,"potions_floor_spawned":[5,8,12,14,16,18,20,30,33,41,42,48],"ascension_level":19}}