{"host":"ifd7sfhtlbe34qll","time":1611194509,"event":{"mods":["2.2 Compatiblity","BaseMod","Block Reminder","Colored Map","Curses Come First","Highlight Path","Minty Spire (QoL Compilation)","Potion Indicator Mod","Quick Restart","Relic Stats","StSLib"],"gold_per_floor":[16,16,32,46,59,89,89,122,122,137,170,245,280,280,280,352,352,362,124,137,137,153,181,181,181,181,37,67,87,87,103,103,179,179,191,202,77,102,102,102,102],"floor_reached":40,"language":"ENG","playtime":1811,"items_purged":["Strike_P","Strike_P","Strike_P"],"score":1158,"play_id":"0bf2b337-ed9b-4d33-9357-1095556b62aa","local_time":"20210120200149","is_ascension_mode":true,"campfire_choices":[{"data":"SignatureMove","floor":7,"key":"SMITH"},{"data":"Vengeance","floor":15,"key":"SMITH"},{"data":"Eruption","floor":25,"key":"SMITH"},{"data":"Vault","floor":30,"key":"SMITH"},{"data":"Adaptation","floor":32,"key":"SMITH"}],"circlet_count":0,"master_deck":["AscendersBane","Strike_P+1","Defend_P+1","Defend_P","Defend_P","Defend_P","Eruption+1","Vigilance","Blasphemy+1","FlurryOfBlows","SignatureMove+1","TalkToTheHand+1","FearNoEvil+1","Vengeance+1","CutThroughFate","FlurryOfBlows","SandsOfTime","Vault+1","CrushJoints+1","Tantrum","Adaptation+1","Wireheading","InnerPeace","LessonLearned+1","ForeignInfluence+1","Collect","MasterReality","MentalFortress"],"relics":["PureWater","Centennial Puzzle","Bag of Preparation","Whetstone","Pantograph","Bird Faced Urn","Yang","Runic Dome","OrangePellets","Question Card","Orichalcum","Busted Crown","Prayer Wheel"],"acts_visited":["Exordium","TheCity","TheBeyond"],"potions_floor_usage":[8,16,36,40],"damage_taken":[{"damage":7,"enemies":"2 Louse","floor":1,"turns":3},{"damage":0,"enemies":"Cultist","floor":3,"turns":2},{"damage":0,"enemies":"Jaw Worm","floor":4,"turns":1},{"damage":0,"enemies":"Exordium Wildlife","floor":5,"turns":2},{"damage":0,"enemies":"Gremlin Nob","floor":6,"turns":2},{"damage":16,"enemies":"3 Sentries","floor":8,"turns":4},{"damage":0,"enemies":"Blue Slaver","floor":10,"turns":2},{"damage":8,"enemies":"Lagavulin","floor":11,"turns":5},{"damage":0,"enemies":"Gremlin Nob","floor":13,"turns":2},{"damage":0,"enemies":"Slime Boss","floor":16,"turns":3},{"damage":6,"enemies":"2 Thieves","floor":18,"turns":3},{"damage":0,"enemies":"Shell Parasite","floor":20,"turns":3},{"damage":0,"enemies":"Centurion and Healer","floor":22,"turns":3},{"damage":1,"enemies":"Book of Stabbing","floor":23,"turns":4},{"damage":0,"enemies":"Gremlin Leader","floor":28,"turns":3},{"damage":0,"enemies":"Cultist and Chosen","floor":29,"turns":3},{"damage":0,"enemies":"Chosen and Byrds","floor":31,"turns":3},{"damage":27,"enemies":"Automaton","floor":33,"turns":7},{"damage":8,"enemies":"3 Darklings","floor":35,"turns":4},{"damage":2,"enemies":"Orb Walker","floor":36,"turns":2},{"damage":1,"enemies":"Mind Bloom Boss Battle","floor":38,"turns":4},{"damage":92,"enemies":"Nemesis","floor":40,"turns":5}],"seed_played":"3072238622785940551","potions_obtained":[{"floor":3,"key":"LiquidBronze"},{"floor":6,"key":"PowerPotion"},{"floor":8,"key":"EntropicBrew"},{"floor":22,"key":"Weak Potion"},{"floor":28,"key":"Energy Potion"},{"floor":31,"key":"PowerPotion"},{"floor":33,"key":"Fruit Juice"}],"is_trial":false,"path_per_floor":["M","?","M","M","M","E","R","E","T","M","E","?","E","T","R","B",null,"M","$","M","?","M","E","?","R","T","$","E","M","R","M","R","B",null,"M","M","$","?","?","E"],"character_chosen":"WATCHER","items_purchased":["OrangePellets","Wireheading"],"campfire_rested":0,"item_purchase_floors":[19,27],"current_hp_per_floor":[54,54,54,54,54,54,54,38,38,38,30,19,19,19,19,46,63,57,57,57,57,57,56,56,56,56,56,56,58,58,58,58,41,61,57,60,60,72,72,0,0],"gold":102,"neow_bonus":"THREE_RARE_CARDS","is_daily":false,"chose_seed":false,"campfire_upgraded":5,"win_rate":0.0,"timestamp":1611194509,"path_taken":["M","?","M","M","?","E","R","E","T","M","E","?","E","?","R","BOSS","M","$","M","?","M","E","?","R","T","$","E","M","R","M","R","BOSS","M","M","$","?","?","E"],"items_purchased_type":["Relic","Card"],"build_version":"2020-12-22","purchased_purges":3,"victory":false,"max_hp_per_floor":[68,68,68,68,68,68,68,68,68,68,68,68,68,68,68,68,68,68,68,68,68,68,68,68,68,68,68,68,68,68,68,68,68,68,68,73,73,73,73,73,73],"relic_stats":{"counters":[22,70],"Yang":[193],"Bag of Preparation":[32],"Whetstone":["Strike_P","TalkToTheHand"],"Orichalcum":[60],"Question Card":7,"OrangePellets":[6],"Centennial Puzzle":[25],"Busted Crown":6,"Pantograph":48,"Bird Faced Urn":[13],"Prayer Wheel":0,"obtain_stats":[{"Yang":14,"Bag of Preparation":8,"Whetstone":9,"Orichalcum":28,"Question Card":23,"Runic Dome":17,"OrangePellets":19,"Centennial Puzzle":6,"Busted Crown":34,"Pantograph":11,"Bird Faced Urn":13,"Prayer Wheel":38,"PureWater":0},{"Yang":9,"Bag of Preparation":6,"Whetstone":6,"Orichalcum":15,"Question Card":14,"Runic Dome":10,"OrangePellets":11,"Centennial Puzzle":5,"Busted Crown":18,"Pantograph":8,"Bird Faced Urn":9,"Prayer Wheel":21,"PureWater":0},{"Yang":23,"Bag of Preparation":14,"Whetstone":14,"Orichalcum":42,"Question Card":39,"Runic Dome":26,"OrangePellets":29,"Centennial Puzzle":10,"Busted Crown":55,"Pantograph":21,"Bird Faced Urn":23,"Prayer Wheel":65,"PureWater":0}]},"card_choices":[{"not_picked":["MasterReality","Establishment"],"picked":"Blasphemy","floor":0},{"not_picked":["Halt","Evaluate"],"picked":"FlurryOfBlows","floor":1},{"not_picked":["ClearTheMind","SashWhip"],"picked":"SignatureMove","floor":3},{"not_picked":["Halt","CarveReality"],"picked":"TalkToTheHand","floor":4},{"not_picked":["Prostrate","Worship"],"picked":"FearNoEvil","floor":5},{"not_picked":["Study","Collect"],"picked":"Vengeance","floor":6},{"not_picked":["Alpha","ClearTheMind"],"picked":"CutThroughFate","floor":8},{"not_picked":["EmptyBody","EmptyMind"],"picked":"FlurryOfBlows","floor":10},{"not_picked":["WheelKick","BowlingBash"],"picked":"SandsOfTime","floor":11},{"not_picked":["WaveOfTheHand","FollowUp","FlyingSleeves"],"picked":"SKIP","floor":13},{"not_picked":["Brilliance","Alpha"],"picked":"Vault","floor":16},{"not_picked":["JustLucky","ReachHeaven","CrushJoints"],"picked":"SKIP","floor":18},{"not_picked":["EmptyBody","Weave"],"picked":"CrushJoints+1","floor":20},{"not_picked":["ForeignInfluence","Conclude"],"picked":"Adaptation","floor":22},{"not_picked":["Indignation","Tantrum","Worship"],"picked":"SKIP","floor":23},{"not_picked":["EmptyFist","Prostrate","WreathOfFlame","Tantrum"],"picked":"SKIP","floor":28},{"not_picked":["SignatureMove","Study","CutThroughFate","Prostrate"],"picked":"SKIP","floor":29},{"not_picked":["Indignation","EmptyBody+1","FollowUp"],"picked":"InnerPeace","floor":31},{"not_picked":["SpiritShield","MasterReality","DeusExMachina"],"picked":"LessonLearned","floor":33},{"not_picked":["FollowUp"],"picked":"ForeignInfluence+1","floor":35},{"not_picked":["ClearTheMind","FlyingSleeves"],"picked":"SKIP","floor":36},{"not_picked":["PathToVictory+1"],"picked":"Collect","floor":38}],"player_experience":1436878,"relics_obtained":[{"floor":6,"key":"Centennial Puzzle"},{"floor":8,"key":"Bag of Preparation"},{"floor":9,"key":"Whetstone"},{"floor":11,"key":"Pantograph"},{"floor":13,"key":"Bird Faced Urn"},{"floor":14,"key":"Yang"},{"floor":23,"key":"Question Card"},{"floor":28,"key":"Orichalcum"},{"floor":38,"key":"Prayer Wheel"}],"event_choices":[{"damage_healed":0,"gold_gain":0,"player_choice":"Upgraded","damage_taken":0,"max_hp_gain":0,"max_hp_loss":0,"event_name":"Upgrade Shrine","floor":2,"gold_loss":0,"cards_upgraded":["Blasphemy"]},{"damage_healed":0,"gold_gain":75,"player_choice":"Gather Gold","damage_taken":11,"max_hp_gain":0,"max_hp_loss":0,"event_name":"World of Goop","floor":12,"gold_loss":0},{"damage_healed":0,"gold_gain":0,"player_choice":"Read","damage_taken":0,"max_hp_gain":0,"max_hp_loss":0,"event_name":"The Library","floor":21,"gold_loss":0,"cards_obtained":["Tantrum"]},{"damage_healed":0,"gold_gain":0,"player_choice":"Ignored","damage_taken":0,"max_hp_gain":0,"max_hp_loss":0,"event_name":"Vampires","floor":24,"gold_loss":0},{"damage_healed":0,"gold_gain":0,"player_choice":"Fight","damage_taken":0,"max_hp_gain":0,"max_hp_loss":0,"event_name":"MindBloom","floor":38,"gold_loss":0},{"damage_healed":0,"gold_gain":0,"player_choice":"2 cards matched","damage_taken":0,"max_hp_gain":0,"max_hp_loss":0,"event_name":"Match and Keep!","floor":39,"gold_loss":0,"cards_obtained":["MasterReality","MentalFortress"]}],"is_beta":false,"boss_relics":[{"not_picked":["Empty Cage","Astrolabe"],"picked":"Runic Dome"},{"not_picked":["SacredBark","Snecko Eye"],"picked":"Busted Crown"}],"items_purged_floors":[19,27,37],"is_endless":false,"potions_floor_spawned":[3,6,8,11,13,22,28,31,33],"killed_by":"Nemesis","ascension_level":20}}