{"host":"och2iitg9ibgz06n","time":1611262355,"event":{"mods":["Abigail Mod","AchievementEnabler","Aspiration","BaseMod","Colored Powertips","Dio Mod","Hubris","Hyrulean Relics","Infinite Spire","Minty Spire (QoL Compilation)","Replay The Spire","Small Relic Pack","StSLib","The Animator","The Bug Knight","The Hierophant","The Jungle","The Saiyan","TheHero","Wandering Minibosses","everything is the same but u backflip on backflip","slay the spire mod where everything is the same but ironclad has a cowboy hat","vexMod"],"gold_per_floor":[110,110,128,146,159,159,189,189,189,207,64,64,29,49,49,147,147,147,147],"floor_reached":18,"language":"ENG","playtime":808,"items_purged":[],"score":211,"play_id":"866aac49-701e-4cc2-943b-2fb1ea18a0c1","local_time":"20210121145235","is_ascension_mode":true,"campfire_choices":[{"data":"dioMod:DoubleTime","floor":6,"key":"SMITH"},{"floor":8,"key":"REST"},{"floor":15,"key":"RECALL"}],"circlet_count":0,"master_deck":["dioMod:Strike","dioMod:Strike+1","dioMod:Strike","dioMod:Strike","Bite","dioMod:Defend","dioMod:Defend","dioMod:Defend","dioMod:Defend","dioMod:DoubleTime+1","dioMod:ComboFever","dioMod:Hiss","dioMod:MudaMudaMuda","dioMod:Muda","dioMod:TripleThreat","dioMod:Hiss","dioMod:GoldVial"],"relics":["dioMod:VampireBlood","aspiration:Lifesprig","Gremlin Horn","PreservedInsect","hubris:ScarierMask"],"acts_visited":["Exordium","TheCity"],"potions_floor_usage":[16],"damage_taken":[{"damage":14,"enemies":"Jaw Worm","floor":1,"turns":5},{"damage":10,"enemies":"Small Slimes","floor":3,"turns":3},{"damage":13,"enemies":"2 Louse","floor":4,"turns":7},{"damage":21,"enemies":"Lots of Slimes","floor":5,"turns":6},{"damage":60,"enemies":"3 Sentries","floor":7,"turns":12},{"damage":19,"enemies":"Large Slime","floor":10,"turns":8},{"damage":16,"enemies":"Blue Slaver","floor":14,"turns":3},{"damage":58,"enemies":"The Guardian","floor":16,"turns":16},{"damage":84,"enemies":"Shell Parasite","floor":18,"turns":8}],"seed_played":"-8219464400463682094","potions_obtained":[{"floor":3,"key":"ColorlessPotion"},{"floor":5,"key":"FearPotion"},{"floor":10,"key":"Dexterity Potion"},{"floor":16,"key":"GamblersBrew"}],"is_trial":false,"path_per_floor":["M","?","M","M","M","R","E","R","T","M","$","?","?","M","R","B",null,"M"],"character_chosen":"THE_DEFAULT","items_purchased":["PreservedInsect"],"campfire_rested":1,"item_purchase_floors":[11],"current_hp_per_floor":[70,70,72,77,79,79,36,60,60,51,51,51,71,60,60,15,65,0,0],"gold":147,"neow_bonus":"TEN_PERCENT_HP_BONUS","is_daily":false,"chose_seed":false,"campfire_upgraded":1,"win_rate":0.0,"timestamp":1611262355,"path_taken":["M","?","M","M","M","R","E","R","T","M","$","?","?","M","R","BOSS","M"],"items_purchased_type":["Relic"],"build_version":"2020-12-22","purchased_purges":0,"victory":false,"max_hp_per_floor":[82,82,82,82,82,82,82,82,82,82,82,82,82,82,82,82,82,82,82],"card_choices":[{"not_picked":["dioMod:Hiss","dioMod:WRYYY"],"picked":"dioMod:DoubleTime","floor":1},{"not_picked":["dioMod:GoodbyeJojo","dioMod:SecretPlan"],"picked":"dioMod:ComboFever","floor":3},{"not_picked":["dioMod:SecretPlan","dioMod:LaserVision"],"picked":"dioMod:Hiss","floor":4},{"not_picked":["dioMod:VengefulMuda","dioMod:ComposedMuda"],"picked":"dioMod:MudaMudaMuda","floor":5},{"not_picked":["dioMod:SecretPlan","dioMod:FlyAway"],"picked":"dioMod:Muda","floor":7},{"not_picked":["dioMod:CautiousMuda","dioMod:WRYYY"],"picked":"dioMod:TripleThreat","floor":10},{"not_picked":["dioMod:Roundabout","dioMod:BloodShield"],"picked":"dioMod:Hiss","floor":14},{"not_picked":["dioMod:SevenPageMuda","dioMod:Pluck"],"picked":"dioMod:GoldVial","floor":16}],"player_experience":439878,"relics_obtained":[{"floor":7,"key":"aspiration:Lifesprig"},{"floor":9,"key":"Gremlin Horn"}],"event_choices":[{"damage_healed":20,"gold_gain":0,"player_choice":"Healed","damage_taken":0,"max_hp_gain":0,"max_hp_loss":0,"event_name":"The Cleric","floor":13,"gold_loss":35}],"is_beta":false,"boss_relics":[{"not_picked":["hubris:BlackHole","Replay:Drink Me"],"picked":"hubris:ScarierMask"}],"items_purged_floors":[],"is_endless":false,"potions_floor_spawned":[3,5,10,16],"killed_by":"Shell Parasite","ascension_level":6}}