{"host":"17uzppmr1r5fe5jj","time":1611231616,"event":{"mods":["BaseMod","Minty Spire (QoL Compilation)","StSLib","[IsaacMod]ÒÔÈö¼âËþ"],"gold_per_floor":[119,131,131,131,8,8,19,19,19,37,69,80,80,90,90,189,189,204,222,236,236,236,236],"floor_reached":22,"language":"ZHS","playtime":1090,"items_purged":["Strike_R","Pain"],"score":289,"play_id":"ac62da65-e93e-48f7-8045-0314de27a6c4","local_time":"20210121202016","is_ascension_mode":true,"campfire_choices":[{"data":"Immolate","floor":6,"key":"SMITH"},{"data":"Pommel Strike","floor":8,"key":"SMITH"},{"data":"Limit Break","floor":15,"key":"SMITH"}],"circlet_count":0,"master_deck":["Strike_R","Strike_R","Defend_R","Defend_R","Defend_R","Defend_R","Bash","DoctorFetus","Immolate+1","Shockwave","Pommel Strike+1","Combust","Limit Break+1","Headbutt","Flex","Berserk","Fiend Fire","Apotheosis","Offering","Inflame","Shrug It Off"],"relics":["Burning Blood","HushsDoor","DoctorsRemote","DeathBook","StoneCalendar","InkBottle","Mark of Pain"],"acts_visited":["Exordium","TheCity"],"potions_floor_usage":[11,16,16],"damage_taken":[{"damage":15.0,"enemies":"Small Slimes","floor":1.0,"turns":3.0},{"damage":4.0,"enemies":"Jaw Worm","floor":2.0,"turns":2.0},{"damage":10,"enemies":"2 Louse","floor":7,"turns":2},{"damage":18,"enemies":"Blue Slaver","floor":10,"turns":3},{"damage":0,"enemies":"Gremlin Nob","floor":11,"turns":1},{"damage":20,"enemies":"Looter","floor":12,"turns":3},{"damage":13,"enemies":"3 Louse","floor":14,"turns":2},{"damage":7,"enemies":"Slime Boss","floor":16,"turns":4},{"damage":25,"enemies":"Spheric Guardian","floor":18,"turns":4},{"damage":21,"enemies":"2 Thieves","floor":19,"turns":2},{"damage":0,"enemies":"Snecko","floor":20,"turns":2},{"damage":44,"enemies":"Cultist and Chosen","floor":22,"turns":4}],"seed_played":"-1579488865104852768","potions_obtained":[{"floor":7,"key":"SneckoOil"},{"floor":10,"key":"Fire Potion"},{"floor":11,"key":"ColorlessPotion"}],"is_trial":false,"path_per_floor":["M","M","?","?","$","R","M","R","T","M","E","M","T","M","R","B",null,"M","M","M","?","M"],"character_chosen":"IRONCLAD","items_purchased":["Pommel Strike","Apotheosis","Offering"],"campfire_rested":0,"item_purchase_floors":[5,17,17],"current_hp_per_floor":[71,73,78,78,78,78,74,74,74,62,68,54,54,47,47,46,72,53,38,44,44,0,0],"gold":236,"neow_bonus":"THREE_RARE_CARDS","is_daily":false,"chose_seed":false,"campfire_upgraded":3,"win_rate":0.0,"timestamp":1611231616,"path_taken":["M","M","?","?","$","R","M","R","T","M","E","M","?","M","R","BOSS","M","M","M","?","M"],"items_purchased_type":["Card","Card","Card"],"build_version":"2020-12-22","purchased_purges":2,"victory":false,"max_hp_per_floor":[80,80,85,85,85,85,85,85,85,85,85,85,85,85,85,85,72,72,72,72,72,72,72],"card_choices":[{"not_picked":[],"picked":"DoctorFetus","floor":0.0},{"not_picked":["Impervious","Reaper"],"picked":"Immolate","floor":0.0},{"not_picked":["Rampage","Shockwave"],"picked":"Bomb","floor":1.0},{"not_picked":["Havoc","Clash"],"picked":"Shockwave","floor":2.0},{"not_picked":["Flame Barrier","Cleave"],"picked":"Combust","floor":7},{"not_picked":["True Grit","Armaments"],"picked":"Limit Break","floor":10},{"not_picked":["Intimidate","Infernal Blade"],"picked":"Headbutt","floor":11},{"not_picked":["Hemokinesis","Searing Blow"],"picked":"Flex","floor":12},{"not_picked":["Intimidate","Iron Wave"],"picked":"Berserk","floor":14},{"not_picked":["Feed","Corruption"],"picked":"Fiend Fire","floor":16},{"not_picked":["Spot Weakness","Dual Wield"],"picked":"Inflame","floor":18},{"not_picked":["Armaments+1","Thunderclap+1","Iron Wave"],"picked":"SKIP","floor":19},{"not_picked":["Entrench","Heavy Blade"],"picked":"Shrug It Off","floor":20}],"player_experience":88795,"relics_obtained":[{"floor":9,"key":"DeathBook"},{"floor":11,"key":"StoneCalendar"},{"floor":13,"key":"InkBottle"}],"event_choices":[{"damage_healed":0.0,"max_hp_gain":5.0,"max_hp_loss":0.0,"gold_gain":0.0,"event_name":"Big Fish","player_choice":"Donut","floor":3.0,"gold_loss":0.0,"damage_taken":0.0},{"cards_removed":["Strike_R"],"damage_healed":0,"gold_gain":0,"player_choice":"Forget","damage_taken":0,"max_hp_gain":0,"max_hp_loss":0,"event_name":"Living Wall","floor":4,"gold_loss":0},{"cards_removed":["Strike_R"],"damage_healed":0,"gold_gain":0,"player_choice":"Elegance","damage_taken":0,"max_hp_gain":0,"max_hp_loss":0,"event_name":"Back to Basics","floor":21,"gold_loss":0}],"is_beta":false,"boss_relics":[{"not_picked":["Runic Cube","Busted Crown"],"picked":"Mark of Pain"},{"not_picked":[]}],"items_purged_floors":[5,17],"is_endless":false,"potions_floor_spawned":[7,10,11],"killed_by":"Cultist and Chosen","ascension_level":2}}