{"host":"1ekl8hlbnopmdapi","time":1611257691,"event":{"mods":["AchievementEnabler","BaseMod","Colored Map","Colored Powertips","DeckTracker","Googly Eyes","Highlight Path","Minty Spire (QoL Compilation)","Relic Sorter","StSLib","Synergy Search"],"gold_per_floor":[118,132,132,84,84,110,125,125,205,185,195,195,51,79,79,179,179,195,165,182,182,182,182,182,182,182,182,192,220,234,176,176,176,176],"floor_reached":33,"language":"ENG","playtime":1358,"items_purged":[],"score":463,"play_id":"4f2b6eef-fffe-46cb-abd8-72b1cac647c1","local_time":"20210121143451","is_ascension_mode":true,"campfire_choices":[{"floor":8,"key":"REST"},{"floor":12,"key":"REST"},{"floor":15,"key":"REST"},{"floor":23,"key":"REST"},{"floor":25,"key":"REST"},{"floor":27,"key":"REST"},{"floor":32,"key":"REST"}],"circlet_count":0,"master_deck":["AscendersBane","Strike_B","Strike_B","Strike_B","Defend_B","Defend_B","Defend_B","Defend_B","Zap","Dualcast","FTL","Gash","Leap","Leap","Steam","Leap","Seek","Machine Learning","FTL","Streamline+1","Stack","Redo+1","Sweeping Beam+1","Leap"],"relics":["Cracked Core","Pantograph","WingedGreaves","Sling","Lizard Tail","Nuclear Battery","Tiny Chest","Pear","Pocketwatch","Potion Belt"],"acts_visited":["Exordium","TheCity"],"potions_floor_usage":[14,16,24,30,33],"damage_taken":[{"damage":1,"enemies":"Cultist","floor":1,"turns":3},{"damage":7,"enemies":"Jaw Worm","floor":2,"turns":2},{"damage":44,"enemies":"Gremlin Nob","floor":6,"turns":5},{"damage":10,"enemies":"Small Slimes","floor":7,"turns":2},{"damage":11,"enemies":"Looter","floor":11,"turns":4},{"damage":26,"enemies":"3 Sentries","floor":14,"turns":8},{"damage":30,"enemies":"The Guardian","floor":16,"turns":14},{"damage":20,"enemies":"3 Byrds","floor":18,"turns":7},{"damage":20,"enemies":"2 Thieves","floor":19,"turns":5},{"damage":45,"enemies":"Centurion and Healer","floor":20,"turns":7},{"damage":40,"enemies":"Snecko","floor":24,"turns":7},{"damage":15,"enemies":"Snake Plant","floor":28,"turns":5},{"damage":25,"enemies":"Gremlin Leader","floor":29,"turns":8},{"damage":31,"enemies":"Centurion and Healer","floor":30,"turns":8},{"damage":58,"enemies":"Champ","floor":33,"turns":11}],"seed_played":"-5684025330347490231","potions_obtained":[{"floor":1,"key":"EssenceOfDarkness"},{"floor":11,"key":"SmokeBomb"},{"floor":14,"key":"Regen Potion"},{"floor":29,"key":"DistilledChaos"},{"floor":30,"key":"BlessingOfTheForge"}],"is_trial":false,"path_per_floor":["M","M","?","$","T","E","M","R","T","?","M","R","$","E","R","B",null,"M","M","M","?","?","R","M","R","T","R","M","E","M","?","R","B"],"character_chosen":"DEFECT","items_purchased":["Leap","Sling"],"campfire_rested":7,"item_purchase_floors":[4,13],"current_hp_per_floor":[74,67,59,59,59,15,5,29,29,29,18,42,42,16,40,50,74,54,34,31,31,31,55,15,39,49,76,61,36,5,5,32,0,0],"gold":176,"neow_bonus":"TEN_PERCENT_HP_BONUS","is_daily":false,"chose_seed":false,"campfire_upgraded":0,"win_rate":0.0,"timestamp":1611257691,"path_taken":["M","M","?","?","?","E","M","R","T","?","M","R","?","E","R","BOSS","M","M","M","?","?","R","?","R","T","R","M","E","M","?","R","BOSS"],"items_purchased_type":["Card","Relic"],"build_version":"2020-12-22","purchased_purges":0,"victory":false,"max_hp_per_floor":[82,82,82,82,82,82,82,82,82,82,82,82,82,82,82,82,82,82,82,82,82,82,82,82,82,92,92,92,92,92,92,92,92,92],"card_choices":[{"not_picked":["Double Energy","Reinforced Body"],"picked":"FTL","floor":1},{"not_picked":["Sunder","Coolheaded"],"picked":"Gash","floor":2},{"not_picked":["Lockon","Turbo"],"picked":"Leap","floor":6},{"not_picked":["Barrage","Storm"],"picked":"Steam","floor":7},{"not_picked":["Steam","Hologram"],"picked":"Leap","floor":11},{"not_picked":["Go for the Eyes","Leap"],"picked":"Seek","floor":14},{"not_picked":["Meteor Strike","Echo Form"],"picked":"Machine Learning","floor":16},{"not_picked":["Turbo","Steam"],"picked":"FTL","floor":18},{"not_picked":["Beam Cell","Recycle"],"picked":"Streamline+1","floor":19},{"not_picked":["Beam Cell","Turbo"],"picked":"Stack","floor":20},{"not_picked":["Beam Cell","Steam"],"picked":"Redo+1","floor":28},{"not_picked":["Reprogram","Cold Snap+1"],"picked":"Sweeping Beam+1","floor":29},{"not_picked":["Compile Driver","Turbo+1"],"picked":"Leap","floor":30}],"player_experience":479903,"relics_obtained":[{"floor":5,"key":"Pantograph"},{"floor":6,"key":"WingedGreaves"},{"floor":14,"key":"Lizard Tail"},{"floor":26,"key":"Pear"},{"floor":29,"key":"Pocketwatch"}],"event_choices":[{"damage_healed":0,"gold_gain":0,"player_choice":"Damaged","damage_taken":8,"max_hp_gain":0,"max_hp_loss":0,"event_name":"Wheel of Change","floor":3,"gold_loss":0},{"damage_healed":0,"gold_gain":0,"player_choice":"Left Gold","damage_taken":0,"max_hp_gain":0,"max_hp_loss":0,"event_name":"World of Goop","floor":10,"gold_loss":20},{"damage_healed":0,"gold_gain":0,"player_choice":"Opened","damage_taken":0,"relics_obtained":["Tiny Chest"],"max_hp_gain":0,"max_hp_loss":0,"event_name":"The Mausoleum","floor":21,"gold_loss":0},{"cards_removed":["Strike_B"],"damage_healed":0,"gold_gain":0,"player_choice":"Purged","damage_taken":0,"max_hp_gain":0,"max_hp_loss":0,"event_name":"Purifier","floor":22,"gold_loss":0},{"damage_healed":0,"gold_gain":0,"player_choice":"Paid Gold","damage_taken":0,"relics_obtained":["Potion Belt"],"max_hp_gain":0,"max_hp_loss":0,"event_name":"WeMeetAgain","floor":31,"gold_loss":58}],"is_beta":false,"boss_relics":[{"not_picked":["Fusion Hammer","Snecko Eye"],"picked":"Nuclear Battery"}],"items_purged_floors":[],"is_endless":false,"potions_floor_spawned":[1,11,14,24,29,30],"killed_by":"Champ","ascension_level":10}}