{"host":"appz8zkad29u9482","time":1611188566,"event":{"mods":["2.2 Compatiblity","Act Like it!","Aspiration","BaseMod","Beaked The Cultist","Better Altar","Better Match","Better Note","Better Sensory Stone","Better Skull","Better Third Choice","BetterRewards","CapriCore","Chen","Conspire","Disable Question Mark Monsters","Energized Spire","Gensokyo","GifTheSpireLib","Gold Saver","Halation","Hermit","Hubris","Infinite Spire","Jedi Mod","Marisa????????","Minty Spire (QoL Compilation)","Permanent Neow","Reimu??????","Replay The Spire","Spicy Shops","StSLib","Strawberry Spire","Stuff the Spire","The Administrix","The Bug Knight","The Construct","The Cursed","The Hierophant","The Immortal","The Servant 0.9.4","yUi"],"gold_per_floor":[682,699,699,699,715,715,715,715,739,292,324,61,61,103,103,253,253,288,163,163,227,247,326,326,354,354,465,568,568,568],"floor_reached":29,"language":"ENG","playtime":1117,"items_purged":["Injury"],"score":309,"play_id":"4b530ac5-e377-4b91-b99a-451bf7efaa52","local_time":"20210120142246","is_ascension_mode":true,"campfire_choices":[{"data":"MasterSpark","floor":6,"key":"SMITH"},{"data":"LuminesStrike","floor":8,"key":"SMITH"},{"floor":13,"key":"DIG"},{"floor":15,"key":"DIG"},{"floor":24,"key":"DIG"}],"circlet_count":0,"master_deck":["Strike_MRS","Strike_MRS+1","Strike_MRS","Strike_MRS","Defend_MRS+1","Defend_MRS","Defend_MRS","Defend_MRS","MasterSpark+1","UpSweep","OneTimeOff","GrandCross","GrandCross","LuminesStrike+1","IllusionStar+1","Replay:BasicMightCard+1","OrrerysSun+1","MysteriousBeam","WitchOfGreed+1","hubris:EnhanceAbility+1","WitchOfGreed+1","CollectingQuirk","AsteroidBelt","MeteoricShower","WitchOfGreed+1","PulseMagic","Robbery","MillisecondPulsars+1","GalacticHalo+1"],"relics":["MiniHakkero","halation:EternalFortune","Frozen Egg 2","halation:LettersToHer","Shovel","Replay:Baseball","Meat on the Bone","strawberrySpire:SolarisEssence","Ancient Tea Set","Gremlin Food","Pondfish Scales","The Courier","halation:KoshaPiece"],"acts_visited":["Exordium","TheCity"],"potions_floor_usage":[16,16,21,22,22,23,25,25,25,27,28,29,29,29],"damage_taken":[{"damage":4,"enemies":"Jaw Worm","floor":1,"turns":3},{"damage":6,"enemies":"Small Slimes","floor":2,"turns":3},{"damage":0,"enemies":"2 Louse","floor":5,"turns":1},{"damage":4,"enemies":"3 Sentries","floor":11,"turns":3},{"damage":3,"enemies":"Blue Slaver","floor":14,"turns":2},{"damage":20,"enemies":"Hexaghost","floor":16,"turns":7},{"damage":0,"enemies":"Spheric Guardian","floor":18,"turns":2},{"damage":26,"enemies":"2 Thieves","floor":21,"turns":3},{"damage":30,"enemies":"Snake Plant","floor":22,"turns":3},{"damage":13,"enemies":"Book of Stabbing","floor":23,"turns":5},{"damage":15,"enemies":"Slavers","floor":25,"turns":3},{"damage":31,"enemies":"Book of Stabbing","floor":27,"turns":5},{"damage":9,"enemies":"Cultist and Chosen","floor":28,"turns":6},{"damage":19,"enemies":"Masked Bandits","floor":29,"turns":2}],"seed_played":"7545658614700161713","potions_obtained":[{"floor":1,"key":"ZuzhouPotion:ReiMu"},{"floor":11,"key":"Block Potion"},{"floor":14,"key":"Strength Potion"},{"floor":16,"key":"EssenceOfSteel"},{"floor":16,"key":"Swift Potion"},{"floor":18,"key":"Explosive Potion"},{"floor":21,"key":"jedi:tentaclejuice"},{"floor":22,"key":"BottledSpark"},{"floor":23,"key":"Explosive Potion"},{"floor":23,"key":"jedi:StrikingPotion"},{"floor":25,"key":"Fruit Juice"},{"floor":27,"key":"Energy Potion"},{"floor":27,"key":"BottledSpark"},{"floor":27,"key":"Swift Potion"},{"floor":28,"key":"AttackPotion"}],"is_trial":false,"path_per_floor":["M","M","?","?","M","R","?","R","T","$","E","$","R","M","R","B",null,"M","$","?","M","M","E","R","E","T","E","M","?"],"character_chosen":"MARISA","items_purchased":["IllusionStar+1","Replay:BasicMightCard+1","OrrerysSun+1","WitchOfGreed+1","hubris:EnhanceAbility+1","MeteoricShower","WitchOfGreed+1"],"campfire_rested":0,"item_purchase_floors":[10,10,10,12,12,19,19],"current_hp_per_floor":[71,65,68,52,52,52,52,52,52,52,48,48,48,45,45,37,78,78,78,78,52,34,33,33,30,30,16,19,0,0],"gold":568,"neow_bonus":"THREE_CARDS","is_daily":false,"chose_seed":false,"campfire_upgraded":2,"win_rate":0.0,"timestamp":1611188566,"path_taken":["M","M","?","?","M","R","?","R","T","$","E","?","R","M","R","BOSS","M","$","?","?","M","E","R","E","T","E","M","?"],"items_purchased_type":["Card","Card","Card","Card","Card","Card","Card"],"build_version":"2020-12-22","purchased_purges":1,"victory":false,"max_hp_per_floor":[75,75,78,78,78,78,78,78,78,78,78,78,78,78,78,78,78,78,78,78,78,78,78,78,78,78,83,83,83,83],"card_choices":[{"not_picked":["GravityBeat","NonDirectionalLaser"],"picked":"OneTimeOff","floor":0},{"not_picked":["AsteroidBelt","DC"],"picked":"GrandCross","floor":1},{"not_picked":["WitchLeyline","PropBag"],"picked":"GrandCross","floor":2},{"not_picked":["WitchLeyline","6A"],"picked":"LuminesStrike","floor":5},{"not_picked":["DC","GalacticHalo"],"picked":"MysteriousBeam","floor":11},{"not_picked":["NonDirectionalLaser","FairyDestructionRay"],"picked":"WitchOfGreed+1","floor":14},{"not_picked":["SuperNova+1","EscapeVelocity+1"],"picked":"CollectingQuirk","floor":16},{"not_picked":["SporeBomb","PowerUp"],"picked":"AsteroidBelt","floor":18},{"not_picked":["SprinkleStarSeal","FairyDestructionRay","NonDirectionalLaser"],"picked":"SKIP","floor":21},{"not_picked":["MagicChant","6A"],"picked":"PulseMagic","floor":22},{"not_picked":["DragonMeteor","Acceleration","DarkSpark"],"picked":"SKIP","floor":23},{"not_picked":["WitchLeyline","MagicChant"],"picked":"Robbery","floor":25},{"not_picked":["DoubleSpark","GravityBeat+1"],"picked":"MillisecondPulsars+1","floor":27},{"not_picked":["ChargeUpSpray","UnstableBomb"],"picked":"GalacticHalo+1","floor":28}],"player_experience":576021,"relics_obtained":[{"floor":9,"key":"halation:LettersToHer"},{"floor":11,"key":"Shovel"},{"floor":13,"key":"Replay:Baseball"},{"floor":15,"key":"Meat on the Bone"},{"floor":23,"key":"Ancient Tea Set"},{"floor":24,"key":"Gremlin Food"},{"floor":25,"key":"Pondfish Scales"},{"floor":26,"key":"halation:LettersToHer"},{"floor":26,"key":"The Courier"},{"floor":27,"key":"halation:KoshaPiece"}],"event_choices":[{"damage_healed":68,"gold_gain":0,"player_choice":"Upgrade","damage_taken":16,"max_hp_gain":0,"max_hp_loss":78,"event_name":"betterThird:BetterShining","floor":4,"gold_loss":0,"cards_upgraded":["Defend_MRS","Strike_MRS"]},{"damage_healed":0,"gold_gain":0,"player_choice":"Fought Bandits","damage_taken":0,"max_hp_gain":0,"max_hp_loss":0,"event_name":"Masked Bandits","floor":29,"gold_loss":0}],"is_beta":false,"boss_relics":[{"not_picked":["ReplayTheSpireMod:SealedPack","energizedSpire:NeverEndingSparkler"],"picked":"strawberrySpire:SolarisEssence"}],"items_purged_floors":[10],"is_endless":false,"potions_floor_spawned":[1,11,22,25,27],"killed_by":"Masked Bandits","ascension_level":2}}