{"host":"9dr4xkxgnke2i0td","time":1611271835,"event":{"mods":["AchievementEnabler","BaseMod","DeckTracker","Highlight Path","Minty Spire (QoL Compilation)","Shop Mod","StSLib"],"gold_per_floor":[109,126,140,151,164,193,193,226,274,305,270,46,46,75,75,173,173,191,202,202,228,327,356,367,400,400,433,433,433,453,82,82,181,181,201,213,213,231,242,242,68,98,124,161,161,195,254,292,292,396,396,414,111,136,146,146,184,203,246,255,295,295,311,347,360,360,473,473,485,400,419,434,359,396,396,435,472,33,72,81,110,142,142,249,249,274,27,1044,645,645,645,645,664,704,352,386,403,403,438,438,549,549,569,634,634,634,215,215,290,290,315,13,50,74,116,116,116,226,226,245,245,3,28,46,46,80,30,60,60,104,137,176,205,205,309,309,332,351,360,381,267,267,323,335,347,347],"floor_reached":145,"language":"ENG","playtime":7517,"items_purged":["Regret","Normality","Normality","Doubt","Dagger Spray","MasterReality","Doppelganger"],"score":4921,"play_id":"fcd19fef-2165-4b9e-85d6-e444568fbc98","local_time":"20210121173035","daily_mods":["SealedDeck","Red Cards","Green Cards","Elite Swarm"],"is_ascension_mode":false,"campfire_choices":[{"data":"Feel No Pain","floor":7.0,"key":"SMITH"},{"data":"Malaise","floor":15.0,"key":"SMITH"},{"data":"Vault","floor":29.0,"key":"SMITH"},{"data":"Apotheosis","floor":32.0,"key":"SMITH"},{"data":"After Image","floor":40.0,"key":"SMITH"},{"floor":45.0,"key":"DIG"},{"floor":49.0,"key":"DIG"},{"data":"Doppelganger","floor":62.0,"key":"SMITH"},{"floor":66.0,"key":"DIG"},{"floor":75.0,"key":"DIG"},{"floor":83.0,"key":"DIG"},{"floor":91.0,"key":"DIG"},{"floor":98.0,"key":"DIG"},{"floor":100.0,"key":"DIG"},{"data":"Whirlwind","floor":108.0,"key":"SMITH"},{"floor":110.0,"key":"DIG"},{"data":"Adrenaline","floor":117.0,"key":"SMITH"},{"data":"Limit Break","floor":125.0,"key":"SMITH"},{"data":"Burst","floor":129.0,"key":"SMITH"},{"floor":134,"key":"DIG"},{"floor":142,"key":"DIG"},{"floor":144,"key":"DIG"}],"circlet_count":0,"master_deck":["Backflip","Blade Dance+1","Feel No Pain+1","PiercingWail","Whirlwind+1","Whirlwind+1","Crescendo","WreathOfFlame","Protect+1","Uppercut+1","EmptyBody","Demon Form+1","Juggernaut+1","TalkToTheHand","Malaise+1","Vault+1","Cloak And Dagger","After Image+1","Reaper","Skewer","Apotheosis+1","LessonLearned","Protect+1","WreathOfFlame+1","Trip","Good Instincts","Panacea","Acrobatics+1","Backflip","Limit Break+1","Berserk","Cloak And Dagger+1","Glass Knife","Omniscience","Demon Form","Doppelganger+1","Barricade","Ragnarok","Dark Embrace","Exhume","Adrenaline+1","Doppelganger","Scrawl","Fiend Fire","InnerPeace+1","InnerPeace","Backflip","Acrobatics+1","Wish+1","SpiritShield","Envenom+1","Whirlwind+1","Omniscience+1","Master of Strategy","DeusExMachina","Accuracy+1","Adrenaline+1","Burst+1","Whirlwind+1","SpiritShield","Offering","Offering","Dark Embrace+1","Night Terror","Wallop+1","Omniscience+1","Blade Dance+1","Predator","PiercingWail+1","Inflame+1","Limit Break","Envenom+1"],"relics":["HolyWater","Akabeko","Regal Pillow","MealTicket","Gambling Chip","Chemical X","Whetstone","Cursed Key","Oddly Smooth Stone","Torii","Bag of Preparation","Unceasing Top","Orichalcum","Lantern","Shovel","Dead Branch","Bag of Marbles","Vajra","CeramicFish","Sundial","CloakClasp","FossilizedHelix","Mango","Nunchaku","StoneCalendar","Lizard Tail","Ginger","Odd Mushroom","Toy Ornithopter","Mummified Hand","Philosopher\u0027s Stone","Dream Catcher","Thread and Needle","Ancient Tea Set","HandDrill","MerchantsRug","Smiling Mask","Anchor","Snecko Eye","PreservedInsect","Centennial Puzzle","Membership Card","Frozen Egg 2","Potion Belt","Omamori","Calipers","Lee\u0027s Waffle","Blood Vial","Turnip","Happy Flower","Calling Bell","Bronze Scales","Yang","Incense Burner","Damaru","Boot","DollysMirror","Strawberry","WingedGreaves","Pen Nib","TeardropLocket","Pantograph","SlaversCollar","War Paint","Darkstone Periapt","Bird Faced Urn","Empty Cage","Tiny Chest","Orrery","MawBank","Juzu Bracelet"],"acts_visited":["Exordium","TheCity","TheBeyond","TheCity","TheBeyond","TheCity","TheBeyond"],"potions_floor_usage":[140],"damage_taken":[{"damage":0.0,"enemies":"Cultist","floor":1.0,"turns":3.0},{"damage":0.0,"enemies":"Small Slimes","floor":2.0,"turns":2.0},{"damage":0.0,"enemies":"Jaw Worm","floor":3.0,"turns":2.0},{"damage":3.0,"enemies":"Exordium Thugs","floor":4.0,"turns":3.0},{"damage":9.0,"enemies":"Blue Slaver","floor":5.0,"turns":3.0},{"damage":0.0,"enemies":"3 Sentries","floor":6.0,"turns":1.0},{"damage":0.0,"enemies":"Gremlin Nob","floor":8.0,"turns":1.0},{"damage":2.0,"enemies":"3 Sentries","floor":10.0,"turns":2.0},{"damage":42.0,"enemies":"Lagavulin","floor":14.0,"turns":8.0},{"damage":0.0,"enemies":"Hexaghost","floor":16.0,"turns":5.0},{"damage":4.0,"enemies":"2 Thieves","floor":18.0,"turns":2.0},{"damage":0.0,"enemies":"Chosen","floor":19.0,"turns":5.0},{"damage":1.0,"enemies":"Gremlin Leader","floor":23.0,"turns":4.0},{"damage":0.0,"enemies":"Sentry and Sphere","floor":24.0,"turns":3.0},{"damage":6.0,"enemies":"Slavers","floor":25.0,"turns":2.0},{"damage":0.0,"enemies":"Book of Stabbing","floor":27.0,"turns":4.0},{"damage":0.0,"enemies":"Snecko","floor":30.0,"turns":3.0},{"damage":0.0,"enemies":"Automaton","floor":33.0,"turns":6.0},{"damage":0.0,"enemies":"Orb Walker","floor":35.0,"turns":1.0},{"damage":0.0,"enemies":"3 Darklings","floor":36.0,"turns":2.0},{"damage":0.0,"enemies":"Jaw Worm Horde","floor":38.0,"turns":1.0},{"damage":0.0,"enemies":"Maw","floor":39.0,"turns":4.0},{"damage":0.0,"enemies":"Giant Head","floor":42.0,"turns":4.0},{"damage":0.0,"enemies":"Reptomancer","floor":44.0,"turns":1.0},{"damage":0.0,"enemies":"Nemesis","floor":46.0,"turns":1.0},{"damage":0.0,"enemies":"Mind Bloom Boss Battle","floor":47.0,"turns":6.0},{"damage":0.0,"enemies":"Reptomancer","floor":48.0,"turns":3.0},{"damage":10.0,"enemies":"Donu and Deca","floor":50.0,"turns":6.0},{"damage":0.0,"enemies":"Cultist","floor":52.0,"turns":1.0},{"damage":0.0,"enemies":"The Mushroom Lair","floor":54.0,"turns":1.0},{"damage":0.0,"enemies":"Small Slimes","floor":55.0,"turns":1.0},{"damage":0.0,"enemies":"Gremlin Nob","floor":57.0,"turns":1.0},{"damage":0.0,"enemies":"Jaw Worm","floor":58.0,"turns":1.0},{"damage":0.0,"enemies":"3 Sentries","floor":59.0,"turns":1.0},{"damage":0.0,"enemies":"Lagavulin","floor":61.0,"turns":3.0},{"damage":0.0,"enemies":"2 Fungi Beasts","floor":63.0,"turns":1.0},{"damage":0.0,"enemies":"Gremlin Nob","floor":64.0,"turns":1.0},{"damage":0.0,"enemies":"Lots of Slimes","floor":65.0,"turns":3.0},{"damage":0.0,"enemies":"Slime Boss","floor":67.0,"turns":3.0},{"damage":0.0,"enemies":"3 Byrds","floor":69.0,"turns":1.0},{"damage":0.0,"enemies":"Spheric Guardian","floor":71.0,"turns":1.0},{"damage":0.0,"enemies":"Cultist and Chosen","floor":72.0,"turns":1.0},{"damage":0.0,"enemies":"Gremlin Leader","floor":74.0,"turns":1.0},{"damage":0.0,"enemies":"Slavers","floor":76.0,"turns":1.0},{"damage":0.0,"enemies":"Book of Stabbing","floor":77.0,"turns":2.0},{"damage":0.0,"enemies":"Gremlin Leader","floor":79.0,"turns":1.0},{"damage":0.0,"enemies":"Book of Stabbing","floor":81.0,"turns":1.0},{"damage":0.0,"enemies":"Slavers","floor":82.0,"turns":2.0},{"damage":0.0,"enemies":"Champ","floor":84.0,"turns":3.0},{"damage":0.0,"enemies":"3 Shapes","floor":86.0,"turns":3.0},{"damage":0.0,"enemies":"3 Darklings","floor":93.0,"turns":2.0},{"damage":0.0,"enemies":"Nemesis","floor":94.0,"turns":1.0},{"damage":0.0,"enemies":"Giant Head","floor":96.0,"turns":2.0},{"damage":0.0,"enemies":"Sphere and 2 Shapes","floor":97.0,"turns":1.0},{"damage":0.0,"enemies":"Reptomancer","floor":99.0,"turns":2.0},{"damage":16.0,"enemies":"Awakened One","floor":101.0,"turns":5.0},{"damage":0.0,"enemies":"Cultist","floor":103.0,"turns":1.0},{"damage":0.0,"enemies":"Gremlin Nob","floor":104.0,"turns":1.0},{"damage":0.0,"enemies":"3 Sentries","floor":111.0,"turns":1.0},{"damage":0.0,"enemies":"Lagavulin","floor":113.0,"turns":2.0},{"damage":0.0,"enemies":"Small Slimes","floor":114.0,"turns":1.0},{"damage":0.0,"enemies":"Gremlin Nob","floor":115.0,"turns":1.0},{"damage":0.0,"enemies":"The Guardian","floor":118.0,"turns":1.0},{"damage":0.0,"enemies":"Shell Parasite","floor":120.0,"turns":1.0},{"damage":0.0,"enemies":"2 Thieves","floor":123.0,"turns":1.0},{"damage":0.0,"enemies":"Shelled Parasite and Fungi","floor":124.0,"turns":2.0},{"damage":0.0,"enemies":"Slavers","floor":126.0,"turns":2.0},{"damage":0.0,"enemies":"Book of Stabbing","floor":128.0,"turns":3.0},{"damage":0.0,"enemies":"Slavers","floor":130.0,"turns":1.0},{"damage":0,"enemies":"Gremlin Leader","floor":131,"turns":1},{"damage":0,"enemies":"Book of Stabbing","floor":132,"turns":1},{"damage":0,"enemies":"Snecko","floor":133,"turns":1},{"damage":0,"enemies":"Collector","floor":135,"turns":2},{"damage":0,"enemies":"Orb Walker","floor":137,"turns":1},{"damage":0,"enemies":"3 Shapes","floor":138,"turns":1},{"damage":8,"enemies":"Transient","floor":140,"turns":4},{"damage":0,"enemies":"Nemesis","floor":143,"turns":1},{"damage":0,"enemies":"Reptomancer","floor":145,"turns":1}],"seed_played":"5598641027442216062","potions_obtained":[{"floor":2.0,"key":"AttackPotion"},{"floor":4.0,"key":"Energy Potion"},{"floor":6.0,"key":"Strength Potion"},{"floor":10.0,"key":"Dexterity Potion"},{"floor":16.0,"key":"Energy Potion"},{"floor":19.0,"key":"Block Potion"},{"floor":25.0,"key":"SteroidPotion"},{"floor":30.0,"key":"PowerPotion"},{"floor":36.0,"key":"GamblersBrew"},{"floor":42.0,"key":"SkillPotion"},{"floor":50.0,"key":"SteroidPotion"},{"floor":52.0,"key":"Block Potion"},{"floor":55.0,"key":"Fruit Juice"},{"floor":59.0,"key":"Block Potion"},{"floor":82.0,"key":"LiquidMemories"},{"floor":93.0,"key":"AttackPotion"},{"floor":103.0,"key":"Fire Potion"},{"floor":104.0,"key":"DuplicationPotion"},{"floor":113.0,"key":"SpeedPotion"},{"floor":123.0,"key":"CultistPotion"},{"floor":128.0,"key":"Strength Potion"},{"floor":143,"key":"PowerPotion"}],"is_trial":true,"path_per_floor":["M","M","M","M","M","E","R","E","T","E","?","$","?","E","R","B",null,"M","M","?","T","?","E","M","E","T","E","?","R","M","$","R","B",null,"M","M","?","M","M","R","$","E","T","E","R","E","?","E","R","B",null,"M","$","?","M","?","E","M","E","T","E","R","M","E","M","R","B",null,"M","?","M","M","?","E","R","E","E","$","E","?","E","E","R","B",null,"M","$","?","$","?","R","?","M","E","$","E","M","R","E","R","B",null,"M","?","?","?","$","R","?","R","E","$","E","M","E","?","R","B",null,"M","?","$","M","M","R","E","$","E","R","E","E","E","M","R","B",null,"M","M","?","M","$","R","E","R","E"],"character_chosen":"WATCHER","items_purchased":["Chemical X","TalkToTheHand","Apotheosis","Fruit Juice","Lantern","Backflip","Ginger","Ancient Tea Set","HandDrill","MerchantsRug","PreservedInsect","Centennial Puzzle","InnerPeace","Membership Card","Frozen Egg 2","Potion Belt","CultistPotion","Backflip","Calipers","Lee\u0027s Waffle","Blood Vial","DollysMirror","Master of Strategy","Strawberry","WingedGreaves","TeardropLocket","Pantograph","War Paint","Darkstone Periapt","Tiny Chest","Orrery"],"campfire_rested":0,"item_purchase_floors":[12,12,31,31,41,41,53,78,78,78,87,87,87,89,89,89,89,89,95,95,95,107,107,107,107,112,112,122,122,141,141],"current_hp_per_floor":[72,72,72,69,60,60,60,60,60,58,72,72,72,30,30,30,72,68,68,68,68,68,67,67,61,61,61,61,61,61,77,77,77,77,77,77,67,67,67,67,77,77,77,77,77,77,91,91,91,81,91,91,91,91,96,96,96,96,96,96,96,96,96,96,96,96,96,96,96,96,96,96,96,96,96,96,96,96,96,96,96,96,96,96,96,96,96,96,96,96,96,96,96,96,103,103,103,103,103,103,87,103,103,103,96,89,110,110,99,99,106,110,110,110,110,110,110,110,110,110,110,110,110,110,110,110,110,110,110,110,110,110,110,110,110,107,107,107,107,105,107,107,107,107,107,107],"gold":347,"neow_bonus":"","is_daily":false,"chose_seed":false,"campfire_upgraded":10,"win_rate":0.0,"timestamp":1611271835,"path_taken":["M","M","M","M","?","E","R","E","T","E","?","$","?","E","R","BOSS","M","M","?","?","?","E","?","E","T","E","?","R","M","$","R","BOSS","M","M","?","M","M","R","$","E","T","E","R","E","?","E","R","BOSS","M","$","?","M","?","E","M","E","T","E","R","M","E","M","R","BOSS","M","?","M","M","?","E","R","E","E","$","E","?","E","E","R","BOSS","M","$","?","$","?","R","?","M","E","$","E","?","R","E","R","BOSS","M","?","?","?","$","R","?","R","E","$","E","?","E","?","R","BOSS","M","?","$","M","M","R","E","$","E","R","E","?","E","M","R","BOSS","M","M","?","M","$","R","E","R","E"],"items_purchased_type":["Relic","Card","Card","Potion","Relic","Card","Relic","Relic","Relic","Relic","Relic","Relic","Card","Relic","Relic","Relic","Potion","Card","Relic","Relic","Relic","Relic","Card","Relic","Relic","Relic","Relic","Relic","Relic","Relic","Relic"],"build_version":"2020-12-22","purchased_purges":7,"victory":false,"max_hp_per_floor":[72,72,72,72,72,72,72,72,72,72,72,72,72,72,72,72,72,72,72,72,72,72,72,72,72,72,72,72,72,72,77,77,77,77,77,77,77,77,77,77,77,77,77,77,77,77,91,91,91,91,91,91,91,91,96,96,96,96,96,96,96,96,96,96,96,96,96,96,96,96,96,96,96,96,96,96,96,96,96,96,96,96,96,96,96,96,96,96,96,96,96,96,96,96,103,103,103,103,103,103,103,103,103,103,103,103,110,110,110,110,110,110,110,110,110,110,110,110,110,110,110,110,110,110,110,110,110,110,110,110,110,110,110,110,110,107,107,107,107,107,107,107,107,107,107,107],"card_choices":[{"not_picked":["CutThroughFate","EmptyFist"],"picked":"Protect","floor":1.0},{"not_picked":["Blood for Blood","Prostrate"],"picked":"Headbutt","floor":2.0},{"not_picked":["Crippling Poison","A Thousand Cuts"],"picked":"Uppercut","floor":3.0},{"not_picked":["Uppercut","Caltrops"],"picked":"Infinite Blades","floor":4.0},{"not_picked":["True Grit","Protect"],"picked":"EmptyBody","floor":5.0},{"not_picked":["Barricade","After Image"],"picked":"Demon Form","floor":6.0},{"not_picked":["Die Die Die","Demon Form"],"picked":"Juggernaut","floor":8.0},{"not_picked":["Juggernaut","Brilliance"],"picked":"MasterReality","floor":10.0},{"not_picked":["Establishment","Wraith Form v2"],"picked":"Malaise","floor":14.0},{"not_picked":["Double Tap","Doppelganger"],"picked":"Vault","floor":16.0},{"not_picked":["Outmaneuver","Warcry","Deadly Poison"],"picked":"SKIP","floor":18.0},{"not_picked":["Endless Agony+1","Flying Knee"],"picked":"Cloak And Dagger","floor":19.0},{"not_picked":["Wraith Form v2","Demon Form","Unload"],"picked":"SKIP","floor":23.0},{"not_picked":["Iron Wave+1","Evolve+1","SandsOfTime+1"],"picked":"SKIP","floor":24.0},{"not_picked":["Bludgeon","Venomology"],"picked":"After Image","floor":25.0},{"not_picked":["SpiritShield","Demon Form"],"picked":"Reaper","floor":27.0},{"not_picked":["Sever Soul","Underhanded Strike"],"picked":"Skewer","floor":30.0},{"not_picked":["Bullet Time","Brilliance"],"picked":"LessonLearned","floor":33.0},{"not_picked":["Power Through+1","Pommel Strike+1"],"picked":"Protect+1","floor":35.0},{"not_picked":["Combust","Clash+1"],"picked":"WreathOfFlame+1","floor":36.0},{"not_picked":["Enlightenment","Magnetism"],"picked":"Trip","floor":37.0},{"not_picked":["Deep Breath","Discovery"],"picked":"Good Instincts","floor":37.0},{"not_picked":["Madness","Mind Blast"],"picked":"Panacea","floor":37.0},{"not_picked":["Shockwave+1","Tactician+1"],"picked":"Acrobatics","floor":38.0},{"not_picked":["Havoc","FlyingSleeves","Protect"],"picked":"SKIP","floor":39.0},{"not_picked":["Judgement","Storm of Steel"],"picked":"Limit Break","floor":42.0},{"not_picked":["Corruption","Bludgeon"],"picked":"Berserk","floor":44.0},{"not_picked":["Feed","Night Terror","Storm of Steel"],"picked":"SKIP","floor":46.0},{"not_picked":["Warcry","Backflip"],"picked":"Cloak And Dagger+1","floor":47.0},{"not_picked":["Envenom","Devotion"],"picked":"Glass Knife","floor":48.0},{"not_picked":["Unload","Exhume"],"picked":"Omniscience","floor":50.0},{"not_picked":["Consecrate","Flying Knee","Rage"],"picked":"SKIP","floor":52.0},{"not_picked":["Evaluate","Thunderclap","Poisoned Stab"],"picked":"SKIP","floor":55.0},{"not_picked":["Die Die Die","Storm of Steel"],"picked":"Demon Form","floor":57.0},{"not_picked":["ClearTheMind","Crippling Poison","Flex"],"picked":"SKIP","floor":58.0},{"not_picked":["Tools of the Trade","Alpha"],"picked":"Doppelganger","floor":59.0},{"not_picked":["SpiritShield","Berserk"],"picked":"Barricade","floor":61.0},{"not_picked":["Body Slam","Pommel Strike","FlurryOfBlows"],"picked":"SKIP","floor":63.0},{"not_picked":["Unload","Juggernaut"],"picked":"Doppelganger","floor":64.0},{"not_picked":["Poisoned Stab","Evaluate","Fire Breathing"],"picked":"SKIP","floor":65.0},{"not_picked":["Fiend Fire","Double Tap"],"picked":"Ragnarok","floor":67.0},{"not_picked":["Cleave","EmptyFist+1","Tactician+1"],"picked":"SKIP","floor":69.0},{"not_picked":["Pommel Strike+1","Bane"],"picked":"Dark Embrace","floor":71.0},{"not_picked":["ClearTheMind","Deflect","Flex"],"picked":"SKIP","floor":72.0},{"not_picked":["Tools of the Trade","Juggernaut"],"picked":"Exhume","floor":74.0},{"not_picked":["Barricade","Malaise"],"picked":"Adrenaline","floor":76.0},{"not_picked":["SpiritShield","Storm of Steel"],"picked":"Doppelganger","floor":77.0},{"not_picked":["Phantasmal Killer","Devotion"],"picked":"Scrawl","floor":79.0},{"not_picked":["Bludgeon","Night Terror","Alpha"],"picked":"SKIP","floor":81.0},{"not_picked":["Establishment","Grand Finale","Limit Break"],"picked":"SKIP","floor":82.0},{"not_picked":["Vault","Feed"],"picked":"Fiend Fire","floor":84.0},{"not_picked":["Metallicize+1","Reflex"],"picked":"InnerPeace+1","floor":86.0},{"not_picked":["ClearTheMind","Pommel Strike+1"],"picked":"Acrobatics+1","floor":93.0},{"not_picked":["Double Tap","Unload"],"picked":"Wish","floor":94.0},{"not_picked":["DevaForm+1","Feed"],"picked":"SpiritShield","floor":96.0},{"not_picked":["Body Slam","Cleave","Prepared+1"],"picked":"SKIP","floor":97.0},{"not_picked":["Devotion+1","Tools of the Trade+1","Unload"],"picked":"SKIP","floor":99.0},{"not_picked":["Demon Form+1","Bullet Time"],"picked":"Envenom+1","floor":101.0},{"not_picked":["Eviscerate","Sword Boomerang"],"picked":"Whirlwind","floor":103.0},{"not_picked":["Alpha","Bludgeon","ConjureBlade"],"picked":"SKIP","floor":111.0},{"not_picked":["Unload","Demon Form+1"],"picked":"DeusExMachina","floor":113.0},{"not_picked":["Heavy Blade","True Grit"],"picked":"Accuracy+1","floor":114.0},{"not_picked":["Malaise","Limit Break"],"picked":"Adrenaline","floor":115.0},{"not_picked":["DeusExMachina","Die Die Die"],"picked":"Burst","floor":118.0},{"not_picked":["Swivel","Eviscerate","Evolve+1"],"picked":"SKIP","floor":120.0},{"not_picked":["Body Slam","Cloak And Dagger+1"],"picked":"Whirlwind+1","floor":123.0},{"not_picked":["Outmaneuver","Carnage","ClearTheMind+1"],"picked":"SKIP","floor":124.0},{"not_picked":["Storm of Steel","Establishment+1"],"picked":"SpiritShield","floor":126.0},{"not_picked":["Brilliance","Blasphemy","Limit Break"],"picked":"SKIP","floor":128.0},{"not_picked":["Storm of Steel","Blasphemy"],"picked":"Offering","floor":130.0},{"not_picked":["Alpha","A Thousand Cuts+1","Establishment+1"],"picked":"SKIP","floor":131},{"not_picked":["Grand Finale","Double Tap"],"picked":"Offering","floor":132},{"not_picked":["Acrobatics+1","Blade Dance+1"],"picked":"Dark Embrace+1","floor":133},{"not_picked":["Double Tap","Wish"],"picked":"Night Terror","floor":135},{"not_picked":["Heavy Blade+1","Slice+1"],"picked":"Wallop+1","floor":137},{"not_picked":["Wireheading+1","Prostrate","Crescendo"],"picked":"SKIP","floor":138},{"not_picked":["Headbutt","PiercingWail"],"picked":"Blade Dance+1","floor":140},{"not_picked":["PathToVictory","Tactician+1"],"picked":"Predator","floor":141},{"not_picked":["Twin Strike","Poisoned Stab+1"],"picked":"PiercingWail+1","floor":141},{"not_picked":["Clothesline+1","Halt+1"],"picked":"Inflame+1","floor":141},{"not_picked":["Cleave","EmptyBody"],"picked":"Limit Break","floor":141},{"not_picked":["Wish","Berserk+1"],"picked":"Envenom+1","floor":143}],"player_experience":718508,"relics_obtained":[{"floor":6.0,"key":"Akabeko"},{"floor":8.0,"key":"Regal Pillow"},{"floor":9.0,"key":"MealTicket"},{"floor":10.0,"key":"Gambling Chip"},{"floor":14.0,"key":"Whetstone"},{"floor":21.0,"key":"Oddly Smooth Stone"},{"floor":23.0,"key":"Torii"},{"floor":25.0,"key":"Bag of Preparation"},{"floor":26.0,"key":"Unceasing Top"},{"floor":27.0,"key":"Orichalcum"},{"floor":42.0,"key":"Shovel"},{"floor":42.0,"key":"Dead Branch"},{"floor":43.0,"key":"Bag of Marbles"},{"floor":44.0,"key":"Vajra"},{"floor":44.0,"key":"CeramicFish"},{"floor":45.0,"key":"Sundial"},{"floor":46.0,"key":"CloakClasp"},{"floor":46.0,"key":"FossilizedHelix"},{"floor":47.0,"key":"Mango"},{"floor":48.0,"key":"Nunchaku"},{"floor":48.0,"key":"StoneCalendar"},{"floor":49.0,"key":"Lizard Tail"},{"floor":54.0,"key":"Odd Mushroom"},{"floor":60.0,"key":"WingedGreaves"},{"floor":66.0,"key":"Mummified Hand"},{"floor":75.0,"key":"Thread and Needle"},{"floor":83.0,"key":"Anchor"},{"floor":91.0,"key":"Omamori"},{"floor":98.0,"key":"Turnip"},{"floor":100.0,"key":"Happy Flower"},{"floor":102.0,"key":"Bronze Scales"},{"floor":102.0,"key":"Yang"},{"floor":102.0,"key":"Incense Burner"},{"floor":110.0,"key":"Pen Nib"},{"floor":134,"key":"Bird Faced Urn"},{"floor":142,"key":"MawBank"},{"floor":144,"key":"Juzu Bracelet"}],"event_choices":[{"damage_healed":18.0,"max_hp_gain":0.0,"max_hp_loss":0.0,"gold_gain":0.0,"event_name":"The Cleric","player_choice":"Healed","floor":11.0,"gold_loss":35.0,"damage_taken":0.0},{"damage_healed":0.0,"max_hp_gain":0.0,"max_hp_loss":0.0,"gold_gain":0.0,"event_name":"Liars Game","player_choice":"Ignored","floor":13.0,"gold_loss":0.0,"damage_taken":0.0},{"damage_healed":0.0,"max_hp_gain":0.0,"max_hp_loss":0.0,"gold_gain":0.0,"event_name":"Beggar","player_choice":"Ignored","floor":20.0,"gold_loss":0.0,"damage_taken":0.0},{"damage_healed":0.0,"max_hp_gain":0.0,"max_hp_loss":0.0,"gold_gain":99.0,"event_name":"Nest","player_choice":"Stole From Cult","floor":22.0,"gold_loss":0.0,"damage_taken":0.0},{"damage_healed":0.0,"max_hp_gain":0.0,"max_hp_loss":0.0,"gold_gain":0.0,"event_name":"Vampires","player_choice":"Ignored","floor":28.0,"gold_loss":0.0,"damage_taken":0.0},{"damage_healed":0.0,"max_hp_gain":0.0,"max_hp_loss":0.0,"gold_gain":0.0,"event_name":"SensoryStone","player_choice":"Memory 3","floor":37.0,"gold_loss":0.0,"damage_taken":10.0},{"damage_healed":0.0,"max_hp_gain":0.0,"max_hp_loss":0.0,"gold_gain":0.0,"event_name":"MindBloom","player_choice":"Fight","floor":47.0,"gold_loss":0.0,"damage_taken":0.0},{"damage_healed":0.0,"max_hp_gain":0.0,"max_hp_loss":0.0,"gold_gain":0.0,"event_name":"Mushrooms","player_choice":"Fought Mushrooms","floor":54.0,"gold_loss":0.0,"damage_taken":0.0},{"damage_healed":0.0,"max_hp_gain":0.0,"max_hp_loss":0.0,"gold_gain":0.0,"event_name":"Dead Adventurer","player_choice":"Searched \u00271\u0027 times","floor":56.0,"gold_loss":0.0,"damage_taken":0.0,"relics_obtained":["Toy Ornithopter"]},{"damage_healed":0.0,"max_hp_gain":0.0,"max_hp_loss":0.0,"gold_gain":0.0,"event_name":"Addict","player_choice":"Obtained Relic","floor":70.0,"gold_loss":85.0,"damage_taken":0.0,"relics_obtained":["Dream Catcher"]},{"cards_removed":["Regret"],"damage_healed":0.0,"max_hp_gain":0.0,"max_hp_loss":0.0,"gold_gain":0.0,"event_name":"Beggar","player_choice":"Gave Gold","floor":73.0,"gold_loss":75.0,"damage_taken":0.0},{"damage_healed":0.0,"max_hp_gain":0.0,"max_hp_loss":0.0,"gold_gain":0.0,"event_name":"The Mausoleum","player_choice":"Opened","floor":80.0,"gold_loss":0.0,"damage_taken":0.0,"relics_obtained":["Smiling Mask"],"cards_obtained":["Writhe"]},{"damage_healed":0.0,"max_hp_gain":0.0,"max_hp_loss":0.0,"gold_gain":999.0,"event_name":"MindBloom","player_choice":"Gold","floor":88.0,"gold_loss":0.0,"damage_taken":0.0,"cards_obtained":["Normality","Normality"]},{"damage_healed":0.0,"max_hp_gain":0.0,"max_hp_loss":0.0,"gold_gain":0.0,"event_name":"Tomb of Lord Red Mask","player_choice":"Ignored","floor":90.0,"gold_loss":0.0,"damage_taken":0.0},{"cards_removed":["Headbutt"],"damage_healed":0.0,"max_hp_gain":0.0,"max_hp_loss":0.0,"gold_gain":0.0,"event_name":"Falling","player_choice":"Removed Attack","floor":92.0,"gold_loss":0.0,"damage_taken":0.0},{"damage_healed":0.0,"max_hp_gain":0.0,"max_hp_loss":0.0,"gold_gain":0.0,"event_name":"Dead Adventurer","player_choice":"Searched \u00272\u0027 times","floor":104.0,"gold_loss":0.0,"damage_taken":0.0,"relics_obtained":["Damaru"]},{"damage_healed":0.0,"max_hp_gain":0.0,"max_hp_loss":0.0,"gold_gain":0.0,"event_name":"Scrap Ooze","player_choice":"Success","floor":105.0,"gold_loss":0.0,"damage_taken":7.0,"relics_obtained":["Boot"]},{"cards_removed":["Infinite Blades"],"damage_healed":0.0,"max_hp_gain":0.0,"max_hp_loss":0.0,"gold_gain":0.0,"event_name":"Golden Wing","player_choice":"Card Removal","floor":106.0,"gold_loss":0.0,"damage_taken":7.0},{"damage_healed":0.0,"max_hp_gain":0.0,"max_hp_loss":0.0,"gold_gain":75.0,"event_name":"World of Goop","player_choice":"Gather Gold","floor":109.0,"gold_loss":0.0,"damage_taken":11.0},{"damage_healed":0.0,"max_hp_gain":0.0,"max_hp_loss":0.0,"gold_gain":0.0,"event_name":"Living Wall","player_choice":"Grow","floor":116.0,"gold_loss":0.0,"damage_taken":0.0,"cards_upgraded":["Adrenaline"]},{"cards_removed":["EmptyBody"],"damage_healed":0.0,"max_hp_gain":0.0,"max_hp_loss":0.0,"gold_gain":0.0,"event_name":"Back to Basics","player_choice":"Elegance","floor":121.0,"gold_loss":0.0,"damage_taken":0.0},{"damage_healed":0,"gold_gain":0,"player_choice":"Copied","damage_taken":0,"max_hp_gain":0,"max_hp_loss":0,"event_name":"Duplicator","floor":139,"gold_loss":0,"cards_obtained":["Omniscience"]}],"is_beta":false,"boss_relics":[{"not_picked":["Velvet Choker","VioletLotus"],"picked":"Cursed Key"},{"not_picked":["Tiny House","Philosopher\u0027s Stone"],"picked":"Black Star"},{"not_picked":["Busted Crown","Runic Pyramid"],"picked":"HolyWater"},{"not_picked":["Tiny House","SlaversCollar"],"picked":"Philosopher\u0027s Stone"},{"not_picked":["Empty Cage","Coffee Dripper"],"picked":"Snecko Eye"},{"not_picked":["Runic Pyramid","Velvet Choker"],"picked":"Calling Bell"},{"not_picked":["Astrolabe","Busted Crown"],"picked":"SlaversCollar"},{"not_picked":["Tiny House","SacredBark"],"picked":"Empty Cage"}],"items_purged_floors":[31,89,95,107,112,122,127],"is_endless":true,"potions_floor_spawned":[2,4,6,10,16,19,23,25,30,36,42,44,47,50,52,55,59,64,65,69,72,77,82,84,86,93,96,103,104,113,118,123,124,128,131,133,143],"killed_by":"Reptomancer","ascension_level":0}}