{"host":"lgow17wc5wawziz1","time":1611203141,"event":{"mods":["Act Like it!","Aspiration","BaseMod","Better Third Choice","Colored Map","Colored Powertips","Gensokyo","HololiveMod","Hubris","Koishi","Minty Spire (QoL Compilation)","MostiFishMod","Quick Restart","Replay The Spire","StSLib","¡¼?Úª?ø«¡½REMEMod"],"gold_per_floor":[110,35,52,52,14,48,48,48,74,106,106,132,132,132,132,229,229,243,243,112,126,226,226,256,256,282,291,291,335,354,373,373,484,484,498,498,398,407,432,432,468,468,493,545,574,96,96,134,134,134],"floor_reached":51,"language":"KOR","playtime":3065,"items_purged":["Shame","Koishi:BasicStrike"],"score":835,"play_id":"a49d7553-7111-40f1-807f-a5a12d24f582","local_time":"20210121132541","is_ascension_mode":true,"campfire_choices":[{"data":"Koishi:PredatoryInstincts","floor":7.0,"key":"SMITH"},{"data":"Koishi:CatchAndRose","floor":11.0,"key":"SMITH"},{"data":"Koishi:BramblyRoseGarden","floor":15.0,"key":"SMITH"},{"data":"Koishi:PerfectMindControl","floor":23.0,"key":"SMITH"},{"data":"Gensokyo:MenInBlack","floor":28.0,"key":"SMITH"},{"data":"Koishi:BasicStrike","floor":32.0,"key":"PURGE"},{"data":"Koishi:MindStellarRelief","floor":40,"key":"SMITH"},{"data":"Gensokyo:Kunekune","floor":47,"key":"SMITH"},{"data":"Koishi:FidgetySnatcher","floor":49,"key":"SMITH"}],"circlet_count":0,"master_deck":["Koishi:BasicDefend","Koishi:BasicDefend","Koishi:Provoke","Koishi:HauntingSlash","Koishi:BramblyRoseGarden+1","Koishi:PredatoryInstincts+1","Koishi:TremblingHands","Koishi:GeneticsOfTheUnconscious","Koishi:UnconsciousUrges","Koishi:CatchAndRose+1","Koishi:StingingMind","Koishi:GhostParty+1","Koishi:PerfectMindControl+1","Koishi:Jaunt","Koishi:TremblingHands","Koishi:Untouchable","Koishi:PredatoryInstincts","Gensokyo:AllTheWorldsEvil","Gensokyo:MenInBlack+1","Koishi:PerfectMindControl","Koishi:FidgetySnatcher+1","Koishi:MindStellarRelief+1","Gensokyo:SalamanderShield","Koishi:MentalBreakdown","Koishi:Vanish+1","Gensokyo:Kunekune+1","Koishi:PerfectMindControl+1","Koishi:StingingMind+1"],"relics":["Koishi:ImaginaryFriend","Juzu Bracelet","Strawberry","Darkstone Periapt","Dream Catcher","Regal Pillow","MealTicket","SlaversCollar","Gensokyo:RedStar","Bird Faced Urn","Peace Pipe","StrikeDummy","Art of War","CeramicFish","CaptainsWheel","Anchor","Sozu","Koishi:BloodstainedWhiteRose","Calipers","Happy Flower","Ancient Tea Set","DollysMirror","ClockworkSouvenir","Smiling Mask"],"acts_visited":["Gensokyo:Gensokyoest"],"potions_floor_usage":[50],"damage_taken":[{"damage":4.0,"enemies":"Gensokyo:2_Kodama","floor":1.0,"turns":3.0},{"damage":3.0,"enemies":"Gensokyo:Python","floor":3.0,"turns":3.0},{"damage":0.0,"enemies":"Gensokyo:Cirno","floor":6.0,"turns":4.0},{"damage":1.0,"enemies":"Gensokyo:Mamizou","floor":10.0,"turns":9.0},{"damage":17.0,"enemies":"Gensokyo:Aya","floor":12.0,"turns":5.0},{"damage":11.0,"enemies":"Gensokyo:Kokoro","floor":16.0,"turns":12.0},{"damage":2.0,"enemies":"Gensokyo:CosmicMonolith","floor":18.0,"turns":7.0},{"damage":10.0,"enemies":"Gensokyo:Chomper","floor":21.0,"turns":6.0},{"damage":4.0,"enemies":"Gensokyo:Chomper","floor":22.0,"turns":9.0},{"damage":2.0,"enemies":"Gensokyo:Koishi","floor":24.0,"turns":6.0},{"damage":12.0,"enemies":"Gensokyo:Tenshi","floor":29.0,"turns":5.0},{"damage":0.0,"enemies":"Gensokyo:Monolith_and_Dog","floor":30.0,"turns":8.0},{"damage":4.0,"enemies":"Gensokyo:Wraith","floor":31.0,"turns":7.0},{"damage":3.0,"enemies":"Gensokyo:Eiki","floor":33.0,"turns":12.0},{"damage":2,"enemies":"Gensokyo:3_Bats","floor":35,"turns":6},{"damage":0,"enemies":"Gensokyo:AncientGuardian","floor":39,"turns":10},{"damage":27,"enemies":"Gensokyo:Doremy","floor":41,"turns":7},{"damage":1,"enemies":"Gensokyo:Dusk_and_Dawn","floor":45,"turns":6},{"damage":3,"enemies":"Gensokyo:Marisa","floor":48,"turns":8},{"damage":10,"enemies":"Gensokyo:Yuyuko","floor":50,"turns":8}],"seed_played":"5522880040304859175","potions_obtained":[{"floor":1.0,"key":"ColorlessPotion"},{"floor":3.0,"key":"DistilledChaos"},{"floor":10.0,"key":"Energy Potion"},{"floor":24.0,"key":"LiquidMemories"},{"floor":30.0,"key":"ColorlessPotion"}],"is_trial":false,"path_per_floor":["M","$","M","?","$","E","R","?","T","E","R","E","?","?","R","B",null,"M","?","COS","M","?","R","E","?","T","?","R","E","M","M","R","B",null,"M","?","$","?","M","R","E","?","T","T","M","COS","R","E","R","B",null],"character_chosen":"KOISHI","items_purchased":["Koishi:GeneticsOfTheUnconscious"],"campfire_rested":0,"item_purchase_floors":[5],"current_hp_per_floor":[57,57,55,52,52,56,56,56,56,64,64,49,23,23,23,33,67,67,67,67,67,67,67,67,73,73,66,66,66,66,66,66,66,66,66,66,66,66,66,66,66,40,40,40,66,66,66,66,66,66],"gold":134,"neow_bonus":"TRANSFORM_TWO_CARDS","is_daily":false,"chose_seed":false,"campfire_upgraded":8,"win_rate":0.0,"timestamp":1611203141,"path_taken":["M","?","M","?","$","E","R","?","T","E","R","E","?","?","R","BOSS","M","?","COS","M","?","R","E","?","T","?","R","E","M","M","R","BOSS","BOSS","M","?","$","?","M","R","E","?","T","?","M","COS","R","E","R","BOSS"],"items_purchased_type":["Card"],"build_version":"2020-12-22","purchased_purges":2,"victory":true,"max_hp_per_floor":[60,60,60,67,67,67,67,67,67,67,67,67,67,67,67,67,67,67,67,67,67,67,67,67,73,73,66,66,66,66,66,66,66,66,66,66,66,66,66,66,66,66,66,66,66,66,66,66,66,66],"card_choices":[{"not_picked":["Koishi:RacingHeart","Koishi:EmbersOfLove"],"picked":"Koishi:PredatoryInstincts","floor":1.0},{"not_picked":["Koishi:EmbryosDream","Koishi:ParalyzingFear"],"picked":"Koishi:TremblingHands","floor":3.0},{"not_picked":["Koishi:PhantomStrike","Koishi:RacingHeart"],"picked":"Koishi:UnconsciousUrges","floor":6.0},{"not_picked":["Koishi:JumpScare","Koishi:UnconsciousUrges"],"picked":"Koishi:CatchAndRose","floor":10.0},{"not_picked":["Koishi:SubconsciousSweep","Koishi:IdleWhim"],"picked":"Koishi:StingingMind","floor":12.0},{"not_picked":["Koishi:HeartStoppingHorror","Koishi:MentalBreakdown"],"picked":"Koishi:PerfectMindControl","floor":16.0},{"not_picked":["Koishi:RorschachInDanmaku+1","Koishi:ApparitionsStalkTheNight+1"],"picked":"Koishi:Jaunt","floor":18.0},{"not_picked":["Koishi:SpiritedAway","Koishi:UnconsciousUprising"],"picked":"Koishi:TremblingHands","floor":21.0},{"not_picked":["Koishi:CatchAndRose+1","Koishi:UnconsciousUprising"],"picked":"Koishi:Untouchable","floor":22.0},{"not_picked":["Koishi:JumpScare","Koishi:CatchAndRose"],"picked":"Koishi:PredatoryInstincts","floor":24.0},{"not_picked":["Gensokyo:RedCapeBlueCape","Gensokyo:Apocalypse"],"picked":"Gensokyo:MenInBlack","floor":27.0},{"not_picked":["Koishi:VengefulSpirit+1","Koishi:StingingMind"],"picked":"Koishi:PerfectMindControl","floor":29.0},{"not_picked":["Koishi:BloodcurdlingScream","Koishi:JumpScare+1"],"picked":"Koishi:FidgetySnatcher","floor":30.0},{"not_picked":["Koishi:TraumaticStroke+1","Koishi:Jaunt","Koishi:FidgetySnatcher"],"picked":"SKIP","floor":31.0},{"not_picked":["Koishi:ImGoingToCallYouNow","Koishi:TerrifyingSpectre"],"picked":"Koishi:MindStellarRelief","floor":33},{"not_picked":["Koishi:Bloodlust+1","Koishi:ReleaseOfTheId+1","Koishi:HeartfeltFancy+1"],"picked":"SKIP","floor":35},{"not_picked":["Gensokyo:MorningMist","Gensokyo:BrilliantDragonBullet"],"picked":"Gensokyo:SalamanderShield","floor":38},{"not_picked":["Koishi:UnansweredLove","Koishi:JumpScare","Koishi:MassHysteria"],"picked":"SKIP","floor":39},{"not_picked":["Koishi:UnansweredLove","Koishi:MassHysteria"],"picked":"Koishi:JumpScare","floor":39},{"not_picked":["Koishi:PredatoryInstincts","Koishi:Untouchable"],"picked":"Koishi:MentalBreakdown","floor":41},{"not_picked":["Koishi:UnconsciousUprising","Koishi:Vanish+1","Koishi:YoukaiPolygraph"],"picked":"SKIP","floor":45},{"not_picked":["Koishi:UnconsciousUprising","Koishi:YoukaiPolygraph"],"picked":"Koishi:Vanish+1","floor":45},{"not_picked":["Koishi:JumpScare","Koishi:DNAsFlaw+1"],"picked":"Koishi:StingingMind+1","floor":48}],"player_experience":335640,"relics_obtained":[{"floor":6.0,"key":"Darkstone Periapt"},{"floor":9.0,"key":"Dream Catcher"},{"floor":10.0,"key":"Regal Pillow"},{"floor":12.0,"key":"MealTicket"},{"floor":22.0,"key":"Bird Faced Urn"},{"floor":22.0,"key":"Peace Pipe"},{"floor":24.0,"key":"Art of War"},{"floor":26.0,"key":"CeramicFish"},{"floor":29.0,"key":"Anchor"},{"floor":41,"key":"Koishi:BloodstainedWhiteRose"},{"floor":43,"key":"Happy Flower"},{"floor":44,"key":"Ancient Tea Set"},{"floor":48,"key":"Smiling Mask"}],"event_choices":[],"is_beta":false,"boss_relics":[{"not_picked":["Tiny House","Runic Pyramid"],"picked":"SlaversCollar"},{"not_picked":["Pandora\u0027s Box","Cursed Key"],"picked":"Sozu"}],"items_purged_floors":[2,37],"is_endless":false,"potions_floor_spawned":[1,3,10,24,30,31,45],"ascension_level":1}}