{"host":"fbnmuibw0uyiaf00","time":1611232614,"event":{"mods":["BaseMod","Colored Powertips","Lobotomy","LobotomyExtend","Marisa£®ÏF”Í°°ƒß¿Ì…≥£©","Minty Spire (QoL Compilation)","Remilia£®¿Ÿ√◊¿Ú—«£©","UnlockEverythingMod","Youmu£®ªÍ∆«—˝√Œ£©","[IsaacMod]“‘»ˆº‚À˛"],"gold_per_floor":[114,125,139,214,228,228,247,258,282,293,328,328,353,368,368,468,468,484,484,500,511,134,134,165,165,165],"floor_reached":25,"language":"ZHS","playtime":2622,"items_purged":["Doubt"],"score":237,"play_id":"da60c283-4dbb-45f1-9622-d76d2c493c2b","local_time":"20210121203654","is_ascension_mode":false,"campfire_choices":[{"floor":6,"key":"REST"},{"floor":12,"key":"REST"},{"floor":15,"key":"REST"},{"floor":23,"key":"REST"}],"circlet_count":0,"master_deck":["Strike_R","Strike_R","Strike_R","Strike_R","Strike_R","Defend_R","Defend_R","Defend_R","Defend_R","Bash","DoctorFetus","Secret Technique","Perfected Strike","Flex","Shrug It Off","Flame Barrier+1","Demon Form","Flex+1","Anger","Heavy Blade","Immolate","Spot Weakness","Limit Break","Armaments","Cleave","Inflame","Exhume","Seeing Red"],"relics":["Burning Blood","HushsDoor","Mango","BookofShadows","War Paint","TheBean","Centennial Puzzle","SlaversCollar","GuppysCollar","Strawberry","Bag of Preparation"],"acts_visited":["Exordium","TheCity"],"potions_floor_usage":[],"damage_taken":[{"damage":2,"enemies":"Small Slimes","floor":1,"turns":5},{"damage":6,"enemies":"Jaw Worm","floor":2,"turns":3},{"damage":8,"enemies":"2 Louse","floor":3,"turns":4},{"damage":14,"enemies":"2 Fungi Beasts","floor":5,"turns":7},{"damage":17,"enemies":"Gremlin Gang","floor":7,"turns":9},{"damage":12,"enemies":"Looter","floor":8,"turns":4},{"damage":8,"enemies":"Blue Slaver","floor":10,"turns":4},{"damage":15,"enemies":"Lagavulin","floor":11,"turns":6},{"damage":31,"enemies":"3 Sentries","floor":13,"turns":12},{"damage":31,"enemies":"Exordium Wildlife","floor":14,"turns":5},{"damage":61,"enemies":"The Guardian","floor":16,"turns":11},{"damage":19,"enemies":"2 Thieves","floor":18,"turns":4},{"damage":18,"enemies":"Shell Parasite","floor":20,"turns":7},{"damage":39,"enemies":"Snake Plant","floor":21,"turns":5},{"damage":61,"enemies":"Book of Stabbing","floor":24,"turns":6},{"damage":28,"enemies":"Snecko","floor":25,"turns":6}],"seed_played":"6919108168125393255","potions_obtained":[{"floor":2,"key":"ColorlessPotion"},{"floor":3,"key":"CultistPotion"},{"floor":8,"key":"Strength Potion"},{"floor":13,"key":"ElixirPotion"}],"is_trial":false,"path_per_floor":["M","M","M","?","M","R","M","M","T","M","E","R","E","M","R","B",null,"M","?","M","M","$","R","E","M"],"character_chosen":"IRONCLAD","items_purchased":["GuppysCollar","Strawberry","Exhume"],"campfire_rested":4,"item_purchase_floors":[17,22,22],"current_hp_per_floor":[94,94,92,81,73,94,83,77,77,75,66,94,69,44,72,17,81,68,68,56,23,30,56,7,0,0],"gold":165,"neow_bonus":"RANDOM_COLORLESS_2","is_daily":false,"chose_seed":false,"campfire_upgraded":0,"win_rate":0.0,"timestamp":1611232614,"path_taken":["M","M","M","?","M","R","M","M","T","M","E","R","E","M","R","BOSS","M","?","M","?","$","R","E","M"],"items_purchased_type":["Relic","Relic","Card"],"build_version":"2020-12-22","purchased_purges":1,"victory":false,"max_hp_per_floor":[94,94,94,94,94,94,94,94,94,94,94,94,94,94,94,94,81,81,81,81,81,88,88,88,88,88],"card_choices":[{"not_picked":[],"picked":"DoctorFetus","floor":0},{"not_picked":["Chrysalis","The Bomb"],"picked":"Secret Technique","floor":0},{"not_picked":["Warcry","Metallicize"],"picked":"Perfected Strike","floor":1},{"not_picked":["Burning Pact","Clash"],"picked":"Flex","floor":2},{"not_picked":["Ghostly Armor","Fire Breathing"],"picked":"Shrug It Off","floor":3},{"not_picked":["Iron Wave","Pommel Strike"],"picked":"Flame Barrier","floor":5},{"not_picked":["Dual Wield","Headbutt"],"picked":"Demon Form","floor":7},{"not_picked":["Shrug It Off","Clothesline"],"picked":"Flex","floor":8},{"not_picked":["Blood for Blood","Warcry"],"picked":"Anger","floor":10},{"not_picked":["Pommel Strike","Bomb"],"picked":"Heavy Blade","floor":11},{"not_picked":["Thunderclap","Armaments"],"picked":"Immolate","floor":13},{"not_picked":["Warcry","Bomb"],"picked":"Spot Weakness","floor":14},{"not_picked":["Demon Form","Offering"],"picked":"Limit Break","floor":16},{"not_picked":["Shrug It Off","Heavy Blade"],"picked":"Armaments","floor":18},{"not_picked":["Carnage","Entrench"],"picked":"Cleave","floor":20},{"not_picked":["Pommel Strike","Headbutt"],"picked":"Inflame","floor":21},{"not_picked":["Cleave","Blood for Blood+1"],"picked":"Seeing Red","floor":24}],"player_experience":25491,"relics_obtained":[{"floor":9,"key":"War Paint"},{"floor":11,"key":"TheBean"},{"floor":13,"key":"Centennial Puzzle"},{"floor":24,"key":"Bag of Preparation"}],"event_choices":[{"damage_healed":0,"gold_gain":75,"player_choice":"Gather Gold","damage_taken":11,"max_hp_gain":0,"max_hp_loss":0,"event_name":"World of Goop","floor":4,"gold_loss":0},{"damage_healed":0,"gold_gain":0,"player_choice":"Ignored","damage_taken":0,"max_hp_gain":0,"max_hp_loss":0,"event_name":"Vampires","floor":19,"gold_loss":0}],"is_beta":false,"boss_relics":[{"not_picked":["Empty Cage","Busted Crown"],"picked":"SlaversCollar"},{"not_picked":[]}],"items_purged_floors":[22],"is_endless":false,"potions_floor_spawned":[2,3,8,10,13,18],"killed_by":"Snecko","ascension_level":0}}