{"host":"k2mw1od0xoi9pcfj","time":1611198807,"event":{"mods":["Act Like it!","Aspiration","BaseMod","Downfall","Energized Spire","Hermit","Highlight Path","Minty Spire (QoL Compilation)","Permanent Neow","Relic Stats","Retaliation","StSLib","TheHeartMod"],"gold_per_floor":[118,138,156,168,182,211,286,300,351,351,56,56,231,14,14,14,14],"floor_reached":16,"language":"ENG","playtime":943,"items_purged":[],"score":102,"play_id":"748b68f6-aa88-4a3d-8984-40df334cf43a","local_time":"20210120211327","is_ascension_mode":false,"campfire_choices":[{"floor":10,"key":"REST"},{"data":"hermit:Determination","floor":15,"key":"SMITH"}],"circlet_count":0,"master_deck":["hermit:Strike_Hermit","hermit:Strike_Hermit","hermit:Strike_Hermit","hermit:Strike_Hermit","hermit:Defend_Hermit+1","hermit:Defend_Hermit","hermit:Defend_Hermit","hermit:Defend_Hermit","hermit:Snapshot","hermit:Covet","hermit:Enervate","hermit:Vantage","hermit:LoneWolf","hermit:ShadowCloak","hermit:LowProfile","hermit:TakeAim","hermit:Dissolve","Injury","Doubt","hermit:Determination+1"],"relics":["hermit:Momento","Regal Pillow","Calipers","Golden Idol","aspiration:Nostalgia","champ:ChampionCrown"],"acts_visited":["Exordium"],"potions_floor_usage":[6,16],"damage_taken":[{"damage":0,"enemies":"Cultist","floor":1,"turns":3},{"damage":3,"enemies":"Jaw Worm","floor":2,"turns":4},{"damage":0,"enemies":"Small Slimes","floor":3,"turns":2},{"damage":1,"enemies":"2 Fungi Beasts","floor":4,"turns":3},{"damage":2,"enemies":"Blue Slaver","floor":5,"turns":4},{"damage":29,"enemies":"Lagavulin","floor":6,"turns":9},{"damage":17,"enemies":"Gremlin Gang","floor":8,"turns":8},{"damage":50,"enemies":"Slime Boss","floor":16,"turns":9}],"seed_played":"-2098859520262031412","potions_obtained":[{"floor":1,"key":"Guardian:BlockOnCardUsePotion"},{"floor":4,"key":"Fire Potion"},{"floor":6,"key":"ColorlessPotion"}],"is_trial":false,"path_per_floor":["M","M","M","M","M","E","?","M","T","R","$","?","?","$","R","B"],"character_chosen":"HERMIT","items_purchased":["Calipers","hermit:Determination","aspiration:Nostalgia"],"campfire_rested":1,"item_purchase_floors":[11,14,14],"current_hp_per_floor":[75,72,72,71,69,40,29,12,12,49,49,49,49,49,49,0,0],"gold":14,"neow_bonus":"UPGRADE_CARD","is_daily":false,"chose_seed":false,"campfire_upgraded":1,"win_rate":0.0,"timestamp":1611198807,"path_taken":["M","M","?","M","M","E","?","M","T","R","$","?","?","?","R","BOSS"],"items_purchased_type":["Relic","Card","Relic"],"build_version":"2020-12-22","purchased_purges":0,"victory":false,"max_hp_per_floor":[75,75,75,75,75,75,75,75,75,75,75,75,75,75,75,75,75],"relic_stats":{"Regal Pillow":15,"counters":[8,42],"Golden Idol":0,"obtain_stats":[{"Regal Pillow":6,"Calipers":11,"Golden Idol":12,"aspiration:Nostalgia":14,"champ:ChampionCrown":14,"hermit:Momento":0},{"Regal Pillow":6,"Calipers":7,"Golden Idol":7,"aspiration:Nostalgia":7,"champ:ChampionCrown":7,"hermit:Momento":0},{"Regal Pillow":25,"Calipers":33,"Golden Idol":33,"aspiration:Nostalgia":33,"champ:ChampionCrown":33,"hermit:Momento":0}]},"card_choices":[{"not_picked":["hermit:Showdown","hermit:HighCaliber"],"picked":"hermit:Enervate","floor":1},{"not_picked":["hermit:Desperado","hermit:Misfire"],"picked":"hermit:Vantage","floor":2},{"not_picked":["hermit:TrackingShot","hermit:Glare"],"picked":"hermit:LoneWolf","floor":3},{"not_picked":["hermit:Ricochet","hermit:Manifest"],"picked":"hermit:ShadowCloak","floor":4},{"not_picked":["hermit:Snipe","hermit:Combo"],"picked":"hermit:LowProfile","floor":5},{"not_picked":["hermit:Horror","hermit:LowProfile"],"picked":"hermit:TakeAim","floor":6},{"not_picked":["hermit:TakeCover","hermit:Headshot"],"picked":"hermit:Dissolve","floor":8}],"player_experience":775662,"relics_obtained":[{"floor":6,"key":"Regal Pillow"}],"event_choices":[{"damage_healed":0,"gold_gain":75,"player_choice":"Gather Gold","damage_taken":11,"max_hp_gain":0,"max_hp_loss":0,"event_name":"World of Goop","floor":7,"gold_loss":0},{"damage_healed":0,"gold_gain":0,"player_choice":"Take Wound","damage_taken":0,"relics_obtained":["Golden Idol"],"max_hp_gain":0,"max_hp_loss":0,"event_name":"Golden Idol","floor":12,"gold_loss":0,"cards_obtained":["Injury"]},{"damage_healed":0,"gold_gain":175,"player_choice":"AGREE","damage_taken":0,"max_hp_gain":0,"max_hp_loss":0,"event_name":"Liars Game","floor":13,"gold_loss":0,"cards_obtained":["Doubt"]}],"is_beta":false,"boss_relics":[],"items_purged_floors":[],"is_endless":false,"potions_floor_spawned":[1,4,6],"killed_by":"Slime Boss","ascension_level":0}}