{"host":"jfbo3eu2ui08ej1u","time":1611263214,"event":{"mods":["2.2 Compatiblity","AchievementEnabler","Act Like it!","Aspiration","BaseMod","Better Altar","Better Match","Better Note","Better Sensory Stone","Better Skull","Better Third Choice","Block Reminder","Colored Map","Colored Powertips","Conspire","DeckTracker","Displayed Cursed Tome","Energized Spire","Fox Events","GifTheSpireLib","Hubris","Infinite Spire","Marked Mod","Minty Spire (QoL Compilation)","Pale of the Ancients","Poor People Problems","Quick Restart","Relic Filter","Reorder Act Four","Replay The Spire","Shop Mod","Spicy Shops","Spire Arcade","StSLib","Stuff the Spire","The Blue Laboratory","The Disciple","The Forsaken","The Hierophant","The Marked","Uncapped","Unceasing Turn Reminder","Wandering Minibosses"],"gold_per_floor":[117,135,146,166,166,166,191,191,216,216,216,243,261,281,281,281,281],"floor_reached":16,"language":"ENG","playtime":461,"items_purged":[],"score":224,"play_id":"385cde8f-4fe3-4155-8576-29b1a54d4c31","local_time":"20210121160654","is_ascension_mode":true,"campfire_choices":[{"data":"Biased Cognition","floor":6.0,"key":"SMITH"},{"data":"Beam Cell","floor":8.0,"key":"SMITH"},{"data":"Beam Cell","floor":10.0,"key":"SMITH"},{"floor":15,"key":"REST"}],"circlet_count":0,"master_deck":["AscendersBane","Strike_B","Strike_B","Strike_B","Defend_B","Defend_B","Defend_B","Defend_B","Zap","Dualcast","Cold Snap","Beam Cell+1","Beam Cell+1","Biased Cognition+1","StuffTheSpire:Innocence","Melter","StuffTheSpire:LaunchingStrike","Panic Button","Streamline"],"relics":["Cracked Core","Blood Vial","StuffTheSpire:OldFever","StuffTheSpire:Gunfinga"],"acts_visited":["Exordium"],"potions_floor_usage":[14],"damage_taken":[{"damage":1.0,"enemies":"Cultist","floor":1.0,"turns":4.0},{"damage":0.0,"enemies":"2 Louse","floor":2.0,"turns":2.0},{"damage":2.0,"enemies":"Jaw Worm","floor":3.0,"turns":4.0},{"damage":8.0,"enemies":"Lots of Slimes","floor":4.0,"turns":3.0},{"damage":3.0,"enemies":"Lagavulin","floor":7.0,"turns":7.0},{"damage":30,"enemies":"3 Sentries","floor":12,"turns":8},{"damage":8,"enemies":"Blue Slaver","floor":13,"turns":2},{"damage":6,"enemies":"Exordium Thugs","floor":14,"turns":3},{"damage":30,"enemies":"Slime Boss","floor":16,"turns":6}],"seed_played":"-2996922617005090612","potions_obtained":[{"floor":1.0,"key":"FocusPotion"},{"floor":2.0,"key":"blueLaboratory:FrostheartPotion"},{"floor":13,"key":"Explosive Potion"}],"is_trial":false,"path_per_floor":["M","M","M","M","?","R","E","R","T","R","?","E","M","M","R","B"],"character_chosen":"DEFECT","items_purchased":[],"campfire_rested":1,"item_purchase_floors":[],"current_hp_per_floor":[65,67,67,61,51,51,50,50,50,50,43,15,9,5,26,0,0],"gold":281,"neow_bonus":"RANDOM_COMMON_RELIC","is_daily":false,"chose_seed":false,"campfire_upgraded":3,"win_rate":0.0,"timestamp":1611263214,"path_taken":["M","M","M","?","?","R","E","R","T","R","?","E","M","M","R","BOSS"],"items_purchased_type":[],"build_version":"2020-12-22","purchased_purges":0,"victory":false,"max_hp_per_floor":[71,71,71,71,71,71,71,71,71,71,71,71,71,71,71,71,71],"card_choices":[{"not_picked":["Barrage","Streamline"],"picked":"Cold Snap","floor":1.0},{"not_picked":["Creative AI","Gash"],"picked":"Beam Cell","floor":2.0},{"not_picked":["FIFO Queue","Conserve Battery"],"picked":"Beam Cell","floor":3.0},{"not_picked":["StuffTheSpire:Plugnplay","Streamline"],"picked":"Biased Cognition","floor":4.0},{"not_picked":["Redo","White Noise"],"picked":"Melter","floor":7.0},{"not_picked":["ReplayTheSpireMod:GoodbyeWorld","StuffTheSpire:LoadUp"],"picked":"StuffTheSpire:LaunchingStrike","floor":12},{"not_picked":["Stack","Recycle"],"picked":"Panic Button","floor":13},{"not_picked":["BasicCrystalCard","StuffTheSpire:LoadUp"],"picked":"Streamline","floor":14}],"player_experience":1214425,"relics_obtained":[{"floor":7.0,"key":"StuffTheSpire:OldFever"},{"floor":9.0,"key":"StuffTheSpire:Gunfinga"}],"event_choices":[{"cards_removed":["Strike_B"],"damage_healed":0.0,"max_hp_gain":0.0,"max_hp_loss":0.0,"gold_gain":0.0,"event_name":"Golden Wing","player_choice":"Card Removal","floor":11.0,"gold_loss":0.0,"damage_taken":7.0}],"is_beta":false,"boss_relics":[],"items_purged_floors":[],"is_endless":false,"potions_floor_spawned":[1,2,13],"killed_by":"Slime Boss","ascension_level":20}}