{"host":"cpfpi6qzkh3nfm6s","time":1611192538,"event":{"mods":["BaseMod","Downfall","Minty Spire (QoL Compilation)","StSLib"],"gold_per_floor":[119,133,133,180,192,234,256,268,306,333,345,375,398,435,447,563,575,599,611,623,658,682,694,719,745,783,820,832,854,886,927,939,1056,1068,1094,1157,1185,1197,1209,1221,1251,1263,1275,1287,1315,1360,1391,1430,1442,1454],"floor_reached":51,"language":"ENG","playtime":2557,"items_purged":[],"score":784,"play_id":"62a46506-d7c6-473b-bd91-959d03e4222a","local_time":"20210121012858","is_ascension_mode":false,"campfire_choices":[{"data":"Sword Boomerang","floor":8,"key":"SMITH"},{"data":"Metallicize","floor":11,"key":"SMITH"},{"floor":15,"key":"REST"},{"data":"Demon Form","floor":23,"key":"SMITH"},{"data":"Sword Boomerang","floor":32,"key":"SMITH"},{"data":"Dual Wield","floor":40,"key":"SMITH"},{"data":"Inflame","floor":49,"key":"SMITH"}],"circlet_count":0,"master_deck":["Strike_R","Strike_R","Strike_R","Strike_R","Defend_R","Defend_R","Defend_R","Bash","Cleave","Metallicize+1","Sword Boomerang+1","Clothesline","Shrug It Off","Clash","Sword Boomerang+1","Inflame+1","Demon Form+1","Perfected Strike","Inflame","Metallicize+1","Pommel Strike","Pommel Strike","Anger+1","Dual Wield+1","Sword Boomerang+1","Jack Of All Trades","Anger+1"],"relics":["Burning Blood","MawBank","Charon\u0027s Ashes","Bronze Scales","Matryoshka","Mark of Pain","Oddly Smooth Stone","Toy Ornithopter","Mummified Hand","Orichalcum","Bag of Preparation","MutagenicStrength","Paper Frog","Coffee Dripper","Unceasing Top","Frozen Egg 2","Self Forming Clay","Anchor","Boot"],"acts_visited":["Exordium","TheCity","TheBeyond"],"potions_floor_usage":[14,16,18,24,31,33,36,50,50,50],"damage_taken":[{"damage":12,"enemies":"Small Slimes","floor":1,"turns":3},{"damage":8,"enemies":"Jaw Worm","floor":2,"turns":3},{"damage":38,"enemies":"3 Sentries","floor":6,"turns":9},{"damage":1,"enemies":"Cultist","floor":7,"turns":4},{"damage":4,"enemies":"Looter","floor":10,"turns":3},{"damage":11,"enemies":"Exordium Thugs","floor":12,"turns":4},{"damage":11,"enemies":"Blue Slaver","floor":13,"turns":2},{"damage":24,"enemies":"Gremlin Nob","floor":14,"turns":4},{"damage":53,"enemies":"The Guardian","floor":16,"turns":16},{"damage":11,"enemies":"Shell Parasite","floor":18,"turns":4},{"damage":32,"enemies":"2 Thieves","floor":22,"turns":3},{"damage":10,"enemies":"Snecko","floor":24,"turns":4},{"damage":26,"enemies":"Centurion and Healer","floor":25,"turns":5},{"damage":13,"enemies":"Gremlin Leader","floor":27,"turns":6},{"damage":0,"enemies":"Cultist and Chosen","floor":29,"turns":4},{"damage":3,"enemies":"Chosen and Byrds","floor":30,"turns":6},{"damage":7,"enemies":"Book of Stabbing","floor":31,"turns":3},{"damage":8,"enemies":"Champ","floor":33,"turns":5},{"damage":20,"enemies":"3 Darklings","floor":35,"turns":5},{"damage":3,"enemies":"2 Orb Walkers","floor":36,"turns":3},{"damage":0,"enemies":"Orb Walker","floor":37,"turns":1},{"damage":7,"enemies":"Writhing Mass","floor":41,"turns":4},{"damage":2,"enemies":"Maw","floor":45,"turns":6},{"damage":23,"enemies":"Reptomancer","floor":46,"turns":6},{"damage":2,"enemies":"Spire Growth","floor":47,"turns":3},{"damage":2,"enemies":"Nemesis","floor":48,"turns":3},{"damage":78,"enemies":"Awakened One","floor":50,"turns":8}],"seed_played":"1554913269018851451","potions_obtained":[{"floor":1,"key":"Strength Potion"},{"floor":6,"key":"PowerPotion"},{"floor":7,"key":"Regen Potion"},{"floor":18,"key":"BloodPotion"},{"floor":29,"key":"DistilledChaos"},{"floor":31,"key":"Ancient Potion"},{"floor":33,"key":"Block Potion"},{"floor":35,"key":"BloodPotion"},{"floor":36,"key":"bronze:BurnAndBuffPotion"},{"floor":45,"key":"DuplicationPotion"},{"floor":48,"key":"HeartOfIron"}],"is_trial":false,"path_per_floor":["M","M","?","T","$","E","M","R","T","M","R","M","M","E","R","B",null,"M","?","$","T","M","R","M","M","T","E","?","M","M","E","R","B",null,"M","?","M","?","?","R","M","?","T","T","M","E","M","E","R","B",null],"character_chosen":"IRONCLAD","items_purchased":[],"campfire_rested":1,"item_purchase_floors":[],"current_hp_per_floor":[74,72,72,72,72,40,45,45,45,47,47,42,37,19,43,11,80,75,75,75,75,49,49,66,46,46,39,39,45,48,52,52,55,80,66,74,80,80,80,80,79,79,79,79,80,63,67,71,71,30],"gold":1466,"neow_bonus":"","is_daily":false,"chose_seed":false,"campfire_upgraded":6,"win_rate":0.0,"timestamp":1611192538,"path_taken":["M","M","?","?","$","E","M","R","T","M","R","?","M","E","R","BOSS","M","?","$","?","M","R","M","M","T","E","?","M","M","E","R","BOSS","M","?","M","?","?","R","M","?","T","?","?","E","M","E","R","BOSS"],"items_purchased_type":[],"build_version":"2020-12-22","purchased_purges":0,"victory":true,"max_hp_per_floor":[80,80,80,80,80,80,80,80,80,80,80,80,80,80,80,80,80,80,80,80,80,80,80,80,80,80,80,80,80,80,80,80,80,80,80,80,80,80,80,80,80,80,80,80,80,80,80,80,80,80],"card_choices":[{"not_picked":["Sever Soul","Body Slam"],"picked":"Cleave","floor":1},{"not_picked":["True Grit","Brutality"],"picked":"Metallicize","floor":2},{"not_picked":["Whirlwind","Headbutt"],"picked":"Sword Boomerang","floor":6},{"not_picked":["Feel No Pain","Warcry"],"picked":"Clothesline","floor":7},{"not_picked":["Headbutt","Second Wind"],"picked":"Shrug It Off","floor":10},{"not_picked":["Second Wind","Clothesline"],"picked":"Clash","floor":12},{"not_picked":["Flex","Iron Wave"],"picked":"Sword Boomerang","floor":13},{"not_picked":["Offering","Twin Strike"],"picked":"Inflame","floor":14},{"not_picked":["Offering","Barricade"],"picked":"Demon Form","floor":16},{"not_picked":["Clothesline","Dark Embrace"],"picked":"Perfected Strike","floor":18},{"not_picked":["Blood for Blood","Second Wind+1","Combust"],"picked":"SKIP","floor":22},{"not_picked":["Blood for Blood","Second Wind+1","Combust"],"picked":"SKIP","floor":22},{"not_picked":["Blood for Blood","Second Wind+1","Combust"],"picked":"SKIP","floor":22},{"not_picked":["Rage","True Grit","Flex"],"picked":"SKIP","floor":24},{"not_picked":["Shrug It Off+1","Flex"],"picked":"Metallicize+1","floor":25},{"not_picked":["Armaments","Dark Embrace","Ghostly Armor"],"picked":"SKIP","floor":27},{"not_picked":["Armaments","Thunderclap"],"picked":"Pommel Strike","floor":29},{"not_picked":["Intimidate","Warcry+1"],"picked":"Pommel Strike","floor":30},{"not_picked":["Berserk","Clothesline"],"picked":"Anger+1","floor":31},{"not_picked":["Armaments+1","Bloodletting+1"],"picked":"Dual Wield","floor":35},{"not_picked":["Iron Wave+1","Body Slam"],"picked":"Sword Boomerang+1","floor":36},{"not_picked":["Clash","Blood for Blood","Bloodletting+1"],"picked":"SKIP","floor":37},{"not_picked":["Madness","Enlightenment"],"picked":"Jack Of All Trades","floor":39},{"not_picked":["True Grit+1","Feed","Clothesline"],"picked":"SKIP","floor":41},{"not_picked":["Warcry+1","Searing Blow+1","Hemokinesis"],"picked":"SKIP","floor":45},{"not_picked":["Flex","Iron Wave+1"],"picked":"Anger+1","floor":46},{"not_picked":["Twin Strike+1","Dark Embrace+1","Dropkick+1"],"picked":"SKIP","floor":47},{"not_picked":["Blood for Blood+1","Disarm+1","Clash+1"],"picked":"SKIP","floor":48}],"player_experience":0,"relics_obtained":[{"floor":4,"key":"MawBank"},{"floor":6,"key":"Charon\u0027s Ashes"},{"floor":9,"key":"Bronze Scales"},{"floor":14,"key":"Matryoshka"},{"floor":21,"key":"Oddly Smooth Stone"},{"floor":21,"key":"Toy Ornithopter"},{"floor":26,"key":"Mummified Hand"},{"floor":26,"key":"Orichalcum"},{"floor":27,"key":"Bag of Preparation"},{"floor":31,"key":"Paper Frog"},{"floor":36,"key":"Unceasing Top"},{"floor":43,"key":"Frozen Egg 2"},{"floor":44,"key":"Self Forming Clay"},{"floor":46,"key":"Anchor"},{"floor":48,"key":"Boot"}],"event_choices":[{"damage_healed":0,"gold_gain":0,"player_choice":"Leave","damage_taken":0,"max_hp_gain":0,"max_hp_loss":0,"event_name":"The Cleric","floor":3,"gold_loss":0},{"damage_healed":0,"gold_gain":0,"cards_transformed":["Defend_R"],"player_choice":"Transformed","damage_taken":0,"max_hp_gain":0,"max_hp_loss":0,"event_name":"Transmorgrifier","floor":19,"gold_loss":0,"cards_obtained":["Inflame"]},{"damage_healed":0,"gold_gain":0,"player_choice":"Inject Mutagens","damage_taken":0,"relics_obtained":["MutagenicStrength"],"max_hp_gain":0,"max_hp_loss":0,"event_name":"Drug Dealer","floor":28,"gold_loss":0},{"damage_healed":0,"gold_gain":0,"player_choice":"Fight","damage_taken":0,"max_hp_gain":0,"max_hp_loss":0,"event_name":"Mysterious Sphere","floor":36,"gold_loss":0},{"damage_healed":0,"gold_gain":0,"player_choice":"Ignored","damage_taken":0,"max_hp_gain":0,"max_hp_loss":0,"event_name":"Tomb of Lord Red Mask","floor":38,"gold_loss":0},{"damage_healed":0,"gold_gain":0,"player_choice":"Memory 1","damage_taken":0,"max_hp_gain":0,"max_hp_loss":0,"event_name":"SensoryStone","floor":39,"gold_loss":0},{"cards_removed":["Strike_R"],"damage_healed":0,"gold_gain":0,"player_choice":"Removed Attack","damage_taken":0,"max_hp_gain":0,"max_hp_loss":0,"event_name":"Falling","floor":42,"gold_loss":0}],"is_beta":false,"boss_relics":[{"not_picked":["Fusion Hammer","Runic Pyramid"],"picked":"Mark of Pain"},{"not_picked":["Tiny House","Black Star"],"picked":"Coffee Dripper"}],"items_purged_floors":[],"is_endless":false,"potions_floor_spawned":[1,6,7,10,13,18,29,31,33,35,36,45,48],"ascension_level":0}}