{"host":"Squid","time":1611256857,"event":{"mods":["BaseMod","Koishi","Minty Spire (QoL Compilation)","StSLib"],"gold_per_floor":[119,138,138,149,160,160,188,199,199,229,239,239,239],"floor_reached":12,"language":"ENG","playtime":969,"items_purged":[],"score":117,"play_id":"4bb31259-f635-4884-a775-73b4ba17f628","local_time":"20210121142057","is_ascension_mode":false,"campfire_choices":[{"data":"Koishi:BloodcurdlingScream","floor":6,"key":"SMITH"}],"circlet_count":0,"master_deck":["Koishi:BasicStrike","Koishi:BasicStrike","Koishi:BasicStrike","Koishi:BasicDefend","Koishi:BasicDefend","Koishi:BasicDefend","Koishi:BasicDefend","Koishi:Provoke","Koishi:HauntingSlash","Koishi:EmbryosDream","Koishi:StingingMind","Iron Wave","Koishi:DreadfulBlow","Koishi:BloodcurdlingScream+1","Koishi:MindStellarRelief","Koishi:Catatonia","Koishi:RuptureMind","Koishi:MindNumbingTerror"],"relics":["Koishi:ImaginaryFriend","Turnip","Pear","Blue Candle"],"acts_visited":["Exordium"],"potions_floor_usage":[10,12],"damage_taken":[{"damage":3,"enemies":"2 Louse","floor":1,"turns":4},{"damage":0,"enemies":"Cultist","floor":2,"turns":5},{"damage":0,"enemies":"Jaw Worm","floor":4,"turns":4},{"damage":20,"enemies":"Exordium Thugs","floor":5,"turns":6},{"damage":22,"enemies":"3 Sentries","floor":7,"turns":5},{"damage":12,"enemies":"Exordium Wildlife","floor":8,"turns":4},{"damage":21,"enemies":"Gremlin Nob","floor":10,"turns":4},{"damage":16,"enemies":"Large Slime","floor":11,"turns":4},{"damage":13,"enemies":"3 Sentries","floor":12,"turns":2}],"seed_played":"2417374194043677450","potions_obtained":[{"floor":2,"key":"Swift Potion"},{"floor":8,"key":"Weak Potion"},{"floor":11,"key":"Weak Potion"}],"is_trial":false,"path_per_floor":["M","M","?","M","M","R","E","M","T","E","M","E"],"character_chosen":"KOISHI","items_purchased":[],"campfire_rested":0,"item_purchase_floors":[],"current_hp_per_floor":[64,66,66,66,55,55,36,30,40,21,5,0,0],"gold":239,"neow_bonus":"TEN_PERCENT_HP_BONUS","is_daily":false,"chose_seed":false,"campfire_upgraded":1,"win_rate":0.0,"timestamp":1611256857,"path_taken":["M","M","?","M","M","R","E","M","T","E","?","E"],"items_purchased_type":[],"build_version":"2020-12-18","purchased_purges":0,"victory":false,"max_hp_per_floor":[66,66,66,66,66,66,66,66,76,76,76,76,76],"card_choices":[{"not_picked":["Koishi:UnansweredLove","Koishi:StingingMind"],"picked":"Koishi:EmbryosDream","floor":1},{"not_picked":["Koishi:Jaunt","Koishi:ParalyzingFear"],"picked":"Koishi:StingingMind","floor":2},{"not_picked":["Koishi:HeartfeltFancy","Koishi:PhilosophyOfTheDespised"],"picked":"Koishi:DreadfulBlow","floor":4},{"not_picked":["Koishi:ReflexRadar","Koishi:Jaunt"],"picked":"Koishi:BloodcurdlingScream","floor":5},{"not_picked":["Koishi:PhantomBarrier","Koishi:SubterraneanRose"],"picked":"Koishi:MindStellarRelief","floor":7},{"not_picked":["Koishi:SpiritedAway","Koishi:CatchAndRose"],"picked":"Koishi:Catatonia","floor":8},{"not_picked":["Koishi:BramblyRoseGarden","Koishi:PhantomBarrier"],"picked":"Koishi:RuptureMind","floor":10},{"not_picked":["Koishi:EmbryosDream","Koishi:RorschachInDanmaku"],"picked":"Koishi:MindNumbingTerror","floor":11}],"player_experience":847773,"relics_obtained":[{"floor":7,"key":"Turnip"},{"floor":9,"key":"Pear"},{"floor":10,"key":"Blue Candle"}],"event_choices":[{"cards_removed":["Koishi:BasicStrike"],"damage_healed":0,"gold_gain":0,"player_choice":"Took Card","damage_taken":0,"max_hp_gain":0,"max_hp_loss":0,"event_name":"NoteForYourself","floor":3,"gold_loss":0,"cards_obtained":["Iron Wave"]}],"is_beta":true,"boss_relics":[],"items_purged_floors":[],"is_endless":false,"potions_floor_spawned":[2,8,11],"killed_by":"3 Sentries","ascension_level":0}}