{"host":"f0gpob8hq9vgebej","time":1611195952,"event":{"mods":["AchievementEnabler","BaseMod","Minty Spire (QoL Compilation)","Quick Restart","SuperFastMode"],"gold_per_floor":[111,125,135,58,58,58,78,153,179,210,225,225,243,141,141,141,141],"floor_reached":0,"language":"KOR","playtime":0,"items_purged":["Strike_G"],"score":0,"play_id":"b84b5093-74fb-4098-8f48-49d0b44842cb","local_time":"20210121112552","is_ascension_mode":true,"campfire_choices":[{"data":"Phantasmal Killer","floor":6,"key":"SMITH"},{"floor":15,"key":"REST"}],"circlet_count":0,"master_deck":["Strike_G","Strike_G","Strike_G+1","Defend_G","Defend_G","Defend_G","Defend_G","Defend_G","Survivor","Neutralize","Phantasmal Killer+1","Dagger Spray+1","Backflip","Accuracy","Leg Sweep","Backflip","Poisoned Stab"],"relics":["Ring of the Snake","Whetstone","Juzu Bracelet"],"acts_visited":["Exordium"],"potions_floor_usage":[10,16,16],"damage_taken":[{"damage":4,"enemies":"Small Slimes","floor":1,"turns":3},{"damage":1,"enemies":"Jaw Worm","floor":2,"turns":3},{"damage":3,"enemies":"2 Louse","floor":3,"turns":2},{"damage":18,"enemies":"Large Slime","floor":7,"turns":8},{"damage":0,"enemies":"Gremlin Nob","floor":10,"turns":2},{"damage":0,"enemies":"Red Slaver","floor":11,"turns":4},{"damage":0,"enemies":"3 Louse","floor":13,"turns":2},{"damage":25,"enemies":"Hexaghost","floor":16,"turns":14}],"seed_played":"3609350384000724106","potions_obtained":[{"floor":1,"key":"DuplicationPotion"},{"floor":2,"key":"GhostInAJar"},{"floor":7,"key":"Weak Potion"},{"floor":13,"key":"SkillPotion"}],"is_trial":false,"path_per_floor":["M","M","M","$","?","R","M","?","T","E","M","?","M","$","R","B"],"character_chosen":"THE_SILENT","items_purchased":["Accuracy","Poisoned Stab"],"campfire_rested":1,"item_purchase_floors":[4,14],"current_hp_per_floor":[45,44,41,41,34,34,16,5,5,5,5,5,5,5,26,1,1],"gold":141,"neow_bonus":"THREE_RARE_CARDS","is_daily":false,"chose_seed":false,"campfire_upgraded":1,"win_rate":0.0,"timestamp":1611195952,"path_taken":["M","M","M","$","?","R","M","?","T","E","M","?","M","$","R","BOSS"],"items_purchased_type":["Card","Card"],"build_version":"2020-12-22","purchased_purges":1,"victory":false,"max_hp_per_floor":[70,70,70,70,70,70,70,70,70,70,70,70,70,70,70,70,70],"card_choices":[{"not_picked":["Grand Finale","Wraith Form v2"],"picked":"Phantasmal Killer","floor":0},{"not_picked":["Expertise","Deflect","Masterful Stab"],"picked":"SKIP","floor":1},{"not_picked":["Riddle With Holes","Prepared"],"picked":"Dagger Spray","floor":2},{"not_picked":["Poisoned Stab","Acrobatics"],"picked":"Backflip","floor":3},{"not_picked":["Endless Agony","Flechettes","Underhanded Strike"],"picked":"SKIP","floor":7},{"not_picked":["Slice","Outmaneuver","Grand Finale"],"picked":"SKIP","floor":10},{"not_picked":["Dodge and Roll","Concentrate"],"picked":"Leg Sweep","floor":11},{"not_picked":["Accuracy","Leg Sweep"],"picked":"Backflip","floor":13}],"player_experience":193693,"relics_obtained":[{"floor":9,"key":"Whetstone"},{"floor":10,"key":"Juzu Bracelet"}],"event_choices":[{"cards_removed":["Strike_G"],"damage_healed":0,"gold_gain":0,"player_choice":"Card Removal","damage_taken":7,"max_hp_gain":0,"max_hp_loss":0,"event_name":"Golden Wing","floor":5,"gold_loss":0},{"damage_healed":0,"gold_gain":75,"player_choice":"Gather Gold","damage_taken":11,"max_hp_gain":0,"max_hp_loss":0,"event_name":"World of Goop","floor":8,"gold_loss":0},{"damage_healed":0,"gold_gain":0,"player_choice":"Ignored","damage_taken":0,"max_hp_gain":0,"max_hp_loss":0,"event_name":"Golden Idol","floor":12,"gold_loss":0}],"is_beta":false,"boss_relics":[],"items_purged_floors":[14],"is_endless":false,"potions_floor_spawned":[1,2,7,13],"killed_by":"Hexaghost","ascension_level":5}}