{"host":"Krys","time":1611256941,"event":{"mods":["BaseMod","BetterRewards","Infinite Spire","Marisa????????","Minty Spire (QoL Compilation)","Remilia??????","Replay The Spire","Shade Mod","StSLib","The Death Knight","The Marked","The Servant 0.9.4"],"gold_per_floor":[117,117,131,406,422,449,105,105,129,146,35,77,118,144,144,272,272,310,323,365,464,497,548,560,595,595,595,611,652,680,714,714,714,714,839,839,855,874,919,365,376,376,376,426,476,496,496,179,239,251,251,363,463,463],"floor_reached":53,"language":"ENG","playtime":8370,"items_purged":["Regret","Strike_MRS","Defend_MRS"],"score":854,"play_id":"397b40c7-1d00-467d-b4b1-244fdc579f44","local_time":"20210121162221","is_ascension_mode":false,"campfire_choices":[{"data":"MagicChant","floor":15,"key":"SMITH"},{"floor":34,"key":"RECALL"},{"data":"MysteriousBeam","floor":42,"key":"SMITH"},{"data":"MaximisePower","floor":47,"key":"SMITH"},{"data":"PropBag","floor":51,"key":"SMITH"}],"circlet_count":0,"master_deck":["Strike_MRS","Strike_MRS","Defend_MRS","Defend_MRS","Defend_MRS","MasterSpark","UpSweep","NonDirectionalLaser","OortCloud+1","SporeBomb","MysteriousBeam+1","DoubleSpark","GrandCross","MaximisePower+1","Acceleration","WitchOfGreed","Apotheosis","Orbital","EnergyFlow","RefractionSpark","EarthLightRay","BlazeAway","MagicChant+1","IllusionStar","JA","LuminesStrike+1","UnstableBomb+1","BinaryStars","ShootingEcho+1","WitchLeyline+1","SuperPerseids","MilkyWay+1","OneTimeOff+1","DeepEcoloBomb+1","GalacticHalo+1","FairyDestructionRay+1","UltimateShortwave","GrandCross+1","Occultation+1","EnergyRecoil+1","SprinkleStarSeal+1","DC+1","ChargingUp+1","MilkyWay+1","UltimateShortwave","AsteroidBelt+1","Doubt","EnergyFlow+1","SprinkleStarSeal+1","Occultation+1","Parasite","Parasite","GalacticHalo+1","PropBag+1","SatelliteIllusion"],"relics":["MiniHakkero","Replay:Kaleidoscope","Anchor","BargainBundle","Replay:Rubber Ducky","Blood Vial","Honey Jar","Lantern","HandDrill","Coffee Dripper","Centennial Puzzle","Blue Doll","Orrery","Ring of Searing","Ring of Misfortune","Calipers","Juzu Bracelet","ShroomBag","Garlic","Replay:Wanted Poster"],"acts_visited":["Exordium","TheCity","TheBeyond","Exordium"],"potions_floor_usage":[12,16,19,19,19,22,23,24,35,41,44,52],"damage_taken":[{"damage":0.0,"enemies":"Cultist","floor":1.0,"turns":3.0},{"damage":0.0,"enemies":"Small Slimes","floor":3.0,"turns":4.0},{"damage":5.0,"enemies":"Jaw Worm","floor":5.0,"turns":3.0},{"damage":20.0,"enemies":"Lagavulin","floor":6.0,"turns":6.0},{"damage":0.0,"enemies":"Exordium Thugs","floor":10.0,"turns":2.0},{"damage":0,"enemies":"Blue Slaver","floor":12,"turns":4},{"damage":0,"enemies":"Gremlin Nob","floor":13,"turns":5},{"damage":0,"enemies":"Exordium Wildlife","floor":14,"turns":3},{"damage":3,"enemies":"Fading Forest","floor":16,"turns":11},{"damage":0,"enemies":"Chosen","floor":18,"turns":2},{"damage":0,"enemies":"2 Thieves","floor":19,"turns":2},{"damage":0,"enemies":"Cultist and Chosen","floor":20,"turns":3},{"damage":0,"enemies":"Chosen and Byrds","floor":22,"turns":4},{"damage":8,"enemies":"Nightmare","floor":23,"turns":6},{"damage":0,"enemies":"Snecko","floor":24,"turns":4},{"damage":0,"enemies":"Centurion and Healer","floor":25,"turns":4},{"damage":0,"enemies":"Cultist and Chosen","floor":28,"turns":1},{"damage":7,"enemies":"3 Cultists","floor":29,"turns":4},{"damage":3,"enemies":"Snecko","floor":30,"turns":4},{"damage":0,"enemies":"Snake Plant","floor":31,"turns":3},{"damage":50,"enemies":"Champ","floor":35,"turns":8},{"damage":8,"enemies":"3 Darklings","floor":37,"turns":2},{"damage":0,"enemies":"Orb Walker","floor":38,"turns":2},{"damage":0,"enemies":"Transient","floor":39,"turns":5},{"damage":0,"enemies":"3 Darklings","floor":41,"turns":3},{"damage":5,"enemies":"Mind Bloom Boss Battle","floor":44,"turns":2},{"damage":18,"enemies":"Jaw Worm Horde","floor":46,"turns":3},{"damage":61,"enemies":"Nightmare","floor":49,"turns":7},{"damage":0,"enemies":"Sphere and 2 Shapes","floor":50,"turns":3},{"damage":0,"enemies":"Awakened One","floor":52,"turns":8}],"seed_played":"-7351148146066969665","potions_obtained":[{"floor":3.0,"key":"Elixir"},{"floor":6.0,"key":"Adrenaline Potion"},{"floor":12,"key":"Ancient Potion"},{"floor":13,"key":"Fire Potion"},{"floor":16,"key":"Fire Potion"},{"floor":18,"key":"Explosive Potion"},{"floor":18,"key":"Explosive Potion"},{"floor":20,"key":"Energy Potion"},{"floor":20,"key":"FairyPotion"},{"floor":22,"key":"DeathKnight:RimePotion"},{"floor":22,"key":"Ancient Potion"},{"floor":23,"key":"Block Potion"},{"floor":23,"key":"Dexterity Potion"},{"floor":25,"key":"DeathKnight:RimePotion"},{"floor":25,"key":"BlessingOfTheForge"},{"floor":29,"key":"Venom Potion"},{"floor":30,"key":"FearPotion"},{"floor":31,"key":"Weak Potion"},{"floor":35,"key":"Strength Potion"},{"floor":37,"key":"Block Potion"},{"floor":39,"key":"FearPotion"},{"floor":46,"key":"Energy Potion"},{"floor":49,"key":"Reflective Coating"},{"floor":50,"key":"FairyPotion"},{"floor":52,"key":"Dexterity Potion"}],"is_trial":false,"path_per_floor":["M","?","M","?","M","E","$","?","T","M","$","M","E","M","R","B",null,"M","M","M","?","M","NM","M","M","T","AVR","M","M","M","M","PTL","PTL","R","B",null,"M","M","M","$","M","R","?","?","T","M","R","$","NM","M","R","B",null],"character_chosen":"MARISA","items_purchased":["BargainBundle","GrandCross","Energy Potion","MaximisePower","Acceleration","WitchOfGreed","Apotheosis","RefractionSpark","EarthLightRay","Centennial Puzzle","Blue Doll","Orrery","Occultation+1","ShroomBag"],"campfire_rested":0,"item_purchase_floors":[7,7,7,7,7,7,7,11,11,40,40,40,48,48],"current_hp_per_floor":[68,68,68,68,63,43,43,43,43,43,43,49,53,55,55,68,68,68,68,68,68,68,60,68,68,68,68,68,67,65,68,68,68,68,24,68,66,68,68,68,68,68,68,67,67,54,54,54,5,9,9,19,68,68],"gold":463,"neow_bonus":"ONE_RARE_RELIC","is_daily":false,"chose_seed":false,"campfire_upgraded":4,"win_rate":0.0,"timestamp":1611256941,"path_taken":["M","?","M","?","?","E","$","?","T","M","?","M","E","M","R","BOSS","M","M","M","?","M","NM","M","M","T","AVR","M","M","M","M","PTL","PTL","R","BOSS","M","M","M","$","M","R","?","?","T","M","R","?","NM","M","R","BOSS"],"items_purchased_type":["Relic","Card","Potion","Card","Card","Card","Card","Card","Card","Relic","Relic","Relic","Card","Relic"],"build_version":"2020-11-17","purchased_purges":3,"victory":false,"max_hp_per_floor":[68,68,68,68,68,68,68,68,68,68,68,68,68,68,68,68,68,68,68,68,68,68,68,68,68,68,68,68,68,68,68,68,68,68,68,68,68,68,68,68,68,68,68,68,68,68,68,68,68,68,68,68,68,68],"card_choices":[{"not_picked":["DC","IllusionStar"],"picked":"NonDirectionalLaser","floor":1.0},{"not_picked":["ShootingEcho","PropBag"],"picked":"SporeBomb","floor":3.0},{"not_picked":["BlazeAway","EnergyFlow"],"picked":"MysteriousBeam","floor":5.0},{"not_picked":["GravityBeat","MachineGunSpark"],"picked":"DoubleSpark","floor":6.0},{"not_picked":["WitchOfGreed","OpenUniverse"],"picked":"EnergyFlow","floor":10.0},{"not_picked":["DC","Acceleration"],"picked":"BlazeAway","floor":12},{"not_picked":["GravityBeat","DoubleSpark"],"picked":"MagicChant","floor":13},{"not_picked":["MilkyWay","6A"],"picked":"IllusionStar","floor":14},{"not_picked":["UltimateShortwave","SuperNova"],"picked":"JA","floor":16},{"not_picked":["RefractionSpark","WitchOfGreed+1","AsteroidBelt"],"picked":"LuminesStrike+1","floor":18},{"not_picked":["Occultation","6A","PowerUp"],"picked":"UnstableBomb+1","floor":19},{"not_picked":["ShootingEcho","LuminesStrike","DarkSpark+1"],"picked":"BinaryStars","floor":20},{"not_picked":["LuminesStrike","OpenUniverse","PowerUp+1"],"picked":"ShootingEcho+1","floor":22},{"not_picked":["AsteroidBelt","UnstableBomb","AbsoluteMagnitude"],"picked":"WitchLeyline+1","floor":23},{"not_picked":["IllusionStar","Singularity","MilkyWay+1"],"picked":"SuperPerseids","floor":24},{"not_picked":["PowerUp+1","WitchOfGreed","Occultation"],"picked":"MilkyWay+1","floor":25},{"not_picked":["SporeBomb","MillisecondPulsars","Acceleration"],"picked":"OneTimeOff+1","floor":28},{"not_picked":["6A+1","LuminesStrike","OpenUniverse"],"picked":"DeepEcoloBomb+1","floor":29},{"not_picked":["GravityBeat","NonDirectionalLaser","WitchOfGreed+1"],"picked":"GalacticHalo+1","floor":30},{"not_picked":["DoubleSpark","ManaConvection","MilkyWay"],"picked":"FairyDestructionRay+1","floor":31},{"not_picked":["EscapeVelocity","BlazingStar","CollectingQuirk"],"picked":"UltimateShortwave","floor":35},{"not_picked":["ShootingEcho","DC+1","SporeBomb+1"],"picked":"GrandCross+1","floor":37},{"not_picked":["GrandCross","ManaConvection","IllusionStar"],"picked":"Occultation+1","floor":38},{"not_picked":["ShootingEcho+1","UnstableBomb+1","6A+1"],"picked":"EnergyRecoil+1","floor":39},{"not_picked":["SuperNova","GrandCross+1","Orbital+1"],"picked":"SprinkleStarSeal+1","floor":40},{"not_picked":["IllusionStar+1","SporeBomb+1","AsteroidBelt"],"picked":"DC+1","floor":40},{"not_picked":["GasGiant+1","FairyDestructionRay+1","6A"],"picked":"ChargingUp+1","floor":40},{"not_picked":["SporeBomb","OortCloud","LuminesStrike"],"picked":"MilkyWay+1","floor":40},{"not_picked":["PowerUp","DoubleSpark","ShootingEcho"],"picked":"UltimateShortwave","floor":40},{"not_picked":["GravityBeat","OrrerysSun","UnstableBomb"],"picked":"AsteroidBelt+1","floor":41},{"not_picked":["DoubleSpark","DC","PowerUp+1"],"picked":"EnergyFlow+1","floor":44},{"not_picked":["SuperPerseids","MilkyWay+1","AsteroidBelt"],"picked":"SprinkleStarSeal+1","floor":46},{"not_picked":["WitchLeyline+1","MagicAbsorber","UnstableBomb"],"picked":"GalacticHalo+1","floor":49},{"not_picked":["Robbery+1","DoubleSpark","BlazeAway"],"picked":"PropBag","floor":50},{"not_picked":["MaximisePower","EscapeVelocity","TreasureHunter"],"picked":"SatelliteIllusion","floor":52}],"player_experience":27811,"relics_obtained":[{"floor":6.0,"key":"Anchor"},{"floor":9.0,"key":"Replay:Rubber Ducky"},{"floor":13,"key":"Blood Vial"},{"floor":23,"key":"Lantern"},{"floor":43,"key":"Ring of Searing"},{"floor":43,"key":"Ring of Misfortune"},{"floor":44,"key":"Calipers"},{"floor":45,"key":"Juzu Bracelet"},{"floor":49,"key":"Garlic"}],"event_choices":[{"damage_healed":0.0,"max_hp_gain":0.0,"max_hp_loss":0.0,"gold_gain":275.0,"event_name":"Golden Shrine","player_choice":"Desecrate","floor":4.0,"gold_loss":0.0,"damage_taken":0.0,"cards_obtained":["Regret"]},{"damage_healed":0.0,"max_hp_gain":0.0,"max_hp_loss":0.0,"gold_gain":0.0,"event_name":"Match and Keep!","player_choice":"1 cards matched","floor":8.0,"gold_loss":0.0,"damage_taken":0.0,"cards_obtained":["Orbital"]},{"damage_healed":0,"gold_gain":99,"player_choice":"Stole From Cult","damage_taken":0,"max_hp_gain":0,"max_hp_loss":0,"event_name":"Nest","floor":21,"gold_loss":0},{"damage_healed":0,"gold_gain":0,"player_choice":"Fight","damage_taken":0,"max_hp_gain":0,"max_hp_loss":0,"event_name":"MindBloom","floor":44,"gold_loss":0}],"is_beta":true,"boss_relics":[{"not_picked":["Busted Crown","RampagingMagicTools"],"picked":"Honey Jar"},{"not_picked":["Replay:Grab Bag","ReplayTheSpireMod:SealedPack"],"picked":"Coffee Dripper"},{"not_picked":["Empty Cage","Philosopher\u0027s Stone"],"picked":"Replay:Wanted Poster"}],"items_purged_floors":[7,40,48],"is_endless":true,"potions_floor_spawned":[3,6,14,16,18,20,22,23,25,31,37,46,50],"ascension_level":0}}