{"host":"5sge6gv1nm0vflk2","time":1611233822,"event":{"mods":["AchievementEnabler","Aspiration","Bard","BaseMod","Beaked The Cultist","Better Third Choice","BetterRewards","Challenge The Spire","Colored Powertips","Conspire","Curses Come First","Downfall","Halation","Hubris","Infinite Spire","Minty Spire (QoL Compilation)","Relic Stats","Shade Mod","Shop Mod","Spicy Shops","StSLib","The Construct","The Cursed","The Disciple","The Hierophant","The Runesmith","The Servant 0.9.4"],"gold_per_floor":[119,69,69,80,95,130,130,305,305,35,35,47,47,82,82,185,185,199,37,49,1,1,29,29,29],"floor_reached":24,"language":"ENG","playtime":3423,"items_purged":["Doubt","Strike_S"],"score":222,"play_id":"298da01d-8b64-4692-ac77-5861694a75eb","local_time":"20210121065702","is_ascension_mode":false,"campfire_choices":[{"floor":7.0,"key":"REST"},{"data":"SurpressingFire","floor":11.0,"key":"SMITH"},{"floor":15.0,"key":"REST"}],"circlet_count":0,"master_deck":["Strike_S","Strike_S","Defend_S","Defend_S","KidneyShot","Exchange","Starlight","Revamp","infinitespire:Starlight+1","Rewind","SurpressingFire+1","Rearm","Luminosity","DoubleEdge","Spin","FlawlessForm","Misdirection+1","Embodiment+1","Solidify+1","TimeTheft+1","TimeWarp","hubris:InfiniteBlow","Unruled"],"relics":["Uniform","infinitespire:DarkRift","Bottled Tornado","Orichalcum","Regal Pillow","MerchantsRug","Bag of Preparation","Eternal Feather"],"acts_visited":["TheCity"],"potions_floor_usage":[23],"damage_taken":[{"damage":2.0,"enemies":"conspire:RoseBush","floor":1.0,"turns":3.0},{"damage":11.0,"enemies":"Jaw Worm","floor":4.0,"turns":5.0},{"damage":12.0,"enemies":"infinitespire:Voidling","floor":5.0,"turns":4.0},{"damage":18.0,"enemies":"Lagavulin","floor":6.0,"turns":11.0},{"damage":26.0,"enemies":"Lots of Slimes","floor":12.0,"turns":7.0},{"damage":24.0,"enemies":"3 Sentries","floor":14.0,"turns":8.0},{"damage":29.0,"enemies":"Slime Boss","floor":16.0,"turns":5.0},{"damage":22.0,"enemies":"3 Byrds","floor":18.0,"turns":4.0},{"damage":0.0,"enemies":"Spheric Guardian","floor":20.0,"turns":4.0},{"damage":65,"enemies":"Slavers","floor":23,"turns":8},{"damage":6,"enemies":"Centurion and Healer","floor":24,"turns":1}],"seed_played":"-2760483952725356546","potions_obtained":[{"floor":5.0,"key":"Swift Potion"},{"floor":12.0,"key":"PowerPotion"},{"floor":23,"key":"SteroidPotion"}],"is_trial":false,"path_per_floor":["M","$","?","M","M","E","R","?","T","$","R","M","?","E","R","B",null,"M","$","M","$","AVR","E","M"],"character_chosen":"THE_SERVANT","items_purchased":["Revamp","Luminosity","Orichalcum","MerchantsRug","AttackPotion"],"campfire_rested":2,"item_purchase_floors":[2,10,10,19,21],"current_hp_per_floor":[63,63,48,47,45,42,61,61,71,71,71,55,55,46,75,46,75,53,53,53,53,53,3,0,0],"gold":29,"neow_bonus":"NOSTALGIA","is_daily":false,"chose_seed":false,"campfire_upgraded":1,"win_rate":0.0,"timestamp":1611233822,"path_taken":["M","$","?","M","M","E","R","?","T","$","R","M","?","E","R","BOSS","M","$","?","?","AVR","E","?"],"items_purchased_type":["Card","Card","Relic","Relic","Potion"],"build_version":"2020-12-22","purchased_purges":2,"victory":false,"max_hp_per_floor":[65,65,65,65,65,65,65,65,75,75,75,75,75,75,75,75,75,75,75,75,75,75,75,75,75],"relic_stats":{"Regal Pillow":7,"counters":[11,60],"Eternal Feather":0,"Bag of Preparation":[4],"Orichalcum":[60],"obtain_stats":[{"MerchantsRug":19,"infinitespire:DarkRift":0,"Regal Pillow":14,"Pear":9,"aspiration:Nostalgia":0,"Astrolabe":17,"Eternal Feather":23,"Uniform":0,"Bag of Preparation":22,"Bottled Tornado":6,"Orichalcum":10},{"MerchantsRug":8,"infinitespire:DarkRift":0,"Regal Pillow":6,"Pear":4,"aspiration:Nostalgia":0,"Astrolabe":7,"Eternal Feather":10,"Uniform":0,"Bag of Preparation":9,"Bottled Tornado":4,"Orichalcum":4},{"MerchantsRug":47,"infinitespire:DarkRift":0,"Regal Pillow":38,"Pear":23,"aspiration:Nostalgia":0,"Astrolabe":43,"Eternal Feather":59,"Uniform":0,"Bag of Preparation":51,"Bottled Tornado":23,"Orichalcum":23}]},"card_choices":[{"not_picked":["FastForward","BottledTime"],"picked":"Starlight","floor":1.0},{"not_picked":["infinitespire:Punishment","infinitespire:FutureSight"],"picked":"infinitespire:Starlight","floor":3.0},{"not_picked":["TimeWarp","Spin"],"picked":"Rewind","floor":4.0},{"not_picked":["MoonPhase","Rewind"],"picked":"SurpressingFire","floor":5.0},{"not_picked":["Starlight","MurderousAura"],"picked":"Rearm","floor":6.0},{"not_picked":["FastForward","Rearm"],"picked":"DoubleEdge","floor":12.0},{"not_picked":["Alleviate","WasteNot"],"picked":"Spin","floor":14.0},{"not_picked":["TrueSight","FloweringNight"],"picked":"FlawlessForm","floor":16.0},{"not_picked":["Contraction+1","Gouge"],"picked":"TimeTheft+1","floor":18.0},{"not_picked":["WasteNot","RealityMarble"],"picked":"TimeWarp","floor":20.0},{"not_picked":["BottledTime","ShatteredReality"],"picked":"Unruled","floor":23}],"player_experience":420680,"relics_obtained":[{"floor":6.0,"key":"Bottled Tornado"},{"floor":9.0,"key":"Pear"},{"floor":14.0,"key":"Regal Pillow"},{"floor":23,"key":"Eternal Feather"}],"event_choices":[{"damage_healed":0.0,"max_hp_gain":0.0,"max_hp_loss":0.0,"gold_gain":175.0,"event_name":"betterThird:BetterSerpent","player_choice":"AGREE","floor":8.0,"gold_loss":0.0,"damage_taken":130.0},{"damage_healed":0.0,"max_hp_gain":0.0,"max_hp_loss":0.0,"gold_gain":0.0,"event_name":"Upgrade Shrine","player_choice":"Upgraded","floor":13.0,"gold_loss":0.0,"damage_taken":0.0,"cards_upgraded":["infinitespire:Starlight"]}],"is_beta":false,"boss_relics":[{"not_picked":["hubris:TerracottaHorce","hubris:GrandSneckoEye"],"picked":"Astrolabe"}],"items_purged_floors":[10,19],"is_endless":false,"potions_floor_spawned":[5,12,23],"killed_by":"Centurion and Healer","ascension_level":0}}