{"host":"072lmn9sfokvtood","time":1611190969,"event":{"mods":["BaseMod","Colored Powertips","Curses Come First","Minty Spire (QoL Compilation)","StSLib"],"gold_per_floor":[118,118,118,139,162,162,186,205,255,270,270,7,23,47,47,167,167,190,190,115,115,115,115,143,143,143,162,162,178,196,51,51,155,155,170,220,220,220,220,220,220],"floor_reached":40,"language":"ENG","playtime":5012,"items_purged":["Injury","Defend_P"],"score":421,"play_id":"00052196-a7f0-476f-bfe8-af909f9e2d4d","local_time":"20210120190249","is_ascension_mode":false,"campfire_choices":[{"floor":6.0,"key":"RECALL"},{"floor":15.0,"key":"REST"},{"floor":23.0,"key":"REST"},{"floor":25.0,"key":"REST"},{"floor":32,"key":"REST"}],"circlet_count":0,"master_deck":["Strike_P","Defend_P","Defend_P","Defend_P","Eruption","Vigilance","SandsOfTime+1","Tantrum","CarveReality+1","Swivel","WaveOfTheHand","BattleHymn","Study","FollowUp","LikeWater","ReachHeaven","Brilliance","ThirdEye","LikeWater","PathToVictory","Indignation","Scrawl","CurseOfTheBell","SashWhip+1","Sanctity+1","Worship","Consecrate","MasterReality","FollowUp","ClearTheMind","DevaForm","FearNoEvil+1","Bandage Up"],"relics":["PureWater","Prayer Wheel","Bloody Idol","Whetstone","ClockworkSouvenir","Calling Bell","Mercury Hourglass","Calipers","Ancient Tea Set","Kunai","Sundial","Nloth\u0027s Gift","Empty Cage","Bird Faced Urn"],"acts_visited":["Exordium","TheCity","TheBeyond"],"potions_floor_usage":[33,33,40],"damage_taken":[{"damage":5.0,"enemies":"Small Slimes","floor":1.0,"turns":4.0},{"damage":10.0,"enemies":"Jaw Worm","floor":4.0,"turns":4.0},{"damage":0.0,"enemies":"Cultist","floor":5.0,"turns":2.0},{"damage":7.0,"enemies":"Blue Slaver","floor":7.0,"turns":3.0},{"damage":5.0,"enemies":"Exordium Thugs","floor":8.0,"turns":4.0},{"damage":1.0,"enemies":"3 Louse","floor":10.0,"turns":4.0},{"damage":0.0,"enemies":"Blue Slaver","floor":13.0,"turns":4.0},{"damage":0.0,"enemies":"Looter","floor":14.0,"turns":1.0},{"damage":13.0,"enemies":"Hexaghost","floor":16.0,"turns":7.0},{"damage":16.0,"enemies":"2 Thieves","floor":18.0,"turns":3.0},{"damage":14.0,"enemies":"Gremlin Leader","floor":24.0,"turns":5.0},{"damage":10.0,"enemies":"Spheric Guardian","floor":27.0,"turns":4.0},{"damage":18.0,"enemies":"Snake Plant","floor":29.0,"turns":4.0},{"damage":10,"enemies":"Snecko","floor":30,"turns":5},{"damage":27,"enemies":"Collector","floor":33,"turns":8},{"damage":23,"enemies":"3 Shapes","floor":35,"turns":5},{"damage":28,"enemies":"Mind Bloom Boss Battle","floor":36,"turns":7},{"damage":66,"enemies":"Reptomancer","floor":40,"turns":5}],"seed_played":"9003626109136637357","potions_obtained":[{"floor":1.0,"key":"CultistPotion"},{"floor":3.0,"key":"SpeedPotion"},{"floor":3.0,"key":"Block Potion"},{"floor":14.0,"key":"Explosive Potion"},{"floor":16.0,"key":"SkillPotion"},{"floor":18.0,"key":"AttackPotion"},{"floor":29,"key":"Ambrosia"},{"floor":33,"key":"BlessingOfTheForge"},{"floor":36,"key":"LiquidMemories"}],"is_trial":false,"path_per_floor":["M","?","?","M","M","R","M","M","T","M","?","$","M","M","R","B",null,"M","?","?","?","T","R","E","R","T","M","?","M","M","$","R","B",null,"M","?","?","?","?","E"],"character_chosen":"WATCHER","items_purchased":["LikeWater","ClockworkSouvenir","ClearTheMind"],"campfire_rested":4,"item_purchase_floors":[12,12,31],"current_hp_per_floor":[60,60,60,50,50,50,43,38,38,37,37,37,37,37,56,43,65,49,49,49,49,49,65,56,65,65,60,60,47,42,42,61,39,65,47,24,24,24,57,0,0],"gold":220,"neow_bonus":"ONE_RARE_RELIC","is_daily":false,"chose_seed":false,"campfire_upgraded":0,"win_rate":0.0,"timestamp":1611190969,"path_taken":["M","?","?","M","M","R","M","?","T","M","?","?","M","M","R","BOSS","M","?","?","?","?","R","E","R","T","?","?","M","M","$","R","BOSS","M","?","?","?","?","E"],"items_purchased_type":["Card","Relic","Card"],"build_version":"2020-12-22","purchased_purges":2,"victory":false,"max_hp_per_floor":[65,65,65,65,65,65,65,65,65,65,65,65,65,65,65,65,65,65,65,65,65,65,65,65,65,65,65,65,65,65,65,65,65,65,65,65,65,65,57,57,57],"card_choices":[{"not_picked":["TalkToTheHand","PathToVictory"],"picked":"SandsOfTime","floor":1.0},{"not_picked":["Protect","ClearTheMind"],"picked":"Tantrum","floor":1.0},{"not_picked":["Crescendo","ThirdEye"],"picked":"CarveReality","floor":4.0},{"not_picked":["Perseverance","Consecrate"],"picked":"Swivel","floor":4.0},{"not_picked":["Wallop","ClearTheMind"],"picked":"WaveOfTheHand","floor":5.0},{"not_picked":["Protect","FlurryOfBlows"],"picked":"BattleHymn","floor":5.0},{"not_picked":["TalkToTheHand","Swivel"],"picked":"Study","floor":7.0},{"not_picked":["SignatureMove","CutThroughFate"],"picked":"FollowUp","floor":7.0},{"not_picked":["CarveReality","Protect"],"picked":"LikeWater","floor":8.0},{"not_picked":["Protect","CrushJoints"],"picked":"ReachHeaven","floor":8.0},{"not_picked":["Crescendo","Halt"],"picked":"Brilliance","floor":10.0},{"not_picked":["CrushJoints","FlyingSleeves"],"picked":"ThirdEye","floor":10.0},{"not_picked":["EmptyFist","Perseverance"],"picked":"PathToVictory","floor":13.0},{"not_picked":["BowlingBash","EmptyMind","Meditate"],"picked":"SKIP","floor":13.0},{"not_picked":["WaveOfTheHand","FlurryOfBlows"],"picked":"Indignation","floor":14.0},{"not_picked":["EmptyBody","FollowUp"],"picked":"EmptyFist","floor":14.0},{"not_picked":["Omniscience","Vault"],"picked":"Scrawl","floor":16.0},{"not_picked":["Protect","FlyingSleeves"],"picked":"SashWhip+1","floor":18.0},{"not_picked":["Tantrum+1","WheelKick"],"picked":"Sanctity+1","floor":18.0},{"not_picked":["Weave","Vault"],"picked":"Worship","floor":24.0},{"not_picked":["ClearTheMind","EmptyFist","TalkToTheHand"],"picked":"SKIP","floor":27.0},{"not_picked":["CrushJoints","FearNoEvil","Protect"],"picked":"SKIP","floor":27.0},{"not_picked":["Collect","Ragnarok"],"picked":"Consecrate","floor":29},{"not_picked":["ConjureBlade","SashWhip"],"picked":"MasterReality","floor":29},{"not_picked":["Nirvana+1","ThirdEye"],"picked":"FollowUp","floor":30},{"not_picked":["CutThroughFate","EmptyFist","BowlingBash"],"picked":"SKIP","floor":30},{"not_picked":["Ragnarok","Scrawl"],"picked":"DevaForm","floor":33},{"not_picked":["Collect","LikeWater","Meditate"],"picked":"SKIP","floor":35},{"not_picked":["Indignation","CrushJoints+1","Tantrum"],"picked":"SKIP","floor":35},{"not_picked":["Weave+1","Evaluate+1"],"picked":"FearNoEvil+1","floor":36},{"not_picked":["Jack Of All Trades","Transmutation"],"picked":"Bandage Up","floor":37}],"player_experience":128079,"relics_obtained":[{"floor":9.0,"key":"Whetstone"},{"floor":17.0,"key":"MealTicket"},{"floor":17.0,"key":"Mercury Hourglass"},{"floor":17.0,"key":"Calipers"},{"floor":22.0,"key":"Ancient Tea Set"},{"floor":24.0,"key":"Kunai"},{"floor":26.0,"key":"Sundial"},{"floor":36,"key":"Bird Faced Urn"}],"event_choices":[{"damage_healed":0.0,"max_hp_gain":0.0,"max_hp_loss":0.0,"gold_gain":0.0,"event_name":"Golden Idol","player_choice":"Take Wound","floor":2.0,"gold_loss":0.0,"damage_taken":0.0,"relics_obtained":["Golden Idol"],"cards_obtained":["Injury"]},{"damage_healed":0.0,"max_hp_gain":0.0,"max_hp_loss":0.0,"gold_gain":0.0,"event_name":"Lab","player_choice":"Got Potions","floor":3.0,"gold_loss":0.0,"damage_taken":0.0},{"damage_healed":0.0,"max_hp_gain":0.0,"max_hp_loss":0.0,"gold_gain":0.0,"event_name":"Scrap Ooze","player_choice":"Fled","floor":11.0,"gold_loss":0.0,"damage_taken":0.0},{"damage_healed":0.0,"max_hp_gain":0.0,"max_hp_loss":0.0,"gold_gain":0.0,"event_name":"Cursed Tome","player_choice":"Ignored","floor":19.0,"gold_loss":0.0,"damage_taken":0.0},{"cards_removed":["Strike_P"],"damage_healed":0.0,"max_hp_gain":0.0,"max_hp_loss":0.0,"gold_gain":0.0,"event_name":"Beggar","player_choice":"Gave Gold","floor":20.0,"gold_loss":75.0,"damage_taken":0.0},{"damage_healed":0.0,"max_hp_gain":0.0,"max_hp_loss":0.0,"gold_gain":0.0,"event_name":"Forgotten Altar","player_choice":"Gave Idol","floor":21.0,"relics_lost":["Golden Idol"],"gold_loss":0.0,"damage_taken":0.0,"relics_obtained":["Bloody Idol"]},{"damage_healed":0.0,"max_hp_gain":0.0,"max_hp_loss":0.0,"gold_gain":0.0,"event_name":"N\u0027loth","player_choice":"Traded Relic","floor":28.0,"relics_lost":["MealTicket"],"gold_loss":0.0,"damage_taken":0.0,"relics_obtained":["Nloth\u0027s Gift"]},{"damage_healed":0,"gold_gain":0,"player_choice":"Fight","damage_taken":0,"max_hp_gain":0,"max_hp_loss":0,"event_name":"MindBloom","floor":36,"gold_loss":0},{"damage_healed":0,"gold_gain":0,"player_choice":"Memory 1","damage_taken":0,"max_hp_gain":0,"max_hp_loss":0,"event_name":"SensoryStone","floor":37,"gold_loss":0},{"cards_removed":["EmptyFist"],"damage_healed":0,"gold_gain":0,"player_choice":"Removed Attack","damage_taken":0,"max_hp_gain":0,"max_hp_loss":0,"event_name":"Falling","floor":38,"gold_loss":0},{"damage_healed":57,"gold_gain":0,"player_choice":"Heal","damage_taken":0,"max_hp_gain":0,"max_hp_loss":8,"event_name":"The Moai Head","floor":39,"gold_loss":0}],"is_beta":false,"boss_relics":[{"not_picked":["Ectoplasm","Velvet Choker"],"picked":"Calling Bell"},{"not_picked":["Fusion Hammer","Runic Pyramid"],"picked":"Empty Cage"}],"items_purged_floors":[12,31],"is_endless":false,"potions_floor_spawned":[1,5,7,14,16,18,29,33,36],"killed_by":"Reptomancer","ascension_level":0}}