{"host":"0ricjaa7rfq9v76t","time":1611220130,"event":{"mods":["AchievementEnabler","Aspiration","BaseMod","Better Vampires","BetterRewards","Colored Powertips","Highlight Path","Hubris","Infinite Spire","Minty Spire (QoL Compilation)","Quick Restart","Rare Cards Sparkle","Relic Sorter","Replay The Spire","StSLib","SuperFastMode","Synergy Search","The Cursed","The Disciple","The Jungle","The Marked","The Runesmith","Uncapped"],"gold_per_floor":[119,129,129,146,146,146,171,171,171,252,265,276,295,305,305,401,401,412,412,427,427,437,437,453,464,464,495,242,272,303,328,328,338,338],"floor_reached":33,"language":"ENG","playtime":8542,"items_purged":["Strike_B","Strike_B"],"score":375,"play_id":"d320eb7c-8c41-4368-8fb4-d67b9c3054ad","local_time":"20210121170850","is_ascension_mode":false,"campfire_choices":[{"data":"Genetic Algorithm","floor":6,"key":"SMITH"},{"floor":8,"key":"REST"},{"floor":15,"key":"REST"},{"data":"Heatsinks","floor":23,"key":"SMITH"},{"floor":32,"key":"REST"}],"circlet_count":0,"master_deck":["Strike_B","Strike_B","Defend_B","Defend_B","Defend_B","Defend_B","Zap","Dualcast+1","Scrape","Turbo","Genetic Algorithm+1","ReplayGash","Conserve Battery","FIFO Queue","Gash","Ball Lightning","Electrodynamics+1","Heatsinks+1","Tempest","hubris:Ukulele"],"relics":["Cracked Core","hubris:Icosahedron","infinitespire:Golems Mask","hubris:BallOfYels","ReplayTheSpireMod:Ninjato","infinitespire:Freezer","infinitespire:Satchel","Black Star","Kunai","Gremlin Food","Anchor","Replay:Bandana"],"acts_visited":["Exordium","Exordium"],"potions_floor_usage":[7,11,12,16,16,29,31,31,31,33],"damage_taken":[{"damage":1,"enemies":"Cultist","floor":1,"turns":3},{"damage":4,"enemies":"Small Slimes","floor":2,"turns":3},{"damage":2,"enemies":"2 Louse","floor":4,"turns":2},{"damage":32,"enemies":"Gremlin Nob","floor":7,"turns":4},{"damage":3,"enemies":"Large Slime","floor":11,"turns":4},{"damage":0,"enemies":"Lots of Slimes","floor":12,"turns":3},{"damage":2,"enemies":"Exordium Thugs","floor":13,"turns":5},{"damage":1,"enemies":"Red Slaver","floor":14,"turns":2},{"damage":18,"enemies":"Slime Boss","floor":16,"turns":8},{"damage":6,"enemies":"theJungle:MUSHROOMGANG","floor":18,"turns":3},{"damage":10,"enemies":"theJungle:5_Spyders","floor":20,"turns":7},{"damage":0,"enemies":"theJungle:2_Snecko_Cultists","floor":22,"turns":2},{"damage":7,"enemies":"theJungle:SlimyTreeVines","floor":24,"turns":7},{"damage":18,"enemies":"theJungle:Lyon","floor":25,"turns":4},{"damage":8,"enemies":"theJungle:2_Phrogs","floor":27,"turns":5},{"damage":13,"enemies":"theJungle:2_Flameangoes","floor":29,"turns":3},{"damage":8,"enemies":"theJungle:JungleHuntersEncounter","floor":30,"turns":4},{"damage":0,"enemies":"Snake Plant","floor":31,"turns":1},{"damage":26,"enemies":"theJungle:TotemBoss","floor":33,"turns":6}],"seed_played":"4903099090367768148","potions_obtained":[{"floor":1,"key":"PowerPotion"},{"floor":7,"key":"AttackPotion"},{"floor":11,"key":"ColorlessPotion"},{"floor":13,"key":"SteroidPotion"},{"floor":14,"key":"SkillPotion"},{"floor":16,"key":"Weak Potion"},{"floor":20,"key":"Explosive Potion"},{"floor":22,"key":"PotionOfCapacity"},{"floor":27,"key":"Fire Potion"},{"floor":29,"key":"Energy Potion"},{"floor":31,"key":"Languid Potion"}],"is_trial":false,"path_per_floor":["M","M","T","M","?","R","E","R","T","?","M","M","M","M","R","B",null,"M","?","M","?","M","R","M","M","T","E","$","M","M","M","R","B"],"character_chosen":"DEFECT","items_purchased":["Scrape","Replay:Bandana"],"campfire_rested":3,"item_purchase_floors":[0,28],"current_hp_per_floor":[57,53,53,51,51,51,19,41,41,11,8,8,6,5,27,9,75,69,62,52,52,52,52,50,32,32,24,24,11,3,3,25,0,0],"gold":338,"neow_bonus":"","is_daily":false,"chose_seed":false,"campfire_upgraded":2,"win_rate":0.0,"timestamp":1611220130,"path_taken":["M","M","?","?","?","R","E","R","T","?","M","M","M","M","R","BOSS","M","?","?","?","M","R","?","M","T","E","$","M","M","M","R","BOSS"],"items_purchased_type":["Card","Relic"],"build_version":"2020-12-22","purchased_purges":2,"victory":false,"max_hp_per_floor":[75,75,75,75,75,75,75,75,75,75,75,75,75,75,75,75,75,75,75,75,75,75,75,75,75,75,75,75,75,75,75,75,75,75],"card_choices":[{"not_picked":["Leap","FTL","Go for the Eyes"],"picked":"SKIP","floor":1},{"not_picked":["Hologram","BasicCrystalCard"],"picked":"Turbo","floor":2},{"not_picked":["Gash","Glacier"],"picked":"Genetic Algorithm","floor":4},{"not_picked":["Rip and Tear","Leap"],"picked":"ReplayGash","floor":7},{"not_picked":["ReplayTheSpireMod:GoodbyeWorld","Compile Driver"],"picked":"Conserve Battery","floor":10},{"not_picked":["Redo","Stack"],"picked":"FIFO Queue","floor":11},{"not_picked":["Glacier","Chaos"],"picked":"Gash","floor":12},{"not_picked":["Time Bomb","Sweeping Beam"],"picked":"Ball Lightning","floor":13},{"not_picked":["Recycle","Panic Button","ReplayTheSpireMod:Repulse"],"picked":"SKIP","floor":14},{"not_picked":["Buffer","ReplayTheSpireMod:Fabricate Wheel"],"picked":"Electrodynamics","floor":16},{"not_picked":["Undo+1","Time Bomb"],"picked":"Heatsinks","floor":18},{"not_picked":["Heatsinks","Ball Lightning","Barrage"],"picked":"SKIP","floor":20},{"not_picked":["Compile Driver","Go for the Eyes+1","Leap"],"picked":"SKIP","floor":22},{"not_picked":["Undo+1","Beam Cell"],"picked":"Tempest","floor":24},{"not_picked":["Auto Shields","Sweeping Beam","Go for the Eyes"],"picked":"SKIP","floor":25},{"not_picked":["Crystallizer","Compile Driver"],"picked":"hubris:Ukulele","floor":27},{"not_picked":["Sweeping Beam","BootSequence","Coolheaded"],"picked":"SKIP","floor":29},{"not_picked":["Melter","Turbo","hubris:Ukulele"],"picked":"SKIP","floor":30},{"not_picked":["Sunder","Coolheaded","Force Field"],"picked":"SKIP","floor":31}],"player_experience":176343,"relics_obtained":[{"floor":3,"key":"hubris:BallOfYels"},{"floor":7,"key":"ReplayTheSpireMod:Ninjato"},{"floor":9,"key":"infinitespire:Freezer"},{"floor":10,"key":"infinitespire:Satchel"},{"floor":26,"key":"Kunai"},{"floor":27,"key":"Gremlin Food"},{"floor":27,"key":"Anchor"}],"event_choices":[{"damage_healed":0,"gold_gain":0,"player_choice":"Damaged","damage_taken":7,"max_hp_gain":0,"max_hp_loss":0,"event_name":"Wheel of Change","floor":19,"gold_loss":0},{"damage_healed":0,"gold_gain":0,"player_choice":"Upgraded","damage_taken":0,"max_hp_gain":0,"max_hp_loss":0,"event_name":"Upgrade Shrine","floor":21,"gold_loss":0,"cards_upgraded":["Electrodynamics"]}],"is_beta":false,"boss_relics":[{"not_picked":["aspiration:Stellarator","SlaversCollar"],"picked":"Black Star"}],"items_purged_floors":[0,28],"is_endless":false,"potions_floor_spawned":[1,7,11,13,14,16,20,22,25,27,29,31],"killed_by":"theJungle:TotemBoss","ascension_level":0}}