{"host":"filqxfmpn4gpyh2j","time":1611260443,"event":{"mods":["Aspiration","BaseMod","BetterRewards","Colored Powertips","Energized Spire","Friendly Minions","GifTheSpireLib","Hubris","Ironclad Rager","Minty Spire (QoL Compilation)","Replay The Spire","Shop Mod","Slumbering Mod","StSLib","The Blackbeard","The Bladedancer","The Druid","The Exalted","The Forsaken","The Hierophant","Treasure Hunter"],"gold_per_floor":[115,340,360,24,40,70,70,80,96,161,187,190,201,266,266,353,353,361,286,299,367,217,242,242,94,110,61,64,92,92,114,114,212,212,216,228,73,74,81,102,113,113,131,138,138,49,70,70,70],"floor_reached":50,"language":"ENG","playtime":1952,"items_purged":[],"score":1036,"play_id":"e902bfd2-6236-4b90-a291-b031c6eadc87","local_time":"20210121212043","is_ascension_mode":true,"campfire_choices":[{"data":"blackbeard:CaptainsHat","floor":7,"key":"SMITH"},{"floor":15,"key":"REST"},{"data":"blackbeard:CannonballSupply","floor":24,"key":"SMITH"},{"floor":42,"key":"REST"},{"floor":45,"key":"REST"}],"circlet_count":0,"master_deck":["blackbeard:BlackbeardStrike","blackbeard:BlackbeardStrike+1","blackbeard:BlackbeardStrike+1","blackbeard:BlackbeardStrike","blackbeard:IntimidatingStrike","blackbeard:BlackbeardDefend","blackbeard:BlackbeardDefend","blackbeard:BlackbeardDefend","blackbeard:BlackbeardDefend","blackbeard:Cutlass","blackbeard:CannonballSupply+1","blackbeard:RemoveScurvy","blackbeard:Dagger","blackbeard:WoodenLeg","blackbeard:CloakAndCannonball","blackbeard:CaptainsHat+1","blackbeard:CatONineTails","TH:TreasureMap","blackbeard:BeatUp","blackbeard:PowerHungry","blackbeard:CloakAndCannonball+1","blackbeard:Boarding+1","blackbeard:TheDrunkenSailor","blackbeard:BeatUp+1","blackbeard:Parrot","ReplayTheSpireMod:IOU","ReplayTheSpireMod:IOU"],"relics":["blackbeard:LoadTheCannons","aspiration:Lifesprig","HandDrill","Anchor","theSlumbering:GamblerFolly","Happy Flower","Bromod:ArcaneMomentum","theForsaken:Lifeblossom","Kunai","MealTicket","Singing Bowl","energizedSpire:DeadBattery","White Beast Statue","Orrery","Bag of Marbles","blackbeard:CannonballsOfSteel","ReplayFunnel","aspiration:StickyExplosives_weak","aspiration:RitualStick","Potion Belt","Busted Crown","hubris:EmptyBottle","Whetstone","Ancient Tea Set","Replay:Wax Seal","aspiration:KaomsHeart"],"acts_visited":["Exordium","TheCity","TheBeyond"],"potions_floor_usage":[6,6,6,11,16,31,33,39,40,40,40,40,49,49,49,49,49],"damage_taken":[{"damage":0,"enemies":"2 Louse","floor":1,"turns":2},{"damage":1,"enemies":"Jaw Worm","floor":3,"turns":2},{"damage":0,"enemies":"Small Slimes","floor":5,"turns":3},{"damage":11,"enemies":"Gremlin Nob","floor":6,"turns":3},{"damage":0,"enemies":"Exordium Wildlife","floor":8,"turns":3},{"damage":0,"enemies":"Lagavulin","floor":11,"turns":1},{"damage":0,"enemies":"Blue Slaver","floor":12,"turns":2},{"damage":5,"enemies":"2 Fungi Beasts","floor":13,"turns":3},{"damage":33,"enemies":"Hexaghost","floor":16,"turns":7},{"damage":0,"enemies":"Chosen","floor":18,"turns":4},{"damage":0,"enemies":"3 Byrds","floor":20,"turns":4},{"damage":18,"enemies":"Slavers","floor":23,"turns":4},{"damage":0,"enemies":"Snecko","floor":28,"turns":2},{"damage":3,"enemies":"Replay:Snechameleon","floor":29,"turns":5},{"damage":0,"enemies":"Gremlin Leader","floor":31,"turns":4},{"damage":23,"enemies":"Champ","floor":33,"turns":7},{"damage":16,"enemies":"3 Shapes","floor":35,"turns":3},{"damage":0,"enemies":"3 Darklings","floor":36,"turns":2},{"damage":44,"enemies":"Spire Growth","floor":38,"turns":4},{"damage":36,"enemies":"4 Shapes","floor":39,"turns":3},{"damage":0,"enemies":"Nemesis","floor":40,"turns":5},{"damage":0,"enemies":"Transient","floor":41,"turns":5},{"damage":26,"enemies":"Sphere and 2 Shapes","floor":44,"turns":4},{"damage":5,"enemies":"R_Hoarder","floor":47,"turns":4},{"damage":24,"enemies":"Awakened One","floor":49,"turns":7}],"seed_played":"650907591857364177","potions_obtained":[{"floor":1,"key":"EntropicBrew"},{"floor":5,"key":"PowerPotion"},{"floor":8,"key":"Doom Potion"},{"floor":23,"key":"Elixir"},{"floor":31,"key":"Dexterity Potion"},{"floor":33,"key":"SkillPotion"},{"floor":35,"key":"LiquidBronze"},{"floor":36,"key":"EssenceOfSteel"},{"floor":39,"key":"Energy Potion"},{"floor":40,"key":"Energy Potion"},{"floor":41,"key":"DistilledChaos"},{"floor":44,"key":"FairyPotion"}],"is_trial":false,"path_per_floor":["M","?","M","$","M","E","R","M","T","T","E","M","M","T","R","B",null,"M","?","M","T","$","E","R","$","T","$","M","E","?","E","R","B",null,"M","M","$","M","M","E","M","R","T","M","R","$","E","?","B",null],"character_chosen":"BLACKBEARD_CLASS","items_purchased":["aspiration:Lifesprig","blackbeard:CannonballSupply","HandDrill","theSlumbering:GamblerFolly","blackbeard:WoodenLeg","Happy Flower","Orrery","blackbeard:CannonballsOfSteel","PowerPotion","hubris:EmptyBottle","Replay:Wax Seal","aspiration:KaomsHeart"],"campfire_rested":3,"item_purchase_floors":[0,0,0,4,4,4,22,25,27,37,46,46],"current_hp_per_floor":[61,61,65,65,70,59,59,59,59,59,59,62,62,62,75,50,77,79,79,79,81,87,81,81,91,93,93,93,94,75,85,101,87,103,91,96,107,66,37,52,65,100,102,94,121,221,221,221,201],"gold":70,"neow_bonus":"","is_daily":false,"chose_seed":false,"campfire_upgraded":2,"win_rate":0.0,"timestamp":1611260443,"path_taken":["M","?","M","$","M","E","R","M","T","?","E","M","M","?","R","BOSS","M","?","M","?","$","E","R","$","T","$","M","E","?","E","R","BOSS","M","M","$","M","M","E","M","R","T","M","R","$","E","?","BOSS"],"items_purchased_type":["Relic","Card","Relic","Relic","Card","Relic","Relic","Relic","Potion","Relic","Relic","Relic"],"build_version":"2020-12-22","purchased_purges":0,"victory":true,"max_hp_per_floor":[75,75,75,75,75,75,75,75,75,75,75,75,75,75,75,77,77,79,79,79,81,87,91,91,91,93,93,93,97,97,101,101,103,103,105,107,107,109,111,115,117,117,119,121,121,221,225,225,225],"card_choices":[{"not_picked":["blackbeard:ArmorUp","blackbeard:SwordDance"],"picked":"blackbeard:RemoveScurvy","floor":1},{"not_picked":["blackbeard:GoldenStrike","blackbeard:TerrorOfTheSeas"],"picked":"blackbeard:Dagger","floor":3},{"not_picked":["blackbeard:Sharpening","blackbeard:PowderKeg"],"picked":"blackbeard:CloakAndCannonball","floor":5},{"not_picked":["blackbeard:CloakAndCannonball","blackbeard:WiseDefense"],"picked":"blackbeard:CaptainsHat","floor":6},{"not_picked":["TH:Mimic","TH:CopperCoins"],"picked":"SKIP","floor":6},{"not_picked":["blackbeard:Dagger","blackbeard:BuriedTreasure"],"picked":"blackbeard:CatONineTails","floor":8},{"not_picked":["TH:DeckOfManyThings"],"picked":"TH:BikiniMail","floor":9},{"not_picked":["TH:BikiniMail","TH:TreasureMap"],"picked":"SKIP","floor":10},{"not_picked":["TH:ArmorSpikes"],"picked":"TH:TreasureMap","floor":11},{"not_picked":["blackbeard:Upgrade","blackbeard:Fencing","blackbeard:Toast"],"picked":"SKIP","floor":11},{"not_picked":["blackbeard:Upgrade","blackbeard:Fencing","blackbeard:Toast"],"picked":"SKIP","floor":11},{"not_picked":["blackbeard:GoldenStrike","blackbeard:PirateEarring"],"picked":"blackbeard:BeatUp","floor":12},{"not_picked":["blackbeard:GoldenDefense","blackbeard:DeadlyArsenal","blackbeard:TerrorOfTheSeas"],"picked":"SKIP","floor":13},{"not_picked":["TH:ElvenBoots","TH:CursedSword"],"picked":"SKIP","floor":14},{"not_picked":["TH:CopperCoins","TH:Mimic"],"picked":"Singing Bowl","floor":16},{"not_picked":["blackbeard:UndeadForm","blackbeard:MegaUpgrade"],"picked":"blackbeard:PowerHungry","floor":16},{"not_picked":["blackbeard:RearmingStrike","blackbeard:WiseDefense","blackbeard:SwordDance"],"picked":"Singing Bowl","floor":18},{"not_picked":["blackbeard:BeatUp","blackbeard:WiseDefense"],"picked":"blackbeard:CloakAndCannonball+1","floor":20},{"not_picked":["TH:ElvenBoots","TH:PixieDust"],"picked":"Singing Bowl","floor":21},{"not_picked":["blackbeard:PirateHook","blackbeard:PiratesWill+1","blackbeard:Intoxication"],"picked":"Singing Bowl","floor":22},{"not_picked":["blackbeard:GhostInTheRum","blackbeard:WoodenLeg"],"picked":"blackbeard:Boarding+1","floor":22},{"not_picked":["blackbeard:Sharpening","blackbeard:BlindAttacks+1","blackbeard:GoldenDefense"],"picked":"Singing Bowl","floor":22},{"not_picked":["blackbeard:RemoveScurvy+1","blackbeard:AgileStrike","blackbeard:SwordDance+1"],"picked":"Singing Bowl","floor":22},{"not_picked":["blackbeard:PiratesWill","blackbeard:Shrapnel"],"picked":"blackbeard:TheDrunkenSailor","floor":22},{"not_picked":["TH:Mimic","TH:DeckOfManyThings"],"picked":"Singing Bowl","floor":23},{"not_picked":["blackbeard:Lifeboat","blackbeard:DoubleBottom","blackbeard:FieryDefense"],"picked":"Singing Bowl","floor":23},{"not_picked":["TH:Mimic","TH:CopperCoins"],"picked":"Singing Bowl","floor":26},{"not_picked":["blackbeard:GoldenDefense","blackbeard:AgileStrike"],"picked":"blackbeard:BeatUp","floor":28},{"not_picked":["TH:CopperCoins","TH:PixieDust"],"picked":"Singing Bowl","floor":29},{"not_picked":["blackbeard:DeadlyArsenal","blackbeard:RemoveScurvy","blackbeard:FieryDefense"],"picked":"Singing Bowl","floor":29},{"not_picked":["TH:PixieDust","TH:EnergyPotion"],"picked":"Singing Bowl","floor":31},{"not_picked":["blackbeard:Toast","blackbeard:MegaUpgrade","blackbeard:Spear"],"picked":"Singing Bowl","floor":31},{"not_picked":["TH:BikiniMail","TH:CopperCoins"],"picked":"Singing Bowl","floor":33},{"not_picked":["blackbeard:GoldenGuillotine","blackbeard:Halberd"],"picked":"blackbeard:Parrot","floor":33},{"not_picked":["blackbeard:RearmingStrike+1"],"picked":"Singing Bowl","floor":35},{"not_picked":["blackbeard:Provisioning+1"],"picked":"Singing Bowl","floor":36},{"not_picked":["blackbeard:BeatUp+1"],"picked":"Singing Bowl","floor":38},{"not_picked":["blackbeard:RearmingStrike"],"picked":"Singing Bowl","floor":39},{"not_picked":["TH:CursedSword"],"picked":"Singing Bowl","floor":40},{"not_picked":["blackbeard:BuriedTreasure"],"picked":"Singing Bowl","floor":40},{"not_picked":["blackbeard:Toast"],"picked":"Singing Bowl","floor":41},{"not_picked":["TH:EnergyPotion"],"picked":"Singing Bowl","floor":43},{"not_picked":["blackbeard:SmithingHammer+1"],"picked":"Singing Bowl","floor":44},{"not_picked":["TH:CopperCoins"],"picked":"Singing Bowl","floor":47},{"not_picked":["blackbeard:DeadlyArsenal+1"],"picked":"Singing Bowl","floor":47}],"player_experience":373274,"relics_obtained":[{"floor":6,"key":"Bromod:ArcaneMomentum"},{"floor":9,"key":"theForsaken:Lifeblossom"},{"floor":10,"key":"Kunai"},{"floor":11,"key":"MealTicket"},{"floor":14,"key":"Singing Bowl"},{"floor":21,"key":"White Beast Statue"},{"floor":23,"key":"Bag of Marbles"},{"floor":26,"key":"ReplayFunnel"},{"floor":29,"key":"aspiration:StickyExplosives_weak"},{"floor":31,"key":"Potion Belt"},{"floor":40,"key":"Whetstone"},{"floor":43,"key":"Ancient Tea Set"},{"floor":47,"key":"aspiration:KMNothing"}],"event_choices":[{"damage_healed":0,"gold_gain":225,"player_choice":"YARR","damage_taken":0,"relics_obtained":["Anchor"],"max_hp_gain":0,"max_hp_loss":0,"event_name":"blackbeard:Ssssserpent","floor":2,"gold_loss":0},{"cards_removed":["TH:BikiniMail"],"damage_healed":0,"gold_gain":0,"player_choice":"Gave Gold","damage_taken":0,"max_hp_gain":0,"max_hp_loss":0,"event_name":"Beggar","floor":19,"gold_loss":75},{"damage_healed":0,"gold_gain":0,"player_choice":"Took Portal","damage_taken":0,"max_hp_gain":0,"max_hp_loss":0,"event_name":"SecretPortal","floor":48,"gold_loss":0}],"is_beta":false,"boss_relics":[{"not_picked":["energizedSpire:SpiderWeb","energizedSpire:EnergizedDie"],"picked":"energizedSpire:DeadBattery"},{"not_picked":["energizedSpire:HugeHouse","Snecko Eye"],"picked":"Busted Crown"}],"items_purged_floors":[],"is_endless":false,"potions_floor_spawned":[1,5,8,23,28,29,31,33,35,36,38,39,40,41,44,47],"ascension_level":1}}