{"host":"w8jq41i5zn1fudf9","time":1611187404,"event":{"mods":["2.2 Compatiblity","AchievementEnabler","Aspiration","Bartender","BaseMod","BetterRewards","Colored Map","Colored Powertips","Curses Come First","GifTheSpireLib","Googly Eyes","Hermit","Hubris","Infinite Spire","Jedi Mod","Koishi","Magitek Elite","Minty Spire (QoL Compilation)","Permanent Neow","Quick Restart","Rare Cards Sparkle","Relic Stats","Replay The Spire","Robot Space Explorer","Shop Mod","Spire Birthday Party","StSLib","Td1madao Mod","The Awakened One except there are too many feathers","The Edgeheg","The Servant 0.9.4","Wandering Minibosses","egg","everything is the same but u backflip on backflip","slay the spire mod where everything is the same but ironclad has a cowboy hat"],"gold_per_floor":[113,213,223,14,29,29,46,66,119,119,144,158,158,158,158,287,287,302,302,316,316,316,316,316,316,316,316,316,340,340,340,340,463,463,486,502,521,446,464,464,464,464,464,480,480,480,480,480,480,496,496,496],"floor_reached":53,"language":"ENG","playtime":2323,"items_purged":["Injury"],"score":705,"play_id":"1ac92176-4b21-4375-b329-d6998c87e0b5","local_time":"20210120170324","is_ascension_mode":false,"campfire_choices":[{"data":"RobotSpaceExplorer:Jetpack","floor":6.0,"key":"SMITH"},{"data":"RobotSpaceExplorer:MiniBoosters","floor":10.0,"key":"SMITH"},{"data":"RobotSpaceExplorer:ChargingLaser","floor":15.0,"key":"SMITH"},{"data":"RobotSpaceExplorer:Blaster","floor":23.0,"key":"SMITH"},{"data":"infinitespire:FutureSight","floor":27.0,"key":"SMITH"},{"floor":30.0,"key":"REST"},{"floor":32,"key":"REST"},{"data":"RobotSpaceExplorer:ShockMissile","floor":40,"key":"SMITH"},{"data":"RobotSpaceExplorer:ToxicBomb","floor":42,"key":"SMITH"},{"data":"RobotSpaceExplorer:FranticSearch","floor":47,"key":"SMITH"},{"floor":51,"key":"REST"}],"circlet_count":0,"master_deck":["RobotSpaceExplorer:Strike","RobotSpaceExplorer:Strike","RobotSpaceExplorer:Strike","RobotSpaceExplorer:Defend","RobotSpaceExplorer:Defend","RobotSpaceExplorer:Defend","RobotSpaceExplorer:Defend","RobotSpaceExplorer:Scan","RobotSpaceExplorer:MiniLasers","RobotSpaceExplorer:Counterblock","RobotSpaceExplorer:Jetpack+1","hubris:Wrath","RobotSpaceExplorer:SurgingStrike","RobotSpaceExplorer:ScrapMissile","RobotSpaceExplorer:MiniBoosters+1","RobotSpaceExplorer:FranticSearch+1","RobotSpaceExplorer:ChargingLaser+1","RobotSpaceExplorer:MiniDrones","RobotSpaceExplorer:Blaster+1","RobotSpaceExplorer:PlasmaMissile","RobotSpaceExplorer:ScrapMissile","RitualDagger","infinitespire:FutureSight+1","RobotSpaceExplorer:ShockMissile+1","RobotSpaceExplorer:ToxicBomb+1","RobotSpaceExplorer:StarDust+1","RobotSpaceExplorer:Fix+1","RobotSpaceExplorer:MiniDrones+1","RobotSpaceExplorer:GearShield","RobotSpaceExplorer:ShockKick"],"relics":["RobotSpaceExplorer:RoboCore","NeowsBlessing","ReplayTheSpireMod:CursedCoin","jedi:matchstick","Pet Ghost","Power_Wrist","Golden Idol","Gem_Box","aspiration:RitualStick","Snack Pack","hubris:Icosahedron","Replay:Bottled Snecko","Nilry\u0027s Codex","aspiration:RunicSpoon","Letter Opener"],"acts_visited":["Exordium","TheCity","TheBeyond"],"potions_floor_usage":[33,33,33,52],"damage_taken":[{"damage":0.0,"enemies":"Cultist","floor":1.0,"turns":1.0},{"damage":0.0,"enemies":"infinitespire:Voidling","floor":3.0,"turns":1.0},{"damage":0.0,"enemies":"Jaw Worm","floor":5.0,"turns":1.0},{"damage":4.0,"enemies":"2 Fungi Beasts","floor":7.0,"turns":3.0},{"damage":6.0,"enemies":"Large Slime","floor":8.0,"turns":5.0},{"damage":9.0,"enemies":"3 Sentries","floor":11.0,"turns":7.0},{"damage":0.0,"enemies":"Exordium Wildlife","floor":12.0,"turns":1.0},{"damage":16.0,"enemies":"Slime Boss","floor":16.0,"turns":7.0},{"damage":3.0,"enemies":"2 Thieves","floor":18.0,"turns":3.0},{"damage":0.0,"enemies":"Chosen","floor":20.0,"turns":2.0},{"damage":15.0,"enemies":"Snake Plant","floor":29.0,"turns":2.0},{"damage":40,"enemies":"Automaton","floor":33,"turns":9},{"damage":19,"enemies":"3 Shapes","floor":35,"turns":2},{"damage":1,"enemies":"3 Darklings","floor":36,"turns":2},{"damage":16,"enemies":"Writhing Mass","floor":37,"turns":3},{"damage":32,"enemies":"Transient","floor":39,"turns":5},{"damage":11,"enemies":"Maw","floor":44,"turns":5},{"damage":13,"enemies":"3 Darklings","floor":50,"turns":3},{"damage":40,"enemies":"infinitespire:MassOfShapes","floor":52,"turns":3}],"seed_played":"6648457713686209999","potions_obtained":[{"floor":1.0,"key":"jedi:holywater"},{"floor":11.0,"key":"Weak Potion"},{"floor":12.0,"key":"SkillPotion"},{"floor":16.0,"key":"RobotSpaceExplorer:RecyclePotion"},{"floor":33,"key":"Venom Potion"}],"is_trial":false,"path_per_floor":["M","?","M","$","M","R","M","M","T","R","E","M","?","?","R","B",null,"M","?","M","T","?","R","?","AVR","T","R","?","M","R","?","R","B",null,"M","M","M","$","M","R","?","R","T","M","PTL","PTL","R","?","AVR","M","R","B",null],"character_chosen":"RobotSpaceExplorer","items_purchased":["ReplayTheSpireMod:CursedCoin","jedi:matchstick","RobotSpaceExplorer:SurgingStrike"],"campfire_rested":3,"item_purchase_floors":[4,4,4],"current_hp_per_floor":[75,75,75,75,75,75,71,65,65,65,56,56,56,56,56,40,75,72,57,57,57,51,51,51,51,51,51,35,24,46,40,62,38,75,60,65,55,55,35,35,35,35,35,46,46,46,46,46,46,53,75,59],"gold":496,"neow_bonus":"THREE_ENEMY_KILL","is_daily":false,"chose_seed":false,"campfire_upgraded":8,"win_rate":0.0,"timestamp":1611187404,"path_taken":["M","?","?","$","?","R","M","M","T","R","E","M","?","?","R","BOSS","M","?","M","?","?","R","?","AVR","T","R","?","?","R","?","R","BOSS","M","M","?","$","M","R","?","R","T","M","PTL","PTL","R","?","AVR","?","R","BOSS"],"items_purchased_type":["Relic","Relic","Card"],"build_version":"2020-12-22","purchased_purges":1,"victory":true,"max_hp_per_floor":[75,75,75,75,75,75,75,75,75,75,75,75,75,75,75,75,75,75,75,75,75,75,75,75,75,75,75,75,75,75,75,75,75,75,75,75,75,75,75,75,75,75,75,75,75,75,75,75,75,75,75,75],"relic_stats":{"counters":[19,65],"Golden Idol":110,"aspiration:RunicSpoon":[60],"Letter Opener":[157],"obtain_stats":[{"NeowsBlessing":0,"ReplayTheSpireMod:CursedCoin":4,"Golden Idol":14,"Nilry\u0027s Codex":28,"aspiration:RunicSpoon":34,"RobotSpaceExplorer:RoboCore":0,"Letter Opener":43,"Power_Wrist":11,"Pet Ghost":9,"aspiration:RitualStick":19,"hubris:Icosahedron":24,"jedi:matchstick":4,"Snack Pack":21,"Gem_Box":17,"Replay:Bottled Snecko":26},{"NeowsBlessing":0,"ReplayTheSpireMod:CursedCoin":2,"Golden Idol":7,"Nilry\u0027s Codex":10,"aspiration:RunicSpoon":12,"RobotSpaceExplorer:RoboCore":0,"Letter Opener":16,"Power_Wrist":6,"Pet Ghost":5,"aspiration:RitualStick":9,"hubris:Icosahedron":10,"jedi:matchstick":2,"Snack Pack":10,"Gem_Box":8,"Replay:Bottled Snecko":10},{"NeowsBlessing":0,"ReplayTheSpireMod:CursedCoin":2,"Golden Idol":19,"Nilry\u0027s Codex":31,"aspiration:RunicSpoon":42,"RobotSpaceExplorer:RoboCore":0,"Letter Opener":54,"Power_Wrist":18,"Pet Ghost":11,"aspiration:RitualStick":29,"hubris:Icosahedron":31,"jedi:matchstick":2,"Snack Pack":31,"Gem_Box":26,"Replay:Bottled Snecko":31}],"aspiration:RitualStick":[8]},"card_choices":[{"not_picked":["RobotSpaceExplorer:FranticSearch","RobotSpaceExplorer:FrostMissile"],"picked":"RobotSpaceExplorer:Counterblock","floor":1.0},{"not_picked":["RobotSpaceExplorer:StunGrenade","RobotSpaceExplorer:GlueShot"],"picked":"RobotSpaceExplorer:Jetpack","floor":3.0},{"not_picked":["RobotSpaceExplorer:SwiftStep","RobotSpaceExplorer:Probe"],"picked":"RobotSpaceExplorer:ScrapMissile","floor":5.0},{"not_picked":["RobotSpaceExplorer:SwiftStep","RobotSpaceExplorer:SlimeMissile"],"picked":"RobotSpaceExplorer:MiniBoosters","floor":7.0},{"not_picked":["RobotSpaceExplorer:ScrapMissile","RobotSpaceExplorer:Probe"],"picked":"RobotSpaceExplorer:FranticSearch","floor":8.0},{"not_picked":["RobotSpaceExplorer:SurgingShield","RobotSpaceExplorer:Probe"],"picked":"RobotSpaceExplorer:ChargingLaser","floor":11.0},{"not_picked":["RobotSpaceExplorer:ShovelStrike","RobotSpaceExplorer:Blitz"],"picked":"RobotSpaceExplorer:MiniDrones","floor":12.0},{"not_picked":["RobotSpaceExplorer:Scanner","RobotSpaceExplorer:Multitool"],"picked":"RobotSpaceExplorer:Blaster","floor":16.0},{"not_picked":["RobotSpaceExplorer:RigExplosive","RobotSpaceExplorer:SurgingStrike"],"picked":"RobotSpaceExplorer:PlasmaMissile","floor":18.0},{"not_picked":["RobotSpaceExplorer:SwiftStep+1","RobotSpaceExplorer:Counterblock+1"],"picked":"RobotSpaceExplorer:ScrapMissile","floor":20.0},{"not_picked":["RobotSpaceExplorer:MakeshiftVolley","RobotSpaceExplorer:SlimeMissile","RobotSpaceExplorer:ExhaustFan"],"picked":"SKIP","floor":29.0},{"not_picked":["RobotSpaceExplorer:Accelerator","RobotSpaceExplorer:Scanner"],"picked":"RobotSpaceExplorer:ShockMissile","floor":33},{"not_picked":["RobotSpaceExplorer:SurgingStrike+1","RobotSpaceExplorer:ShockKick"],"picked":"RobotSpaceExplorer:ToxicBomb","floor":35},{"not_picked":["RobotSpaceExplorer:PlasmaMissile+1","RobotSpaceExplorer:Pulsar"],"picked":"RobotSpaceExplorer:StarDust+1","floor":36},{"not_picked":["RobotSpaceExplorer:FranticSearch+1","RobotSpaceExplorer:FrostMissile"],"picked":"RobotSpaceExplorer:Fix+1","floor":37},{"not_picked":["RobotSpaceExplorer:Ammunition","RobotSpaceExplorer:FrostMissile","RobotSpaceExplorer:FreezeRay+1"],"picked":"SKIP","floor":39},{"not_picked":["RobotSpaceExplorer:FrostMissile","RobotSpaceExplorer:TurboDodge"],"picked":"RobotSpaceExplorer:MiniDrones+1","floor":44},{"not_picked":["RobotSpaceExplorer:MiniDrones","RobotSpaceExplorer:SwiftStep+1","RobotSpaceExplorer:SurgingStrike"],"picked":"SKIP","floor":50}],"player_experience":270475,"relics_obtained":[{"floor":9.0,"key":"Pet Ghost"},{"floor":11.0,"key":"Power_Wrist"},{"floor":21.0,"key":"Snack Pack"},{"floor":26.0,"key":"Replay:Bottled Snecko"},{"floor":28.0,"key":"Nilry\u0027s Codex"},{"floor":43,"key":"Letter Opener"}],"event_choices":[{"damage_healed":0.0,"max_hp_gain":0.0,"max_hp_loss":0.0,"gold_gain":100.0,"event_name":"Wheel of Change","player_choice":"Gold","floor":2.0,"gold_loss":0.0,"damage_taken":0.0},{"cards_removed":["RobotSpaceExplorer:Strike"],"damage_healed":0.0,"max_hp_gain":0.0,"max_hp_loss":0.0,"gold_gain":0.0,"event_name":"Living Wall","player_choice":"Forget","floor":13.0,"gold_loss":0.0,"damage_taken":0.0},{"damage_healed":0.0,"max_hp_gain":0.0,"max_hp_loss":0.0,"gold_gain":0.0,"event_name":"Golden Idol","player_choice":"Take Wound","floor":14.0,"gold_loss":0.0,"damage_taken":0.0,"relics_obtained":["Golden Idol"],"cards_obtained":["Injury"]},{"damage_healed":0.0,"max_hp_gain":0.0,"max_hp_loss":0.0,"gold_gain":0.0,"event_name":"Nest","player_choice":"Joined the Cult","floor":22.0,"gold_loss":0.0,"damage_taken":6.0,"cards_obtained":["RitualDagger"]},{"damage_healed":0.0,"max_hp_gain":0.0,"max_hp_loss":0.0,"gold_gain":0.0,"event_name":"Cursed Tome","player_choice":"Obtained Book","floor":28.0,"gold_loss":0.0,"damage_taken":16.0},{"damage_healed":0.0,"max_hp_gain":0.0,"max_hp_loss":0.0,"gold_gain":0.0,"event_name":"Knowing Skull","player_choice":"","floor":31.0,"potions_obtained":[],"gold_loss":0.0,"damage_taken":6.0,"cards_obtained":[]},{"damage_healed":0,"gold_gain":0,"player_choice":"2 cards matched","damage_taken":0,"max_hp_gain":0,"max_hp_loss":0,"event_name":"Match and Keep!","floor":48,"gold_loss":0,"cards_obtained":["RobotSpaceExplorer:GearShield","RobotSpaceExplorer:ShockKick"]}],"is_beta":false,"boss_relics":[{"not_picked":["Painkiller Herb","aspiration:ServantSkillbook"],"picked":"Gem_Box"},{"not_picked":["jedi:hotpepper","Abe\u0027s Treasure"],"picked":"aspiration:RunicSpoon"}],"items_purged_floors":[38],"is_endless":false,"potions_floor_spawned":[1,11,12,16,33,35,37,44],"ascension_level":0}}