{"host":"9vecvdjkx64cw9bo","time":1611238739,"event":{"mods":["Ascension Unlocker","BaseMod","Custom Start","Keyboard Shortcuts","Minty Spire (QoL Compilation)","Quick Restart","StSLib","SuperFastMode"],"gold_per_floor":[119,119,119,36,51,92,92,110,110,35,53,86,106,106,106,196,196,209,209,223,223,223,223],"floor_reached":22,"language":"KOR","playtime":398,"items_purged":[],"score":463,"play_id":"dfb389cc-4ba6-41ad-aa75-657275a1e743","local_time":"20210121231859","is_ascension_mode":true,"campfire_choices":[{"data":"Beam Cell","floor":7.0,"key":"SMITH"},{"data":"Go for the Eyes","floor":15.0,"key":"SMITH"}],"circlet_count":0,"master_deck":["AscendersBane","Defend_B","Zap","Dualcast","Streamline","Leap","Beam Cell+1","Go for the Eyes+1","Undo","Turbo","Rebound","Gash+1","Capacitor","FTL+1","Seek","Heatsinks+1","Defragment+1","Steam Power+1","Loop","Rebound+1","Cold Snap+1","Bite+1","Bite+1","Bite+1","Bite+1","Bite+1"],"relics":["Cracked Core","NeowsBlessing","Golden Idol","Peace Pipe","Molten Egg 2","Smiling Mask","InkBottle","Astrolabe"],"acts_visited":["Exordium","TheCity"],"potions_floor_usage":[],"damage_taken":[{"damage":0.0,"enemies":"2 Louse","floor":1.0,"turns":1.0},{"damage":0.0,"enemies":"Jaw Worm","floor":5.0,"turns":1.0},{"damage":0.0,"enemies":"Lagavulin","floor":6.0,"turns":1.0},{"damage":0.0,"enemies":"Cultist","floor":8.0,"turns":3.0},{"damage":4.0,"enemies":"Large Slime","floor":11.0,"turns":4.0},{"damage":31.0,"enemies":"3 Sentries","floor":12.0,"turns":7.0},{"damage":3.0,"enemies":"Exordium Wildlife","floor":13.0,"turns":3.0},{"damage":18.0,"enemies":"Hexaghost","floor":16.0,"turns":9.0},{"damage":32.0,"enemies":"2 Thieves","floor":18.0,"turns":4.0},{"damage":3.0,"enemies":"3 Byrds","floor":20.0,"turns":5.0},{"damage":27,"enemies":"Centurion and Healer","floor":22,"turns":3}],"seed_played":"3543901921156677185","potions_obtained":[{"floor":1.0,"key":"FocusPotion"},{"floor":6.0,"key":"EssenceOfDarkness"},{"floor":8.0,"key":"Fire Potion"},{"floor":16.0,"key":"Weak Potion"},{"floor":20.0,"key":"Weak Potion"}],"is_trial":false,"path_per_floor":["M","?","?","$","M","E","R","M","T","?","M","E","M","T","R","B",null,"M","?","M","?","M"],"character_chosen":"DEFECT","items_purchased":["Beam Cell","Go for the Eyes"],"campfire_rested":0,"item_purchase_floors":[4,4],"current_hp_per_floor":[64,64,64,64,64,64,64,64,64,64,60,29,26,26,26,8,50,18,18,15,15,0,0],"gold":223,"neow_bonus":"THREE_ENEMY_KILL","is_daily":false,"chose_seed":false,"campfire_upgraded":2,"win_rate":0.0,"timestamp":1611238739,"path_taken":["M","?","?","?","?","E","R","M","T","?","M","E","M","?","R","BOSS","M","?","M","?","M"],"items_purchased_type":["Card","Card"],"build_version":"2020-12-22","purchased_purges":0,"victory":false,"max_hp_per_floor":[71,71,64,64,64,64,64,64,64,64,64,64,64,64,64,64,64,64,64,64,44,44,44],"card_choices":[{"not_picked":["Reinforced Body","Loop"],"picked":"Streamline","floor":1.0},{"not_picked":["Turbo","Conserve Battery"],"picked":"Undo","floor":5.0},{"not_picked":["Doom and Gloom","Consume"],"picked":"Turbo","floor":6.0},{"not_picked":["White Noise","Cold Snap"],"picked":"Rebound","floor":8.0},{"not_picked":["Glacier","Rebound+1"],"picked":"Gash+1","floor":11.0},{"not_picked":["Stack","Redo"],"picked":"Capacitor","floor":12.0},{"not_picked":["Undo","Redo"],"picked":"FTL+1","floor":13.0},{"not_picked":["Echo Form","Reboot"],"picked":"Seek","floor":16.0},{"not_picked":["Turbo","Rebound+1","Rip and Tear+1"],"picked":"SKIP","floor":18.0},{"not_picked":["Reprogram","BootSequence"],"picked":"Cold Snap+1","floor":20.0}],"player_experience":783917,"relics_obtained":[{"floor":6.0,"key":"Peace Pipe"},{"floor":9.0,"key":"Molten Egg 2"},{"floor":12.0,"key":"Smiling Mask"},{"floor":14.0,"key":"InkBottle"}],"event_choices":[{"damage_healed":0.0,"max_hp_gain":0.0,"max_hp_loss":0.0,"gold_gain":0.0,"cards_transformed":["Strike_B"],"event_name":"Living Wall","player_choice":"Change","floor":2.0,"gold_loss":0.0,"damage_taken":0.0,"cards_obtained":["Leap"]},{"damage_healed":0.0,"max_hp_gain":0.0,"max_hp_loss":7.0,"gold_gain":0.0,"event_name":"Golden Idol","player_choice":"Lose Max HP","floor":3.0,"gold_loss":0.0,"damage_taken":0.0,"relics_obtained":["Golden Idol"]},{"cards_removed":["Strike_B"],"damage_healed":0.0,"max_hp_gain":0.0,"max_hp_loss":0.0,"gold_gain":0.0,"event_name":"The Cleric","player_choice":"Card Removal","floor":10.0,"gold_loss":75.0,"damage_taken":0.0},{"damage_healed":0.0,"max_hp_gain":0.0,"max_hp_loss":0.0,"gold_gain":0.0,"cards_transformed":["Defend_B","Defend_B"],"event_name":"Drug Dealer","player_choice":"Became Test Subject","floor":19.0,"gold_loss":0.0,"damage_taken":0.0,"cards_obtained":["Loop","Rebound"]},{"damage_healed":0,"gold_gain":0,"player_choice":"Became a vampire","damage_taken":0,"max_hp_gain":0,"max_hp_loss":20,"event_name":"Vampires","floor":21,"gold_loss":0,"cards_obtained":["Bite","Bite","Bite","Bite","Bite"]}],"is_beta":false,"boss_relics":[{"not_picked":["Cursed Key","Inserter"],"picked":"Astrolabe"}],"items_purged_floors":[],"is_endless":false,"potions_floor_spawned":[1,6,8,16,20],"killed_by":"Centurion and Healer","ascension_level":20}}