{"host":"7fyy23rucerupe6i","time":1611228039,"event":{"mods":["AchievementEnabler","Act Like it!","Aspiration","Bard","BaseMod","Better Note","Better Vampires","BetterRewards","Colored Map","Colored Powertips","Conspire","Curses Come First","Custom Start","Downfall","Googly Eyes","Hermit","Mad Scientist","Minty Spire (QoL Compilation)","Quick Restart","Relic Stats","Shop Mod","ShortenTheSpire","Spicy Shops","StSLib","SuperFastMode","The Gatherer"],"gold_per_floor":[112,126,145,45,45,45,56,56,56,89,89,99,111,111,111,111,111],"floor_reached":16,"language":"ZHS","playtime":3791,"items_purged":["Defend_G","Strike_G"],"score":254,"play_id":"80992585-88f0-46c2-bdc2-9fb81093dee9","local_time":"20210121192039","is_ascension_mode":true,"campfire_choices":[{"data":"Glass Knife","floor":6,"key":"SMITH"},{"data":"Neutralize","floor":8,"key":"SMITH"},{"data":"Survivor","floor":15,"key":"SMITH"}],"circlet_count":0,"master_deck":["AscendersBane","Strike_G","Strike_G","Strike_G","Strike_G","Defend_G","Defend_G","Defend_G","Survivor+1","Neutralize+1","Bouncing Flask+1","Glass Knife+1","Backflip+1","Grand Finale","Escape Plan+1","Pain","Backflip+1","Escape Plan+1"],"relics":["Ring of the Snake","Toxic Egg 2","Tiny Chest","Toy Ornithopter","Oddly Smooth Stone","sneckomod:BabySnecko","MealTicket","conspire:Dentures","WarpedTongs","Mummified Hand"],"acts_visited":["Exordium"],"potions_floor_usage":[10,16],"damage_taken":[{"damage":0,"enemies":"Small Slimes","floor":1,"turns":3},{"damage":0,"enemies":"Jaw Worm","floor":2,"turns":2},{"damage":0,"enemies":"Cultist","floor":3,"turns":2},{"damage":9,"enemies":"3 Louse","floor":7,"turns":3},{"damage":0,"enemies":"Gremlin Nob","floor":10,"turns":2},{"damage":1,"enemies":"Looter","floor":12,"turns":2},{"damage":1,"enemies":"Exordium Thugs","floor":13,"turns":3},{"damage":34,"enemies":"Slime Boss","floor":16,"turns":7}],"seed_played":"-8961843961996507789","potions_obtained":[{"floor":2,"key":"SpeedPotion"},{"floor":3,"key":"AttackPotion"},{"floor":12,"key":"Strength Potion"}],"is_trial":false,"path_per_floor":["M","M","M","$","?","R","M","R","T","E","?","M","M","T","R","B"],"character_chosen":"THE_SILENT","items_purchased":["Toxic Egg 2","Tiny Chest","Bouncing Flask+1","Glass Knife","Toy Ornithopter"],"campfire_rested":0,"item_purchase_floors":[0,0,0,0,0],"current_hp_per_floor":[28,28,28,28,28,28,19,19,19,24,24,23,22,22,22,0,0],"gold":111,"neow_bonus":"","is_daily":false,"chose_seed":false,"campfire_upgraded":3,"win_rate":0.0,"timestamp":1611228039,"path_taken":["M","M","M","$","?","R","M","R","T","E","?","M","?","?","R","BOSS"],"items_purchased_type":["Relic","Relic","Card","Card","Relic"],"build_version":"2020-12-22","purchased_purges":2,"victory":false,"max_hp_per_floor":[66,66,66,66,66,66,66,66,66,66,66,66,66,66,66,66,66],"relic_stats":{"counters":[24,75],"Mummified Hand":[0],"Tiny Chest":1,"MealTicket":0,"obtain_stats":[{"Incense Burner":0,"Juzu Bracelet":0,"ClockworkSouvenir":0,"Matryoshka":0,"Mummified Hand":0,"Tiny Chest":0,"MealTicket":9,"Kunai":0,"Toxic Egg 2":0,"conspire:Dentures":10,"MerchantsRug":0,"Lee\u0027s Waffle":0,"Golden Idol":2,"Oddly Smooth Stone":0,"aspiration:HummingbirdHeart":7,"Mercury Hourglass":0,"WarpedTongs":11,"sneckomod:BabySnecko":0,"conspire:GiftBox":0,"Shuriken":0,"Bird Faced Urn":0,"Molten Egg 2":9,"Gatherer:AlchemyBag":0,"Toy Ornithopter":0,"Meat on the Bone":9,"Pocketwatch":0},{"Incense Burner":6,"Juzu Bracelet":7,"ClockworkSouvenir":0,"Matryoshka":0,"Mummified Hand":7,"Tiny Chest":16,"MealTicket":20,"Kunai":11,"Toxic Egg 2":16,"conspire:Dentures":21,"MerchantsRug":0,"Lee\u0027s Waffle":6,"Golden Idol":1,"Oddly Smooth Stone":16,"aspiration:HummingbirdHeart":15,"Mercury Hourglass":0,"WarpedTongs":21,"sneckomod:BabySnecko":16,"conspire:GiftBox":6,"Shuriken":11,"Bird Faced Urn":7,"Molten Egg 2":5,"Gatherer:AlchemyBag":0,"Toy Ornithopter":16,"Meat on the Bone":5,"Pocketwatch":11},{"Incense Burner":17,"Juzu Bracelet":19,"ClockworkSouvenir":0,"Matryoshka":0,"Mummified Hand":19,"Tiny Chest":51,"MealTicket":61,"Kunai":36,"Toxic Egg 2":51,"conspire:Dentures":63,"MerchantsRug":0,"Lee\u0027s Waffle":17,"Golden Idol":3,"Oddly Smooth Stone":51,"aspiration:HummingbirdHeart":48,"Mercury Hourglass":0,"WarpedTongs":63,"sneckomod:BabySnecko":51,"conspire:GiftBox":17,"Shuriken":36,"Bird Faced Urn":19,"Molten Egg 2":15,"Gatherer:AlchemyBag":0,"Toy Ornithopter":51,"Meat on the Bone":15,"Pocketwatch":36}],"Toy Ornithopter":10,"Ring of the Snake":[26],"WarpedTongs":[12]},"card_choices":[{"not_picked":["Dodge and Roll+1","Blur+1"],"picked":"Backflip+1","floor":1},{"not_picked":["Endless Agony","Accuracy","Blade Dance+1"],"picked":"SKIP","floor":2},{"not_picked":["Underhanded Strike","PiercingWail+1","Masterful Stab"],"picked":"SKIP","floor":3},{"not_picked":["PiercingWail+1","Bane"],"picked":"Escape Plan+1","floor":7},{"not_picked":["Finisher","A Thousand Cuts","Blade Dance+1"],"picked":"SKIP","floor":10},{"not_picked":["PiercingWail+1","Dagger Throw"],"picked":"Backflip+1","floor":12},{"not_picked":["Noxious Fumes","Slice"],"picked":"Escape Plan+1","floor":13}],"player_experience":347618,"relics_obtained":[{"floor":9,"key":"MealTicket"},{"floor":10,"key":"conspire:Dentures"},{"floor":14,"key":"Mummified Hand"}],"event_choices":[{"damage_healed":0,"gold_gain":0,"cards_transformed":["Defend_G"],"player_choice":"Change","damage_taken":0,"max_hp_gain":0,"max_hp_loss":0,"event_name":"Living Wall","floor":5,"gold_loss":0,"cards_obtained":["Grand Finale"]},{"damage_healed":0,"gold_gain":0,"player_choice":"Rummage","damage_taken":0,"relics_obtained":["WarpedTongs"],"max_hp_gain":0,"max_hp_loss":0,"event_name":"Accursed Blacksmith","floor":11,"gold_loss":0,"cards_obtained":["Pain"]}],"is_beta":false,"boss_relics":[],"items_purged_floors":[0,4],"is_endless":false,"potions_floor_spawned":[2,3,12],"killed_by":"Slime Boss","ascension_level":20}}