{"host":"iyj530209nkhhjuz","time":1611254758,"event":{"mods":["AchievementEnabler","BaseMod","Better Match","Better Note","Better Third Choice","BetterRewards","Colored Map","Colored Powertips","Dark Map","Fox Events","Highlight Path","Minty Spire (QoL Compilation)","Permanent Neow","Random Character Button","Rare Cards Sparkle","Relic Stats","StSLib","Waifu the Spire"],"gold_per_floor":[154,5,5,5,44,44,71,136,136,195,230,281,206,291,291,390,390,433,54,69,109,11,92,92,117,117,171,121,188,188,38,38,160,160,171,16,16,57,73,73,108,0,82,82,111,111,125,125,125,125,125,125,125,178,178],"floor_reached":56,"language":"ENG","playtime":5534,"items_purged":["Strike_R","Strike_R","Defend_R","Defend_R"],"score":2219,"play_id":"a252d6cc-a1b2-4693-8d2f-c30515f46aa8","local_time":"20210121194558","is_ascension_mode":true,"campfire_choices":[{"data":"HandOfGreed","floor":6,"key":"SMITH"},{"data":"Fiend Fire","floor":15,"key":"SMITH"},{"data":"True Grit","floor":24,"key":"SMITH"},{"data":"True Grit","floor":30,"key":"SMITH"},{"data":"Seeing Red","floor":32,"key":"SMITH"},{"data":"Demon Form","floor":40,"key":"SMITH"},{"floor":44,"key":"REST"},{"data":"Juggernaut","floor":46,"key":"SMITH"},{"floor":49,"key":"RECALL"},{"data":"Rampage","floor":52,"key":"SMITH"}],"circlet_count":0,"master_deck":["Strike_R","Strike_R","Defend_R","Defend_R","Bash","HandOfGreed+1","Rampage+1","True Grit+1","Fiend Fire+1","True Grit+1","Seeing Red+1","Offering","Juggernaut+1","Demon Form+1","CurseOfTheBell","Armaments+1","Reaper"],"relics":["Burning Blood","Regal Pillow","Pear","Dead Branch","Pocketwatch","White Beast Statue","Self Forming Clay","Toy Ornithopter","Ancient Tea Set","SacredBark","HornCleat","Mercury Hourglass","Ornamental Fan","Darkstone Periapt","Akabeko","Calling Bell","Red Skull","Bird Faced Urn","Question Card","OrangePellets","Bottled Lightning","Red Mask","StrikeDummy","Nunchaku","Bag of Marbles"],"acts_visited":["Exordium","TheCity","TheBeyond","TheEnding"],"potions_floor_usage":[7,7,14,21,21,23,27,27,33,38,54,55,55,55],"damage_taken":[{"damage":0,"enemies":"2 Louse","floor":1,"turns":3},{"damage":0,"enemies":"Cultist","floor":5,"turns":3},{"damage":13,"enemies":"Lagavulin","floor":7,"turns":6},{"damage":1,"enemies":"Small Slimes","floor":8,"turns":2},{"damage":19,"enemies":"3 Sentries","floor":10,"turns":5},{"damage":7,"enemies":"Red Slaver","floor":11,"turns":2},{"damage":13,"enemies":"Lagavulin","floor":12,"turns":5},{"damage":16,"enemies":"3 Sentries","floor":14,"turns":3},{"damage":36,"enemies":"The Guardian","floor":16,"turns":7},{"damage":7,"enemies":"Chosen","floor":18,"turns":5},{"damage":12,"enemies":"Shell Parasite","floor":20,"turns":3},{"damage":9,"enemies":"Centurion and Healer","floor":21,"turns":3},{"damage":27,"enemies":"Slavers","floor":23,"turns":6},{"damage":12,"enemies":"Gremlin Leader","floor":25,"turns":1},{"damage":3,"enemies":"Book of Stabbing","floor":27,"turns":4},{"damage":8,"enemies":"Chosen and Byrds","floor":29,"turns":5},{"damage":45,"enemies":"Automaton","floor":33,"turns":7},{"damage":6,"enemies":"Orb Walker","floor":35,"turns":1},{"damage":13,"enemies":"3 Shapes","floor":38,"turns":3},{"damage":6,"enemies":"Spire Growth","floor":39,"turns":1},{"damage":42,"enemies":"Nemesis","floor":41,"turns":5},{"damage":23,"enemies":"Reptomancer","floor":45,"turns":4},{"damage":12,"enemies":"Writhing Mass","floor":47,"turns":5},{"damage":36,"enemies":"Donu and Deca","floor":50,"turns":4},{"damage":87,"enemies":"Shield and Spear","floor":54,"turns":6},{"damage":32,"enemies":"The Heart","floor":55,"turns":6}],"seed_played":"3258164171736756031","potions_obtained":[{"floor":1,"key":"Energy Potion"},{"floor":7,"key":"Swift Potion"},{"floor":10,"key":"AttackPotion"},{"floor":11,"key":"GamblersBrew"},{"floor":12,"key":"Explosive Potion"},{"floor":14,"key":"LiquidMemories"},{"floor":20,"key":"EssenceOfSteel"},{"floor":21,"key":"Block Potion"},{"floor":23,"key":"Explosive Potion"},{"floor":25,"key":"SkillPotion"},{"floor":27,"key":"EssenceOfSteel"},{"floor":29,"key":"BlessingOfTheForge"},{"floor":33,"key":"FearPotion"},{"floor":37,"key":"EssenceOfSteel"},{"floor":38,"key":"Explosive Potion"},{"floor":39,"key":"Regen Potion"},{"floor":54,"key":"SteroidPotion"}],"is_trial":false,"path_per_floor":["M","$","?","$","M","R","E","M","T","E","M","E","?","E","R","B",null,"M","$","M","M","?","E","R","E","T","E","?","M","R","$","R","B",null,"M","$","?","M","M","R","E","?","T","R","E","R","M","?","R","B",null,"R","$","E","B",null],"character_chosen":"IRONCLAD","items_purchased":["Regal Pillow","Pear","HandOfGreed","Swift Potion","True Grit","HornCleat","OrangePellets"],"campfire_rested":1,"item_purchase_floors":[0,0,0,0,2,19,36],"current_hp_per_floor":[72,72,72,72,78,78,71,76,76,63,62,55,55,50,50,20,73,72,72,66,73,73,57,57,51,51,64,64,62,62,62,62,28,81,81,81,81,81,81,81,49,49,49,92,85,85,89,89,89,73,93,93,93,48,99],"gold":178,"neow_bonus":"","is_daily":false,"chose_seed":false,"campfire_upgraded":8,"win_rate":0.0,"timestamp":1611254758,"path_taken":["M","$","?","?","M","R","E","M","T","E","M","E","?","E","R","BOSS","M","$","M","M","?","E","R","E","T","E","?","M","R","$","R","BOSS","M","$","?","?","M","R","E","?","T","R","E","R","M","?","R","BOSS","R","$","E","BOSS"],"items_purchased_type":["Relic","Relic","Card","Potion","Card","Relic","Relic"],"build_version":"2020-12-22","purchased_purges":4,"victory":true,"max_hp_per_floor":[90,90,90,90,90,90,90,90,90,90,90,90,90,90,90,90,90,90,90,90,90,90,90,90,90,90,90,90,90,90,90,90,90,96,96,96,96,96,96,96,96,96,96,96,96,96,102,99,99,99,99,99,99,99,99],"relic_stats":{"Darkstone Periapt":12,"Regal Pillow":30,"counters":[33,157],"Self Forming Clay":[195],"Dead Branch":[333],"Question Card":13,"Burning Blood":196,"Mercury Hourglass":[231],"OrangePellets":[8],"Nunchaku":[4],"Ornamental Fan":[56],"Bird Faced Urn":[50],"obtain_stats":[{"Darkstone Periapt":25,"Lantern":0,"Regal Pillow":0,"Calipers":0,"SacredBark":17,"Ginger":46,"Ancient Tea Set":14,"Burning Blood":0,"Nunchaku":45,"HornCleat":19,"DollysMirror":0,"Red Mask":0,"Toxic Egg 2":0,"Red Skull":34,"Runic Pyramid":0,"Pear":0,"Happy Flower":54,"Golden Idol":0,"Self Forming Clay":10,"Dead Branch":0,"The Courier":0,"Orichalcum":0,"Question Card":0,"MawBank":45,"White Beast Statue":9,"Akabeko":27,"Mercury Hourglass":22,"Calling Bell":34,"SlaversCollar":0,"OrangePellets":36,"Ornamental Fan":23,"Bronze Scales":0,"Bird Faced Urn":34,"Art of War":0,"Bag of Marbles":54,"Bottled Lightning":41,"StrikeDummy":43,"Toy Ornithopter":12,"Pocketwatch":7},{"Darkstone Periapt":21,"Lantern":0,"Regal Pillow":0,"Calipers":0,"SacredBark":16,"Ginger":2,"Ancient Tea Set":15,"Burning Blood":0,"Nunchaku":29,"HornCleat":17,"DollysMirror":0,"Red Mask":0,"Toxic Egg 2":0,"Red Skull":24,"Runic Pyramid":0,"Pear":7,"Happy Flower":6,"Golden Idol":0,"Self Forming Clay":12,"Dead Branch":7,"The Courier":0,"Orichalcum":0,"Question Card":0,"MawBank":1,"White Beast Statue":11,"Akabeko":22,"Mercury Hourglass":19,"Calling Bell":24,"SlaversCollar":0,"OrangePellets":25,"Ornamental Fan":20,"Bronze Scales":0,"Bird Faced Urn":24,"Art of War":0,"Bag of Marbles":32,"Bottled Lightning":28,"StrikeDummy":28,"Toy Ornithopter":14,"Pocketwatch":10},{"Darkstone Periapt":106,"Lantern":0,"Regal Pillow":0,"Calipers":0,"SacredBark":88,"Ginger":13,"Ancient Tea Set":81,"Burning Blood":0,"Nunchaku":136,"HornCleat":93,"DollysMirror":0,"Red Mask":0,"Toxic Egg 2":0,"Red Skull":122,"Runic Pyramid":0,"Pear":52,"Happy Flower":44,"Golden Idol":0,"Self Forming Clay":71,"Dead Branch":52,"The Courier":0,"Orichalcum":0,"Question Card":0,"MawBank":7,"White Beast Statue":66,"Akabeko":110,"Mercury Hourglass":99,"Calling Bell":122,"SlaversCollar":0,"OrangePellets":123,"Ornamental Fan":105,"Bronze Scales":0,"Bird Faced Urn":122,"Art of War":0,"Bag of Marbles":151,"Bottled Lightning":132,"StrikeDummy":132,"Toy Ornithopter":78,"Pocketwatch":64}],"Toy Ornithopter":55,"Pocketwatch":[108]},"card_choices":[{"not_picked":["Clothesline","Iron Wave"],"picked":"Rampage","floor":1},{"not_picked":["Anger","Flame Barrier","Wild Strike"],"picked":"SKIP","floor":5},{"not_picked":["Cleave","Havoc","Wild Strike"],"picked":"SKIP","floor":7},{"not_picked":["Pummel","Armaments","Flex"],"picked":"SKIP","floor":8},{"not_picked":["Heavy Blade","Evolve"],"picked":"Fiend Fire","floor":10},{"not_picked":["True Grit","Flex","Dropkick"],"picked":"SKIP","floor":11},{"not_picked":["Flex","Dropkick"],"picked":"True Grit","floor":11},{"not_picked":["Warcry","Power Through"],"picked":"Seeing Red","floor":12},{"not_picked":["Brutality","Feed"],"picked":"Offering","floor":13},{"not_picked":["Disarm","Warcry","Evolve"],"picked":"SKIP","floor":14},{"not_picked":["Berserk","Limit Break"],"picked":"Juggernaut","floor":16},{"not_picked":["Cleave+1","Iron Wave","Wild Strike"],"picked":"SKIP","floor":18},{"not_picked":["Cleave+1","Havoc","Power Through"],"picked":"SKIP","floor":20},{"not_picked":["Ghostly Armor+1","Clash+1","Flex"],"picked":"SKIP","floor":21},{"not_picked":["Barricade","Headbutt","Shrug It Off"],"picked":"SKIP","floor":23},{"not_picked":["Perfected Strike","Body Slam","Sword Boomerang+1"],"picked":"SKIP","floor":25},{"not_picked":["Anger","Fire Breathing+1","Shrug It Off+1"],"picked":"SKIP","floor":27},{"not_picked":["Impervious","Headbutt","Combust+1"],"picked":"SKIP","floor":29},{"not_picked":["Berserk","Juggernaut"],"picked":"Demon Form","floor":33},{"not_picked":["Warcry","Iron Wave+1","Pommel Strike+1","Combust+1"],"picked":"SKIP","floor":35},{"not_picked":["Rampage","Wild Strike","Feel No Pain","Clash+1"],"picked":"SKIP","floor":38},{"not_picked":["Sever Soul+1","Rupture+1","Body Slam","Perfected Strike+1"],"picked":"SKIP","floor":39},{"not_picked":["Rupture","Twin Strike","Exhume","True Grit+1"],"picked":"SKIP","floor":41},{"not_picked":["True Grit+1","Shrug It Off","Intimidate","Infernal Blade"],"picked":"SKIP","floor":45},{"not_picked":["Perfected Strike+1","Disarm","Spot Weakness"],"picked":"Armaments+1","floor":47},{"not_picked":["Cleave","Wild Strike","Hemokinesis"],"picked":"Reaper","floor":54}],"player_experience":444213,"relics_obtained":[{"floor":7,"key":"Pocketwatch"},{"floor":9,"key":"White Beast Statue"},{"floor":10,"key":"Self Forming Clay"},{"floor":12,"key":"Toy Ornithopter"},{"floor":14,"key":"Ancient Tea Set"},{"floor":23,"key":"Ornamental Fan"},{"floor":25,"key":"Darkstone Periapt"},{"floor":27,"key":"Akabeko"},{"floor":34,"key":"Red Skull"},{"floor":34,"key":"Bird Faced Urn"},{"floor":34,"key":"Question Card"},{"floor":41,"key":"Bottled Lightning"},{"floor":43,"key":"StrikeDummy"},{"floor":45,"key":"Nunchaku"},{"floor":54,"key":"Bag of Marbles"}],"event_choices":[{"cards_removed":["Strike_R"],"damage_healed":0,"gold_gain":0,"player_choice":"Purged","damage_taken":0,"max_hp_gain":0,"max_hp_loss":0,"event_name":"Purifier","floor":3,"gold_loss":0},{"damage_healed":0,"gold_gain":0,"player_choice":"1","damage_taken":0,"max_hp_gain":0,"max_hp_loss":0,"event_name":"betterMatch:BetterMatch","floor":13,"gold_loss":0,"cards_obtained":["betterMatch:RareCard","betterMatch:ColorlessUncommonCard","betterMatch:CommonCard"]},{"damage_healed":0,"gold_gain":0,"player_choice":"Paid Gold","damage_taken":0,"relics_obtained":["Mercury Hourglass"],"max_hp_gain":0,"max_hp_loss":0,"event_name":"WeMeetAgain","floor":22,"gold_loss":98},{"damage_healed":0,"gold_gain":0,"player_choice":"Bet on Murderer","damage_taken":0,"max_hp_gain":0,"max_hp_loss":0,"event_name":"The Joust","floor":28,"gold_loss":50},{"damage_healed":0,"gold_gain":0,"player_choice":"Got Potions","damage_taken":0,"max_hp_gain":0,"max_hp_loss":0,"event_name":"Lab","floor":37,"gold_loss":0},{"damage_healed":0,"gold_gain":0,"player_choice":"Paid","damage_taken":0,"relics_obtained":["Red Mask"],"max_hp_gain":0,"max_hp_loss":0,"event_name":"Tomb of Lord Red Mask","floor":42,"gold_loss":108},{"cards_removed":["Parasite"],"damage_healed":0,"gold_gain":0,"player_choice":"Removed Curses","damage_taken":0,"max_hp_gain":0,"max_hp_loss":0,"event_name":"Fountain of Cleansing","floor":48,"gold_loss":0}],"is_beta":false,"boss_relics":[{"not_picked":["Ectoplasm","Coffee Dripper"],"picked":"SacredBark"},{"not_picked":["Empty Cage","Pandora\u0027s Box"],"picked":"Calling Bell"}],"items_purged_floors":[0,2,19,31],"is_endless":false,"potions_floor_spawned":[1,7,10,11,12,14,16,18,20,21,23,25,27,29,33,35,38,39,41,45,47,54],"ascension_level":9}}