{"host":"ooe12lh8pgcirntb","time":1611200687,"event":{"mods":["AchievementEnabler","Act Like it!","Bard","BaseMod","Beaked The Cultist","ChefMod","Colored Map","Colored Powertips","Downfall","Gremlin Mod","Hallownest","Hermit","Infinite Spire","Jorbs\u0027s Wanderer Trilogy","Minty Spire (QoL Compilation)","Robot Space Explorer","StSLib","The Animator","The Blackbeard","The Bug Knight","The Construct","The Cursed","The Disciple","The Hayseed","The Hierophant","The Problem Sleuth","TheVacant"],"gold_per_floor":[99,99,99,99,99,115,139,139,154,54,66,77,94,104,121,219,219,219,235,245,345,445,455,529,539,539,549,77,87,87,107,119,220,220,120,135,146,146,146,146],"floor_reached":38,"language":"ENG","playtime":7953,"items_purged":[],"score":399,"play_id":"dd5e6851-1e4d-4e25-b06f-565fabf51c56","local_time":"20210120224447","is_ascension_mode":false,"campfire_choices":[{"floor":1,"key":"RECALL"},{"floor":10,"key":"REST"},{"data":"Guardian:ConstructionForm","floor":18,"key":"SMITH"},{"data":"Guardian:BodySlam","floor":30,"key":"SMITH"},{"data":"J.A.X.","floor":35,"key":"SMITH"}],"circlet_count":0,"master_deck":["Guardian:Strike_Guardian","Guardian:Strike_Guardian","Guardian:Strike_Guardian","Guardian:Defend_Guardian","Guardian:Defend_Guardian","Guardian:Defend_Guardian","Guardian:Defend_Guardian","Guardian:CurlUp","Guardian:TwinSlam","Guardian:FloatingOrbs","Guardian:CrystalBeam","Guardian:BodySlam+1","Guardian:WalkerClaw","Guardian:EvasiveProtocol","Guardian:StasisField","Guardian:ChargeUp","Guardian:WalkerClaw","Guardian:ConstructionForm+1","Guardian:Incinerate+1","Guardian:PrimingBeam","Guardian:ArmoredProtocol","Guardian:SphericShield","J.A.X.+1","Guardian:TimeBomb+1","Guardian:BronzeOrb","Guardian:TimeBomb+1","Guardian:VentSteam+1","Guardian:WalkerClaw+1","Guardian:FierceBash","Guardian:ChargeUp+1","Guardian:FuturePlans"],"relics":["Guardian:ModeShifter","downfall:HeartsMalice","Meat on the Bone","Vajra","downfall:HeartBlessingRed","construct:ClawGrip","Pocketwatch","Eternal Feather","MutagenicStrength","Lee\u0027s Waffle","Du-Vu Doll","construct:WeddingRing","downfall:HeartBlessingBlue"],"acts_visited":["Exordium","TheCity","TheBeyond"],"potions_floor_usage":[16,23,23,25,33],"damage_taken":[{"damage":0,"enemies":"Cultist","floor":2,"turns":1},{"damage":0,"enemies":"Small Slimes","floor":3,"turns":1},{"damage":0,"enemies":"Jaw Worm","floor":4,"turns":1},{"damage":27,"enemies":"Exordium Thugs","floor":6,"turns":6},{"damage":16,"enemies":"3 Louse","floor":9,"turns":3},{"damage":11,"enemies":"Red Slaver","floor":11,"turns":4},{"damage":7,"enemies":"Blue Slaver","floor":12,"turns":3},{"damage":10,"enemies":"Lots of Slimes","floor":13,"turns":5},{"damage":11,"enemies":"3 Louse","floor":14,"turns":3},{"damage":16,"enemies":"Large Slime","floor":15,"turns":5},{"damage":35,"enemies":"DF_ARCHETYPE_STREAMLINE","floor":16,"turns":9},{"damage":5,"enemies":"3 Byrds","floor":19,"turns":6},{"damage":40,"enemies":"Centurion and Healer","floor":20,"turns":8},{"damage":25,"enemies":"Colosseum Nobs","floor":21,"turns":5},{"damage":29,"enemies":"downfall:Augmenter","floor":22,"turns":5},{"damage":15,"enemies":"Shelled Parasite and Fungi","floor":23,"turns":5},{"damage":0,"enemies":"Snake Plant","floor":25,"turns":3},{"damage":21,"enemies":"Centurion and Healer","floor":27,"turns":5},{"damage":5,"enemies":"downfall:FleeingMerchant","floor":28,"turns":4},{"damage":22,"enemies":"Snecko","floor":29,"turns":5},{"damage":13,"enemies":"Shelled Parasite and Fungi","floor":31,"turns":4},{"damage":0,"enemies":"Sentry and Sphere","floor":32,"turns":4},{"damage":39,"enemies":"WA_ARCHETYPE_CALM","floor":33,"turns":8},{"damage":25,"enemies":"3 Darklings","floor":36,"turns":3},{"damage":18,"enemies":"Orb Walker","floor":37,"turns":3},{"damage":0,"enemies":"3 Darklings","floor":38,"turns":1}],"seed_played":"-7391012115340058091","potions_obtained":[{"floor":6,"key":"Swift Potion"},{"floor":12,"key":"LiquidMemories"},{"floor":13,"key":"Guardian:AcceleratePotion"},{"floor":14,"key":"Slimebound:ThreeZeroPotion"},{"floor":16,"key":"champ:CounterPotion"},{"floor":23,"key":"Weak Potion"},{"floor":29,"key":"EssenceOfSteel"},{"floor":33,"key":"Guardian:BlockOnCardUsePotion"}],"is_trial":false,"path_per_floor":["R","M","M","M","?","M","T","?","M","R","M","M","M","M","M","B",null,"R","M","M","?","?","M","T","M","?","M","$","M","R","M","M","B",null,"R","M","M","M"],"character_chosen":"GUARDIAN","items_purchased":["Lee\u0027s Waffle","Du-Vu Doll"],"campfire_rested":1,"item_purchase_floors":[28,28],"current_hp_per_floor":[80,80,80,80,80,53,53,53,49,73,62,55,45,46,42,19,80,80,75,47,34,17,14,14,26,26,17,87,65,80,67,67,40,87,97,72,54,54,54,54],"gold":146,"neow_bonus":"THREE_ENEMY_KILL","is_daily":false,"chose_seed":false,"campfire_upgraded":3,"win_rate":0.0,"timestamp":1611200687,"path_taken":["R","M","M","M","?","M","T","?","M","R","M","M","M","M","M","BOSS","R","M","M","?","?","M","T","?","?","M","?","M","R","?","M","BOSS","R","M","M","?"],"items_purchased_type":["Relic","Relic"],"build_version":"2020-12-22","purchased_purges":0,"victory":false,"max_hp_per_floor":[80,80,80,80,80,80,80,80,80,80,80,80,80,80,80,80,80,80,80,80,80,80,80,80,80,80,80,87,87,87,87,87,87,87,97,97,97,97,97,97],"card_choices":[{"not_picked":["Guardian:Suspension","Guardian:Gem_Red"],"picked":"Guardian:FloatingOrbs","floor":2},{"not_picked":["Guardian:Gem_Green","Guardian:ShieldCharger"],"picked":"Guardian:CrystalBeam","floor":3},{"not_picked":["Guardian:Incinerate","Guardian:Gem_Lightblue"],"picked":"Guardian:BodySlam","floor":4},{"not_picked":["Guardian:ChargeCore","Guardian:Emergency"],"picked":"Guardian:WalkerClaw","floor":6},{"not_picked":["Guardian:BodySlam","Guardian:Gem_Lightblue"],"picked":"Guardian:EvasiveProtocol","floor":9},{"not_picked":["Guardian:BodySlam","Guardian:Incinerate"],"picked":"Guardian:Gem_Cyan","floor":11},{"not_picked":["Guardian:FloatingOrbs","Guardian:ShieldCharger"],"picked":"Guardian:StasisField","floor":12},{"not_picked":["Guardian:VentSteam","Guardian:TemporalShield"],"picked":"Guardian:ChargeUp","floor":13},{"not_picked":["Guardian:ShieldCharger","Guardian:Gem_Fragmented"],"picked":"Guardian:Clone","floor":14},{"not_picked":["Guardian:TimeCapacitor","Guardian:Gem_Lightblue"],"picked":"Guardian:WalkerClaw","floor":15},{"not_picked":["Guardian:AncientConstruct","Guardian:SphericShield"],"picked":"Guardian:ConstructionForm","floor":16},{"not_picked":["Guardian:CrystalBeam","Guardian:Gem_Lightblue"],"picked":"Guardian:Incinerate+1","floor":19},{"not_picked":["Guardian:RefractedBeam","Guardian:EvasiveProtocol+1","Guardian:Emergency"],"picked":"SKIP","floor":20},{"not_picked":["Guardian:TimeCapacitor+1","Guardian:Gem_Green"],"picked":"Guardian:PrimingBeam","floor":21},{"not_picked":[],"picked":"J.A.X.","floor":22},{"not_picked":["Guardian:ShieldCharger+1","Guardian:CrystalBeam"],"picked":"Guardian:TimeBomb+1","floor":22},{"not_picked":["Guardian:Reroute+1","Guardian:BronzeArmor","Guardian:Incinerate+1"],"picked":"SKIP","floor":23},{"not_picked":["Guardian:Recover","Guardian:TemporalShield"],"picked":"Guardian:BronzeOrb","floor":25},{"not_picked":["Guardian:Emergency","Guardian:Reroute"],"picked":"Guardian:VentSteam+1","floor":27},{"not_picked":["Guardian:ShieldCharger+1","Guardian:Gem_Lightblue"],"picked":"Guardian:Gem_Crimson","floor":28},{"not_picked":["Guardian:Preprogram","Guardian:PrismaticBarrier","Guardian:ChargeCore"],"picked":"SKIP","floor":29},{"not_picked":["Guardian:Planning","Guardian:FierceBash","Guardian:Gem_Green"],"picked":"SKIP","floor":31},{"not_picked":["Guardian:CrystalBeam+1","Guardian:ShieldCharger"],"picked":"Guardian:WalkerClaw+1","floor":32},{"not_picked":["Guardian:GatlingBeam","Guardian:StasisField"],"picked":"Guardian:FierceBash","floor":33},{"not_picked":["Guardian:Gem_Purple","Guardian:Reroute"],"picked":"Guardian:ChargeUp+1","floor":36},{"not_picked":["Guardian:FloatingOrbs","Guardian:TemporalStrike+1"],"picked":"Guardian:FuturePlans","floor":37}],"player_experience":706689,"relics_obtained":[{"floor":5,"key":"Meat on the Bone"},{"floor":7,"key":"Vajra"},{"floor":21,"key":"Pocketwatch"},{"floor":21,"key":"Eternal Feather"},{"floor":22,"key":"MutagenicStrength"}],"event_choices":[{"damage_healed":0,"gold_gain":0,"player_choice":"Ignored","damage_taken":0,"max_hp_gain":0,"max_hp_loss":0,"event_name":"NoteForYourself","floor":8,"gold_loss":0}],"is_beta":false,"boss_relics":[{"not_picked":["Busted Crown","Empty Cage"],"picked":"construct:ClawGrip"},{"not_picked":["expansioncontent:StudyCardRelic","Velvet Choker"],"picked":"construct:WeddingRing"}],"items_purged_floors":[],"is_endless":false,"potions_floor_spawned":[6,12,13,14,16,20,21,23,29,33],"killed_by":"3 Darklings","ascension_level":0}}