{"host":"6a9c3xws62y7efyw","time":1611193036,"event":{"mods":["BaseMod","Minty Spire (QoL Compilation)","Relic Stats","StSLib"],"gold_per_floor":[119,136,51,68,78,108,108,108,131,131,157,175,210,228,228,228,228],"floor_reached":16,"language":"ENG","playtime":624,"items_purged":[],"score":294,"play_id":"ca151ace-ade4-4f65-abd2-4449086eaa2e","local_time":"20210120173716","is_ascension_mode":true,"campfire_choices":[{"data":"Cleave","floor":7,"key":"SMITH"},{"floor":10,"key":"REST"},{"data":"Uppercut","floor":15,"key":"SMITH"}],"circlet_count":0,"master_deck":["AscendersBane","Strike_R","Strike_R","Strike_R","Strike_R","Defend_R+1","Defend_R","Defend_R+1","Bash","Disarm","Anger+1","Feel No Pain","Ghostly Armor","Sword Boomerang","Cleave+1","Shrug It Off","Uppercut+1"],"relics":["Burning Blood","MealTicket","Blood Vial","War Paint","Toy Ornithopter"],"acts_visited":["Exordium"],"potions_floor_usage":[6,11,13],"damage_taken":[{"damage":14,"enemies":"Jaw Worm","floor":1,"turns":5},{"damage":8,"enemies":"Small Slimes","floor":2,"turns":4},{"damage":0,"enemies":"Cultist","floor":4,"turns":4},{"damage":9,"enemies":"Blue Slaver","floor":5,"turns":5},{"damage":30,"enemies":"Gremlin Nob","floor":6,"turns":4},{"damage":24,"enemies":"Lagavulin","floor":11,"turns":8},{"damage":16,"enemies":"Large Slime","floor":12,"turns":7},{"damage":0,"enemies":"Gremlin Nob","floor":13,"turns":2},{"damage":3,"enemies":"3 Louse","floor":14,"turns":3},{"damage":46,"enemies":"Slime Boss","floor":16,"turns":6}],"seed_played":"-8202983876478381146","potions_obtained":[{"floor":1,"key":"FearPotion"},{"floor":6,"key":"Block Potion"},{"floor":11,"key":"Strength Potion"}],"is_trial":false,"path_per_floor":["M","M","$","M","M","E","R","?","T","R","E","M","E","M","R","B"],"character_chosen":"IRONCLAD","items_purchased":["Feel No Pain"],"campfire_rested":1,"item_purchase_floors":[3],"current_hp_per_floor":[42,40,40,46,43,19,19,19,19,41,25,17,25,30,30,0,0],"gold":228,"neow_bonus":"REMOVE_TWO","is_daily":false,"chose_seed":false,"campfire_upgraded":2,"win_rate":0.0,"timestamp":1611193036,"path_taken":["M","M","$","M","M","E","R","?","T","R","E","M","E","M","R","BOSS"],"items_purchased_type":["Card"],"build_version":"2020-12-22","purchased_purges":0,"victory":false,"max_hp_per_floor":[75,75,75,75,75,75,75,75,75,75,75,75,75,75,75,75,75],"relic_stats":{"Blood Vial":10,"counters":[10,48],"MealTicket":0,"War Paint":["Defend_R","Defend_R"],"obtain_stats":[{"Blood Vial":9,"MealTicket":6,"War Paint":11,"Burning Blood":0,"Toy Ornithopter":13},{"Blood Vial":5,"MealTicket":5,"War Paint":6,"Burning Blood":0,"Toy Ornithopter":8},{"Blood Vial":22,"MealTicket":22,"War Paint":30,"Burning Blood":0,"Toy Ornithopter":39}],"Burning Blood":54,"Toy Ornithopter":0},"card_choices":[{"not_picked":["Searing Blow","Ghostly Armor"],"picked":"Disarm","floor":1},{"not_picked":["Disarm","Power Through"],"picked":"Anger","floor":2},{"not_picked":["Body Slam","Warcry"],"picked":"Ghostly Armor","floor":4},{"not_picked":["Wild Strike","Body Slam"],"picked":"Sword Boomerang","floor":5},{"not_picked":["Reckless Charge","Dark Embrace"],"picked":"Cleave","floor":6},{"not_picked":["Flex","Dropkick"],"picked":"Shrug It Off","floor":11},{"not_picked":["Wild Strike","Fiend Fire"],"picked":"Uppercut","floor":12},{"not_picked":["Cleave","Body Slam","Clash"],"picked":"SKIP","floor":13},{"not_picked":["Headbutt","Heavy Blade","Armaments"],"picked":"SKIP","floor":14}],"player_experience":1378583,"relics_obtained":[{"floor":6,"key":"MealTicket"},{"floor":9,"key":"Blood Vial"},{"floor":11,"key":"War Paint"},{"floor":13,"key":"Toy Ornithopter"}],"event_choices":[{"damage_healed":0,"gold_gain":0,"player_choice":"Grow","damage_taken":0,"max_hp_gain":0,"max_hp_loss":0,"event_name":"Living Wall","floor":8,"gold_loss":0,"cards_upgraded":["Anger"]}],"is_beta":false,"boss_relics":[],"items_purged_floors":[],"is_endless":false,"potions_floor_spawned":[1,6,11],"killed_by":"Slime Boss","ascension_level":20}}