{"host":"19r1ww88x2tc73i0","time":1611212742,"event":{"mods":["BaseMod","BetterRewards","Colored Map","Minty Spire (QoL Compilation)","Relic Stats","StSLib","SuperFastMode","slay the spire mod where everything is the same but ironclad has a cowboy hat"],"gold_per_floor":[118,137,5,20,39,39,67,67,92,111,129,161,161,187,187,264,264,277,288,203,103,103,137,137,156,224,241,270,286,298,331,331,404,404,421,421,421,435,435,469,486,486,513,353,366,197,226,245,245,245,245,245,245,6,6,6],"floor_reached":55,"language":"ENG","playtime":3361,"items_purged":["Strike_G","Strike_G"],"score":2768,"play_id":"46c4f403-187b-4439-9206-3bd02589e544","local_time":"25640121140542","is_ascension_mode":true,"campfire_choices":[{"data":"Blade Dance","floor":6.0,"key":"SMITH"},{"data":"Neutralize","floor":8.0,"key":"SMITH"},{"data":"Footwork","floor":13.0,"key":"SMITH"},{"data":"Burst","floor":15.0,"key":"SMITH"},{"floor":32,"key":"RECALL"},{"floor":42,"key":"REST"},{"floor":49,"key":"REST"},{"floor":53,"key":"REST"}],"circlet_count":0,"master_deck":["AscendersBane","Strike_G+1","Strike_G+1","Strike_G+1","Defend_G+1","Defend_G+1","Defend_G+1","Defend_G+1","Defend_G+1","Survivor","Neutralize+1","Panacea","Poisoned Stab","Blur","Caltrops","Blade Dance+1","Backstab","Bane","PiercingWail","Footwork+1","Burst+1","Acrobatics","Backflip","Phantasmal Killer","Corpse Explosion","Dodge and Roll+1","Backflip","Die Die Die","Expertise+1","Deflect+1","Calculated Gamble","Terror","Accuracy+1","A Thousand Cuts+1","CurseOfTheBell","Catalyst","Outmaneuver+1","Master of Strategy","PiercingWail"],"relics":["Ring of the Snake","Bag of Preparation","Prayer Wheel","Lee\u0027s Waffle","White Beast Statue","StoneCalendar","Paper Crane","TwistedFunnel","Mango","Kunai","Oddly Smooth Stone","Art of War","Strawberry","InkBottle","Fusion Hammer","Mercury Hourglass","MutagenicStrength","Question Card","HornCleat","Meat on the Bone","Ornamental Fan","Calling Bell","Pen Nib","Sundial","Tingsha","Regal Pillow","ClockworkSouvenir","Medical Kit","Akabeko"],"acts_visited":["Exordium","TheCity","TheBeyond","TheEnding"],"potions_floor_usage":[18,28,31,33,40,47,50],"damage_taken":[{"damage":0.0,"enemies":"Cultist","floor":1.0,"turns":3.0},{"damage":0.0,"enemies":"Jaw Worm","floor":2.0,"turns":3.0},{"damage":0.0,"enemies":"2 Louse","floor":4.0,"turns":2.0},{"damage":5.0,"enemies":"Large Slime","floor":5.0,"turns":4.0},{"damage":2.0,"enemies":"Gremlin Nob","floor":7.0,"turns":3.0},{"damage":2.0,"enemies":"Looter","floor":10.0,"turns":3.0},{"damage":0.0,"enemies":"Gremlin Gang","floor":11.0,"turns":4.0},{"damage":9.0,"enemies":"Lagavulin","floor":12.0,"turns":7.0},{"damage":0.0,"enemies":"Gremlin Nob","floor":14.0,"turns":3.0},{"damage":9.0,"enemies":"The Guardian","floor":16.0,"turns":8.0},{"damage":0,"enemies":"2 Thieves","floor":18,"turns":1},{"damage":0,"enemies":"3 Byrds","floor":19,"turns":2},{"damage":0,"enemies":"Book of Stabbing","floor":23,"turns":4},{"damage":0,"enemies":"Centurion and Healer","floor":25,"turns":4},{"damage":0,"enemies":"Cultist and Chosen","floor":27,"turns":4},{"damage":0,"enemies":"Gremlin Leader","floor":28,"turns":6},{"damage":0,"enemies":"Sentry and Sphere","floor":29,"turns":4},{"damage":0,"enemies":"Snecko","floor":30,"turns":2},{"damage":0,"enemies":"Book of Stabbing","floor":31,"turns":2},{"damage":31,"enemies":"Champ","floor":33,"turns":10},{"damage":0,"enemies":"3 Shapes","floor":35,"turns":3},{"damage":0,"enemies":"3 Darklings","floor":38,"turns":1},{"damage":12,"enemies":"Reptomancer","floor":40,"turns":3},{"damage":5,"enemies":"4 Shapes","floor":41,"turns":2},{"damage":0,"enemies":"Transient","floor":45,"turns":6},{"damage":3,"enemies":"Giant Head","floor":47,"turns":4},{"damage":0,"enemies":"Jaw Worm Horde","floor":48,"turns":1},{"damage":53,"enemies":"Time Eater","floor":50,"turns":11},{"damage":75,"enemies":"Awakened One","floor":51,"turns":13},{"damage":100,"enemies":"Shield and Spear","floor":55,"turns":5}],"seed_played":"7864501597035118463","potions_obtained":[{"floor":1.0,"key":"Energy Potion"},{"floor":2.0,"key":"DuplicationPotion"},{"floor":7.0,"key":"BlessingOfTheForge"},{"floor":11.0,"key":"BlessingOfTheForge"},{"floor":16.0,"key":"CunningPotion"},{"floor":18,"key":"Fire Potion"},{"floor":19,"key":"Swift Potion"},{"floor":25,"key":"LiquidMemories"},{"floor":28,"key":"DuplicationPotion"},{"floor":29,"key":"Swift Potion"},{"floor":33,"key":"GamblersBrew"},{"floor":35,"key":"Explosive Potion"},{"floor":38,"key":"SkillPotion"},{"floor":40,"key":"CunningPotion"},{"floor":41,"key":"FairyPotion"},{"floor":45,"key":"ColorlessPotion"},{"floor":47,"key":"SpeedPotion"},{"floor":48,"key":"DuplicationPotion"}],"is_trial":false,"path_per_floor":["M","M","$","M","M","R","E","R","T","M","M","E","R","E","R","B",null,"M","M","?","$","?","E","?","M","T","M","E","M","M","E","R","B",null,"M","?","?","M","?","E","M","R","T","$","M","$","E","M","R","B","B",null,"R","$","E"],"character_chosen":"THE_SILENT","items_purchased":["Bag of Preparation","Lee\u0027s Waffle","White Beast Statue","Paper Crane","TwistedFunnel","Kunai","Panacea","Blade Dance","ClockworkSouvenir","Medical Kit","Master of Strategy","PiercingWail"],"campfire_rested":3,"item_purchase_floors":[0,0,0,0,0,0,0,3,44,46,54,54],"current_hp_per_floor":[87,87,87,87,82,82,80,80,80,78,78,76,76,76,76,67,87,87,87,87,87,87,87,87,87,87,87,87,87,87,87,87,56,85,85,85,85,85,85,73,68,94,94,94,94,94,91,91,94,53,20,76,94,94,0,0],"gold":6,"neow_bonus":"","is_daily":false,"chose_seed":false,"campfire_upgraded":4,"win_rate":0.0,"timestamp":1611212742,"path_taken":["M","M","$","?","M","R","E","R","T","M","M","E","R","E","R","BOSS","M","M","?","$","?","E","?","M","T","M","E","M","M","E","R","BOSS","M","?","?","?","?","E","M","R","T","$","?","$","E","M","R","BOSS","BOSS","R","$","E"],"items_purchased_type":["Relic","Relic","Relic","Relic","Relic","Relic","Card","Card","Relic","Relic","Card","Card"],"build_version":"2020-12-22","purchased_purges":2,"victory":false,"max_hp_per_floor":[87,87,87,87,87,87,87,87,87,87,87,94,94,94,94,94,94,94,94,94,94,94,94,94,94,94,94,94,94,94,94,94,94,94,94,94,94,94,94,94,94,94,94,94,94,94,94,94,94,94,94,94,94,94,94,94],"relic_stats":{"Lee\u0027s Waffle":101,"Regal Pillow":0,"counters":[402,1884],"StoneCalendar":[448],"Tingsha":[66],"Pen Nib":[11],"Bag of Preparation":[60],"Question Card":33,"Medical Kit":[6],"Mercury Hourglass":[539],"Ornamental Fan":[124],"Sundial":[4],"Prayer Wheel":17,"Art of War":[16],"Kunai":[146],"obtain_stats":[{"TwistedFunnel":0,"Ginger":37,"Whetstone":8,"Bottled Tornado":21,"Sling":0,"Boot":41,"Old Coin":48,"Blood Vial":24,"Sundial":54,"MealTicket":9,"Fusion Hammer":17,"HandDrill":3,"Kunai":44,"Pear":11,"Blue Candle":40,"Tingsha":0,"Eternal Feather":0,"Pen Nib":39,"Paper Crane":48,"Akabeko":8,"SlaversCollar":17,"Bird Faced Urn":0,"MutagenicStrength":20,"Snecko Eye":17,"Pandora\u0027s Box":34,"Mark of Pain":34,"StrikeDummy":55,"Unceasing Top":11,"Lantern":36,"Regal Pillow":23,"Singing Bowl":24,"Torii":10,"Magic Flower":9,"StoneCalendar":0,"Bag of Preparation":29,"Ancient Tea Set":20,"Smiling Mask":24,"Cursed Key":34,"Burning Blood":0,"Matryoshka":4,"Shovel":34,"Ninja Scroll":40,"WingedGreaves":0,"Chemical X":38,"InkBottle":40,"Ring of the Snake":0,"Potion Belt":20,"Lee\u0027s Waffle":0,"Inserter":17,"Self Forming Clay":26,"Golden Idol":11,"Thread and Needle":0,"PreservedInsect":26,"The Courier":14,"Omamori":0,"Frozen Egg 2":0,"MawBank":8,"Busted Crown":34,"Ornamental Fan":43,"Orrery":30,"Turnip":0,"Art of War":7,"Champion Belt":0,"Bottled Lightning":27,"Toy Ornithopter":13,"Ice Cream":0,"Calipers":31,"Gremlin Horn":30,"CeramicFish":13,"Vajra":31,"HoveringKite":34,"Runic Capacitor":21,"Sozu":17,"Lizard Tail":0,"Centennial Puzzle":40,"HornCleat":31,"DollysMirror":36,"Strawberry":23,"Prayer Wheel":29,"Philosopher\u0027s Stone":17,"Toxic Egg 2":0,"Girya":41,"Happy Flower":0,"Dead Branch":0,"Astrolabe":17,"Oddly Smooth Stone":0,"Letter Opener":21,"War Paint":14,"Question Card":39,"Du-Vu Doll":0,"Bottled Flame":9,"Shuriken":43,"Bronze Scales":9,"Molten Egg 2":0,"Symbiotic Virus":0,"Pocketwatch":0,"Meat on the Bone":0,"Darkstone Periapt":20,"SacredBark":34,"Mango":0,"Snake Skull":3,"Incense Burner":10,"Juzu Bracelet":14,"Empty Cage":17,"PrismaticShard":37,"ClockworkSouvenir":0,"Emotion Chip":26,"Dream Catcher":27,"Nunchaku":27,"Tough Bandages":11,"Mummified Hand":9,"Pantograph":34,"Gambling Chip":0,"Tiny Chest":12,"Red Mask":37,"Cracked Core":0,"Runic Pyramid":17,"Orichalcum":41,"Odd Mushroom":14,"Medical Kit":19,"White Beast Statue":10,"Mercury Hourglass":26,"Peace Pipe":45,"Calling Bell":34,"Strange Spoon":0,"Anchor":0,"CaptainsWheel":0,"DataDisk":39,"Coffee Dripper":34,"Bag of Marbles":0,"Membership Card":0,"TungstenRod":43,"FossilizedHelix":37},{"TwistedFunnel":169,"Ginger":19,"Whetstone":113,"Bottled Tornado":9,"Sling":57,"Boot":75,"Old Coin":24,"Blood Vial":11,"Sundial":287,"MealTicket":84,"Fusion Hammer":298,"HandDrill":213,"Kunai":54,"Pear":114,"Blue Candle":52,"Tingsha":235,"Eternal Feather":265,"Pen Nib":168,"Paper Crane":346,"Akabeko":31,"SlaversCollar":158,"Bird Faced Urn":98,"MutagenicStrength":219,"Snecko Eye":125,"Pandora\u0027s Box":306,"Mark of Pain":71,"StrikeDummy":264,"Unceasing Top":201,"Lantern":18,"Regal Pillow":180,"Singing Bowl":90,"Torii":103,"Magic Flower":155,"StoneCalendar":0,"Bag of Preparation":14,"Ancient Tea Set":127,"Smiling Mask":137,"Cursed Key":279,"Burning Blood":0,"Matryoshka":2,"Shovel":95,"Ninja Scroll":311,"WingedGreaves":0,"Chemical X":51,"InkBottle":228,"Ring of the Snake":0,"Potion Belt":9,"Lee\u0027s Waffle":26,"Inserter":36,"Self Forming Clay":68,"Golden Idol":103,"Thread and Needle":26,"PreservedInsect":42,"The Courier":201,"Omamori":0,"Frozen Egg 2":0,"MawBank":4,"Busted Crown":142,"Ornamental Fan":345,"Orrery":70,"Turnip":128,"Art of War":102,"Champion Belt":57,"Bottled Lightning":208,"Toy Ornithopter":63,"Ice Cream":150,"Calipers":47,"Gremlin Horn":210,"CeramicFish":244,"Vajra":16,"HoveringKite":185,"Runic Capacitor":9,"Sozu":217,"Lizard Tail":0,"Centennial Puzzle":21,"HornCleat":94,"DollysMirror":255,"Strawberry":41,"Prayer Wheel":92,"Philosopher\u0027s Stone":134,"Toxic Egg 2":0,"Girya":365,"Happy Flower":0,"Dead Branch":26,"Astrolabe":202,"Oddly Smooth Stone":26,"Letter Opener":66,"War Paint":87,"Question Card":20,"Du-Vu Doll":57,"Bottled Flame":132,"Shuriken":22,"Bronze Scales":4,"Molten Egg 2":26,"Symbiotic Virus":26,"Pocketwatch":26,"Meat on the Bone":82,"Darkstone Periapt":9,"SacredBark":363,"Mango":0,"Snake Skull":171,"Incense Burner":5,"Juzu Bracelet":7,"Empty Cage":65,"PrismaticShard":308,"ClockworkSouvenir":26,"Emotion Chip":11,"Dream Catcher":12,"Nunchaku":43,"Tough Bandages":242,"Mummified Hand":4,"Pantograph":95,"Gambling Chip":106,"Tiny Chest":33,"Red Mask":72,"Cracked Core":0,"Runic Pyramid":8,"Orichalcum":22,"Odd Mushroom":297,"Medical Kit":177,"White Beast Statue":156,"Mercury Hourglass":90,"Peace Pipe":23,"Calling Bell":95,"Strange Spoon":235,"Anchor":0,"CaptainsWheel":26,"DataDisk":51,"Coffee Dripper":17,"Bag of Marbles":106,"Membership Card":0,"TungstenRod":53,"FossilizedHelix":186},{"TwistedFunnel":848,"Ginger":98,"Whetstone":607,"Bottled Tornado":46,"Sling":287,"Boot":403,"Old Coin":129,"Blood Vial":56,"Sundial":1388,"MealTicket":477,"Fusion Hammer":1433,"HandDrill":1046,"Kunai":264,"Pear":619,"Blue Candle":255,"Tingsha":1119,"Eternal Feather":1289,"Pen Nib":844,"Paper Crane":1607,"Akabeko":169,"SlaversCollar":800,"Bird Faced Urn":550,"MutagenicStrength":1070,"Snecko Eye":667,"Pandora\u0027s Box":1465,"Mark of Pain":375,"StrikeDummy":1280,"Unceasing Top":1002,"Lantern":93,"Regal Pillow":905,"Singing Bowl":508,"Torii":571,"Magic Flower":787,"StoneCalendar":0,"Bag of Preparation":69,"Ancient Tea Set":673,"Smiling Mask":701,"Cursed Key":1349,"Burning Blood":0,"Matryoshka":7,"Shovel":534,"Ninja Scroll":1479,"WingedGreaves":0,"Chemical X":250,"InkBottle":1094,"Ring of the Snake":0,"Potion Belt":46,"Lee\u0027s Waffle":155,"Inserter":183,"Self Forming Clay":341,"Golden Idol":571,"Thread and Needle":155,"PreservedInsect":210,"The Courier":1002,"Omamori":0,"Frozen Egg 2":0,"MawBank":15,"Busted Crown":727,"Ornamental Fan":1601,"Orrery":359,"Turnip":678,"Art of War":564,"Champion Belt":287,"Bottled Lightning":1027,"Toy Ornithopter":303,"Ice Cream":761,"Calipers":231,"Gremlin Horn":1036,"CeramicFish":1157,"Vajra":80,"HoveringKite":930,"Runic Capacitor":46,"Sozu":1064,"Lizard Tail":0,"Centennial Puzzle":109,"HornCleat":522,"DollysMirror":1216,"Strawberry":206,"Prayer Wheel":515,"Philosopher\u0027s Stone":697,"Toxic Egg 2":0,"Girya":1720,"Happy Flower":0,"Dead Branch":155,"Astrolabe":1009,"Oddly Smooth Stone":155,"Letter Opener":321,"War Paint":493,"Question Card":102,"Du-Vu Doll":287,"Bottled Flame":693,"Shuriken":116,"Bronze Scales":15,"Molten Egg 2":155,"Symbiotic Virus":155,"Pocketwatch":155,"Meat on the Bone":469,"Darkstone Periapt":46,"SacredBark":1714,"Mango":0,"Snake Skull":856,"Incense Burner":22,"Juzu Bracelet":32,"Empty Cage":316,"PrismaticShard":1469,"ClockworkSouvenir":155,"Emotion Chip":56,"Dream Catcher":61,"Nunchaku":214,"Tough Bandages":1151,"Mummified Hand":15,"Pantograph":534,"Gambling Chip":577,"Tiny Chest":174,"Red Mask":381,"Cracked Core":0,"Runic Pyramid":41,"Orichalcum":116,"Odd Mushroom":1427,"Medical Kit":888,"White Beast Statue":790,"Mercury Hourglass":508,"Peace Pipe":123,"Calling Bell":534,"Strange Spoon":1119,"Anchor":0,"CaptainsWheel":155,"DataDisk":250,"Coffee Dripper":88,"Bag of Marbles":577,"Membership Card":0,"TungstenRod":259,"FossilizedHelix":935}],"InkBottle":[64],"Ring of the Snake":[227],"Meat on the Bone":24},"card_choices":[{"not_picked":["Deflect","Acrobatics"],"picked":"Poisoned Stab","floor":1.0},{"not_picked":["Acrobatics","Blur","Dagger Throw"],"picked":"SKIP","floor":1.0},{"not_picked":["Acrobatics","Dagger Throw"],"picked":"Blur","floor":1.0},{"not_picked":["Reflex","Noxious Fumes"],"picked":"Masterful Stab","floor":2.0},{"not_picked":["Well Laid Plans","Acrobatics"],"picked":"Caltrops","floor":2.0},{"not_picked":["Poisoned Stab","Escape Plan"],"picked":"Backstab","floor":4.0},{"not_picked":["Underhanded Strike","Bullet Time"],"picked":"Bane","floor":4.0},{"not_picked":["Choke","Dagger Throw"],"picked":"PiercingWail","floor":5.0},{"not_picked":["Slice","Dagger Spray"],"picked":"Footwork","floor":5.0},{"not_picked":["Distraction","Outmaneuver"],"picked":"Burst","floor":7.0},{"not_picked":["PiercingWail","Dash"],"picked":"Acrobatics","floor":10.0},{"not_picked":["Bane","Quick Slash","Sucker Punch"],"picked":"SKIP","floor":10.0},{"not_picked":["Distraction","Infinite Blades","Slice"],"picked":"SKIP","floor":11.0},{"not_picked":["Dagger Throw","Acrobatics","Quick Slash"],"picked":"SKIP","floor":11.0},{"not_picked":["Heel Hook","Slice"],"picked":"Backflip","floor":12.0},{"not_picked":["Backstab","PiercingWail"],"picked":"Phantasmal Killer","floor":14.0},{"not_picked":["Phantasmal Killer","Adrenaline"],"picked":"Corpse Explosion","floor":16.0},{"not_picked":["Backstab","Deadly Poison"],"picked":"Dodge and Roll+1","floor":18},{"not_picked":["Dodge and Roll","Prepared","Poisoned Stab"],"picked":"SKIP","floor":18},{"not_picked":["PiercingWail","Skewer"],"picked":"Backflip","floor":19},{"not_picked":["Outmaneuver","Deflect","Predator"],"picked":"SKIP","floor":19},{"not_picked":["Flechettes","All Out Attack"],"picked":"Die Die Die","floor":23},{"not_picked":["Skewer","Dagger Throw+1","Quick Slash"],"picked":"Expertise+1","floor":25},{"not_picked":["Underhanded Strike","Backflip","Poisoned Stab"],"picked":"Deflect+1","floor":25},{"not_picked":["Underhanded Strike","Riddle With Holes","Bane"],"picked":"Calculated Gamble","floor":27},{"not_picked":["Night Terror","Outmaneuver","Dodge and Roll","Sucker Punch"],"picked":"SKIP","floor":27},{"not_picked":["Catalyst","Infinite Blades","Dagger Spray"],"picked":"Terror","floor":28},{"not_picked":["Footwork","Dagger Spray+1","Flying Knee","Caltrops"],"picked":"SKIP","floor":29},{"not_picked":["Noxious Fumes","Deadly Poison","Prepared","Cloak And Dagger"],"picked":"SKIP","floor":29},{"not_picked":["Endless Agony+1","Quick Slash","Acrobatics"],"picked":"Accuracy+1","floor":30},{"not_picked":["Dagger Spray","Deflect","Bane+1","Finisher"],"picked":"SKIP","floor":30},{"not_picked":["Concentrate","Calculated Gamble","Setup","Flying Knee"],"picked":"SKIP","floor":31},{"not_picked":["Doppelganger","Wraith Form v2","Night Terror"],"picked":"A Thousand Cuts","floor":33},{"not_picked":["Deflect","Dodge and Roll","Setup","Dagger Spray"],"picked":"SKIP","floor":35},{"not_picked":["Escape Plan","All Out Attack+1","Dodge and Roll","Tactician"],"picked":"SKIP","floor":35},{"not_picked":["Prepared","Dagger Spray","Dodge and Roll"],"picked":"Catalyst","floor":38},{"not_picked":["Choke","Flying Knee","Catalyst","Dagger Spray+1"],"picked":"SKIP","floor":38},{"not_picked":["Cloak And Dagger","Infinite Blades","A Thousand Cuts"],"picked":"Outmaneuver+1","floor":40},{"not_picked":["Reflex","Calculated Gamble+1","Expertise","Acrobatics+1"],"picked":"SKIP","floor":41},{"not_picked":["Predator","Dodge and Roll","Flying Knee+1","Slice"],"picked":"SKIP","floor":41},{"not_picked":["Blade Dance","Dagger Throw","Dash","Finisher+1"],"picked":"SKIP","floor":45},{"not_picked":["Underhanded Strike","Outmaneuver","Deflect","Dodge and Roll"],"picked":"SKIP","floor":45},{"not_picked":["Backflip","Prepared","PiercingWail","Underhanded Strike"],"picked":"SKIP","floor":47},{"not_picked":["Flying Knee","Bane","Prepared","Dagger Spray"],"picked":"SKIP","floor":48},{"not_picked":["Dagger Throw","Deflect","Expertise","Concentrate"],"picked":"SKIP","floor":48}],"player_experience":919837,"relics_obtained":[{"floor":7.0,"key":"Oddly Smooth Stone"},{"floor":9.0,"key":"Art of War"},{"floor":12.0,"key":"Strawberry"},{"floor":14.0,"key":"InkBottle"},{"floor":23,"key":"Question Card"},{"floor":26,"key":"HornCleat"},{"floor":28,"key":"Meat on the Bone"},{"floor":31,"key":"Ornamental Fan"},{"floor":34,"key":"Pen Nib"},{"floor":34,"key":"Sundial"},{"floor":34,"key":"Tingsha"},{"floor":40,"key":"Regal Pillow"},{"floor":47,"key":"Akabeko"}],"event_choices":[{"damage_healed":0,"gold_gain":0,"player_choice":"Obtained Relic","damage_taken":0,"relics_obtained":["Mercury Hourglass"],"max_hp_gain":0,"max_hp_loss":0,"event_name":"Addict","floor":20,"gold_loss":85},{"damage_healed":0,"gold_gain":0,"player_choice":"Inject Mutagens","damage_taken":0,"relics_obtained":["MutagenicStrength"],"max_hp_gain":0,"max_hp_loss":0,"event_name":"Drug Dealer","floor":22,"gold_loss":0},{"damage_healed":0,"gold_gain":0,"player_choice":"Simplicity","damage_taken":0,"max_hp_gain":0,"max_hp_loss":0,"event_name":"Back to Basics","floor":24,"gold_loss":0,"cards_upgraded":["Strike_G","Strike_G","Strike_G","Defend_G","Defend_G","Defend_G","Defend_G","Defend_G"]},{"damage_healed":0,"gold_gain":0,"player_choice":"Memory 1","damage_taken":0,"max_hp_gain":0,"max_hp_loss":0,"event_name":"SensoryStone","floor":36,"gold_loss":0},{"damage_healed":0,"gold_gain":0,"player_choice":"Forge","damage_taken":0,"max_hp_gain":0,"max_hp_loss":0,"event_name":"Accursed Blacksmith","floor":37,"gold_loss":0,"cards_upgraded":["A Thousand Cuts"]},{"cards_removed":["Masterful Stab"],"damage_healed":0,"gold_gain":0,"player_choice":"Purged","damage_taken":0,"max_hp_gain":0,"max_hp_loss":0,"event_name":"Purifier","floor":39,"gold_loss":0}],"is_beta":false,"boss_relics":[{"not_picked":["Runic Pyramid","Busted Crown"],"picked":"Fusion Hammer"},{"not_picked":["Ring of the Serpent","Velvet Choker"],"picked":"Calling Bell"}],"items_purged_floors":[3,21],"is_endless":false,"potions_floor_spawned":[1,2,4,5,7,10,11,12,14,16,18,19,23,25,27,28,29,30,31,33,35,38,40,41,45,47,48],"killed_by":"Shield and Spear","ascension_level":20}}