{"host":"d61fcf2p3sjwe6yo","time":1611225846,"event":{"mods":["AchievementEnabler","BaseMod","Colored Map","Downfall","Minty Spire (QoL Compilation)","StSLib","SuperFastMode"],"gold_per_floor":[99,99,126,141,152,52,52,52,52,83,83,68,68,93,108,212,212,212,227,502,515,45,62,62,91,104,119,119,119,136,167,181,280,280,280,290,307,323,343,361,361,261,291,341,341,341,341],"floor_reached":45,"language":"ENG","playtime":2943,"items_purged":["Regret"],"score":947,"play_id":"56d032ce-b967-490e-87c7-27fefad67c71","local_time":"20210121134406","is_ascension_mode":true,"campfire_choices":[{"floor":1.0,"key":"RECALL"},{"data":"hexamod:Float","floor":6.0,"key":"SMITH"},{"data":"hexamod:EmpoweredFlame","floor":9.0,"key":"SMITH"},{"data":"hexamod:GhostflameInferno","floor":11.0,"key":"SMITH"},{"data":"hexamod:SpectersWail","floor":13.0,"key":"SMITH"},{"data":"hexamod:GhostflameBarrier","floor":18.0,"key":"SMITH"},{"data":"hexamod:ShieldOfDarkness","floor":29,"key":"SMITH"},{"data":"hexamod:GhostOfSpirePresent","floor":35,"key":"SMITH"},{"data":"hexamod:SwordOfDarkness","floor":42,"key":"SMITH"}],"circlet_count":0,"master_deck":["AscendersBane","hexamod:Strike","hexamod:Strike","hexamod:Defend","hexamod:Defend","hexamod:Defend","hexamod:Sear","hexamod:Float+1","hexamod:SwordOfDarkness+1","hexamod:EmpoweredFlame+1","hexamod:GhostflameInferno+1","hexamod:SpectersWail+1","hexamod:GhostflameBarrier+1","hexamod:RainOfEmbers+1","hexamod:GhostLash+1","hexamod:Incineration+1","hexamod:FlamesFromBeyond+1","hexamod:PhantomCloak+1","hexamod:ShieldOfDarkness+1","hexamod:FirstSeal","hexamod:StepThrough+1","hexamod:GhostOfSpirePresent+1","hexamod:FastForward+1","hexamod:Hexaguard+1","hexamod:EtherealExpedition+1","Regret","hexamod:ShieldOfDarkness","hexamod:ApocalypseNow"],"relics":["hexamod:SpiritBrand","Bronze Scales","downfall:HeartBlessingRed","Shuriken","HornCleat","Sundial","Incense Burner","Astrolabe","Bag of Preparation","ClockworkSouvenir","Slimebound:StickyStick","White Beast Statue","Ancient Tea Set","Cursed Key","downfall:HeartBlessingBlue","MealTicket","champ:DuelingGlove"],"acts_visited":["Exordium","TheCity","TheBeyond"],"potions_floor_usage":[31,33,40,43,45],"damage_taken":[{"damage":5.0,"enemies":"2 Louse","floor":4.0,"turns":3.0},{"damage":2.0,"enemies":"Jaw Worm","floor":5.0,"turns":3.0},{"damage":20.0,"enemies":"3 Sentries","floor":10.0,"turns":7.0},{"damage":0.0,"enemies":"downfall:FleeingMerchant","floor":12.0,"turns":4.0},{"damage":0.0,"enemies":"Gremlin Nob","floor":14.0,"turns":3.0},{"damage":0.0,"enemies":"Small Slimes","floor":15.0,"turns":2.0},{"damage":0.0,"enemies":"IC_STATUS_ARCHETYPE","floor":16.0,"turns":7.0},{"damage":9.0,"enemies":"Shell Parasite","floor":19.0,"turns":3.0},{"damage":2.0,"enemies":"3 Byrds","floor":21.0,"turns":2.0},{"damage":3.0,"enemies":"downfall:FleeingMerchant","floor":22.0,"turns":4.0},{"damage":0.0,"enemies":"Centurion and Healer","floor":23.0,"turns":5.0},{"damage":0.0,"enemies":"Slavers","floor":25.0,"turns":3.0},{"damage":7.0,"enemies":"Snake Plant","floor":26.0,"turns":3.0},{"damage":0.0,"enemies":"Sentry and Sphere","floor":27.0,"turns":3.0},{"damage":7,"enemies":"Chosen and Byrds","floor":30,"turns":4},{"damage":18,"enemies":"Book of Stabbing","floor":31,"turns":4},{"damage":0,"enemies":"Snake Plant","floor":32,"turns":3},{"damage":52,"enemies":"DF_ARCHETYPE_CLAW","floor":33,"turns":11},{"damage":0,"enemies":"Orb Walker","floor":36,"turns":3},{"damage":6,"enemies":"3 Shapes","floor":37,"turns":4},{"damage":9,"enemies":"Sphere and 2 Shapes","floor":38,"turns":5},{"damage":0,"enemies":"4 Shapes","floor":39,"turns":4},{"damage":24,"enemies":"Writhing Mass","floor":40,"turns":6},{"damage":36,"enemies":"Reptomancer","floor":43,"turns":7},{"damage":1,"enemies":"Reptomancer","floor":44,"turns":5},{"damage":60,"enemies":"Transient","floor":45,"turns":5}],"seed_played":"-2850911631079814734","potions_obtained":[{"floor":4.0,"key":"Strength Potion"},{"floor":14.0,"key":"Fire Potion"},{"floor":23.0,"key":"Ancient Potion"},{"floor":27.0,"key":"SkillPotion"},{"floor":30,"key":"FairyPotion"},{"floor":31,"key":"SkillPotion"},{"floor":33,"key":"LiquidBronze"},{"floor":36,"key":"SpeedPotion"},{"floor":40,"key":"Ancient Potion"},{"floor":43,"key":"PowerPotion"}],"is_trial":false,"path_per_floor":["R","?","T","M","M","R","T","?","R","E","R","$","R","E","M","B",null,"R","M","?","M","$","M","T","E","M","M","?","R","M","E","M","B",null,"R","M","M","M","M","M","T","R","E","?","M"],"character_chosen":"THE_SPIRIT","items_purchased":["Bag of Preparation","ClockworkSouvenir","hexamod:PhantomCloak"],"campfire_rested":0,"item_purchase_floors":[22,22,22],"current_hp_per_floor":[70,70,70,65,63,63,63,63,63,43,43,43,43,43,43,43,69,69,60,60,58,55,55,55,55,48,48,48,48,48,37,44,19,63,63,70,71,69,76,59,59,69,40,46,0,0,0],"gold":341,"neow_bonus":"TEN_PERCENT_HP_BONUS","is_daily":false,"chose_seed":false,"campfire_upgraded":8,"win_rate":0.0,"timestamp":1611225846,"path_taken":["R","?","?","M","M","R","T","?","R","E","R","?","R","E","M","BOSS","R","M","?","M","$","M","T","E","M","?","?","R","?","E","M","BOSS","R","M","M","M","M","M","T","R","E","?","M"],"items_purchased_type":["Relic","Relic","Card"],"build_version":"2020-12-22","purchased_purges":1,"victory":false,"max_hp_per_floor":[77,77,77,77,77,77,77,77,77,77,77,77,77,77,77,77,77,77,77,77,77,77,77,77,77,77,77,77,77,77,77,77,77,77,77,77,77,77,77,77,77,87,87,87,87,87,87],"card_choices":[{"not_picked":["hexamod:CatchUp","hexamod:Firestarter"],"picked":"hexamod:SwordOfDarkness","floor":4.0},{"not_picked":["hexamod:SpectralAdrenaline","hexamod:SkipABeat"],"picked":"hexamod:EmpoweredFlame","floor":5.0},{"not_picked":["hexamod:ApocalypseNow","hexamod:NightmareStrike"],"picked":"hexamod:GhostflameInferno","floor":10.0},{"not_picked":["hexamod:SecondSeal","hexamod:RetreatToShadows"],"picked":"hexamod:SpectersWail","floor":12.0},{"not_picked":["hexamod:Firestarter","hexamod:BurningTouch","hexamod:SoulSteal"],"picked":"SKIP","floor":14.0},{"not_picked":["hexamod:NightmareStrike","hexamod:ThermalTransfer"],"picked":"hexamod:GhostflameBarrier","floor":15.0},{"not_picked":["hexamod:VolcanoVisage","hexamod:GiftsFromTheDead"],"picked":"hexamod:UnlimitedPower","floor":16.0},{"not_picked":["hexamod:NightmareStrike","hexamod:BurningTouch","hexamod:HeatMetal+1"],"picked":"SKIP","floor":19.0},{"not_picked":["hexamod:NecessarySacrifice","hexamod:BurningTouch","hexamod:ThermalTransfer"],"picked":"SKIP","floor":21.0},{"not_picked":["hexamod:NightmareStrike","hexamod:StepThrough"],"picked":"hexamod:FlamesFromBeyond+1","floor":22.0},{"not_picked":["hexamod:HauntingEcho","hexamod:SwordOfDarkness+1"],"picked":"hexamod:ShieldOfDarkness","floor":23.0},{"not_picked":["hexamod:SoulSteal","hexamod:GhostOfSpirePast+1","hexamod:UnleashSpirits"],"picked":"SKIP","floor":25.0},{"not_picked":["hexamod:InspiringFlames","hexamod:Incineration","hexamod:GhostShield"],"picked":"SKIP","floor":26.0},{"not_picked":["hexamod:FlamesFromBeyond","hexamod:RainOfEmbers"],"picked":"hexamod:FirstSeal","floor":27.0},{"not_picked":["hexamod:FlamesFromBeyond","hexamod:ExtraCrispy","hexamod:SecondSeal"],"picked":"SKIP","floor":30},{"not_picked":["hexamod:FirstSeal","hexamod:GhostShield","hexamod:Toasty"],"picked":"SKIP","floor":31},{"not_picked":["hexamod:HeatMetal+1","hexamod:HauntingEcho+1"],"picked":"hexamod:StepThrough+1","floor":32},{"not_picked":["hexamod:FifthSeal","hexamod:GiftsFromTheDead"],"picked":"hexamod:GhostOfSpirePresent","floor":33},{"not_picked":["hexamod:SoulSteal+1","hexamod:SuperheatedStrike"],"picked":"hexamod:FastForward+1","floor":36},{"not_picked":["hexamod:GhostLash","hexamod:NightmareStrike+1"],"picked":"hexamod:Hexaguard+1","floor":37},{"not_picked":["hexamod:NightmareStrike+1","hexamod:Again","hexamod:ThermalTransfer+1"],"picked":"SKIP","floor":38},{"not_picked":["hexamod:BurningTouch","hexamod:Firestarter"],"picked":"hexamod:EtherealExpedition+1","floor":39},{"not_picked":["hexamod:Firestarter","hexamod:RainOfEmbers+1","hexamod:HauntingEcho"],"picked":"SKIP","floor":40},{"not_picked":["hexamod:SuperheatedStrike+1","hexamod:StepThrough+1"],"picked":"hexamod:ShieldOfDarkness","floor":43},{"not_picked":["hexamod:ThermalTransfer","hexamod:Incineration+1"],"picked":"hexamod:ApocalypseNow","floor":44}],"player_experience":638121,"relics_obtained":[{"floor":3.0,"key":"Bronze Scales"},{"floor":7.0,"key":"Shuriken"},{"floor":10.0,"key":"Sundial"},{"floor":14.0,"key":"Incense Burner"},{"floor":24.0,"key":"Slimebound:StickyStick"},{"floor":25.0,"key":"White Beast Statue"},{"floor":31,"key":"Ancient Tea Set"},{"floor":43,"key":"MealTicket"},{"floor":44,"key":"champ:DuelingGlove"}],"event_choices":[{"cards_removed":["hexamod:Strike"],"damage_healed":0.0,"max_hp_gain":0.0,"max_hp_loss":0.0,"gold_gain":0.0,"event_name":"The Cleric","player_choice":"Card Removal","floor":2.0,"gold_loss":0.0,"damage_taken":0.0},{"damage_healed":0,"gold_gain":0,"player_choice":"Forge","damage_taken":0,"max_hp_gain":0,"max_hp_loss":0,"event_name":"Accursed Blacksmith","floor":28,"gold_loss":0,"cards_upgraded":["hexamod:PhantomCloak"]}],"is_beta":false,"boss_relics":[{"not_picked":["Fusion Hammer","Busted Crown"],"picked":"Astrolabe"},{"not_picked":["Sozu","Velvet Choker"],"picked":"Cursed Key"}],"items_purged_floors":[22],"is_endless":false,"potions_floor_spawned":[4,14,23,25,26,27,30,31,32,33,36,37,38,39,40,43,44],"killed_by":"Transient","ascension_level":11}}