{"host":"z4nt7tdd4gjrinn7","time":1611195331,"event":{"mods":["100% Spire Juice","BaseMod","Minty Spire (QoL Compilation)","StSLib"],"gold_per_floor":[110,125,125,125,136,164,183,258,258,258,274,288,288,288,288,416,416,391,391,406,406,76,76,76,76],"floor_reached":24,"language":"ENG","playtime":1533,"items_purged":[],"score":196,"play_id":"336f6dd4-1ee7-4b39-ab6f-64d31af4cbe1","local_time":"20210120211531","is_ascension_mode":false,"campfire_choices":[{"floor":10,"key":"REST"},{"floor":15,"key":"REST"},{"floor":23,"key":"REST"}],"circlet_count":0,"master_deck":["Strike_B","Strike_B","Strike_B","Strike_B","Defend_B","Defend_B","Defend_B","Defend_B","Zap","Dualcast","Force Field","Seek","Cold Snap","Sweeping Beam","Leap","Gash","Cold Snap","Parasite","Injury","Buffer","Chill","Leap+1","Self Repair"],"relics":["Cracked Core","NeowsBlessing","Oddly Smooth Stone","Juzu Bracelet","Bloody Idol","Black Star","Eternal Feather"],"acts_visited":["Exordium","TheCity"],"potions_floor_usage":[6,16,16],"damage_taken":[{"damage":0,"enemies":"2 Louse","floor":1,"turns":1},{"damage":0,"enemies":"Small Slimes","floor":2,"turns":1},{"damage":0,"enemies":"Jaw Worm","floor":5,"turns":1},{"damage":19,"enemies":"3 Sentries","floor":6,"turns":10},{"damage":17,"enemies":"Gremlin Gang","floor":7,"turns":4},{"damage":7,"enemies":"2 Fungi Beasts","floor":11,"turns":4},{"damage":4,"enemies":"Looter","floor":12,"turns":3},{"damage":45,"enemies":"Slime Boss","floor":16,"turns":15},{"damage":38,"enemies":"2 Thieves","floor":18,"turns":5},{"damage":17,"enemies":"Shell Parasite","floor":20,"turns":13},{"damage":62,"enemies":"Chosen and Byrds","floor":24,"turns":12}],"seed_played":"4070080300578476540","potions_obtained":[{"floor":1,"key":"EssenceOfSteel"},{"floor":2,"key":"Regen Potion"},{"floor":12,"key":"AttackPotion"}],"is_trial":false,"path_per_floor":["M","M","?","?","M","E","M","?","T","R","M","M","?","?","R","B",null,"M","?","M","?","$","R","M"],"character_chosen":"DEFECT","items_purchased":["Eternal Feather","Self Repair"],"campfire_rested":3,"item_purchase_floors":[22,22],"current_hp_per_floor":[75,75,75,75,75,56,39,28,28,50,43,39,57,57,75,45,75,37,37,20,20,20,54,0,0],"gold":76,"neow_bonus":"THREE_ENEMY_KILL","is_daily":false,"chose_seed":false,"campfire_upgraded":0,"win_rate":0.0,"timestamp":1611195331,"path_taken":["M","M","?","?","M","E","M","?","T","R","M","M","?","?","R","BOSS","M","?","M","?","$","R","M"],"items_purchased_type":["Relic","Card"],"build_version":"2020-12-22","purchased_purges":0,"victory":false,"max_hp_per_floor":[75,75,75,75,75,75,75,75,75,75,75,75,75,75,75,75,75,75,75,75,75,75,75,75,75],"card_choices":[{"not_picked":["Leap","Sweeping Beam"],"picked":"Force Field","floor":1},{"not_picked":["Barrage","Streamline"],"picked":"Seek","floor":2},{"not_picked":["Go for the Eyes","Coolheaded"],"picked":"Cold Snap","floor":5},{"not_picked":["Barrage","Coolheaded"],"picked":"Sweeping Beam","floor":6},{"not_picked":["Barrage","Compile Driver"],"picked":"Leap","floor":7},{"not_picked":["Genetic Algorithm","Reinforced Body"],"picked":"Gash","floor":11},{"not_picked":["White Noise","Steam"],"picked":"Cold Snap","floor":12},{"not_picked":["Multi-Cast","Seek"],"picked":"Buffer","floor":16},{"not_picked":["Barrage","Rebound"],"picked":"Chill","floor":18},{"not_picked":["Biased Cognition","Compile Driver"],"picked":"Leap+1","floor":20}],"player_experience":140132,"relics_obtained":[{"floor":6,"key":"Oddly Smooth Stone"},{"floor":9,"key":"Juzu Bracelet"}],"event_choices":[{"damage_healed":0,"gold_gain":0,"player_choice":"Ignored","damage_taken":0,"max_hp_gain":0,"max_hp_loss":0,"event_name":"Liars Game","floor":3,"gold_loss":0},{"damage_healed":0,"gold_gain":0,"player_choice":"Ignored","damage_taken":0,"max_hp_gain":0,"max_hp_loss":0,"event_name":"Golden Wing","floor":4,"gold_loss":0},{"damage_healed":0,"gold_gain":75,"player_choice":"Gather Gold","damage_taken":11,"max_hp_gain":0,"max_hp_loss":0,"event_name":"World of Goop","floor":8,"gold_loss":0},{"damage_healed":18,"gold_gain":0,"player_choice":"Healed and dodged fight","damage_taken":0,"max_hp_gain":0,"max_hp_loss":0,"event_name":"Mushrooms","floor":13,"gold_loss":0,"cards_obtained":["Parasite"]},{"damage_healed":0,"gold_gain":0,"player_choice":"Take Wound","damage_taken":0,"relics_obtained":["Golden Idol"],"max_hp_gain":0,"max_hp_loss":0,"event_name":"Golden Idol","floor":14,"gold_loss":0,"cards_obtained":["Injury"]},{"damage_healed":0,"gold_gain":0,"player_choice":"Ignored","damage_taken":0,"max_hp_gain":0,"max_hp_loss":0,"event_name":"Cursed Tome","floor":19,"gold_loss":0},{"damage_healed":0,"gold_gain":0,"player_choice":"Gave Idol","damage_taken":0,"relics_obtained":["Bloody Idol"],"max_hp_gain":0,"max_hp_loss":0,"event_name":"Forgotten Altar","floor":21,"relics_lost":["Golden Idol"],"gold_loss":0}],"is_beta":false,"boss_relics":[{"not_picked":["Pandora\u0027s Box","Runic Pyramid"],"picked":"Black Star"}],"items_purged_floors":[],"is_endless":false,"potions_floor_spawned":[1,2,12],"killed_by":"Chosen and Byrds","ascension_level":0}}