{"host":"fc97bmrl7qvj4ruk","time":1611262275,"event":{"mods":["AchievementEnabler","Act Like it!","BaseMod","ChefMod","Colored Map","Gensokyo","GifTheSpireLib","Hermit","Minty Spire (QoL Compilation)","Replay The Spire","Robot Space Explorer","StSLib","The Hayseed"],"gold_per_floor":[109,127,127,127,139,174,184,212,238,238,250,250,285,46,46,149,149,180,180,180,120,146,212,212,272,272,344,433,468,530,586,586,757,1057,1097,495,570,16,87,228,228,318,318,398,467,467,454,454,454,464],"floor_reached":51,"language":"ZHS","playtime":6369,"items_purged":["Looming Evil"],"score":827,"play_id":"24a72d19-2079-43f5-a3a8-dc1c108c3d60","local_time":"20210121165115","is_ascension_mode":true,"campfire_choices":[{"data":"hermit:WideOpen","floor":10.0,"key":"SMITH"},{"floor":12.0,"key":"REST"},{"data":"hermit:CursedWeapon","floor":15.0,"key":"SMITH"},{"data":"hermit:CursedWeapon","floor":24.0,"key":"SMITH"},{"data":"hermit:DeadMansHand","floor":32.0,"key":"SMITH"},{"data":"hermit:Determination","floor":41.0,"key":"SMITH"},{"data":"hermit:TakeAim","floor":46.0,"key":"SMITH"},{"data":"hermit:Virtue","floor":49.0,"key":"SMITH"}],"circlet_count":0,"master_deck":["hermit:Strike_Hermit+1","hermit:Strike_Hermit","hermit:Defend_Hermit","hermit:Defend_Hermit","hermit:Defend_Hermit","hermit:Defend_Hermit","hermit:Snapshot+1","hermit:Covet","hermit:WideOpen+1","hermit:TakeAim+1","hermit:Enervate","hermit:CursedWeapon+1","hermit:GhostlyPresence","hermit:PistolWhip","hermit:Determination+1","hermit:DeadOrAlive","hermit:DeadOrAlive","hermit:CursedWeapon+1","ReplayTheSpireMod:Faulty Equipment","hermit:Dive","hermit:GhostlyPresence","hermit:LoneWolf+1","hermit:DeadOrAlive","hermit:Vantage","hermit:Snipe+1","hermit:Maintenance+1","hermit:DeadMansHand+1","hermit:Gestalt","hermit:BodyArmor+1","hermit:Adapt","CurseOfTheBell","hermit:Combo+1","hermit:Quickdraw","hermit:BigShot","hermit:Determination+1","hermit:Brawl","hermit:Headshot","hermit:CalledShot+1","hermit:FlashPowder+1","hermit:HighCaliber+1","hermit:Quickdraw+1","hermit:Virtue+1","hermit:BodyArmor+1"],"relics":["Ring of Chaos","Peace Pipe","Replay:Wax Seal","Bag of Preparation","Bronze Scales","ReplayTheSpireMod:Shallot","ReplayTheSpireMod:Ninjato","Replay:Grab Bag","Coffee Dripper","Cursed Key","SacredBark","Ring of Peace","ReplayTheSpireMod:Ring of Challenge","MutagenicStrength","White Beast Statue","Pet Ghost","Chameleon Ring","Orichalcum","Onion Ring","Calling Bell","Replay:Bandana","Letter Opener","Old Coin","Vajra","Sundial","Toolbox","Bottled Lightning","ReplayFunnel","Ornamental Fan","Oddly Smooth Stone","Mummified Hand","Garlic","Replay:Baseball"],"acts_visited":["Exordium","TheCity","TheBeyond"],"potions_floor_usage":[50,50,50],"damage_taken":[{"damage":1.0,"enemies":"Jaw Worm","floor":1.0,"turns":3.0},{"damage":0.0,"enemies":"Small Slimes","floor":2.0,"turns":2.0},{"damage":0.0,"enemies":"2 Louse","floor":5.0,"turns":2.0},{"damage":13.0,"enemies":"Replay:BlueRogue","floor":6.0,"turns":4.0},{"damage":2.0,"enemies":"Looter","floor":7.0,"turns":2.0},{"damage":3.0,"enemies":"Lagavulin","floor":8.0,"turns":9.0},{"damage":5.0,"enemies":"Red Slaver","floor":11.0,"turns":2.0},{"damage":4.0,"enemies":"Gremlin Nob","floor":13.0,"turns":3.0},{"damage":17.0,"enemies":"Fading Forest","floor":16.0,"turns":11.0},{"damage":2.0,"enemies":"Spheric Guardian","floor":18.0,"turns":1.0},{"damage":2.0,"enemies":"3 Byrds","floor":22.0,"turns":3.0},{"damage":5.0,"enemies":"Replay:Snechameleon","floor":23.0,"turns":5.0},{"damage":22.0,"enemies":"Gremlin Leader","floor":25.0,"turns":7.0},{"damage":0.0,"enemies":"Book of Stabbing","floor":27.0,"turns":8.0},{"damage":16.0,"enemies":"Cultist and Chosen","floor":28.0,"turns":4.0},{"damage":14.0,"enemies":"Sentry and Sphere","floor":29.0,"turns":6.0},{"damage":0.0,"enemies":"Snake Plant","floor":30.0,"turns":1.0},{"damage":4.0,"enemies":"Chosen and Byrds","floor":31.0,"turns":6.0},{"damage":3.0,"enemies":"Collector","floor":33.0,"turns":12.0},{"damage":7.0,"enemies":"3 Darklings","floor":35.0,"turns":4.0},{"damage":6.0,"enemies":"Orb Walker","floor":37.0,"turns":4.0},{"damage":2.0,"enemies":"Spire Growth","floor":39.0,"turns":5.0},{"damage":4.0,"enemies":"R_Hoarder","floor":40.0,"turns":5.0},{"damage":9.0,"enemies":"Reptomancer","floor":42.0,"turns":10.0},{"damage":2.0,"enemies":"Jaw Worm Horde","floor":44.0,"turns":1.0},{"damage":6.0,"enemies":"4 Shapes","floor":45.0,"turns":1.0},{"damage":0.0,"enemies":"R_Hoarder","floor":47.0,"turns":5.0},{"damage":4,"enemies":"Replay:Hell Engine","floor":50,"turns":6}],"seed_played":"4436571025162865168","potions_obtained":[{"floor":6.0,"key":"Languid Potion"},{"floor":7.0,"key":"hermit:Tonic"},{"floor":8.0,"key":"hermit:Tonic"},{"floor":13.0,"key":"Dexterity Potion"},{"floor":22.0,"key":"Elixir"},{"floor":23.0,"key":"Weak Potion"},{"floor":25.0,"key":"LifebloodPotion"},{"floor":27.0,"key":"BlessingOfTheForge"},{"floor":28.0,"key":"Swift Potion"},{"floor":29.0,"key":"Doom Potion"},{"floor":30.0,"key":"Languid Potion"},{"floor":31.0,"key":"Dexterity Potion"},{"floor":33.0,"key":"FearPotion"},{"floor":35.0,"key":"SkillPotion"},{"floor":37.0,"key":"BlessingOfTheForge"},{"floor":39.0,"key":"Regen Potion"},{"floor":40.0,"key":"EssenceOfSteel"},{"floor":42.0,"key":"Explosive Potion"},{"floor":44.0,"key":"LifebloodPotion"},{"floor":45.0,"key":"LiquidMemories"},{"floor":47.0,"key":"BlessingOfTheForge"}],"is_trial":false,"path_per_floor":["M","M","?","?","M","E","M","E","T","R","M","R","E","$","R","B",null,"M","?","?","?","M","E","R","E","T","E","M","M","M","M","R","B",null,"M","$","M","$","M","E","R","E","T","M","M","R","E","?","R","B",null],"character_chosen":"HERMIT","items_purchased":["ReplayTheSpireMod:Ninjato","Vajra","Sundial","hermit:Quickdraw","hermit:BigShot","Toolbox","Bottled Lightning","hermit:Maintenance","hermit:Brawl","hermit:Headshot"],"campfire_rested":1,"item_purchase_floors":[14,36,36,36,36,38,38,38,38,38],"current_hp_per_floor":[74,74,59,34,34,21,19,16,16,16,11,33,29,29,29,34,75,73,73,73,73,71,66,66,44,44,44,28,14,14,10,10,7,75,68,68,62,62,60,56,56,47,47,45,39,39,39,39,39,71],"gold":464,"neow_bonus":"BOSS_RELIC","is_daily":false,"chose_seed":false,"campfire_upgraded":7,"win_rate":0.0,"timestamp":1611262275,"path_taken":["M","M","?","?","M","E","M","E","T","R","M","R","E","?","R","BOSS","M","?","?","?","M","E","R","E","T","E","?","M","M","M","R","BOSS","M","$","M","$","M","E","R","E","T","M","M","R","E","?","R","BOSS"],"items_purchased_type":["Relic","Relic","Relic","Card","Card","Relic","Relic","Card","Card","Card"],"build_version":"2020-12-22","purchased_purges":1,"victory":true,"max_hp_per_floor":[75,75,75,75,75,75,75,75,75,75,75,75,75,75,75,75,75,75,75,75,75,75,75,75,75,75,75,75,75,75,75,75,75,75,75,75,75,75,75,75,75,75,75,75,75,75,75,75,75,75],"card_choices":[{"not_picked":["hermit:Vantage","hermit:Coalescence"],"picked":"hermit:WideOpen","floor":1.0},{"not_picked":["hermit:WideOpen","hermit:CalledShot"],"picked":"hermit:TakeAim","floor":2.0},{"not_picked":["hermit:Grudge","hermit:Desperado"],"picked":"hermit:Enervate","floor":5.0},{"not_picked":["hermit:Glare","hermit:Midnight"],"picked":"hermit:CursedWeapon","floor":6.0},{"not_picked":["hermit:Deadeye","hermit:Showdown"],"picked":"hermit:GhostlyPresence","floor":7.0},{"not_picked":["hermit:BodyArmor","hermit:HoleUp"],"picked":"hermit:PistolWhip","floor":8.0},{"not_picked":["hermit:SprayPray","hermit:ItchyTrigger"],"picked":"hermit:Determination","floor":11.0},{"not_picked":["hermit:FlashPowder","hermit:FatalDesire"],"picked":"hermit:DeadOrAlive","floor":13.0},{"not_picked":["hermit:Magnum","hermit:FromBeyond"],"picked":"hermit:DeadOrAlive","floor":16.0},{"not_picked":["hermit:Snipe+1","hermit:Vantage"],"picked":"hermit:CursedWeapon","floor":18.0},{"not_picked":["hermit:ItchyTrigger","hermit:Glare"],"picked":"hermit:LoneWolf+1","floor":22.0},{"not_picked":["hermit:TrackingShot","hermit:Glare+1"],"picked":"hermit:DeadOrAlive","floor":23.0},{"not_picked":["hermit:Enervate","hermit:Brawl"],"picked":"hermit:Vantage","floor":25.0},{"not_picked":["hermit:WideOpen","hermit:Showdown"],"picked":"hermit:Snipe+1","floor":27.0},{"not_picked":["hermit:Enervate","hermit:SprayPray"],"picked":"hermit:Maintenance+1","floor":28.0},{"not_picked":["hermit:Manifest","hermit:Ricochet"],"picked":"hermit:DeadMansHand","floor":29.0},{"not_picked":["hermit:SprayPray","hermit:Feint+1"],"picked":"hermit:Gestalt","floor":30.0},{"not_picked":["hermit:HighCaliber","hermit:TrackingShot"],"picked":"hermit:BodyArmor+1","floor":31.0},{"not_picked":["hermit:EternalForm","hermit:BlackWind"],"picked":"hermit:Adapt","floor":33.0},{"not_picked":["hermit:Dive+1","hermit:WideOpen"],"picked":"hermit:Combo+1","floor":35.0},{"not_picked":["hermit:Misfire","hermit:ItchyTrigger"],"picked":"hermit:Determination+1","floor":37.0},{"not_picked":["hermit:Snipe+1","hermit:Desperado+1"],"picked":"hermit:CalledShot+1","floor":39.0},{"not_picked":["hermit:Grudge","hermit:Coalescence"],"picked":"hermit:FlashPowder+1","floor":40.0},{"not_picked":["hermit:SprayPray","hermit:NoHoldsBarred"],"picked":"hermit:HighCaliber+1","floor":42.0},{"not_picked":["hermit:TrackingShot","hermit:CursedWeapon+1"],"picked":"hermit:Quickdraw+1","floor":44.0},{"not_picked":["hermit:Adapt","hermit:Misfire+1"],"picked":"hermit:Virtue","floor":45.0},{"not_picked":["hermit:Horror+1","hermit:Snipe"],"picked":"hermit:BodyArmor+1","floor":47.0}],"player_experience":183903,"relics_obtained":[{"floor":6.0,"key":"Replay:Wax Seal"},{"floor":8.0,"key":"Bag of Preparation"},{"floor":9.0,"key":"Bronze Scales"},{"floor":13.0,"key":"ReplayTheSpireMod:Shallot"},{"floor":19.0,"key":"Ring of Peace"},{"floor":19.0,"key":"ReplayTheSpireMod:Ring of Challenge"},{"floor":23.0,"key":"White Beast Statue"},{"floor":25.0,"key":"Pet Ghost"},{"floor":26.0,"key":"Chameleon Ring"},{"floor":27.0,"key":"Orichalcum"},{"floor":31.0,"key":"Onion Ring"},{"floor":34.0,"key":"Replay:Bandana"},{"floor":34.0,"key":"Letter Opener"},{"floor":34.0,"key":"Old Coin"},{"floor":40.0,"key":"ReplayFunnel"},{"floor":40.0,"key":"Ornamental Fan"},{"floor":42.0,"key":"Oddly Smooth Stone"},{"floor":43.0,"key":"Mummified Hand"},{"floor":45.0,"key":"Garlic"},{"floor":47.0,"key":"Replay:Baseball"}],"event_choices":[{"damage_healed":0.0,"max_hp_gain":0.0,"max_hp_loss":0.0,"gold_gain":0.0,"event_name":"Shining Light","player_choice":"Entered Light","floor":3.0,"gold_loss":0.0,"damage_taken":15.0,"cards_upgraded":["hermit:Snapshot","hermit:Strike_Hermit"]},{"damage_healed":0.0,"max_hp_gain":0.0,"max_hp_loss":0.0,"gold_gain":0.0,"event_name":"Scrap Ooze","player_choice":"Success","floor":4.0,"gold_loss":0.0,"damage_taken":25.0,"relics_obtained":["Peace Pipe"]},{"damage_healed":0.0,"max_hp_gain":0.0,"max_hp_loss":0.0,"gold_gain":0.0,"event_name":"Drug Dealer","player_choice":"Inject Mutagens","floor":20.0,"gold_loss":0.0,"damage_taken":0.0,"relics_obtained":["MutagenicStrength"]},{"damage_healed":0.0,"max_hp_gain":0.0,"max_hp_loss":0.0,"gold_gain":0.0,"cards_transformed":["hermit:Strike_Hermit","hermit:Strike_Hermit"],"event_name":"Designer","player_choice":"Transformed Cards","floor":21.0,"gold_loss":60.0,"damage_taken":0.0,"cards_obtained":["hermit:Dive","hermit:GhostlyPresence"]},{"cards_removed":["hermit:Maintenance"],"damage_healed":0.0,"max_hp_gain":0.0,"max_hp_loss":0.0,"gold_gain":0.0,"event_name":"Falling","player_choice":"Removed Skill","floor":48.0,"gold_loss":0.0,"damage_taken":0.0}],"is_beta":false,"boss_relics":[{"not_picked":["Replay:Wanted Poster","Abe\u0027s Treasure"],"picked":"Replay:Grab Bag"},{"not_picked":["Busted Crown","Velvet Choker"],"picked":"Coffee Dripper"},{"not_picked":["ChewingGum","Sozu"],"picked":"Cursed Key"},{"not_picked":["Snecko Eye","hermit:BartenderGlass"],"picked":"SacredBark"},{"not_picked":["Empty Cage","Replay:Bronze Core"],"picked":"Calling Bell"}],"items_purged_floors":[36],"is_endless":false,"potions_floor_spawned":[6,7,8,13,22,23,25,27,28,29,30,31,33,35,37,39,40,42,44,45,47],"ascension_level":1}}