{"host":"jlk2k69f9c6o7b3e","time":1611249932,"event":{"mods":["BaseMod","Minty Spire (QoL Compilation)","StSLib"],"gold_per_floor":[112,112,126,142,152,186,186,517,517,551,551,551,616,632,632,632,632],"floor_reached":16,"language":"ZHS","playtime":936,"items_purged":[],"score":146,"play_id":"01926c9e-0c85-48f8-8ca6-f75af7a34a83","local_time":"20210122012532","is_ascension_mode":true,"campfire_choices":[{"data":"Crippling Poison","floor":7,"key":"SMITH"},{"floor":15,"key":"REST"}],"circlet_count":0,"master_deck":["Strike_G","Strike_G","Strike_G","Strike_G","Defend_G","Defend_G","Defend_G","Defend_G","Defend_G","Survivor","Neutralize","Crippling Poison+1","Underhanded Strike","PiercingWail","Dagger Throw","Footwork","Corpse Explosion","Infinite Blades","Injury","Expertise","Infinite Blades"],"relics":["Sozu","Ninja Scroll","Old Coin","Tough Bandages","Singing Bowl","Golden Idol","SsserpentHead"],"acts_visited":["Exordium"],"potions_floor_usage":[],"damage_taken":[{"damage":0,"enemies":"Cultist","floor":1,"turns":4},{"damage":4,"enemies":"2 Louse","floor":3,"turns":3},{"damage":0,"enemies":"Small Slimes","floor":4,"turns":3},{"damage":8,"enemies":"Red Slaver","floor":5,"turns":4},{"damage":22,"enemies":"Lagavulin","floor":6,"turns":10},{"damage":22,"enemies":"3 Sentries","floor":8,"turns":5},{"damage":5,"enemies":"Gremlin Nob","floor":10,"turns":4},{"damage":0,"enemies":"Exordium Thugs","floor":13,"turns":3},{"damage":0,"enemies":"Looter","floor":14,"turns":4},{"damage":30,"enemies":"The Guardian","floor":16,"turns":7}],"seed_played":"-2116144395366819826","potions_obtained":[],"is_trial":false,"path_per_floor":["M","?","M","M","M","E","R","E","T","E","?","?","M","M","R","B"],"character_chosen":"THE_SILENT","items_purchased":[],"campfire_rested":1,"item_purchase_floors":[],"current_hp_per_floor":[70,63,59,59,51,29,29,7,7,2,2,2,2,2,23,0,0],"gold":632,"neow_bonus":"BOSS_RELIC","is_daily":false,"chose_seed":false,"campfire_upgraded":1,"win_rate":0.0,"timestamp":1611249932,"path_taken":["M","?","M","M","M","E","R","E","T","E","?","?","?","M","R","BOSS"],"items_purchased_type":[],"build_version":"2020-12-22","purchased_purges":0,"victory":false,"max_hp_per_floor":[70,70,70,70,70,70,70,70,70,70,70,70,70,70,70,70,70],"card_choices":[{"not_picked":["Well Laid Plans","Accuracy"],"picked":"Crippling Poison","floor":1},{"not_picked":["Backflip","All Out Attack"],"picked":"Underhanded Strike","floor":3},{"not_picked":["Backflip","Quick Slash"],"picked":"PiercingWail","floor":4},{"not_picked":["Setup","Sucker Punch"],"picked":"Dagger Throw","floor":5},{"not_picked":["Concentrate","Backflip"],"picked":"Footwork","floor":6},{"not_picked":["Underhanded Strike","Dash"],"picked":"Corpse Explosion","floor":8},{"not_picked":["Outmaneuver","Backflip"],"picked":"Infinite Blades","floor":10},{"not_picked":["Setup","Outmaneuver"],"picked":"Expertise","floor":13},{"not_picked":["Setup","Quick Slash"],"picked":"Infinite Blades","floor":14}],"player_experience":272772,"relics_obtained":[{"floor":6,"key":"Ninja Scroll"},{"floor":8,"key":"Old Coin"},{"floor":9,"key":"Tough Bandages"},{"floor":10,"key":"Singing Bowl"}],"event_choices":[{"cards_removed":["Strike_G"],"damage_healed":0,"gold_gain":0,"player_choice":"Card Removal","damage_taken":7,"max_hp_gain":0,"max_hp_loss":0,"event_name":"Golden Wing","floor":2,"gold_loss":0},{"damage_healed":0,"gold_gain":0,"player_choice":"Take Wound","damage_taken":0,"relics_obtained":["Golden Idol"],"max_hp_gain":0,"max_hp_loss":0,"event_name":"Golden Idol","floor":11,"gold_loss":0,"cards_obtained":["Injury"]},{"damage_healed":0,"gold_gain":0,"player_choice":"Trade","damage_taken":0,"relics_obtained":["SsserpentHead"],"max_hp_gain":0,"max_hp_loss":0,"event_name":"FaceTrader","floor":12,"gold_loss":0}],"is_beta":false,"boss_relics":[],"items_purged_floors":[],"is_endless":false,"potions_floor_spawned":[1,6,8,13],"killed_by":"The Guardian","ascension_level":4}}