{"host":"bydnmyvf669xu6ab","time":1611252076,"event":{"mods":["BaseMod","BetterRewards","Colored Map","Highlight Path","Minty Spire (QoL Compilation)","Poor People Problems","Rare Cards Sparkle","Relic Stats","Shop Mod","Spikes Relics","StSLib","SuperFastMode"],"gold_per_floor":[118,64,82,82,100,100,132,143,143,143,0,17,17,17,17,115,115,129,141,155,10,26,26,26,59,59,85,99,99,99,111,111,206,206,221,221,66,77,77,77,109,126,202,219,219,46,46,46],"floor_reached":47,"language":"ENG","playtime":3173,"items_purged":[],"score":727,"play_id":"db74428f-d47b-45a2-893a-ff27bbaf4328","local_time":"20210121100116","is_ascension_mode":true,"campfire_choices":[{"data":"Armaments","floor":6,"key":"SMITH"},{"data":"Spot Weakness","floor":10,"key":"SMITH"},{"data":"Bash","floor":13,"key":"SMITH"},{"data":"Shrug It Off","floor":15,"key":"SMITH"},{"data":"Limit Break","floor":23,"key":"SMITH"},{"floor":29,"key":"REST"},{"data":"Armaments","floor":32,"key":"SMITH"},{"floor":40,"key":"RECALL"},{"data":"True Grit","floor":45,"key":"SMITH"}],"circlet_count":0,"master_deck":["Defend_R+1","Defend_R","Defend_R","Defend_R+1","Bash+1","Panacea","Shrug It Off+1","Spot Weakness+1","Battle Trance","Headbutt","Headbutt","Armaments+1","Twin Strike","Metallicize","Power Through","Pummel","Limit Break+1","Shrug It Off+1","Inflame","Pommel Strike","Armaments+1","Flame Barrier","Demon Form","Bite","Bite","Bite","Bite","Bite","True Grit+1","Juggernaut","Dual Wield","Madness","Madness","Pommel Strike+1","Pummel+1","Hatred","Body Slam"],"relics":["Black Blood","SpikesRelics:DaevaFist","RoseTintedShades","Sling","Lantern","Ancient Tea Set","Chemical X","RollingBoulder","SpikesRelics:ToyHorsey","Nunchaku","War Paint","Cursed Key","Vajra","Kunai","Paper Frog","PreservedInsect"],"acts_visited":["Exordium","TheCity","TheBeyond"],"potions_floor_usage":[16,28,41,42,42],"damage_taken":[{"damage":0,"enemies":"Cultist","floor":1,"turns":3},{"damage":5,"enemies":"Small Slimes","floor":3,"turns":4},{"damage":7,"enemies":"Jaw Worm","floor":5,"turns":3},{"damage":12,"enemies":"3 Sentries","floor":7,"turns":8},{"damage":0,"enemies":"Exordium Wildlife","floor":8,"turns":3},{"damage":0,"enemies":"Lots of Slimes","floor":12,"turns":4},{"damage":13,"enemies":"The Guardian","floor":16,"turns":10},{"damage":20,"enemies":"Chosen","floor":18,"turns":6},{"damage":19,"enemies":"2 Thieves","floor":19,"turns":3},{"damage":12,"enemies":"Centurion and Healer","floor":20,"turns":8},{"damage":7,"enemies":"Snake Plant","floor":22,"turns":5},{"damage":14,"enemies":"Book of Stabbing","floor":25,"turns":5},{"damage":15,"enemies":"Slavers","floor":27,"turns":7},{"damage":47,"enemies":"3 Cultists","floor":28,"turns":8},{"damage":14,"enemies":"Snecko","floor":31,"turns":6},{"damage":13,"enemies":"Champ","floor":33,"turns":12},{"damage":0,"enemies":"3 Shapes","floor":35,"turns":5},{"damage":13,"enemies":"3 Darklings","floor":38,"turns":5},{"damage":1,"enemies":"Reptomancer","floor":41,"turns":4},{"damage":8,"enemies":"Spire Growth","floor":42,"turns":6},{"damage":17,"enemies":"Transient","floor":44,"turns":5},{"damage":59,"enemies":"3 Darklings","floor":47,"turns":3}],"seed_played":"-6163168359990697137","potions_obtained":[{"floor":7,"key":"EssenceOfSteel"},{"floor":8,"key":"SpeedPotion"},{"floor":18,"key":"GamblersBrew"},{"floor":20,"key":"HeartOfIron"},{"floor":28,"key":"EssenceOfSteel"},{"floor":36,"key":"BlessingOfTheForge"}],"is_trial":false,"path_per_floor":["M","$","M","?","M","R","E","M","T","R","$","M","R","$","R","B",null,"M","M","M","$","M","R","?","E","T","E","M","R","?","M","R","B",null,"M","?","$","M","?","R","E","M","T","M","R","$","M"],"character_chosen":"IRONCLAD","items_purchased":["Panacea","Shrug It Off","Spot Weakness","SpikesRelics:DaevaFist","RoseTintedShades","Battle Trance","Sling","Headbutt","Armaments","Chemical X","RollingBoulder","Vajra","PreservedInsect","Body Slam"],"campfire_rested":1,"item_purchase_floors":[0,0,0,0,0,0,0,0,2,11,21,37,46,46],"current_hp_per_floor":[50,50,51,51,50,50,44,50,50,50,50,56,56,56,56,49,80,72,65,65,65,70,70,70,68,68,65,30,54,54,56,56,56,56,56,56,56,56,49,49,56,56,56,56,56,56,0,0],"gold":46,"neow_bonus":"","is_daily":false,"chose_seed":false,"campfire_upgraded":7,"win_rate":0.0,"timestamp":1611252076,"path_taken":["M","?","M","?","?","R","E","M","T","R","$","M","R","?","R","BOSS","M","M","M","$","M","R","?","E","T","E","M","R","?","M","R","BOSS","M","?","$","?","?","R","E","M","T","M","R","$","M"],"items_purchased_type":["Card","Card","Card","Relic","Relic","Card","Relic","Card","Card","Relic","Relic","Relic","Relic","Card"],"build_version":"2020-12-22","purchased_purges":0,"victory":false,"max_hp_per_floor":[80,80,80,80,80,80,80,80,80,80,80,80,80,80,80,80,80,80,80,80,80,80,80,80,80,80,80,80,80,56,56,56,56,56,56,56,56,56,56,56,56,56,56,56,56,56,56,56],"relic_stats":{"Nunchaku":[8],"counters":[401,2030],"Black Blood":2271,"PreservedInsect":0,"Chemical X":[1],"Kunai":[5],"War Paint":["Defend_R","Defend_R"],"Cursed Key":1,"obtain_stats":[{"infinitespire:BottledMercury":29,"Ginger":10,"Whetstone":26,"Bottled Tornado":6,"Boot":54,"Sling":0,"Blood Vial":20,"ZombieTooth":53,"Sundial":24,"MealTicket":41,"infinitespire:Golems Mask":25,"Fusion Hammer":17,"HandDrill":0,"Necronomicon":22,"Kunai":0,"MerchantsRug":8,"Pear":4,"GiantMaggot":9,"Blue Candle":41,"Velvet Choker":17,"Eternal Feather":44,"Pen Nib":8,"SlaversCollar":17,"infinitespire:Lychee Nut":26,"Bird Faced Urn":23,"MutagenicStrength":20,"Pandora\u0027s Box":17,"Mark of Pain":17,"infinitespire:PuzzleCube":26,"Unceasing Top":14,"Regal Pillow":0,"Lantern":28,"Torii":27,"Magic Flower":48,"RoseTintedShades":7,"Bag of Preparation":0,"HeavenlyBonsai":24,"Cursed Key":34,"Ancient Tea Set":19,"Smiling Mask":30,"Burning Blood":0,"Matryoshka":0,"Toolbox":24,"Chemical X":0,"InkBottle":0,"Paper Frog":42,"Potion Belt":38,"Lee\u0027s Waffle":24,"Self Forming Clay":12,"Golden Idol":3,"Thread and Needle":39,"infinitespire:Joker Card":8,"PreservedInsect":0,"The Courier":23,"Omamori":12,"infinitespire:CheckeredPen":9,"infinitespire:Lucky Rock":9,"Frozen Egg 2":9,"MawBank":7,"Busted Crown":34,"ExplosiveVial":0,"SpikesRelics:DaevaFist":7,"Art of War":11,"Bottled Lightning":43,"Toy Ornithopter":23,"infinitespire:Midas Blood":13,"ShockBauble":19,"Calipers":0,"Tiny House":17,"Nilry\u0027s Codex":30,"Vajra":26,"Sozu":17,"Lizard Tail":28,"Centennial Puzzle":30,"HornCleat":26,"SpikesRelics:ToyHorsey":24,"DollysMirror":28,"Strawberry":31,"Prayer Wheel":0,"Philosopher\u0027s Stone":17,"Toxic Egg 2":0,"LugNut":2,"Girya":39,"Happy Flower":23,"Dead Branch":0,"Oddly Smooth Stone":0,"Letter Opener":0,"War Paint":0,"Question Card":11,"Bottled Flame":41,"Shuriken":19,"Bronze Scales":22,"Molten Egg 2":0,"Black Star":17,"CosmicIsotope":17,"CrustySpines":54,"Meat on the Bone":0,"Darkstone Periapt":11,"SnailShell":43,"Black Blood":34,"BrokenLever":12,"Mango":28,"Incense Burner":38,"Juzu Bracelet":0,"PrismaticShard":0,"ClockworkSouvenir":20,"HailfireSword":17,"Nunchaku":7,"Dream Catcher":13,"Mummified Hand":0,"Gambling Chip":40,"Pantograph":0,"MiniBlackHole":8,"RollingBoulder":13,"Tiny Chest":6,"Red Mask":42,"Red Skull":10,"Runic Pyramid":17,"infinitespire:FocusingShard":43,"Orichalcum":14,"Odd Mushroom":7,"White Beast Statue":14,"Mercury Hourglass":10,"Sandwich":34,"CaptainsWheel":29,"Anchor":20,"infinitespire:WardingShard":46,"infinitespire:Satchel":44,"GolemAmulet":46,"Bag of Marbles":26,"Membership Card":0},{"infinitespire:BottledMercury":100,"Ginger":31,"Whetstone":201,"Bottled Tornado":191,"Boot":82,"Sling":379,"Blood Vial":115,"ZombieTooth":268,"Sundial":159,"MealTicket":57,"infinitespire:Golems Mask":71,"Fusion Hammer":9,"HandDrill":312,"Necronomicon":363,"Kunai":83,"MerchantsRug":5,"Pear":297,"GiantMaggot":167,"Blue Candle":77,"Velvet Choker":91,"Eternal Feather":184,"Pen Nib":5,"SlaversCollar":330,"infinitespire:Lychee Nut":15,"Bird Faced Urn":13,"MutagenicStrength":139,"Pandora\u0027s Box":114,"Mark of Pain":46,"infinitespire:PuzzleCube":49,"Unceasing Top":126,"Regal Pillow":83,"Lantern":142,"Torii":201,"Magic Flower":267,"RoseTintedShades":338,"Bag of Preparation":83,"HeavenlyBonsai":37,"Cursed Key":53,"Ancient Tea Set":303,"Smiling Mask":306,"Burning Blood":0,"Matryoshka":61,"Toolbox":229,"Chemical X":61,"InkBottle":83,"Paper Frog":57,"Potion Belt":21,"Lee\u0027s Waffle":281,"Self Forming Clay":194,"Golden Idol":219,"Thread and Needle":56,"infinitespire:Joker Card":42,"PreservedInsect":83,"The Courier":255,"Omamori":6,"infinitespire:CheckeredPen":30,"infinitespire:Lucky Rock":87,"Frozen Egg 2":275,"MawBank":328,"Busted Crown":73,"ExplosiveVial":270,"SpikesRelics:DaevaFist":42,"Art of War":44,"Bottled Lightning":210,"Toy Ornithopter":70,"infinitespire:Midas Blood":90,"ShockBauble":251,"Calipers":270,"Tiny House":318,"Nilry\u0027s Codex":100,"Vajra":142,"Sozu":68,"Lizard Tail":160,"Centennial Puzzle":232,"HornCleat":71,"SpikesRelics:ToyHorsey":390,"DollysMirror":50,"Strawberry":52,"Prayer Wheel":130,"Philosopher\u0027s Stone":195,"Toxic Egg 2":0,"LugNut":28,"Girya":311,"Happy Flower":96,"Dead Branch":0,"Oddly Smooth Stone":312,"Letter Opener":27,"War Paint":0,"Question Card":111,"Bottled Flame":183,"Shuriken":10,"Bronze Scales":69,"Molten Egg 2":61,"Black Star":138,"CosmicIsotope":226,"CrustySpines":378,"Meat on the Bone":295,"Darkstone Periapt":31,"SnailShell":25,"Black Blood":19,"BrokenLever":65,"Mango":283,"Incense Burner":56,"Juzu Bracelet":147,"PrismaticShard":27,"ClockworkSouvenir":35,"HailfireSword":33,"Nunchaku":134,"Dream Catcher":224,"Mummified Hand":211,"Gambling Chip":23,"Pantograph":27,"MiniBlackHole":216,"RollingBoulder":66,"Tiny Chest":315,"Red Mask":77,"Red Skull":135,"Runic Pyramid":277,"infinitespire:FocusingShard":77,"Orichalcum":170,"Odd Mushroom":245,"White Beast Statue":217,"Mercury Hourglass":124,"Sandwich":102,"CaptainsWheel":161,"Anchor":362,"infinitespire:WardingShard":26,"infinitespire:Satchel":78,"GolemAmulet":79,"Bag of Marbles":175,"Membership Card":0},{"infinitespire:BottledMercury":388,"Ginger":129,"Whetstone":908,"Bottled Tornado":850,"Boot":332,"Sling":1907,"Blood Vial":461,"ZombieTooth":1299,"Sundial":700,"MealTicket":249,"infinitespire:Golems Mask":296,"Fusion Hammer":34,"HandDrill":1590,"Necronomicon":1849,"Kunai":340,"MerchantsRug":17,"Pear":1505,"GiantMaggot":733,"Blue Candle":313,"Velvet Choker":365,"Eternal Feather":813,"Pen Nib":17,"SlaversCollar":1689,"infinitespire:Lychee Nut":54,"Bird Faced Urn":48,"MutagenicStrength":599,"Pandora\u0027s Box":456,"Mark of Pain":199,"infinitespire:PuzzleCube":210,"Unceasing Top":523,"Regal Pillow":340,"Lantern":611,"Torii":908,"Magic Flower":1290,"RoseTintedShades":1721,"Bag of Preparation":340,"HeavenlyBonsai":154,"Cursed Key":231,"Ancient Tea Set":1534,"Smiling Mask":1547,"Burning Blood":0,"Matryoshka":268,"Toolbox":1078,"Chemical X":268,"InkBottle":340,"Paper Frog":249,"Potion Belt":84,"Lee\u0027s Waffle":1394,"Self Forming Clay":862,"Golden Idol":1017,"Thread and Needle":242,"infinitespire:Joker Card":180,"PreservedInsect":340,"The Courier":1226,"Omamori":21,"infinitespire:CheckeredPen":123,"infinitespire:Lucky Rock":351,"Frozen Egg 2":1343,"MawBank":1670,"Busted Crown":304,"ExplosiveVial":1312,"SpikesRelics:DaevaFist":180,"Art of War":188,"Bottled Lightning":965,"Toy Ornithopter":294,"infinitespire:Midas Blood":361,"ShockBauble":1208,"Calipers":1312,"Tiny House":1623,"Nilry\u0027s Codex":388,"Vajra":611,"Sozu":289,"Lizard Tail":701,"Centennial Puzzle":1109,"HornCleat":296,"SpikesRelics:ToyHorsey":1964,"DollysMirror":215,"Strawberry":223,"Prayer Wheel":549,"Philosopher\u0027s Stone":869,"Toxic Egg 2":0,"LugNut":114,"Girya":1582,"Happy Flower":376,"Dead Branch":0,"Oddly Smooth Stone":1590,"Letter Opener":111,"War Paint":0,"Question Card":439,"Bottled Flame":810,"Shuriken":36,"Bronze Scales":290,"Molten Egg 2":268,"Black Star":592,"CosmicIsotope":1056,"CrustySpines":1902,"Meat on the Bone":1498,"Darkstone Periapt":129,"SnailShell":102,"Black Blood":75,"BrokenLever":278,"Mango":1408,"Incense Burner":242,"Juzu Bracelet":650,"PrismaticShard":111,"ClockworkSouvenir":146,"HailfireSword":139,"Nunchaku":570,"Dream Catcher":1041,"Mummified Hand":970,"Gambling Chip":93,"Pantograph":111,"MiniBlackHole":997,"RollingBoulder":281,"Tiny Chest":1605,"Red Mask":313,"Red Skull":575,"Runic Pyramid":1363,"infinitespire:FocusingShard":313,"Orichalcum":748,"Odd Mushroom":1180,"White Beast Statue":1004,"Mercury Hourglass":514,"Sandwich":401,"CaptainsWheel":709,"Anchor":1845,"infinitespire:WardingShard":107,"infinitespire:Satchel":318,"GolemAmulet":321,"Bag of Marbles":775,"Membership Card":0}]},"card_choices":[{"not_picked":["Seeing Red","Intimidate"],"picked":"Headbutt","floor":1},{"not_picked":["Inflame","Burning Pact"],"picked":"Twin Strike","floor":3},{"not_picked":["Disarm","Infernal Blade"],"picked":"Metallicize","floor":5},{"not_picked":["Havoc","Evolve"],"picked":"Power Through","floor":7},{"not_picked":["Clash","Thunderclap","Hemokinesis"],"picked":"SKIP","floor":8},{"not_picked":["Hemokinesis","Wild Strike"],"picked":"Pummel","floor":12},{"not_picked":["Fiend Fire","Juggernaut"],"picked":"Limit Break","floor":16},{"not_picked":["Headbutt","Pummel"],"picked":"Shrug It Off+1","floor":18},{"not_picked":["Clash","Wild Strike","Havoc+1"],"picked":"SKIP","floor":19},{"not_picked":["Wild Strike+1","Uppercut"],"picked":"Inflame","floor":20},{"not_picked":["True Grit","Clothesline"],"picked":"Pommel Strike","floor":22},{"not_picked":["Dark Embrace","Anger"],"picked":"Armaments","floor":25},{"not_picked":["Evolve","Shrug It Off"],"picked":"Flame Barrier","floor":27},{"not_picked":["Armaments","Sword Boomerang"],"picked":"Demon Form","floor":28},{"not_picked":["Wild Strike","Cleave"],"picked":"True Grit","floor":31},{"not_picked":["Immolate","Brutality"],"picked":"Juggernaut","floor":33},{"not_picked":["Anger","Perfected Strike+1"],"picked":"Dual Wield","floor":35},{"not_picked":["Havoc+1","Armaments","Twin Strike"],"picked":"SKIP","floor":38},{"not_picked":["Clash+1","Flex"],"picked":"Pommel Strike+1","floor":41},{"not_picked":["Perfected Strike+1","Armaments+1"],"picked":"Pummel+1","floor":42},{"not_picked":["Reckless Charge+1","Perfected Strike+1","Bludgeon"],"picked":"SKIP","floor":44}],"player_experience":2281477,"relics_obtained":[{"floor":7,"key":"Lantern"},{"floor":9,"key":"Ancient Tea Set"},{"floor":25,"key":"Nunchaku"},{"floor":27,"key":"War Paint"},{"floor":41,"key":"Kunai"},{"floor":43,"key":"Paper Frog"}],"event_choices":[{"damage_healed":0,"gold_gain":0,"player_choice":"Ignored","damage_taken":0,"max_hp_gain":0,"max_hp_loss":0,"event_name":"NoteForYourself","floor":4,"gold_loss":0},{"damage_healed":0,"gold_gain":0,"player_choice":"Opened","damage_taken":0,"relics_obtained":["SpikesRelics:ToyHorsey"],"max_hp_gain":0,"max_hp_loss":0,"event_name":"The Mausoleum","floor":24,"gold_loss":0},{"damage_healed":0,"gold_gain":0,"player_choice":"Became a vampire","damage_taken":0,"max_hp_gain":0,"max_hp_loss":24,"event_name":"Vampires","floor":30,"gold_loss":0,"cards_obtained":["Bite","Bite","Bite","Bite","Bite"]},{"damage_healed":0,"gold_gain":0,"player_choice":"Got Potions","damage_taken":0,"max_hp_gain":0,"max_hp_loss":0,"event_name":"Lab","floor":36,"gold_loss":0},{"damage_healed":0,"gold_gain":0,"player_choice":"Embrace Madness","damage_taken":7,"max_hp_gain":0,"max_hp_loss":0,"event_name":"Winding Halls","floor":39,"gold_loss":0,"cards_obtained":["Madness","Madness"]}],"is_beta":false,"boss_relics":[{"not_picked":["Runic Cube","Pandora\u0027s Box"],"picked":"Black Blood"},{"not_picked":["Sandwich","HailfireSword"],"picked":"Cursed Key"}],"items_purged_floors":[],"is_endless":false,"potions_floor_spawned":[7,8,18,20,27,28,33,38],"killed_by":"3 Darklings","ascension_level":1}}