{"host":"8by3m8mve9y2rhh4","time":1611269362,"event":{"mods":["BaseMod","Minty Spire (QoL Compilation)","Quick Restart"],"gold_per_floor":[119,119,119,135,135,164,175,210,210,244,214,224,224,241,241,337,337,356,321,337,337,337,368,388,388,411,428,6,35,51,150,150,251,251,262,274,14,14,0,32,32,51,75,75,95,125,88,119,119,119,119,119,21,47,47],"floor_reached":56,"language":"ENG","playtime":3455,"items_purged":["Strike_G"],"score":1476,"play_id":"a8498481-f468-4568-93e0-afc77cb170b3","local_time":"20210121224922","is_ascension_mode":true,"campfire_choices":[{"floor":13,"key":"REST"},{"floor":15,"key":"REST"},{"floor":25,"key":"REST"},{"floor":32,"key":"RECALL"},{"floor":41,"key":"REST"},{"floor":44,"key":"REST"},{"floor":49,"key":"REST"},{"floor":52,"key":"DIG"}],"circlet_count":0,"master_deck":["Strike_G","Strike_G","Defend_G","Defend_G","Defend_G+1","Defend_G","Defend_G+1","Survivor","Neutralize","Caltrops","Dodge and Roll","Flying Knee","Quick Slash","Blade Dance","After Image","Dodge and Roll","Accuracy","Poisoned Stab","Accuracy","Well Laid Plans","Quick Slash","Tools of the Trade","Corpse Explosion","Prepared+1","Dash","Apotheosis","Parasite","Riddle With Holes","Footwork","Dodge and Roll","Dodge and Roll+1"],"relics":["Busted Crown","Ornamental Fan","Mummified Hand","Kunai","Bag of Marbles","Fusion Hammer","Regal Pillow","Pocketwatch","War Paint","Lizard Tail","Calipers","SacredBark","Red Mask","Shovel","Pear","Orichalcum","Ninja Scroll","Oddly Smooth Stone"],"acts_visited":["Exordium","TheCity","TheBeyond","TheEnding"],"potions_floor_usage":[6,10,10,16,24,30,33,50,55],"damage_taken":[{"damage":2,"enemies":"Small Slimes","floor":1,"turns":5},{"damage":1,"enemies":"Cultist","floor":4,"turns":4},{"damage":33,"enemies":"Gremlin Nob","floor":6,"turns":6},{"damage":0,"enemies":"Jaw Worm","floor":7,"turns":7},{"damage":19,"enemies":"3 Sentries","floor":8,"turns":14},{"damage":0,"enemies":"Lagavulin","floor":10,"turns":15},{"damage":0,"enemies":"Looter","floor":11,"turns":4},{"damage":3,"enemies":"Red Slaver","floor":12,"turns":3},{"damage":6,"enemies":"2 Fungi Beasts","floor":14,"turns":4},{"damage":26,"enemies":"Hexaghost","floor":16,"turns":11},{"damage":0,"enemies":"Spheric Guardian","floor":18,"turns":5},{"damage":2,"enemies":"2 Thieves","floor":19,"turns":5},{"damage":5,"enemies":"Snecko","floor":20,"turns":7},{"damage":0,"enemies":"Book of Stabbing","floor":23,"turns":7},{"damage":3,"enemies":"3 Cultists","floor":24,"turns":6},{"damage":0,"enemies":"Centurion and Healer","floor":27,"turns":6},{"damage":2,"enemies":"Gremlin Leader","floor":29,"turns":9},{"damage":0,"enemies":"Snake Plant","floor":30,"turns":4},{"damage":0,"enemies":"Collector","floor":33,"turns":20},{"damage":43,"enemies":"3 Darklings","floor":35,"turns":5},{"damage":0,"enemies":"Orb Walker","floor":36,"turns":4},{"damage":11,"enemies":"Nemesis","floor":40,"turns":7},{"damage":24,"enemies":"Writhing Mass","floor":42,"turns":9},{"damage":3,"enemies":"Maw","floor":45,"turns":9},{"damage":12,"enemies":"Reptomancer","floor":46,"turns":7},{"damage":0,"enemies":"Giant Head","floor":48,"turns":10},{"damage":9,"enemies":"Awakened One","floor":50,"turns":15},{"damage":59,"enemies":"Shield and Spear","floor":54,"turns":8},{"damage":99,"enemies":"The Heart","floor":55,"turns":16}],"seed_played":"-1242641759994491765","potions_obtained":[{"floor":1,"key":"ColorlessPotion"},{"floor":4,"key":"EssenceOfSteel"},{"floor":7,"key":"FearPotion"},{"floor":10,"key":"SmokeBomb"},{"floor":14,"key":"AttackPotion"},{"floor":20,"key":"Strength Potion"},{"floor":27,"key":"Ancient Potion"},{"floor":29,"key":"DistilledChaos"},{"floor":30,"key":"CunningPotion"},{"floor":35,"key":"Dexterity Potion"},{"floor":46,"key":"DuplicationPotion"}],"is_trial":false,"path_per_floor":["M","?","?","M","?","E","M","E","T","E","M","M","R","M","R","B",null,"M","M","M","?","?","E","M","R","T","M","$","E","M","?","R","B",null,"M","M","$","?","?","E","R","M","T","R","M","E","$","E","R","B",null,"R","$","E","B",null],"character_chosen":"THE_SILENT","items_purchased":["Lizard Tail","Well Laid Plans","Quick Slash","Apotheosis","Footwork","FairyPotion"],"campfire_rested":6,"item_purchase_floors":[28,28,28,37,47,53],"current_hp_per_floor":[68,68,61,60,70,37,37,18,18,18,18,15,36,30,51,25,70,70,68,63,50,50,50,47,75,75,75,75,73,73,73,73,73,75,32,32,32,32,32,21,57,33,33,69,66,64,64,64,81,72,81,81,81,22,40],"gold":47,"neow_bonus":"BOSS_RELIC","is_daily":false,"chose_seed":false,"campfire_upgraded":0,"win_rate":0.0,"timestamp":1611269362,"path_taken":["M","?","?","M","?","E","M","E","T","E","M","M","R","?","R","BOSS","M","M","M","?","?","E","M","R","T","M","$","E","?","?","R","BOSS","M","M","$","?","?","E","R","M","T","R","M","E","$","E","R","BOSS","R","$","E","BOSS"],"items_purchased_type":["Relic","Card","Card","Card","Card","Potion"],"build_version":"2020-12-22","purchased_purges":1,"victory":true,"max_hp_per_floor":[70,70,70,70,70,70,70,70,70,70,70,70,70,70,70,70,70,70,70,70,75,75,75,75,75,75,75,75,75,75,75,75,75,75,75,75,75,71,71,71,71,71,71,71,71,81,81,81,81,81,81,81,81,81,81],"card_choices":[{"not_picked":[],"picked":"Caltrops","floor":1},{"not_picked":["Eviscerate"],"picked":"SKIP","floor":4},{"not_picked":["PiercingWail"],"picked":"SKIP","floor":6},{"not_picked":["Underhanded Strike"],"picked":"SKIP","floor":7},{"not_picked":[],"picked":"Dodge and Roll","floor":8},{"not_picked":[],"picked":"Flying Knee","floor":10},{"not_picked":[],"picked":"Quick Slash","floor":11},{"not_picked":["Catalyst"],"picked":"SKIP","floor":12},{"not_picked":[],"picked":"Blade Dance","floor":14},{"not_picked":[],"picked":"After Image","floor":16},{"not_picked":[],"picked":"Dodge and Roll","floor":18},{"not_picked":[],"picked":"Accuracy","floor":19},{"not_picked":["Expertise"],"picked":"SKIP","floor":20},{"not_picked":["Finisher"],"picked":"SKIP","floor":23},{"not_picked":[],"picked":"Poisoned Stab","floor":24},{"not_picked":[],"picked":"Accuracy","floor":27},{"not_picked":[],"picked":"Tools of the Trade","floor":29},{"not_picked":["Concentrate"],"picked":"SKIP","floor":30},{"not_picked":[],"picked":"Corpse Explosion","floor":33},{"not_picked":[],"picked":"Prepared+1","floor":35},{"not_picked":[],"picked":"Dash","floor":36},{"not_picked":["All Out Attack+1"],"picked":"SKIP","floor":40},{"not_picked":["Quick Slash+1"],"picked":"SKIP","floor":42},{"not_picked":[],"picked":"Riddle With Holes","floor":45},{"not_picked":["Bane"],"picked":"SKIP","floor":46},{"not_picked":[],"picked":"Dodge and Roll","floor":48},{"not_picked":[],"picked":"Dodge and Roll+1","floor":54}],"player_experience":717049,"relics_obtained":[{"floor":6,"key":"Ornamental Fan"},{"floor":8,"key":"Mummified Hand"},{"floor":9,"key":"Kunai"},{"floor":10,"key":"Bag of Marbles"},{"floor":22,"key":"Regal Pillow"},{"floor":23,"key":"Pocketwatch"},{"floor":26,"key":"War Paint"},{"floor":29,"key":"Calipers"},{"floor":40,"key":"Shovel"},{"floor":46,"key":"Pear"},{"floor":48,"key":"Orichalcum"},{"floor":52,"key":"Ninja Scroll"},{"floor":54,"key":"Oddly Smooth Stone"}],"event_choices":[{"damage_healed":0,"gold_gain":0,"cards_transformed":["Strike_G"],"player_choice":"Change","damage_taken":0,"max_hp_gain":0,"max_hp_loss":0,"event_name":"Living Wall","floor":2,"gold_loss":0,"cards_obtained":["Expertise"]},{"cards_removed":["Strike_G"],"damage_healed":0,"gold_gain":0,"player_choice":"Card Removal","damage_taken":7,"max_hp_gain":0,"max_hp_loss":0,"event_name":"Golden Wing","floor":3,"gold_loss":0},{"cards_removed":["Expertise"],"damage_healed":10,"gold_gain":0,"player_choice":"Offered Uncommon","damage_taken":0,"max_hp_gain":0,"max_hp_loss":0,"event_name":"Bonfire Elementals","floor":5,"gold_loss":0},{"damage_healed":0,"gold_gain":0,"player_choice":"Shed Blood","damage_taken":18,"max_hp_gain":5,"max_hp_loss":0,"event_name":"Forgotten Altar","floor":21,"gold_loss":0},{"damage_healed":0,"gold_gain":0,"player_choice":"Relic","damage_taken":0,"max_hp_gain":0,"max_hp_loss":0,"event_name":"Wheel of Change","floor":22,"gold_loss":0},{"damage_healed":0,"gold_gain":99,"player_choice":"Stole From Cult","damage_taken":0,"max_hp_gain":0,"max_hp_loss":0,"event_name":"Nest","floor":31,"gold_loss":0},{"damage_healed":0,"gold_gain":0,"player_choice":"Max HP","damage_taken":0,"max_hp_gain":0,"max_hp_loss":4,"event_name":"Winding Halls","floor":38,"gold_loss":0},{"damage_healed":0,"gold_gain":0,"player_choice":"Paid","damage_taken":0,"relics_obtained":["Red Mask"],"max_hp_gain":0,"max_hp_loss":0,"event_name":"Tomb of Lord Red Mask","floor":39,"gold_loss":14}],"is_beta":false,"boss_relics":[{"not_picked":["Runic Pyramid","HoveringKite"],"picked":"Fusion Hammer"},{"not_picked":["Sozu","Cursed Key"],"picked":"SacredBark"}],"items_purged_floors":[37],"is_endless":false,"potions_floor_spawned":[1,4,7,10,14,20,27,29,30,35,45,46,54],"ascension_level":1}}