{"host":"5jzx1090woovszu4","time":1611262138,"event":{"mods":["BaseMod","Minty Spire (QoL Compilation)","Shade Mod","Spicy Shops","StSLib","The Servant 0.9.4"],"gold_per_floor":[113,113,131,131,145,145,178,196,251,290,290,290,303,336,336,460,460,474,474,490,490,513,549,549,588,588,627,627,627,654,259,259,354,354,374,374,374],"floor_reached":38,"language":"ENG","playtime":1946,"items_purged":["DoubleEdge+1"],"score":937,"play_id":"5f60cf1a-6829-4bcc-a3d5-538ac42c406d","local_time":"20210121214858","daily_mods":["Draft","Allstar","Elite Swarm"],"is_ascension_mode":true,"campfire_choices":[{"floor":6,"key":"REST"},{"data":"SilverBlades","floor":11,"key":"SMITH"},{"floor":15,"key":"REST"},{"data":"Contraction","floor":24,"key":"SMITH"},{"data":"FloweringNight","floor":29,"key":"SMITH"},{"data":"KillingDoll","floor":32,"key":"SMITH"}],"circlet_count":0,"master_deck":["Contraction+1","Luminosity","Rearm","Potential","SilverBlades+1","BottledTime","Alleviate","Starlight","Starlight","Ricochet","Ricochet+1","BottledTime","ShatteredReality","TimeWarp","BottledTime","KillingDoll+1","FloweringNight+1","BottledTime","SoulSculpture","Solidify+1","Rewind+1","Dilation+1","TheWorld+1","SilverBlades+1","FastForward+1","KillingDoll"],"relics":["Uniform","Bloody Idol","Pantograph","PreservedInsect","Lantern","Toxic Egg 2","Runic Pyramid","Oddly Smooth Stone","Meat on the Bone","Tiny Chest","Broom","Bag of Marbles","DollysMirror","Art of War","SlaversCollar"],"acts_visited":["Exordium","TheCity","TheBeyond"],"potions_floor_usage":[7,13,20,25,25,30,37],"damage_taken":[{"damage":0,"enemies":"Small Slimes","floor":1,"turns":2},{"damage":7,"enemies":"Jaw Worm","floor":3,"turns":3},{"damage":0,"enemies":"2 Louse","floor":5,"turns":2},{"damage":18,"enemies":"Gremlin Nob","floor":7,"turns":3},{"damage":12,"enemies":"2 Fungi Beasts","floor":8,"turns":2},{"damage":0,"enemies":"Lagavulin","floor":10,"turns":4},{"damage":0,"enemies":"Gremlin Gang","floor":13,"turns":1},{"damage":0,"enemies":"Gremlin Nob","floor":14,"turns":2},{"damage":19,"enemies":"The Guardian","floor":16,"turns":4},{"damage":6,"enemies":"Chosen","floor":18,"turns":2},{"damage":13,"enemies":"2 Thieves","floor":20,"turns":3},{"damage":6,"enemies":"Cultist and Chosen","floor":22,"turns":3},{"damage":0,"enemies":"Book of Stabbing","floor":23,"turns":2},{"damage":15,"enemies":"Slavers","floor":25,"turns":2},{"damage":0,"enemies":"Gremlin Leader","floor":27,"turns":3},{"damage":3,"enemies":"Slavers","floor":30,"turns":3},{"damage":20,"enemies":"Collector","floor":33,"turns":6},{"damage":0,"enemies":"Orb Walker","floor":35,"turns":2},{"damage":26,"enemies":"Time Eater","floor":37,"turns":5}],"seed_played":"6295098078391656597","potions_obtained":[{"floor":1,"key":"Weak Potion"},{"floor":7,"key":"ColorlessPotion"},{"floor":8,"key":"Weak Potion"},{"floor":14,"key":"SkillPotion"},{"floor":22,"key":"BlessingOfTheForge"},{"floor":23,"key":"Regen Potion"},{"floor":27,"key":"Swift Potion"}],"is_trial":true,"path_per_floor":["M","?","M","?","M","R","E","M","T","E","R","?","M","E","R","B",null,"M","?","M","?","M","E","R","E","T","E","?","R","E","$","R","B",null,"M","?","B",null],"character_chosen":"THE_SERVANT","items_purchased":["DollysMirror","FastForward+1","Art of War"],"campfire_rested":2,"item_purchase_floors":[31,31,31],"current_hp_per_floor":[65,65,58,42,42,61,43,31,31,31,31,18,18,18,37,43,65,59,59,46,46,40,40,40,30,30,42,42,42,44,44,44,50,65,65,65,39],"gold":374,"neow_bonus":"","is_daily":false,"chose_seed":false,"campfire_upgraded":4,"win_rate":0.0,"timestamp":1611262138,"path_taken":["M","?","M","?","M","R","E","M","T","E","R","?","?","E","R","BOSS","M","?","M","?","M","E","R","E","T","E","?","R","E","$","R","BOSS","M","?","BOSS"],"items_purchased_type":["Relic","Card","Relic"],"build_version":"2020-12-22","purchased_purges":1,"victory":true,"max_hp_per_floor":[65,65,65,65,65,65,65,65,65,65,65,65,65,65,65,65,65,65,65,65,65,65,65,65,65,65,65,65,65,65,65,65,65,65,65,65,65],"card_choices":[{"not_picked":["Hightail","DoubleEdge"],"picked":"Contraction","floor":0},{"not_picked":["Rearm","FastForward"],"picked":"Luminosity","floor":0},{"not_picked":["Shuttle","Defy"],"picked":"Rearm","floor":0},{"not_picked":["Replace","Rewind"],"picked":"Potential","floor":0},{"not_picked":["DancingSilver","Potential"],"picked":"SilverBlades","floor":0},{"not_picked":["Unruled","Rewind"],"picked":"BottledTime","floor":0},{"not_picked":["RealityMarble","Desolation"],"picked":"Alleviate","floor":0},{"not_picked":["Alleviate","RealityMarble"],"picked":"Starlight","floor":0},{"not_picked":["TimeWarp","WasteNot"],"picked":"Starlight","floor":0},{"not_picked":["Revamp","FanOfKnives"],"picked":"Ricochet","floor":0},{"not_picked":["Potential","Defy"],"picked":"DoubleEdge","floor":0},{"not_picked":["Replace","MoonPhase"],"picked":"Ricochet","floor":0},{"not_picked":["Rearm","Ricochet"],"picked":"BottledTime","floor":0},{"not_picked":["MoonPhase","Ricochet"],"picked":"ShatteredReality","floor":0},{"not_picked":["Rewind","Gouge"],"picked":"TimeWarp","floor":0},{"not_picked":["Misdirection","Spin","Rearm"],"picked":"SKIP","floor":1},{"not_picked":["Manipulate","Ricochet"],"picked":"BottledTime","floor":3},{"not_picked":["Desolation","Replace"],"picked":"KillingDoll","floor":5},{"not_picked":["Duplication","Sunlight"],"picked":"FloweringNight","floor":7},{"not_picked":["Revamp","Advance"],"picked":"BottledTime","floor":8},{"not_picked":["FloweringNight","TrueSight"],"picked":"SoulSculpture","floor":10},{"not_picked":["Rewind","SpecialFormula","StarChef"],"picked":"SKIP","floor":13},{"not_picked":["Initiator","SilverMatrix"],"picked":"Solidify+1","floor":14},{"not_picked":["DoubleEdge","Spin","Deadline+1"],"picked":"SKIP","floor":18},{"not_picked":["Desolation+1","Deadline+1"],"picked":"Rewind+1","floor":20},{"not_picked":["Spin","Ricochet+1","Replace+1"],"picked":"SKIP","floor":22},{"not_picked":["LightFlow","TrueSight"],"picked":"Dilation+1","floor":23},{"not_picked":["SoulSculpture","Embodiment","MurderousAura"],"picked":"SKIP","floor":25},{"not_picked":["Initiator","Sunlight","Deny+1"],"picked":"SKIP","floor":27},{"not_picked":["MurderousAura","Sunlight"],"picked":"TheWorld+1","floor":30},{"not_picked":["ForgedInTime+1","FlawlessForm"],"picked":"KillingDoll","floor":33},{"not_picked":["Read+1","StarChef","Starlight"],"picked":"SKIP","floor":35}],"player_experience":676736,"relics_obtained":[{"floor":7,"key":"Pantograph"},{"floor":9,"key":"PreservedInsect"},{"floor":10,"key":"Lantern"},{"floor":14,"key":"Toxic Egg 2"},{"floor":23,"key":"Oddly Smooth Stone"},{"floor":25,"key":"Meat on the Bone"},{"floor":26,"key":"Tiny Chest"},{"floor":27,"key":"Broom"},{"floor":30,"key":"Bag of Marbles"}],"event_choices":[{"damage_healed":0,"gold_gain":0,"player_choice":"Leave","damage_taken":0,"max_hp_gain":0,"max_hp_loss":0,"event_name":"The Cleric","floor":2,"gold_loss":0},{"damage_healed":0,"gold_gain":0,"player_choice":"Take Damage","damage_taken":16,"relics_obtained":["Golden Idol"],"max_hp_gain":0,"max_hp_loss":0,"event_name":"Golden Idol","floor":4,"gold_loss":0},{"damage_healed":0,"gold_gain":0,"player_choice":"Entered Light","damage_taken":13,"max_hp_gain":0,"max_hp_loss":0,"event_name":"Shining Light","floor":12,"gold_loss":0,"cards_upgraded":["Ricochet","DoubleEdge"]},{"damage_healed":0,"gold_gain":0,"player_choice":"Ignored","damage_taken":0,"max_hp_gain":0,"max_hp_loss":0,"event_name":"Vampires","floor":19,"gold_loss":0},{"damage_healed":0,"gold_gain":0,"player_choice":"Ignored","damage_taken":0,"max_hp_gain":0,"max_hp_loss":0,"event_name":"Ghosts","floor":21,"gold_loss":0},{"damage_healed":0,"gold_gain":0,"player_choice":"Gave Idol","damage_taken":0,"relics_obtained":["Bloody Idol"],"max_hp_gain":0,"max_hp_loss":0,"event_name":"Forgotten Altar","floor":28,"relics_lost":["Golden Idol"],"gold_loss":0},{"damage_healed":0,"gold_gain":0,"player_choice":"Took Portal","damage_taken":0,"max_hp_gain":0,"max_hp_loss":0,"event_name":"SecretPortal","floor":36,"gold_loss":0}],"is_beta":false,"boss_relics":[{"not_picked":["Runic Dome","Ectoplasm"],"picked":"Runic Pyramid"},{"not_picked":["Busted Crown","Fusion Hammer"],"picked":"SlaversCollar"}],"items_purged_floors":[31],"is_endless":false,"potions_floor_spawned":[1,7,8,14,22,23,27],"ascension_level":4}}