{"host":"bf9sa99gaumonoeu","time":1611239951,"event":{"mods":["AchievementEnabler","Act Like it!","Aspiration","BaseMod","Bestiary","Better Note","Block Reminder","Colored Map","Colored Powertips","Fox Events","Friendly Minions","Gensokyo","GifTheSpireLib","Googly Eyes","Hallownest","Hermit","Highlight Path","Jorbs\u0027s Wanderer Trilogy","KinomotoSakuraMod(????)","Koishi","Marisa????????","Minty Spire (QoL Compilation)","Rare Cards Sparkle","Relic Stats","Spire Arcade","StSLib","The Administrix","The Animator","The Bug Knight","The Construct","The Cursed","The Hierophant","The Mystic","The Necromancer","The Poker Player","The Runesmith","The Senshi","The Servant 0.9.4","ojb\u0027s Info Mod"],"gold_per_floor":[113,129,6,21,32,32,57,73,73,107,123,137,162,178,178,256,256,266,266,285,10,21,53,53,53,53,53,81,441,441,467,467,540,540,550,560,580,594,604,604,637,188,212,222,222,249,274,287,287,287,287,287,287,38,38,38],"floor_reached":55,"language":"ENG","playtime":7107,"items_purged":["Parasite","animator:Curse_Greed"],"score":2002,"play_id":"463e3f47-8dda-43d8-994d-dec1930ae023","local_time":"20210121123911","is_ascension_mode":true,"campfire_choices":[{"data":"Terror","floor":6.0,"key":"SMITH"},{"floor":15.0,"key":"REST"},{"data":"Malaise","floor":24.0,"key":"SMITH"},{"data":"Concentrate","floor":27.0,"key":"SMITH"},{"data":"Cloak And Dagger","floor":30.0,"key":"SMITH"},{"data":"Footwork","floor":32.0,"key":"SMITH"},{"data":"Prepared","floor":40.0,"key":"SMITH"},{"floor":45.0,"key":"REST"},{"floor":49.0,"key":"RECALL"},{"data":"Reflex","floor":53.0,"key":"SMITH"}],"circlet_count":0,"master_deck":["AscendersBane","Survivor","Neutralize","Reflex+1","Underhanded Strike","Deadly Poison","Discovery","Terror+1","Bouncing Flask","Outmaneuver","Blade Dance","Footwork+1","Masterful Stab","Prepared+1","Tactician","Backflip","Malaise+1","Storm of Steel","Leg Sweep","Quick Slash","Flechettes","Prepared","Cloak And Dagger+1","Predator","Concentrate+1","Dodge and Roll","Accuracy","PiercingWail","Deflect","Dodge and Roll","Leg Sweep+1","Envenom","Bane+1","Tactician","Blur+1","Prepared","Acrobatics+1","Blade Dance","Phantasmal Killer","Secret Technique","Deep Breath","Acrobatics","Finisher","Blur","Malaise"],"relics":["Runic Pyramid","Oddly Smooth Stone","TungstenRod","Whetstone","Odd Mushroom","Pandora\u0027s Box","Membership Card","Bronze Scales","Pantograph","Kunai","Tiny Chest","Juzu Bracelet","Cursed Key","Bag of Preparation","Bird Faced Urn","Tingsha","construct:BoolHorns","OrangePellets"],"acts_visited":["Exordium","TheCity","TheBeyond","TheEnding"],"potions_floor_usage":[55],"damage_taken":[{"damage":0.0,"enemies":"Cultist","floor":1.0,"turns":4.0},{"damage":1.0,"enemies":"2 Louse","floor":2.0,"turns":4.0},{"damage":0.0,"enemies":"Jaw Worm","floor":4.0,"turns":4.0},{"damage":0.0,"enemies":"2 Fungi Beasts","floor":5.0,"turns":4.0},{"damage":8.0,"enemies":"Gremlin Nob","floor":7.0,"turns":3.0},{"damage":2.0,"enemies":"Blue Slaver","floor":8.0,"turns":2.0},{"damage":15.0,"enemies":"3 Sentries","floor":10.0,"turns":4.0},{"damage":0.0,"enemies":"Large Slime","floor":11.0,"turns":5.0},{"damage":7.0,"enemies":"3 Louse","floor":12.0,"turns":3.0},{"damage":18.0,"enemies":"The Mushroom Lair","floor":13.0,"turns":4.0},{"damage":8.0,"enemies":"Exordium Thugs","floor":14.0,"turns":5.0},{"damage":1.0,"enemies":"The Guardian","floor":16.0,"turns":9.0},{"damage":30.0,"enemies":"2 Thieves","floor":18.0,"turns":5.0},{"damage":1.0,"enemies":"3 Byrds","floor":20.0,"turns":4.0},{"damage":5.0,"enemies":"Snecko","floor":22.0,"turns":5.0},{"damage":0.0,"enemies":"Book of Stabbing","floor":23.0,"turns":5.0},{"damage":7.0,"enemies":"Slavers","floor":28.0,"turns":6.0},{"damage":11.0,"enemies":"Gremlin Leader","floor":31.0,"turns":8.0},{"damage":9.0,"enemies":"Collector","floor":33.0,"turns":13.0},{"damage":0.0,"enemies":"3 Darklings","floor":35.0,"turns":7.0},{"damage":0.0,"enemies":"Orb Walker","floor":36.0,"turns":3.0},{"damage":13.0,"enemies":"Maw","floor":37.0,"turns":8.0},{"damage":3.0,"enemies":"Writhing Mass","floor":38.0,"turns":8.0},{"damage":0.0,"enemies":"Sphere and 2 Shapes","floor":39.0,"turns":7.0},{"damage":8.0,"enemies":"Giant Head","floor":41.0,"turns":8.0},{"damage":28.0,"enemies":"Transient","floor":44.0,"turns":6.0},{"damage":1.0,"enemies":"Nemesis","floor":46.0,"turns":5.0},{"damage":0.0,"enemies":"Mind Bloom Boss Battle","floor":47.0,"turns":4.0},{"damage":0.0,"enemies":"4 Shapes","floor":48.0,"turns":4.0},{"damage":36.0,"enemies":"Donu and Deca","floor":50.0,"turns":11.0},{"damage":55.0,"enemies":"Time Eater","floor":51.0,"turns":12.0},{"damage":68,"enemies":"Shield and Spear","floor":55,"turns":3}],"seed_played":"-1318071481466195126","potions_obtained":[{"floor":4.0,"key":"Ancient Potion"},{"floor":5.0,"key":"DistilledChaos"},{"floor":7.0,"key":"FairyPotion"},{"floor":8.0,"key":"AttackPotion"},{"floor":10.0,"key":"LiquidBronze"},{"floor":13.0,"key":"GamblersBrew"},{"floor":22.0,"key":"DistilledChaos"},{"floor":23.0,"key":"LiquidBronze"},{"floor":31.0,"key":"Dexterity Potion"},{"floor":35.0,"key":"DistilledChaos"},{"floor":38.0,"key":"SpeedPotion"},{"floor":46.0,"key":"SteroidPotion"},{"floor":48.0,"key":"Dexterity Potion"}],"is_trial":false,"path_per_floor":["M","M","$","M","M","R","E","M","T","E","M","M","?","M","R","B",null,"M","?","M","$","M","E","R","?","T","R","E","?","R","E","R","B",null,"M","M","M","M","M","R","E","$","T","M","R","E","?","M","R","B","B",null,"R","$","E"],"character_chosen":"THE_SILENT","items_purchased":["Deadly Poison","Discovery","Membership Card","Bronze Scales","PiercingWail","Bird Faced Urn","Phantasmal Killer","Secret Technique","Deep Breath","OrangePellets","Malaise","Dexterity Potion"],"campfire_rested":2,"item_purchase_floors":[3,3,21,21,21,42,42,42,42,54,54,54],"current_hp_per_floor":[59,58,58,58,58,58,50,48,48,33,33,26,8,19,38,37,59,29,29,28,28,23,23,23,76,76,76,69,38,38,27,27,43,68,68,68,55,52,52,52,44,44,44,22,43,48,73,73,73,41,17,59,59,59,0,0],"gold":38,"neow_bonus":"BOSS_RELIC","is_daily":false,"chose_seed":false,"campfire_upgraded":7,"win_rate":0.0,"timestamp":1611239951,"path_taken":["M","M","$","M","M","R","E","M","T","E","?","M","?","M","R","BOSS","M","?","M","$","M","E","R","?","T","R","E","?","R","E","R","BOSS","M","M","M","M","M","R","E","$","T","M","R","E","?","M","R","BOSS","BOSS","R","$","E"],"items_purchased_type":["Card","Card","Relic","Relic","Card","Relic","Card","Card","Card","Relic","Card","Potion"],"build_version":"2020-12-22","purchased_purges":2,"victory":false,"max_hp_per_floor":[66,66,66,66,66,66,66,66,66,66,66,66,66,66,66,66,66,66,66,66,66,66,66,66,76,76,76,76,76,76,76,76,76,76,76,76,76,76,76,76,76,73,73,73,73,73,73,73,73,73,73,73,73,73,73,73],"relic_stats":{"counters":[32,183],"Tingsha":[149],"Juzu Bracelet":0,"Bag of Preparation":[14],"Whetstone":["Strike_G","Strike_G"],"Cursed Key":1,"OrangePellets":[0],"Bronze Scales":[424],"Pantograph":75,"Bird Faced Urn":[26],"Pandora\u0027s Box":["Storm of Steel","Leg Sweep","Quick Slash","Well Laid Plans","Tools of the Trade","Flechettes","Prepared","Cloak And Dagger","Predator","Concentrate"],"Tiny Chest":0,"Kunai":[70],"obtain_stats":[{"construct:BoolHorns":47,"Oddly Smooth Stone":7,"Tingsha":46,"Juzu Bracelet":31,"Bag of Preparation":41,"Whetstone":10,"Odd Mushroom":13,"Cursed Key":34,"OrangePellets":54,"Bronze Scales":21,"Pantograph":23,"Bird Faced Urn":42,"Pandora\u0027s Box":17,"Tiny Chest":28,"Membership Card":21,"Kunai":26,"TungstenRod":9,"Ring of the Snake":0,"Runic Pyramid":0},{"construct:BoolHorns":28,"Oddly Smooth Stone":5,"Tingsha":27,"Juzu Bracelet":18,"Bag of Preparation":25,"Whetstone":7,"Odd Mushroom":10,"Cursed Key":19,"OrangePellets":31,"Bronze Scales":14,"Pantograph":16,"Bird Faced Urn":25,"Pandora\u0027s Box":12,"Tiny Chest":17,"Membership Card":14,"Kunai":16,"TungstenRod":6,"Ring of the Snake":0,"Runic Pyramid":0},{"construct:BoolHorns":153,"Oddly Smooth Stone":19,"Tingsha":149,"Juzu Bracelet":84,"Bag of Preparation":138,"Whetstone":25,"Odd Mushroom":37,"Cursed Key":97,"OrangePellets":180,"Bronze Scales":60,"Pantograph":70,"Bird Faced Urn":138,"Pandora\u0027s Box":51,"Tiny Chest":76,"Membership Card":60,"Kunai":70,"TungstenRod":21,"Ring of the Snake":0,"Runic Pyramid":0}],"TungstenRod":54},"card_choices":[{"not_picked":["Poisoned Stab","Dodge and Roll"],"picked":"Reflex","floor":1.0},{"not_picked":["Distraction","Leg Sweep"],"picked":"Underhanded Strike","floor":2.0},{"not_picked":["Backstab","Backflip"],"picked":"Terror","floor":4.0},{"not_picked":["PiercingWail","Dash"],"picked":"Bouncing Flask","floor":5.0},{"not_picked":["Slice","Deadly Poison"],"picked":"Outmaneuver","floor":7.0},{"not_picked":["Caltrops","Deadly Poison"],"picked":"Blade Dance","floor":8.0},{"not_picked":["Bane","Dodge and Roll"],"picked":"Footwork","floor":10.0},{"not_picked":["Setup","Cloak And Dagger"],"picked":"Masterful Stab","floor":11.0},{"not_picked":["Poisoned Stab","Dagger Throw"],"picked":"Prepared","floor":12.0},{"not_picked":["Storm of Steel","Quick Slash"],"picked":"Tactician","floor":13.0},{"not_picked":["PiercingWail","Prepared"],"picked":"Backflip","floor":14.0},{"not_picked":["Adrenaline","After Image"],"picked":"Malaise","floor":16.0},{"not_picked":["Sucker Punch","Acrobatics"],"picked":"Dodge and Roll","floor":18.0},{"not_picked":["Backflip","Bane+1"],"picked":"Accuracy","floor":20.0},{"not_picked":["Backstab","Slice"],"picked":"Deflect","floor":22.0},{"not_picked":["Deadly Poison+1","Expertise"],"picked":"Dodge and Roll","floor":23.0},{"not_picked":["aspiration:Lunge","Flying Knee","Poisoned Stab"],"picked":"SKIP","floor":28.0},{"not_picked":["Bane","Flying Knee"],"picked":"Leg Sweep+1","floor":31.0},{"not_picked":["Die Die Die","Night Terror"],"picked":"Envenom","floor":33.0},{"not_picked":["Endless Agony","Deflect"],"picked":"Bane+1","floor":35.0},{"not_picked":["Eviscerate","Dash"],"picked":"Tactician","floor":36.0},{"not_picked":["Bane+1","Expertise+1"],"picked":"Blur+1","floor":37.0},{"not_picked":["Sucker Punch+1","Poisoned Stab"],"picked":"Prepared","floor":38.0},{"not_picked":["Deflect+1","Sucker Punch+1"],"picked":"Acrobatics+1","floor":39.0},{"not_picked":["Bane","Flying Knee"],"picked":"Blade Dance","floor":41.0},{"not_picked":["Dagger Throw","Dodge and Roll"],"picked":"Acrobatics","floor":44.0},{"not_picked":["All Out Attack","Crippling Poison+1"],"picked":"Finisher","floor":46.0},{"not_picked":["Underhanded Strike","Choke"],"picked":"Blur","floor":48.0}],"player_experience":1048997,"relics_obtained":[{"floor":7.0,"key":"Oddly Smooth Stone"},{"floor":9.0,"key":"TungstenRod"},{"floor":10.0,"key":"Whetstone"},{"floor":13.0,"key":"Odd Mushroom"},{"floor":23.0,"key":"Pantograph"},{"floor":26.0,"key":"Kunai"},{"floor":28.0,"key":"Tiny Chest"},{"floor":31.0,"key":"Juzu Bracelet"},{"floor":41.0,"key":"Bag of Preparation"},{"floor":46.0,"key":"Tingsha"},{"floor":47.0,"key":"construct:BoolHorns"}],"event_choices":[{"damage_healed":0.0,"max_hp_gain":0.0,"max_hp_loss":0.0,"gold_gain":0.0,"event_name":"Mushrooms","player_choice":"Fought Mushrooms","floor":13.0,"gold_loss":0.0,"damage_taken":0.0},{"cards_removed":["Well Laid Plans"],"damage_healed":0.0,"max_hp_gain":0.0,"max_hp_loss":0.0,"gold_gain":0.0,"event_name":"Purifier","player_choice":"Purged","floor":19.0,"gold_loss":0.0,"damage_taken":0.0},{"cards_removed":["Tools of the Trade"],"damage_healed":43.0,"max_hp_gain":10.0,"max_hp_loss":0.0,"gold_gain":0.0,"event_name":"Bonfire Elementals","player_choice":"Offered Rare","floor":25.0,"gold_loss":0.0,"damage_taken":0.0},{"damage_healed":0.0,"max_hp_gain":0.0,"max_hp_loss":0.0,"gold_gain":360.0,"event_name":"Knowing Skull","player_choice":"GOLD GOLD GOLD GOLD ","floor":29.0,"potions_obtained":[],"gold_loss":0.0,"damage_taken":36.0,"cards_obtained":[]},{"damage_healed":0.0,"max_hp_gain":0.0,"max_hp_loss":0.0,"gold_gain":0.0,"event_name":"MindBloom","player_choice":"Fight","floor":47.0,"gold_loss":0.0,"damage_taken":0.0}],"is_beta":false,"boss_relics":[{"not_picked":["Coffee Dripper","Snecko Eye"],"picked":"Pandora\u0027s Box"},{"not_picked":["aspiration:FutureDiary","aspiration:SecretTechniqueScroll"],"picked":"Cursed Key"}],"items_purged_floors":[42,54],"is_endless":false,"potions_floor_spawned":[4,5,7,8,10,13,22,23,31,35,38,46,48],"killed_by":"Shield and Spear","ascension_level":20}}