{"host":"kvxcn6q9iznza62e","time":1611191172,"event":{"mods":["100% Spire Juice","2.2 Compatiblity","Act Like it!","Arknights The Spire","Aspiration","BaseMod","Beaked The Cultist","Bestiary","Better Third Choice","Block Reminder","Colored Map","Colored Powertips","Defective Defect","Energized Spire","Fox Events","Friendly Minions","GifTheSpireLib","Gold Saver","Gremlin Mod","Hallownest","Hubris","Infinite Spire","Lobotomy","LobotomyExtend","Mimic Mod","Minty Spire (QoL Compilation)","Pale of the Ancients","Poor People Problems","Quick Restart","Rare Cards Sparkle","Relic Stats","Reorder Act Four","Replay The Spire","Reworked Bosses","Robot Space Explorer","Shade Mod","Spicy Shops","StSLib","Stuff the Spire","The Animator","The Blue Laboratory","The Bug Knight","The Cursed","The Factory","The Jungle","The Necromancer","The Sage","TheHeartMod","Uncapped","Unceasing Turn Reminder","Useless Jewels Mod","Wandering Minibosses","[IsaacMod]????","egg","vexMod","??????REMEMod"],"gold_per_floor":[118,135,135,155,167,198,78,94,94,113,10,10,10,37,37,137,137,150,41,54,67,67,67,84,95,119,152,152,152,152,66,66,168,48,65,65,65,65,78,110,9,29,52,83,83,9,81,133,133,175,175],"floor_reached":50,"language":"ENG","playtime":6738,"items_purged":[],"score":715,"play_id":"5dcc252d-bebe-4ded-bcae-e77203a29ccf","local_time":"20210121010612","is_ascension_mode":false,"campfire_choices":[{"floor":7.0,"key":"REST"},{"floor":15.0,"key":"REST"},{"data":"infinitespire:Neurotoxin","floor":23.0,"key":"SMITH"},{"data":"infinitespire:Collect","floor":28.0,"key":"SMITH"},{"data":"Moonworks:DevilHand","floor":32.0,"key":"SMITH"},{"floor":45,"key":"REST"},{"floor":49,"key":"REST"}],"circlet_count":0,"master_deck":["Moonworks:Strike+1","Moonworks:Strike","Moonworks:Strike","Moonworks:Strike","Moonworks:Defend","Moonworks:Defend","Moonworks:Defend","Moonworks:Defend","Moonworks:Ambush","Moonworks:LongDistanceShot","EpicFetus","infinitespire:Neurotoxin+1","Moonworks:LulusLuckyEgg","QueenBee","Moonworks:CloudOfSeagulls+1","Moonworks:CompletionReward","Moonworks:JonathanRush","Moonworks:DeployBits","Moonworks:SakisCookie","Moonworks:LulusLuckyEgg","Moonworks:CloudOfSeagulls","Moonworks:LuckyCharm","Moonworks:RocketCannon","Moonworks:ImOnFire+1","Moonworks:SweetBattle+1","Moonworks:JonathanRush","infinitespire:Collect+1","Moonworks:DevilHand+1","Moonworks:SakisCookie","StuffTheSpire:BrainWave","Moonworks:ShieldCounter+1","Moonworks:DeployBits+1","Moonworks:Flamethrower+1","Moonworks:StiffCrystal+1","Moonworks:CloudOfSeagulls","Moonworks:IndiscriminateFireSupport+1","Moonworks:MiracleWalker+1","Moonworks:JonathanRush","Moonworks:SweetBattle"],"relics":["Moonworks:BrokenBomb","Moonworks:Homemark","HushsDoor","REME_ComplimentaryCards","Leech","CogitoBucket","LetterFromLob","Pet Ghost","White Beast Statue","hubris:ToyBattleship","MagicMushroom","wanderingMiniBosses:OtherGremlinHorn","Blood Vial","AtMidnight","REME_PuzzleBoxRelic","Peace Pipe","Moonlight_r","ShedSkin_r","ShedSkin_r","ShedSkin_r","ShedSkin_r","ShedSkin_r","ShedSkin_r","ShedSkin_r","ShedSkin_r","ShedSkin_r","Red Mask","Astrolabe","vexMod:GhostlyGear","infinitespire:Bottled Soul","Oddly Smooth Stone","Replay:Bandana"],"acts_visited":["Exordium","TheCity","TheBeyond"],"potions_floor_usage":[50,50],"damage_taken":[{"damage":0.0,"enemies":"Small Slimes","floor":1.0,"turns":3.0},{"damage":0.0,"enemies":"Cultist","floor":2.0,"turns":3.0},{"damage":0.0,"enemies":"2 Louse","floor":4.0,"turns":2.0},{"damage":9.0,"enemies":"Exordium Wildlife","floor":5.0,"turns":4.0},{"damage":23.0,"enemies":"Lagavulin","floor":6.0,"turns":5.0},{"damage":17.0,"enemies":"Exordium Thugs","floor":8.0,"turns":4.0},{"damage":12.0,"enemies":"Lots of Slimes","floor":10.0,"turns":4.0},{"damage":0.0,"enemies":"3 Louse","floor":11.0,"turns":1.0},{"damage":0.0,"enemies":"2 Fungi Beasts","floor":12.0,"turns":2.0},{"damage":16.0,"enemies":"3 Sentries","floor":14.0,"turns":3.0},{"damage":24.0,"enemies":"Hexaghost","floor":16.0,"turns":6.0},{"damage":108.0,"enemies":"Chosen","floor":18.0,"turns":9.0},{"damage":4.0,"enemies":"Shell Parasite","floor":19.0,"turns":3.0},{"damage":7.0,"enemies":"Centurion and Healer","floor":20.0,"turns":3.0},{"damage":1.0,"enemies":"Snake Plant","floor":21.0,"turns":3.0},{"damage":0.0,"enemies":"Cultist and Chosen","floor":24.0,"turns":3.0},{"damage":15.0,"enemies":"Sentry and Sphere","floor":25.0,"turns":5.0},{"damage":4.0,"enemies":"Nightmare","floor":27.0,"turns":4.0},{"damage":0.0,"enemies":"Masked Bandits","floor":31.0,"turns":6.0},{"damage":19.0,"enemies":"hubris:MusketHawk","floor":33.0,"turns":4.0},{"damage":0.0,"enemies":"3 Shapes","floor":35.0,"turns":2.0},{"damage":0.0,"enemies":"3 Darklings","floor":39.0,"turns":3.0},{"damage":0.0,"enemies":"beaked:SuperParasite","floor":40.0,"turns":3.0},{"damage":0.0,"enemies":"4 Shapes","floor":41.0,"turns":2.0},{"damage":2,"enemies":"Transient","floor":42,"turns":5},{"damage":54,"enemies":"Nightmare","floor":44,"turns":4},{"damage":0,"enemies":"Maw","floor":46,"turns":3},{"damage":0,"enemies":"Transient","floor":47,"turns":4},{"damage":9,"enemies":"Transient","floor":48,"turns":5},{"damage":114,"enemies":"Time Eater","floor":50,"turns":8}],"seed_played":"-4986039892168232843","potions_obtained":[{"floor":1.0,"key":"Weak Potion"},{"floor":4.0,"key":"FairyPotion"},{"floor":5.0,"key":"Elixir"},{"floor":11.0,"key":"blueLaboratory:PolymorphPotion"},{"floor":14.0,"key":"REME_GoldPotion"},{"floor":16.0,"key":"BlessingOfTheForge"},{"floor":44,"key":"Toxic Potion"}],"is_trial":false,"path_per_floor":["M","M","?","M","M","E","R","M","T","M","M","M","?","E","R","B",null,"M","M","M","M","AVR","R","M","M","T","NM","R","?","?","?","R_BF","B",null,"M","AVR","?","?","M","E","M","M","T","NM","R","M","MIM","M","R","B"],"character_chosen":"THE_STARBREAKER","items_purchased":[],"campfire_rested":4,"item_purchase_floors":[],"current_hp_per_floor":[60,60,60,60,53,35,53,39,45,37,38,40,23,12,31,30,73,66,66,63,66,66,66,72,59,59,66,66,73,73,73,73,57,73,73,73,53,53,67,73,73,73,73,23,44,49,58,57,73,0,0],"gold":175,"neow_bonus":"","is_daily":false,"chose_seed":false,"campfire_upgraded":3,"win_rate":0.0,"timestamp":1611191172,"path_taken":["M","M","?","M","M","E","R","M","T","M","M","M","?","E","R","BOSS","M","M","M","M","AVR","R","?","M","T","NM","R","?","?","?","R_BF","BOSS","M","AVR","?","?","M","E","M","M","T","NM","R","?","?","M","R","BOSS"],"items_purchased_type":[],"build_version":"2020-12-22","purchased_purges":0,"victory":false,"max_hp_per_floor":[60,60,60,60,60,60,60,60,66,66,66,66,66,66,66,66,73,73,73,73,73,73,73,73,73,73,73,73,73,73,73,73,73,73,73,73,73,73,73,73,73,73,73,73,73,73,73,73,73,73,73],"relic_stats":{"Blood Vial":15,"Peace Pipe":0,"counters":[34,119],"Astrolabe":["Moonworks:DeployBits","Moonworks:Flamethrower","Moonworks:StiffCrystal"],"obtain_stats":[{"wanderingMiniBosses:OtherGremlinHorn":18,"Pet Ghost":6,"Leech":0,"Blood Vial":22,"CogitoBucket":0,"Replay:Bandana":44,"infinitespire:Bottled Soul":40,"Red Mask":31,"KeepersGift":0,"BackwardClock":8,"Astrolabe":34,"Oddly Smooth Stone":43,"vexMod:BerryBomb":9,"White Beast Statue":13,"Peace Pipe":27,"vexMod:GhostlyGear":36,"Moonlight_r":29,"Moonworks:Homemark":0,"MagicMushroom":17,"AtMidnight":25,"LetterFromLob":1,"hubris:ToyBattleship":14,"REME_PuzzleBoxRelic":26,"HushsDoor":0,"ShedSkin_r":29,"Moonworks:BrokenBomb":0,"REME_ComplimentaryCards":0},{"wanderingMiniBosses:OtherGremlinHorn":14,"Pet Ghost":5,"Leech":0,"Blood Vial":17,"CogitoBucket":0,"Replay:Bandana":29,"infinitespire:Bottled Soul":26,"Red Mask":22,"KeepersGift":0,"BackwardClock":7,"Astrolabe":23,"Oddly Smooth Stone":28,"vexMod:BerryBomb":7,"White Beast Statue":10,"Peace Pipe":21,"vexMod:GhostlyGear":24,"Moonlight_r":21,"Moonworks:Homemark":0,"MagicMushroom":12,"AtMidnight":20,"LetterFromLob":1,"hubris:ToyBattleship":11,"REME_PuzzleBoxRelic":20,"HushsDoor":0,"ShedSkin_r":21,"Moonworks:BrokenBomb":0,"REME_ComplimentaryCards":0},{"wanderingMiniBosses:OtherGremlinHorn":48,"Pet Ghost":17,"Leech":0,"Blood Vial":57,"CogitoBucket":0,"Replay:Bandana":99,"infinitespire:Bottled Soul":88,"Red Mask":76,"KeepersGift":0,"BackwardClock":22,"Astrolabe":80,"Oddly Smooth Stone":95,"vexMod:BerryBomb":22,"White Beast Statue":29,"Peace Pipe":70,"vexMod:GhostlyGear":82,"Moonlight_r":70,"Moonworks:Homemark":0,"MagicMushroom":38,"AtMidnight":66,"LetterFromLob":3,"hubris:ToyBattleship":32,"REME_PuzzleBoxRelic":66,"HushsDoor":0,"ShedSkin_r":70,"Moonworks:BrokenBomb":0,"REME_ComplimentaryCards":0}]},"card_choices":[{"not_picked":[],"picked":"EpicFetus","floor":0.0},{"not_picked":["Moonworks:x16BigRocket","Moonworks:Assault"],"picked":"Moonworks:LulusLuckyEgg","floor":1.0},{"not_picked":["MHz","OldLady"],"picked":"QueenBee","floor":1.0},{"not_picked":["Moonworks:IndiscriminateFireSupport","Moonworks:ImOnFire"],"picked":"Moonworks:CloudOfSeagulls","floor":2.0},{"not_picked":["Moonworks:DevilHand","Moonworks:ImOnFire"],"picked":"Moonworks:CompletionReward","floor":4.0},{"not_picked":["Moonworks:BigMagnum","Moonworks:FullSpeedAlicianrone"],"picked":"Moonworks:JonathanRush","floor":5.0},{"not_picked":["Moonworks:IndiscriminateFireSupport","Moonworks:LuckyCharm"],"picked":"Moonworks:DeployBits","floor":6.0},{"not_picked":["Moonworks:Wanted","Moonworks:CookingTime"],"picked":"Moonworks:SakisCookie","floor":8.0},{"not_picked":["Moonworks:ImOnFire","Moonworks:AngelHand"],"picked":"Moonworks:LulusLuckyEgg","floor":10.0},{"not_picked":["Moonworks:BigMagnum","Moonworks:Wanted"],"picked":"Moonworks:CloudOfSeagulls","floor":11.0},{"not_picked":["Moonworks:UnluckyCharm","Moonworks:IntelligenceOfficer"],"picked":"Moonworks:Poppoformation","floor":12.0},{"not_picked":["Moonworks:DevilHand","Moonworks:NicePresent"],"picked":"Moonworks:LuckyCharm","floor":14.0},{"not_picked":["Moonworks:MetallicMonocoque","Moonworks:OutOfAmmo"],"picked":"Moonworks:RocketCannon","floor":16.0},{"not_picked":["Moonworks:x16BigRocket","Moonworks:BackdoorTrade+1"],"picked":"Moonworks:ImOnFire+1","floor":18.0},{"not_picked":["Moonworks:ExtendedPhotonRifle","Moonworks:NicePresent"],"picked":"Moonworks:SweetBattle+1","floor":19.0},{"not_picked":["Moonworks:Assault","Moonworks:LulusLuckyEgg"],"picked":"Moonworks:ImOnFire","floor":20.0},{"not_picked":["Moonworks:BindingChains","Moonworks:MetallicMonocoque"],"picked":"Moonworks:JonathanRush","floor":21.0},{"not_picked":["Moonworks:IndiscriminateFireSupport","Moonworks:Assault+1"],"picked":"Moonworks:DevilHand","floor":24.0},{"not_picked":["Moonworks:IndiscriminateFireSupport","Moonworks:Assault"],"picked":"Moonworks:SakisCookie","floor":25.0},{"not_picked":["Moonworks:HolyNight","Moonworks:EvilSpyWorkPreparation","Moonworks:ForcedRevival"],"picked":"SKIP","floor":27.0},{"not_picked":["Moonworks:WeAreWaruda","Moonworks:SinkOrSwim"],"picked":"Moonworks:ShieldCounter","floor":33.0},{"not_picked":["Moonworks:AwakeningOfTalent+1","Moonworks:EvilSpyWorkPreparation+1","Moonworks:UnpaidWork"],"picked":"SKIP","floor":35.0},{"not_picked":["Moonworks:Dash+1","Moonworks:SakisCookie"],"picked":"Moonworks:CloudOfSeagulls","floor":39.0},{"not_picked":["Moonworks:ForcedRevival","Moonworks:DeployBits+1","Moonworks:SakisCookie"],"picked":"SKIP","floor":40.0},{"not_picked":["Moonworks:BeyondHell+1","Moonworks:ImOnFire","Moonworks:BigMagnum"],"picked":"SKIP","floor":41.0},{"not_picked":["Moonworks:EvilSpyWorkPreparation+1","Moonworks:NicePresent+1"],"picked":"Moonworks:IndiscriminateFireSupport+1","floor":42},{"not_picked":["Moonworks:ImOnFire","Moonworks:DeployBits+1","Moonworks:EvilSpyWorkPreparation+1"],"picked":"SKIP","floor":44},{"not_picked":["Moonworks:LulusLuckyEgg+1","Moonworks:IndiscriminateFireSupport+1"],"picked":"Moonworks:MiracleWalker+1","floor":46},{"not_picked":["Moonworks:UnpaidWork+1","Moonworks:BigMagnum+1"],"picked":"Moonworks:JonathanRush","floor":47},{"not_picked":["Moonworks:ScrambledEve","Moonworks:MiracleWalker+1"],"picked":"Moonworks:SweetBattle","floor":48}],"player_experience":115567,"relics_obtained":[{"floor":1.0,"key":"LetterFromLob"},{"floor":6.0,"key":"Pet Ghost"},{"floor":9.0,"key":"vexMod:BerryBomb"},{"floor":14.0,"key":"hubris:ToyBattleship"},{"floor":18.0,"key":"wanderingMiniBosses:OtherGremlinHorn"},{"floor":25.0,"key":"AtMidnight"},{"floor":26.0,"key":"REME_PuzzleBoxRelic"},{"floor":27.0,"key":"Peace Pipe"},{"floor":31.0,"key":"Red Mask"},{"floor":40.0,"key":"infinitespire:Bottled Soul"},{"floor":43,"key":"Oddly Smooth Stone"},{"floor":44,"key":"Replay:Bandana"}],"event_choices":[{"damage_healed":0.0,"max_hp_gain":0.0,"max_hp_loss":0.0,"gold_gain":1.0,"event_name":"betterThird:BetterScrap","player_choice":"Relic ","floor":13.0,"gold_loss":0.0,"damage_taken":17.0,"cards_obtained":["Tools of the Trade"]},{"damage_healed":0.0,"max_hp_gain":0.0,"max_hp_loss":0.0,"gold_gain":0.0,"event_name":"Masked Bandits","player_choice":"Fought Bandits","floor":31.0,"gold_loss":0.0,"damage_taken":0.0}],"is_beta":false,"boss_relics":[{"not_picked":["vexMod:FluxCapacitor","vexMod:DeviousBotling"],"picked":"MagicMushroom"},{"not_picked":[]},{"not_picked":["hubris:GrandSneckoEye","StuffTheSpire:Kangaroo"],"picked":"Astrolabe"},{"not_picked":[]}],"items_purged_floors":[],"is_endless":true,"potions_floor_spawned":[1,4,5,6,11,14,16,18,19,20,21,24,25,27,31,33,35,39,40,41,42,44,46,47,48],"killed_by":"Time Eater","ascension_level":0}}