{"host":"5a3ojr29q3aeapfp","time":1611206596,"event":{"mods":["ATMod(∞¢Ë™Mod)","BaseMod","CapriCore","Colored Powertips","Downfall","GungeonMod","Hermit","Highlight Path","Koishi","Minty Spire (QoL Compilation)","Quick Restart","Remilia£®¿Ÿ√◊¿Ú—«£©","Spicy Shops","StSLib","The Cursed","The Immortal","The Marked","Youmu£®ªÍ∆«—˝√Œ£©","°æ“≈ŒÔø®≈∆°øREMEMod"],"gold_per_floor":[99,110,110,110,210,7,30,42,42,75,75,85,118,129,145,350,350,150,165,115,134,144,275,275,275,310,322,332,345,345,358,371,571,571,471,490,510,660,26,42,42,42,173,184,318,318,331,347,362,462,462,595,14,14,14,114],"floor_reached":57,"language":"ZHS","playtime":10543,"items_purged":["bronze:Strike","bronze:Defend"],"score":1443,"play_id":"3a884a8e-1be8-4889-a294-0ed918050094","local_time":"20210121132316","is_ascension_mode":false,"campfire_choices":[{"data":"AT_ShrugMaster","floor":1,"key":"SMITH"},{"data":"theMarked:Abjuration","floor":9,"key":"SMITH"},{"data":"bronze:Return","floor":11,"key":"SMITH"},{"floor":18,"key":"RECALL"},{"data":"bronze:HyperBeam","floor":35,"key":"SMITH"},{"data":"bronze:HyperBeam","floor":46,"key":"SMITH"},{"floor":54,"key":"REST"}],"circlet_count":0,"master_deck":["bronze:Strike","bronze:Strike","bronze:Strike","bronze:Defend","bronze:Defend","bronze:Defend","bronze:Replicate","bronze:Goto","AT_ShrugMaster+1","theMarked:Abjuration+1","bronze:Return+1","bronze:Spike","bronze:Explode","bronze:WhirlingStrike","bronze:Repulsor","bronze:Boost","bronze:WildBeam","bronze:Repair","bronze:DelayedGuard+1","bronze:BitShift+1","bronze:BuggyMess+1","bronze:BuggyMess+1","bronze:Mutator+1","bronze:Optimize+1","bronze:NullPointer+1","bronze:Shield+1","bronze:Shield+1","bronze:Repair+1","bronze:HyperBeam+1","bronze:DigitalCarnage","bronze:Allocate+1","bronze:Repair+1","bronze:Backtrace","bronze:Return+1","bronze:CutThrough","bronze:DelayedSlice+1","bronze:DigitalCarnage+1","bronze:Turbo+1","bronze:Branch+1","bronze:HyperBeam+1","bronze:MaxOutput+1","bronze:Repair+1","bronze:ForceShield+1","bronze:ItsAFeature+1","expansioncontent:StudyTheSpire+1","bronze:Repulsor+1"],"relics":["bronze:BronzeCore","REME_ComplimentaryCards","AT_ATBox","downfall:ShatteredFragment","DemoMod:MeatBun","AT_BellDemon","Toxic Egg 2","AT_TheCollector","Frozen Egg 2","REME_HandOfSuture","bronze:MakeshiftBattery","downfall:HeartBlessingGreen","downfall:HeartBlessingBlue","Bronze Scales","DemoMod:AgedBell","AT_DeathDance","AT_ForceNature","Letter Opener","Velvet Choker","downfall:HeartBlessingRed","Dream Catcher","Vajra","DemoMod:Antibody","StoneCalendar","Incense Burner","Anchor","CaptainsWheel","REME_HourglassOfDeath","AT_TimeSand","Nunchaku","DemoMod:Metronome","DemoMod:ClearGuonStone","AT_RedTearstoneRing","InkBottle","DemoMod:OrangeGuonStone","DemoMod:DecoyRelic","Frozen Eye"],"acts_visited":["Exordium","TheCity","TheBeyond","TheEnding"],"potions_floor_usage":[6,12,13,19,33,36,55,56],"damage_taken":[{"damage":2,"enemies":"Jaw Worm","floor":2,"turns":4},{"damage":13,"enemies":"Jaw Worm","floor":4,"turns":6},{"damage":2,"enemies":"downfall:FleeingMerchant","floor":6,"turns":4},{"damage":0,"enemies":"2 Louse","floor":8,"turns":2},{"damage":0,"enemies":"Lagavulin","floor":10,"turns":4},{"damage":0,"enemies":"Small Slimes","floor":12,"turns":2},{"damage":0,"enemies":"Gremlin Nob","floor":13,"turns":2},{"damage":0,"enemies":"3 Louse","floor":14,"turns":2},{"damage":2,"enemies":"Lots of Slimes","floor":15,"turns":3},{"damage":15,"enemies":"IC_STATUS_ARCHETYPE","floor":16,"turns":9},{"damage":33,"enemies":"Spheric Guardian","floor":19,"turns":4},{"damage":34,"enemies":"Shell Parasite","floor":21,"turns":4},{"damage":40,"enemies":"Shelled Parasite and Fungi","floor":22,"turns":4},{"damage":20,"enemies":"Gremlin Leader","floor":23,"turns":4},{"damage":5,"enemies":"REME_1_Revenger","floor":26,"turns":4},{"damage":4,"enemies":"Centurion and Healer","floor":28,"turns":5},{"damage":3,"enemies":"Chosen and Byrds","floor":29,"turns":2},{"damage":0,"enemies":"3 Cultists","floor":31,"turns":3},{"damage":0,"enemies":"Shelled Parasite and Fungi","floor":32,"turns":4},{"damage":8,"enemies":"WA_ARCHETYPE_CALM","floor":33,"turns":10},{"damage":36,"enemies":"3 Darklings","floor":36,"turns":4},{"damage":0,"enemies":"3 Shapes","floor":37,"turns":4},{"damage":77,"enemies":"3 Shapes","floor":38,"turns":6},{"damage":13,"enemies":"downfall:FleeingMerchant","floor":39,"turns":5},{"damage":6,"enemies":"Transient","floor":40,"turns":5},{"damage":6,"enemies":"Giant Head","floor":43,"turns":7},{"damage":0,"enemies":"Writhing Mass","floor":44,"turns":3},{"damage":22,"enemies":"Nemesis","floor":45,"turns":5},{"damage":0,"enemies":"4 Shapes","floor":47,"turns":2},{"damage":0,"enemies":"Sphere and 2 Shapes","floor":48,"turns":2},{"damage":6,"enemies":"Spire Growth","floor":49,"turns":3},{"damage":30,"enemies":"SI_POISON_ARCHETYPE","floor":50,"turns":9},{"damage":100,"enemies":"downfall:CharBossMerchant","floor":52,"turns":8},{"damage":16,"enemies":"downfall:NeowBoss","floor":55,"turns":14},{"damage":52,"enemies":"downfall:NeowBossFinal","floor":56,"turns":9}],"seed_played":"1228005753191749556","potions_obtained":[{"floor":4,"key":"DistilledChaos"},{"floor":8,"key":"EssenceOfSteel"},{"floor":10,"key":"LiquidMemories"},{"floor":15,"key":"FearPotion"},{"floor":26,"key":"SteroidPotion"},{"floor":28,"key":"Guardian:BlockOnCardUsePotion"},{"floor":29,"key":"Strength Potion"},{"floor":30,"key":"CultistPotion"},{"floor":36,"key":"REME_GoldPotion"},{"floor":40,"key":"Regen Potion"}],"is_trial":false,"path_per_floor":["R","M","?","?","?","$","T","M","R","E","R","M","E","M","M","B",null,"R","M","?","M","M","E","T","?","E","?","M","M","?","M","M","B",null,"R","M","M","?","$","M","T","?","E","M","E","R","M","M","M","B",null,"E","$","R","B","B",null],"character_chosen":"THE_AUTOMATON","items_purchased":["DemoMod:MeatBun","bronze:Boost","Anchor","CaptainsWheel","REME_HourglassOfDeath","DemoMod:DecoyRelic","Frozen Eye","expansioncontent:StudyTheSpire","bronze:Repulsor+1"],"campfire_rested":1,"item_purchase_floors":[6,6,39,39,39,53,53,53,53],"current_hp_per_floor":[77,75,54,41,41,53,53,53,53,53,53,53,53,53,51,43,77,87,54,86,52,22,12,12,12,17,17,13,10,10,20,50,72,87,87,51,71,14,1,19,19,97,97,97,97,97,97,97,97,88,97,27,27,56,82,77],"gold":114,"neow_bonus":"TEN_PERCENT_HP_BONUS","is_daily":false,"chose_seed":false,"campfire_upgraded":5,"win_rate":0.0,"timestamp":1611206596,"path_taken":["R","M","?","?","?","$","T","M","R","E","R","M","E","M","M","BOSS","R","M","?","M","M","E","T","?","E","?","M","?","?","M","M","BOSS","R","M","M","?","$","M","T","?","E","?","E","R","M","M","M","BOSS","E","$","R","BOSS","BOSS"],"items_purchased_type":["Relic","Card","Relic","Relic","Relic","Relic","Relic","Card","Card"],"build_version":"2020-12-22","purchased_purges":2,"victory":true,"max_hp_per_floor":[77,77,77,77,77,77,77,77,77,77,77,77,77,77,77,77,77,87,87,87,87,87,87,87,87,87,87,87,87,87,87,87,87,87,87,87,87,87,87,87,87,97,97,97,97,97,97,97,97,97,97,97,97,97,97,97],"card_choices":[{"not_picked":["bronze:BuggyMess","bronze:BronzeOrb"],"picked":"bronze:Return","floor":2},{"not_picked":[],"picked":"bronze:Spike","floor":4},{"not_picked":[],"picked":"bronze:Explode","floor":4},{"not_picked":["bronze:BuggyMess","bronze:CutThrough"],"picked":"bronze:WhirlingStrike","floor":4},{"not_picked":["bronze:Shell","bronze:DelayedSlice"],"picked":"bronze:Repulsor","floor":6},{"not_picked":["bronze:Iterate","bronze:Invalidate"],"picked":"bronze:WildBeam","floor":8},{"not_picked":["bronze:BronzeOrb","bronze:Shield"],"picked":"bronze:Repair","floor":10},{"not_picked":["bronze:Frontload+1","bronze:CutThrough"],"picked":"bronze:DelayedGuard+1","floor":12},{"not_picked":["bronze:Deprecate+1","bronze:CutThrough"],"picked":"bronze:BitShift+1","floor":13},{"not_picked":["bronze:BronzeArmor+1","bronze:ForLoop+1"],"picked":"bronze:BuggyMess+1","floor":14},{"not_picked":["bronze:Turbo+1","bronze:Frontload+1"],"picked":"bronze:BuggyMess+1","floor":15},{"not_picked":["bronze:Verify+1","bronze:HyperBeam"],"picked":"bronze:Mutator+1","floor":16},{"not_picked":["bronze:WildBeam","bronze:FineTuning+1"],"picked":"bronze:Optimize+1","floor":19},{"not_picked":["bronze:Safeguard+1","bronze:Boost+1"],"picked":"bronze:NullPointer+1","floor":21},{"not_picked":["bronze:GetLatest+1","bronze:BugBarrage"],"picked":"bronze:Shield+1","floor":22},{"not_picked":["bronze:Invalidate+1","bronze:Philosophize+1"],"picked":"bronze:Shield+1","floor":23},{"not_picked":["bronze:NullPointer","bronze:Frontload+1"],"picked":"bronze:Repair+1","floor":26},{"not_picked":["bronze:Flail+1","bronze:AlphaBuild"],"picked":"bronze:DigitalCarnage","floor":28},{"not_picked":["bronze:Branch","bronze:CutThrough"],"picked":"bronze:Allocate+1","floor":29},{"not_picked":["bronze:Iterate","bronze:WhirlingStrike"],"picked":"bronze:Repair+1","floor":31},{"not_picked":["bronze:Boost+1","bronze:CutThrough"],"picked":"bronze:Backtrace","floor":32},{"not_picked":["bronze:ThunderWave","bronze:SpaghettiCode+1"],"picked":"bronze:HardenedForm+1","floor":33},{"not_picked":["bronze:DelayedSlice+1","bronze:Deprecate+1"],"picked":"bronze:Return+1","floor":36},{"not_picked":["bronze:Return+1","bronze:BronzeArmor+1"],"picked":"bronze:CutThrough","floor":37},{"not_picked":["bronze:CutThrough+1","bronze:FineTuning+1"],"picked":"bronze:DelayedSlice+1","floor":38},{"not_picked":["bronze:DarkDash+1","bronze:SpaghettiCode+1"],"picked":"bronze:DigitalCarnage+1","floor":39},{"not_picked":["bronze:DelayedGuard+1","bronze:Optimize+1"],"picked":"bronze:Turbo+1","floor":40},{"not_picked":["bronze:ChosenStrike","bronze:WildBeam+1"],"picked":"bronze:Branch+1","floor":43},{"not_picked":["bronze:GetLatest+1","bronze:DelayedGuard+1"],"picked":"bronze:HyperBeam","floor":44},{"not_picked":["bronze:WildBeam","bronze:Turbo+1"],"picked":"bronze:MaxOutput+1","floor":45},{"not_picked":["bronze:CutThrough","bronze:OilSpill"],"picked":"bronze:Repair+1","floor":47},{"not_picked":["bronze:Repair+1","bronze:BuggyMess+1","bronze:FineTuning+1"],"picked":"SKIP","floor":48},{"not_picked":["bronze:Frontload+1","bronze:Deprecate+1"],"picked":"bronze:ForceShield+1","floor":49},{"not_picked":["bronze:Flail+1","bronze:ForceShield+1"],"picked":"bronze:ItsAFeature+1","floor":52}],"player_experience":170897,"relics_obtained":[{"floor":10,"key":"AT_BellDemon"},{"floor":12,"key":"Toxic Egg 2"},{"floor":13,"key":"AT_TheCollector"},{"floor":14,"key":"Frozen Egg 2"},{"floor":15,"key":"REME_HandOfSuture"},{"floor":19,"key":"Bronze Scales"},{"floor":21,"key":"DemoMod:AgedBell"},{"floor":22,"key":"AT_DeathDance"},{"floor":23,"key":"AT_ForceNature"},{"floor":24,"key":"Letter Opener"},{"floor":26,"key":"MawBank"},{"floor":36,"key":"Dream Catcher"},{"floor":37,"key":"Vajra"},{"floor":38,"key":"DemoMod:Antibody"},{"floor":38,"key":"StoneCalendar"},{"floor":39,"key":"Incense Burner"},{"floor":41,"key":"AT_TimeSand"},{"floor":43,"key":"Nunchaku"},{"floor":45,"key":"DemoMod:Metronome"},{"floor":48,"key":"DemoMod:ClearGuonStone"},{"floor":49,"key":"AT_RedTearstoneRing"},{"floor":52,"key":"InkBottle"},{"floor":52,"key":"DemoMod:OrangeGuonStone"}],"event_choices":[],"is_beta":false,"boss_relics":[{"not_picked":["Astrolabe","Sozu"],"picked":"bronze:MakeshiftBattery"},{"not_picked":["REME_DemonsWealth","Runic Dome"],"picked":"Velvet Choker"}],"items_purged_floors":[39,53],"is_endless":false,"potions_floor_spawned":[4,8,10,15,26,28,29,31,36,40,47,48,49],"ascension_level":0}}