{"host":"94aus4jnk6thj94q","time":1611225416,"event":{"mods":["BaseMod","Minty Spire (QoL Compilation)","Quick Restart","StSLib"],"gold_per_floor":[215,3,22,38,51,76,76,110,110,110,129,140,140,140],"floor_reached":13,"language":"ENG","playtime":664,"items_purged":[],"score":97,"play_id":"0f674420-f445-4c83-9a4e-d5dbf17eae36","local_time":"20210121123656","is_ascension_mode":false,"campfire_choices":[{"floor":7,"key":"REST"}],"circlet_count":0,"master_deck":["Strike_R","Strike_R","Strike_R","Strike_R","Strike_R","Defend_R","Defend_R","Defend_R","Defend_R","Bash","Iron Wave","Whirlwind","Iron Wave","Shockwave","Spot Weakness","Perfected Strike","Bash","Deep Breath","Body Slam","Shrug It Off"],"relics":["Burning Blood","Blood Vial","Eternal Feather","Meat on the Bone","Shuriken"],"acts_visited":["Exordium"],"potions_floor_usage":[5,13],"damage_taken":[{"damage":11,"enemies":"Jaw Worm","floor":1,"turns":2},{"damage":6,"enemies":"Cultist","floor":3,"turns":3},{"damage":5,"enemies":"2 Louse","floor":4,"turns":2},{"damage":24,"enemies":"Large Slime","floor":5,"turns":7},{"damage":35,"enemies":"Lagavulin","floor":6,"turns":6},{"damage":16,"enemies":"Gremlin Nob","floor":8,"turns":5},{"damage":38,"enemies":"Exordium Thugs","floor":11,"turns":6},{"damage":26,"enemies":"Gremlin Gang","floor":12,"turns":5},{"damage":39,"enemies":"Lagavulin","floor":13,"turns":5}],"seed_played":"8536323985154892045","potions_obtained":[{"floor":3,"key":"Explosive Potion"},{"floor":5,"key":"SneckoOil"},{"floor":12,"key":"Explosive Potion"}],"is_trial":false,"path_per_floor":["M","$","M","M","M","E","R","E","T","?","M","M","E"],"character_chosen":"IRONCLAD","items_purchased":["Whirlwind","Blood Vial"],"campfire_rested":1,"item_purchase_floors":[2,2],"current_hp_per_floor":[75,75,77,80,62,35,68,60,60,60,42,36,0,0],"gold":140,"neow_bonus":"HUNDRED_GOLD","is_daily":false,"chose_seed":false,"campfire_upgraded":0,"win_rate":0.0,"timestamp":1611225416,"path_taken":["M","$","M","M","M","E","R","E","T","?","?","M","E"],"items_purchased_type":["Card","Relic"],"build_version":"2020-12-22","purchased_purges":0,"victory":false,"max_hp_per_floor":[80,80,80,80,80,80,80,80,80,80,80,80,80,80],"card_choices":[{"not_picked":["Flex","Pommel Strike"],"picked":"Iron Wave","floor":1},{"not_picked":["Dual Wield","Heavy Blade"],"picked":"Iron Wave","floor":3},{"not_picked":["Cleave","Fire Breathing"],"picked":"Shockwave","floor":4},{"not_picked":["Headbutt","Evolve"],"picked":"Spot Weakness","floor":5},{"not_picked":["Battle Trance","Ghostly Armor","Second Wind"],"picked":"SKIP","floor":6},{"not_picked":["Cleave","Infernal Blade"],"picked":"Perfected Strike","floor":8},{"not_picked":["Sword Boomerang","True Grit"],"picked":"Body Slam","floor":11},{"not_picked":["Second Wind","Offering"],"picked":"Shrug It Off","floor":12}],"player_experience":5842242,"relics_obtained":[{"floor":6,"key":"Eternal Feather"},{"floor":8,"key":"Meat on the Bone"},{"floor":9,"key":"Shuriken"}],"event_choices":[{"damage_healed":0,"gold_gain":0,"player_choice":"2 cards matched","damage_taken":0,"max_hp_gain":0,"max_hp_loss":0,"event_name":"Match and Keep!","floor":10,"gold_loss":0,"cards_obtained":["Bash","Deep Breath"]}],"is_beta":false,"boss_relics":[],"items_purged_floors":[],"is_endless":false,"potions_floor_spawned":[3,5,12],"killed_by":"Lagavulin","ascension_level":0}}