{"host":"wfkvcf4y4vkrpwe0","time":1611248399,"event":{"mods":["BaseMod","Conspire","Downfall","Hermit","Minty Spire (QoL Compilation)","StSLib","The Construct","The Cursed","The Disciple","The Hierophant","The Necromancer"],"gold_per_floor":[99,119,139,150,161,2,2,2,41,26,38,38,38,38,50,50,50,50],"floor_reached":16,"language":"ENG","playtime":638,"items_purged":[],"score":92,"play_id":"3ff2bc51-4c4b-474f-9492-c6ad9f57abac","local_time":"20210121165959","is_ascension_mode":false,"campfire_choices":[{"floor":1,"key":"RECALL"},{"floor":8,"key":"REST"},{"floor":12,"key":"REST"}],"circlet_count":0,"master_deck":["hexamod:Strike","hexamod:Strike","hexamod:Strike","hexamod:Strike","hexamod:Defend+1","hexamod:Defend","hexamod:Defend+1","hexamod:Defend+1","hexamod:Sear","hexamod:Float","hexamod:ChargedBarrage","hexamod:SearingWound","hexamod:PhantomFireball","hexamod:EmpoweredFlame","hexamod:HeatMetal+1","hexamod:PhantomFireball+1","downfall:Malfunctioning","hexamod:RadiantFlame"],"relics":["hexamod:SpiritBrand","Molten Egg 2","conspire:DeflatedDodgeball","Prayer Wheel"],"acts_visited":["Exordium"],"potions_floor_usage":[],"damage_taken":[{"damage":3,"enemies":"Small Slimes","floor":2,"turns":3},{"damage":1,"enemies":"conspire:RoseBush","floor":3,"turns":6},{"damage":11,"enemies":"Jaw Worm","floor":4,"turns":4},{"damage":0,"enemies":"Blue Slaver","floor":5,"turns":3},{"damage":0,"enemies":"downfall:FleeingMerchant","floor":6,"turns":4},{"damage":35,"enemies":"conspire:MimicChest","floor":9,"turns":5},{"damage":5,"enemies":"downfall:FleeingMerchant","floor":10,"turns":4},{"damage":13,"enemies":"2 Fungi Beasts","floor":11,"turns":3},{"damage":20,"enemies":"3 Louse","floor":15,"turns":3},{"damage":19,"enemies":"DF_ARCHETYPE_STREAMLINE","floor":16,"turns":3}],"seed_played":"2039099288237199066","potions_obtained":[{"floor":0,"key":"BlessingOfTheForge"},{"floor":0,"key":"construct:ShiftPotion"},{"floor":0,"key":"SmokeBomb"}],"is_trial":false,"path_per_floor":["R","M","M","M","M","$","T","R","?","$","M","R","?","?","M","B"],"character_chosen":"THE_SPIRIT","items_purchased":["hexamod:PhantomFireball","hexamod:EmpoweredFlame"],"campfire_rested":2,"item_purchase_floors":[6,6],"current_hp_per_floor":[70,67,66,55,55,55,55,70,35,30,17,38,38,31,11,0,0,0],"gold":50,"neow_bonus":"THREE_SMALL_POTIONS","is_daily":false,"chose_seed":false,"campfire_upgraded":0,"win_rate":0.0,"timestamp":1611248399,"path_taken":["R","M","M","M","M","$","T","R","?","?","M","R","?","?","M","BOSS"],"items_purchased_type":["Card","Card"],"build_version":"2020-12-22","purchased_purges":0,"victory":false,"max_hp_per_floor":[70,70,70,70,70,70,70,70,70,70,70,70,70,70,70,70,70,70],"card_choices":[{"not_picked":["hexamod:GhostShield","hexamod:FlamesFromBeyond","hexamod:Haunt"],"picked":"SKIP","floor":2},{"not_picked":["hexamod:FlamesFromBeyond","hexamod:GhostOfSpireFuture"],"picked":"hexamod:ChargedBarrage","floor":3},{"not_picked":["hexamod:HauntingEcho","hexamod:DynamicBlow","hexamod:FastForward"],"picked":"SKIP","floor":4},{"not_picked":["hexamod:GhostLash","hexamod:SpectersWail"],"picked":"hexamod:SearingWound","floor":5},{"not_picked":["hexamod:StepThrough","hexamod:InspiringFlames","hexamod:NightmareGuise"],"picked":"SKIP","floor":6},{"not_picked":["hexamod:PowerFromBeyond","hexamod:HeatShield"],"picked":"hexamod:HeatMetal+1","floor":9},{"not_picked":["hexamod:InspiringFlames","hexamod:PowerFromBeyond"],"picked":"hexamod:PhantomFireball+1","floor":10},{"not_picked":["hexamod:BacktrackSmack+1","hexamod:NightmareGuise","hexamod:NightmareStrike+1"],"picked":"SKIP","floor":11},{"not_picked":["hexamod:GhostLash+1","hexamod:Hexaguard"],"picked":"hexamod:RadiantFlame","floor":15},{"not_picked":["hexamod:SwordOfDarkness+1","hexamod:BacktrackSmack+1","hexamod:FlamesFromBeyond"],"picked":"SKIP","floor":15}],"player_experience":555616,"relics_obtained":[{"floor":7,"key":"Molten Egg 2"},{"floor":9,"key":"conspire:DeflatedDodgeball"}],"event_choices":[{"damage_healed":0,"gold_gain":0,"player_choice":"Success","damage_taken":7,"relics_obtained":["Prayer Wheel"],"max_hp_gain":0,"max_hp_loss":0,"event_name":"Scrap Ooze","floor":14,"gold_loss":0}],"is_beta":false,"boss_relics":[],"items_purged_floors":[],"is_endless":false,"potions_floor_spawned":[9,11,15],"killed_by":"DF_ARCHETYPE_STREAMLINE","ascension_level":0}}