{"host":"wfkvcf4y4vkrpwe0","time":1611249282,"event":{"mods":["BaseMod","Conspire","Downfall","Hermit","Minty Spire (QoL Compilation)","StSLib","The Construct","The Cursed","The Disciple","The Hierophant","The Necromancer"],"gold_per_floor":[99,118,568,325,335,351,377,55,75,75,86,86,105,123,143,143,143,143],"floor_reached":16,"language":"ENG","playtime":836,"items_purged":["downfall:Icky","downfall:Icky"],"score":96,"play_id":"77d99b5a-08f9-4a82-b1d3-5834825f3034","local_time":"20210121171442","is_ascension_mode":false,"campfire_choices":[{"floor":1,"key":"RECALL"},{"floor":12,"key":"REST"}],"circlet_count":0,"master_deck":["hexamod:Strike","hexamod:Strike","hexamod:Strike","hexamod:Strike","hexamod:Defend","hexamod:Defend","hexamod:Defend","hexamod:Defend","hexamod:Sear+1","hexamod:Float","hexamod:HeatShield","downfall:Icky","hexamod:FlameSwitch","hexamod:ExtraCrispy","hexamod:Incineration","hexamod:HeatCrush","hexamod:HeatMetal","expansioncontent:QuickStudy","hexamod:SoulSteal","hexamod:SearingWound","hexamod:BurningTouch"],"relics":["hexamod:SpiritBrand","Vajra"],"acts_visited":["Exordium"],"potions_floor_usage":[16,16,16],"damage_taken":[{"damage":0,"enemies":"2 Louse","floor":2,"turns":3},{"damage":0,"enemies":"downfall:FleeingMerchant","floor":4,"turns":4},{"damage":10,"enemies":"Small Slimes","floor":5,"turns":4},{"damage":1,"enemies":"Cultist","floor":6,"turns":3},{"damage":10,"enemies":"downfall:FleeingMerchant","floor":8,"turns":4},{"damage":19,"enemies":"Blue Slaver","floor":9,"turns":3},{"damage":12,"enemies":"Gremlin Gang","floor":11,"turns":3},{"damage":9,"enemies":"Exordium Wildlife","floor":13,"turns":3},{"damage":13,"enemies":"Red Slaver","floor":14,"turns":3},{"damage":19,"enemies":"Blue Slaver","floor":15,"turns":3},{"damage":23,"enemies":"SI_SHIV_ARCHETYPE","floor":16,"turns":5}],"seed_played":"-497128605559448491","potions_obtained":[{"floor":5,"key":"FearPotion"},{"floor":11,"key":"hexamod:InfernoChargePotion"},{"floor":13,"key":"DuplicationPotion"}],"is_trial":false,"path_per_floor":["R","M","?","$","M","M","T","$","M","?","M","R","M","M","M","B"],"character_chosen":"THE_SPIRIT","items_purchased":["hexamod:FlameSwitch","hexamod:HeatMetal","expansioncontent:QuickStudy"],"campfire_rested":1,"item_purchase_floors":[4,8,8],"current_hp_per_floor":[70,70,70,70,60,59,59,49,30,53,41,62,53,40,21,0,0,0],"gold":143,"neow_bonus":"UPGRADE_CARD","is_daily":false,"chose_seed":false,"campfire_upgraded":0,"win_rate":0.0,"timestamp":1611249282,"path_taken":["R","M","?","$","M","M","T","$","M","?","M","R","M","M","M","BOSS"],"items_purchased_type":["Card","Card","Card"],"build_version":"2020-12-22","purchased_purges":2,"victory":false,"max_hp_per_floor":[70,70,70,70,70,70,70,70,70,70,70,70,70,70,70,70,70,70],"card_choices":[{"not_picked":["hexamod:GhostLash","hexamod:HauntingEcho"],"picked":"hexamod:HeatShield","floor":2},{"not_picked":["hexamod:FlamesFromBeyond","hexamod:HauntingEcho","hexamod:InspiringFlames"],"picked":"SKIP","floor":4},{"not_picked":["hexamod:Firestarter","hexamod:FastForward"],"picked":"hexamod:ExtraCrispy","floor":5},{"not_picked":["hexamod:FlamesFromBeyond","hexamod:InspiringFlames"],"picked":"hexamod:Incineration","floor":6},{"not_picked":["hexamod:AdvancingGuard","hexamod:StepThrough"],"picked":"hexamod:HeatCrush","floor":8},{"not_picked":["hexamod:NightmareStrike","hexamod:ShieldOfDarkness"],"picked":"hexamod:SoulSteal","floor":9},{"not_picked":["hexamod:GhostShield","hexamod:SpectersWail","hexamod:ThermalTransfer"],"picked":"SKIP","floor":11},{"not_picked":["hexamod:SwordOfDarkness","hexamod:GhostOfSpireFuture"],"picked":"hexamod:SearingWound","floor":13},{"not_picked":["hexamod:HeatCrush","hexamod:FlamesFromBeyond"],"picked":"hexamod:BurningTouch","floor":14},{"not_picked":["hexamod:ShieldOfDarkness","hexamod:EtherealExpedition","hexamod:HeatMetal"],"picked":"SKIP","floor":15}],"player_experience":556254,"relics_obtained":[{"floor":7,"key":"Vajra"}],"event_choices":[{"damage_healed":23,"gold_gain":0,"player_choice":"Banana","damage_taken":0,"max_hp_gain":0,"max_hp_loss":0,"event_name":"Big Fish","floor":10,"gold_loss":0}],"is_beta":false,"boss_relics":[],"items_purged_floors":[4,8],"is_endless":false,"potions_floor_spawned":[5,11,13,15],"killed_by":"SI_SHIV_ARCHETYPE","ascension_level":0}}