{"host":"o6rpelx2jpc8yies","time":1611210124,"event":{"mods":["BaseMod","Downfall","Minty Spire (QoL Compilation)","StSLib"],"gold_per_floor":[99,112,112,123,136,156,156,182,82,92,29,29,29,55,67,163,163,63,82,102,115,132,132,132,152,152,152,152],"floor_reached":26,"language":"ENG","playtime":6360,"items_purged":[],"score":333,"play_id":"f18bfd0f-95b9-450a-ae17-9fda846c46b8","local_time":"20210120232204","is_ascension_mode":true,"campfire_choices":[{"floor":1.0,"key":"RECALL"},{"data":"Guardian:ShieldCharger","floor":9.0,"key":"SMITH"},{"data":"Guardian:CurlUp","floor":18.0,"key":"SMITH"},{"floor":23.0,"key":"REST"}],"circlet_count":0,"master_deck":["Guardian:Strike_Guardian","Guardian:Strike_Guardian","Guardian:Defend_Guardian","Guardian:Defend_Guardian","Guardian:CurlUp+1","Guardian:TwinSlam","Guardian:VentSteam","Guardian:TimeCapacitor","Guardian:ShieldCharger+1","Guardian:TimeBomb","Guardian:PiercingHide","Guardian:ExploitGems","Guardian:TemporalShield+1","Guardian:Recover+1","Guardian:TemporalStrike","Guardian:GatlingBeam","Guardian:CrystalBeam+1","Guardian:GuardianWhirl+1","Guardian:Orbwalk+1","Guardian:BronzeOrb"],"relics":["Guardian:ModeShifter","Toxic Egg 2","Letter Opener","downfall:HeartBlessingRed","Boot","SlaversCollar","downfall:HeartBlessingGreen","Guardian:StasisCodex"],"acts_visited":["Exordium","TheCity"],"potions_floor_usage":[26],"damage_taken":[{"damage":0.0,"enemies":"2 Louse","floor":2.0,"turns":4.0},{"damage":0.0,"enemies":"Cultist","floor":4.0,"turns":5.0},{"damage":7.0,"enemies":"Jaw Worm","floor":5.0,"turns":6.0},{"damage":4.0,"enemies":"2 Fungi Beasts","floor":6.0,"turns":6.0},{"damage":0.0,"enemies":"3 Sentries","floor":8.0,"turns":2.0},{"damage":19.0,"enemies":"Lots of Slimes","floor":10.0,"turns":3.0},{"damage":0.0,"enemies":"downfall:FleeingMerchant","floor":11.0,"turns":4.0},{"damage":21.0,"enemies":"Gremlin Nob","floor":14.0,"turns":6.0},{"damage":11.0,"enemies":"Exordium Thugs","floor":15.0,"turns":5.0},{"damage":17.0,"enemies":"DF_ARCHETYPE_STREAMLINE","floor":16.0,"turns":9.0},{"damage":4.0,"enemies":"Shell Parasite","floor":19.0,"turns":7.0},{"damage":7.0,"enemies":"3 Byrds","floor":20.0,"turns":4.0},{"damage":14.0,"enemies":"Centurion and Healer","floor":21.0,"turns":3.0},{"damage":31.0,"enemies":"Chosen and Byrds","floor":22.0,"turns":6.0},{"damage":25.0,"enemies":"Snake Plant","floor":25.0,"turns":5.0},{"damage":14,"enemies":"Gremlin Leader","floor":26,"turns":1}],"seed_played":"-235417130420215251","potions_obtained":[{"floor":2.0,"key":"Dexterity Potion"},{"floor":4.0,"key":"Ancient Potion"},{"floor":5.0,"key":"AttackPotion"},{"floor":15.0,"key":"SteroidPotion"},{"floor":22.0,"key":"ColorlessPotion"},{"floor":25.0,"key":"hexamod:SoulburnPotion"}],"is_trial":false,"path_per_floor":["R","M","?","M","M","M","T","E","R","M","$","?","?","E","M","B",null,"R","M","M","M","M","R","T","M","E"],"character_chosen":"GUARDIAN","items_purchased":["Guardian:Gem_Green"],"campfire_rested":1,"item_purchase_floors":[11],"current_hp_per_floor":[80,80,80,80,73,69,69,69,69,50,50,50,50,29,18,1,66,66,62,55,41,10,36,36,11,0,0,0],"gold":152,"neow_bonus":"TEN_PERCENT_HP_BONUS","is_daily":false,"chose_seed":false,"campfire_upgraded":2,"win_rate":0.0,"timestamp":1611210124,"path_taken":["R","M","?","?","M","M","T","E","R","M","$","?","?","E","M","BOSS","R","M","M","M","M","R","T","?","E"],"items_purchased_type":["Card"],"build_version":"2020-12-22","purchased_purges":0,"victory":false,"max_hp_per_floor":[88,88,88,88,88,88,88,88,88,88,88,88,88,88,88,88,88,88,88,88,88,88,88,88,88,88,88,88],"card_choices":[{"not_picked":["Guardian:TimeCapacitor","Guardian:ChargeCore"],"picked":"Guardian:VentSteam","floor":2.0},{"not_picked":["Guardian:Preprogram","Guardian:Repulse"],"picked":"Guardian:Gem_Red","floor":4.0},{"not_picked":["Guardian:Suspension","Guardian:Gem_Fragmented"],"picked":"Guardian:PiercingHide","floor":5.0},{"not_picked":["Guardian:Planning","Guardian:PiercingHide"],"picked":"Guardian:ExploitGems","floor":6.0},{"not_picked":["Guardian:GuardianWhirl","Guardian:ArmoredProtocol"],"picked":"Guardian:Gem_Lightblue","floor":8.0},{"not_picked":["Guardian:Clone+1","Guardian:PrimingBeam"],"picked":"Guardian:TemporalShield+1","floor":10.0},{"not_picked":["Guardian:Incinerate","Guardian:WalkerClaw"],"picked":"Guardian:Recover+1","floor":11.0},{"not_picked":["Guardian:SentryBeam","Guardian:RevengeProtocol"],"picked":"Guardian:TemporalStrike","floor":14.0},{"not_picked":["Guardian:FuturePlans","Guardian:CrystalBeam"],"picked":"Guardian:Gem_White","floor":15.0},{"not_picked":["Guardian:ExploitGems+1","Guardian:SphericShield+1"],"picked":"Guardian:GatlingBeam","floor":16.0},{"not_picked":["Guardian:Reroute","Guardian:RollAttack"],"picked":"Guardian:CrystalBeam+1","floor":19.0},{"not_picked":["Guardian:Gem_Lightblue","Guardian:TimeBomb+1"],"picked":"Guardian:GuardianWhirl+1","floor":20.0},{"not_picked":["Guardian:Gem_Lightblue","Guardian:Recover+1","Guardian:WalkerClaw"],"picked":"SKIP","floor":21.0},{"not_picked":["Guardian:Incinerate","Guardian:DonusPower+1"],"picked":"Guardian:Orbwalk+1","floor":22.0},{"not_picked":["Guardian:TemporalStrike+1","Guardian:ShieldCharger+1"],"picked":"Guardian:BronzeOrb","floor":25.0}],"player_experience":1794584,"relics_obtained":[{"floor":7.0,"key":"Toxic Egg 2"},{"floor":8.0,"key":"Letter Opener"},{"floor":14.0,"key":"Boot"},{"floor":24.0,"key":"Guardian:StasisCodex"}],"event_choices":[{"cards_removed":["Guardian:Defend_Guardian"],"damage_healed":0.0,"max_hp_gain":0.0,"max_hp_loss":0.0,"gold_gain":0.0,"event_name":"Bonfire Elementals","player_choice":"Offered Basic","floor":13.0,"gold_loss":0.0,"damage_taken":0.0}],"is_beta":false,"boss_relics":[{"not_picked":["Calling Bell","Sozu"],"picked":"SlaversCollar"}],"items_purged_floors":[],"is_endless":false,"potions_floor_spawned":[2,4,5,6,15,22,25],"killed_by":"Gremlin Leader","ascension_level":7}}