{"host":"4amcrcg6ktw8dbzk","time":1611231982,"event":{"mods":["ATMod(°¢èªMod)","BaseMod","Dota2Spire","Minty Spire (QoL Compilation)","MostiFishMod","Spicy Shops","StSLib","Waifu the Spire"],"gold_per_floor":[116,133,72,72,72,72,108,108,108,108,142,180,196,235,235,329,329,329],"floor_reached":17,"language":"ZHS","playtime":397,"items_purged":[],"score":592,"play_id":"8575b66a-4458-4d4e-b6b6-9c452c1d6a07","local_time":"20210121202622","is_ascension_mode":true,"campfire_choices":[{"data":"Eruption","floor":6,"key":"SMITH"},{"data":"MostiFishMod:LegendTransform","floor":8,"key":"SMITH"},{"data":"AT_FamilyPortrait","floor":10,"key":"SMITH"},{"data":"Tantrum","floor":15,"key":"SMITH"}],"circlet_count":0,"master_deck":["AscendersBane","Strike_P","Strike_P","Strike_P","Strike_P","Defend_P","Defend_P","Defend_P+1","Defend_P","Eruption+1","Vigilance","AT_FamilyPortrait+1","AT_OneInchPunch+1","FlurryOfBlows","MostiFishMod:LegendTransform+1","LessonLearned","Tantrum+1","AT_MachinaRedman"],"relics":["PureWater","DaveBox","AT_ATBox","OneHitWonderSystem","NeowsBlessing","SynthV:TestCard","Golden Idol","AT_GoldPhoenixTree","Juzu Bracelet","Odd Mushroom","Dota2Spire:BattleFury","Omamori","RhineCircuit"],"acts_visited":["Exordium","TheCity"],"potions_floor_usage":[],"damage_taken":[{"damage":0,"enemies":"Cultist","floor":1,"turns":1},{"damage":0,"enemies":"2 Louse","floor":2,"turns":1},{"damage":0,"enemies":"Gremlin Nob","floor":7,"turns":1},{"damage":0,"enemies":"The Mushroom Lair","floor":11,"turns":2},{"damage":0,"enemies":"3 Sentries","floor":12,"turns":6},{"damage":0,"enemies":"Jaw Worm","floor":13,"turns":2},{"damage":0,"enemies":"Lagavulin","floor":14,"turns":5},{"damage":0,"enemies":"Hexaghost","floor":16,"turns":5}],"seed_played":"3967834051031453968","potions_obtained":[{"floor":1,"key":"Block Potion"},{"floor":12,"key":"StancePotion"},{"floor":16,"key":"EntropicBrew"}],"is_trial":false,"path_per_floor":["M","M","?","?","?","R","E","R","T","R","?","E","M","E","R","B",null],"character_chosen":"WATCHER","items_purchased":[],"campfire_rested":0,"item_purchase_floors":[],"current_hp_per_floor":[1,1,1,1,1,1,1,1,1,1,1,1,1,1,1,1,1,1],"gold":329,"neow_bonus":"THREE_ENEMY_KILL","is_daily":false,"chose_seed":false,"campfire_upgraded":4,"win_rate":0.0,"timestamp":1611231982,"path_taken":["M","?","?","?","?","R","E","R","T","R","?","E","M","E","R","BOSS"],"items_purchased_type":[],"build_version":"2020-12-22","purchased_purges":0,"victory":false,"max_hp_per_floor":[1,1,1,1,1,1,1,1,1,1,1,1,1,1,1,1,1,1],"card_choices":[{"not_picked":["MostiFishMod:FlowState","Consecrate"],"picked":"AT_OneInchPunch","floor":1},{"not_picked":["BattleHymn","ThirdEye","AT_ChampionStep","Prostrate"],"picked":"FlurryOfBlows","floor":2},{"not_picked":["BowlingBash","AT_DivineConfetti","Protect","SashWhip"],"picked":"MostiFishMod:LegendTransform","floor":7},{"not_picked":["Wireheading","Adaptation","Evaluate","CarveReality"],"picked":"LessonLearned","floor":11},{"not_picked":["PathToVictory","Evaluate","Consecrate","Protect","Blasphemy"],"picked":"SKIP","floor":12},{"not_picked":["Nirvana","ForeignInfluence","AT_SoftenMuscles","ThirdEye","FlyingSleeves"],"picked":"SKIP","floor":13},{"not_picked":["Evaluate","FearNoEvil","FollowUp","MostiFishMod:Clarity"],"picked":"Tantrum","floor":14},{"not_picked":["MasterReality","LessonLearned","MostiFishMod:Minus","MostiFishMod:Pointsdynamics"],"picked":"AT_MachinaRedman","floor":16}],"player_experience":366604,"relics_obtained":[{"floor":1,"key":"SynthV:TestCard"},{"floor":7,"key":"AT_GoldPhoenixTree"},{"floor":9,"key":"Juzu Bracelet"},{"floor":11,"key":"Odd Mushroom"},{"floor":12,"key":"Dota2Spire:BattleFury"},{"floor":14,"key":"Omamori"}],"event_choices":[{"damage_healed":0,"gold_gain":0,"player_choice":"Left Gold","damage_taken":0,"max_hp_gain":0,"max_hp_loss":0,"event_name":"World of Goop","floor":3,"gold_loss":61},{"damage_healed":0,"gold_gain":0,"player_choice":"Fled","damage_taken":0,"max_hp_gain":0,"max_hp_loss":0,"event_name":"Scrap Ooze","floor":4,"gold_loss":0},{"damage_healed":0,"gold_gain":0,"player_choice":"Take Damage","damage_taken":0,"relics_obtained":["Golden Idol"],"max_hp_gain":0,"max_hp_loss":0,"event_name":"Golden Idol","floor":5,"gold_loss":0},{"damage_healed":0,"gold_gain":0,"player_choice":"Fought Mushrooms","damage_taken":0,"max_hp_gain":0,"max_hp_loss":0,"event_name":"Mushrooms","floor":11,"gold_loss":0}],"is_beta":false,"boss_relics":[{"not_picked":["Runic Dome","FeatherPendant"],"picked":"RhineCircuit"}],"items_purged_floors":[],"is_endless":false,"potions_floor_spawned":[1,12,14,16],"ascension_level":20}}