{"host":"dubvjd3hvlwuhjqk","time":1611235338,"event":{"mods":["AchievementEnabler","BaseMod","Better Match","Better Third Choice","BetterRewards","ChefMod","Colored Map","Colored Powertips","Conspire","Curses Come First","Downfall","Energized Spire","Googly Eyes","GungeonMod","Hermit","Hubris","Infinite Spire","JesterMod","Minty Spire (QoL Compilation)","Permanent Neow","Quick Restart","Robot Space Explorer","Shade Mod","Shop Mod","StSLib","The Bladedancer","The Cursed","The Hayseed","The Jungle","TheBandit","UnlockEverythingMod","egg"],"gold_per_floor":[117,127,127,145,69,88,88,88,88,88,88,88,88,103,103,204,204,219,232,232,232,10,10,22,35,35,61,75,75,104,120,120,223,173,185,185,235,252,272,298,298,43,43,43,53,53,65,85,85,85],"floor_reached":51,"language":"ENG","playtime":2481,"items_purged":["downfall:Bewildered","jesterMod:Strike","downfall:Haunted"],"score":809,"play_id":"3af5901c-234e-41a5-94b3-07d56d09beea","local_time":"20210121152218","is_ascension_mode":false,"campfire_choices":[{"data":"jesterMod:Disposophobia","floor":7,"key":"SMITH"},{"data":"jesterMod:Prankster","floor":11,"key":"SMITH"},{"data":"jesterMod:Haste","floor":13,"key":"SMITH"},{"data":"jesterMod:Mending","floor":15,"key":"SMITH"},{"data":"jesterMod:QuickStrike","floor":23,"key":"SMITH"},{"floor":32,"key":"REST"},{"floor":41,"key":"REST"},{"floor":46,"key":"REST"},{"data":"jesterMod:Precipitation","floor":49,"key":"SMITH"}],"circlet_count":0,"master_deck":["jesterMod:Strike","jesterMod:Strike","jesterMod:Strike","jesterMod:Sickle","jesterMod:Defend","jesterMod:Defend","jesterMod:Defend","jesterMod:Defend","jesterMod:Dodge+1","jesterMod:QuickStrike+1","jesterMod:Disposophobia+1","jesterMod:Prankster+1","jesterMod:Haste+1","jesterMod:Mending+1","jesterMod:Precipitation+1","jesterMod:Pause+1","jesterMod:Squander","jesterMod:Strike","jesterMod:ExperimentalTreatment","jesterMod:Unleash+1","jesterMod:BouncingKnife","jesterMod:Precipitation+1","jesterMod:Disposophobia+1","jesterMod:Disposophobia+1","hubris:Wrath"],"relics":["jesterMod:JesterCap","DemoMod:ResourcefulSack","Tough Bandages","energizedSpire:CursedPentagram","sneckomod:BabySnecko","Tiny Chest","conspire:TopHat","Singing Bowl","infinitespire:WardingShard","infinitespire:Golems Mask","energizedSpire:HugeHouse","hubris:FunFungus","Vajra","DollysMirror","Lizard Tail"],"acts_visited":["Exordium","TheCity","TheBeyond"],"potions_floor_usage":[16,31,31,40,40,50,50],"damage_taken":[{"damage":0,"enemies":"2 Louse","floor":1,"turns":2},{"damage":0,"enemies":"Cultist","floor":2,"turns":3},{"damage":9,"enemies":"Small Slimes","floor":4,"turns":3},{"damage":9,"enemies":"2 Fungi Beasts","floor":6,"turns":3},{"damage":2,"enemies":"Blue Slaver","floor":14,"turns":3},{"damage":0,"enemies":"Hexaghost","floor":16,"turns":10},{"damage":4,"enemies":"Spheric Guardian","floor":18,"turns":4},{"damage":14,"enemies":"2 Thieves","floor":19,"turns":3},{"damage":0,"enemies":"conspire:HollyBat","floor":24,"turns":5},{"damage":16,"enemies":"Centurion and Healer","floor":25,"turns":4},{"damage":0,"enemies":"Book of Stabbing","floor":27,"turns":4},{"damage":0,"enemies":"Snecko","floor":28,"turns":4},{"damage":0,"enemies":"conspire:SneckoGhost","floor":30,"turns":5},{"damage":9,"enemies":"Snake Plant","floor":31,"turns":3},{"damage":25,"enemies":"hubris:MusketHawk","floor":33,"turns":7},{"damage":15,"enemies":"3 Shapes","floor":35,"turns":3},{"damage":0,"enemies":"Mind Bloom Boss Battle","floor":37,"turns":6},{"damage":0,"enemies":"Orb Walker","floor":38,"turns":3},{"damage":5,"enemies":"Jaw Worm Horde","floor":39,"turns":3},{"damage":43,"enemies":"Nemesis","floor":40,"turns":6},{"damage":18,"enemies":"Writhing Mass","floor":45,"turns":4},{"damage":0,"enemies":"4 Shapes","floor":47,"turns":4},{"damage":0,"enemies":"Maw","floor":48,"turns":5},{"damage":63,"enemies":"Donu and Deca","floor":50,"turns":8}],"seed_played":"-1900091029578364551","potions_obtained":[{"floor":4,"key":"EssenceOfSteel"},{"floor":14,"key":"DemoMod:LeadSkinPotion"},{"floor":24,"key":"Explosive Potion"},{"floor":25,"key":"Weak Potion"},{"floor":31,"key":"champ:CounterPotion"},{"floor":33,"key":"bronze:BurnAndBuffPotion"},{"floor":39,"key":"Guardian:BlockOnCardUsePotion"},{"floor":45,"key":"Strength Potion"}],"is_trial":false,"path_per_floor":["M","M","?","M","$","M","R","?","T","?","R","$","R","M","R","B",null,"M","M","?","?","$","R","M","M","T","E","M","AVR","E","M","R","B",null,"M","?","?","M","M","E","R","$","T","$","M","R","M","M","R","B",null],"character_chosen":"THE_JESTER","items_purchased":["jesterMod:Haste","Tiny Chest","DollysMirror"],"campfire_rested":3,"item_purchase_floors":[5,22,42],"current_hp_per_floor":[63,63,63,54,54,45,45,45,45,45,45,45,45,43,43,43,63,59,45,45,45,45,45,45,29,29,31,33,33,33,24,44,19,62,49,49,49,51,50,15,33,33,33,33,22,41,44,54,54,39],"gold":85,"neow_bonus":"ONE_RARE_RELIC","is_daily":false,"chose_seed":false,"campfire_upgraded":6,"win_rate":0.0,"timestamp":1611235338,"path_taken":["M","M","?","M","?","M","R","?","T","?","R","?","R","M","R","BOSS","M","M","?","?","$","R","M","M","T","E","M","AVR","E","M","R","BOSS","M","?","?","M","M","E","R","$","T","?","M","R","M","M","R","BOSS"],"items_purchased_type":["Card","Relic","Relic"],"build_version":"2020-12-22","purchased_purges":3,"victory":true,"max_hp_per_floor":[63,63,63,63,63,63,63,63,63,63,63,63,63,63,63,63,63,63,63,63,63,63,63,63,63,63,65,67,67,67,67,67,67,62,64,61,61,61,61,63,63,63,63,63,65,65,65,67,67,67],"card_choices":[{"not_picked":["jesterMod:Mending","jesterMod:Arrythmia"],"picked":"jesterMod:QuickStrike","floor":1},{"not_picked":["jesterMod:JackInTheBox","jesterMod:DanceOfChaos"],"picked":"jesterMod:Disposophobia","floor":2},{"not_picked":["jesterMod:Precipitation","jesterMod:Mending"],"picked":"jesterMod:Prankster","floor":4},{"not_picked":["jesterMod:Discretion","jesterMod:RecklessStrike","jesterMod:Talion"],"picked":"SKIP","floor":6},{"not_picked":["jesterMod:Hide","jesterMod:Patience"],"picked":"jesterMod:Mending","floor":14},{"not_picked":["jesterMod:LaughingGas","jesterMod:HedgehogForm"],"picked":"jesterMod:Finale","floor":16},{"not_picked":["jesterMod:DaggerRain+1","jesterMod:DanceOfChaos","jesterMod:JackInTheBox"],"picked":"SKIP","floor":18},{"not_picked":["jesterMod:DesperateStrike","jesterMod:MudBall","jesterMod:Tinker"],"picked":"SKIP","floor":19},{"not_picked":["jesterMod:OblivionStrike+1","jesterMod:Illness","jesterMod:Prankster"],"picked":"SKIP","floor":24},{"not_picked":["jesterMod:Tinker","jesterMod:Hide","jesterMod:Loot"],"picked":"SKIP","floor":25},{"not_picked":["jesterMod:DancingMad","jesterMod:Procrastination+1","jesterMod:DanceOfChaos+1"],"picked":"Singing Bowl","floor":27},{"not_picked":["jesterMod:RecklessStrike","jesterMod:Feint","jesterMod:MudBall"],"picked":"Singing Bowl","floor":28},{"not_picked":["jesterMod:Feint","jesterMod:Anticipation"],"picked":"jesterMod:Precipitation","floor":30},{"not_picked":["jesterMod:Mending","jesterMod:Swiftness"],"picked":"jesterMod:Pause+1","floor":31},{"not_picked":["jesterMod:Momentum","jesterMod:Finale"],"picked":"jesterMod:Squander","floor":33},{"not_picked":["jesterMod:OblivionStrike+1","jesterMod:Procrastination+1","jesterMod:Arrythmia+1"],"picked":"Singing Bowl","floor":35},{"not_picked":["jesterMod:Patience","jesterMod:RecklessStrike+1"],"picked":"jesterMod:Unleash+1","floor":37},{"not_picked":["jesterMod:Exasperation","jesterMod:TrickyDodge"],"picked":"jesterMod:BouncingKnife","floor":38},{"not_picked":["jesterMod:OblivionStrike","jesterMod:Twirl+1"],"picked":"jesterMod:Precipitation+1","floor":39},{"not_picked":["jesterMod:Anticipation+1","jesterMod:HitAndRun+1","jesterMod:SmokeScreen"],"picked":"Singing Bowl","floor":40},{"not_picked":["jesterMod:Rebuff","jesterMod:Procrastination","jesterMod:JackInTheBox"],"picked":"Singing Bowl","floor":45},{"not_picked":["jesterMod:SwiftDodge+1","jesterMod:Frenzy"],"picked":"jesterMod:Disposophobia+1","floor":47},{"not_picked":["jesterMod:Rebuff","jesterMod:DesperateStrike+1","jesterMod:Feint+1"],"picked":"Singing Bowl","floor":48}],"player_experience":89305,"relics_obtained":[{"floor":9,"key":"Tough Bandages"},{"floor":26,"key":"conspire:TopHat"},{"floor":27,"key":"Singing Bowl"},{"floor":30,"key":"infinitespire:Golems Mask"},{"floor":37,"key":"hubris:FunFungus"},{"floor":40,"key":"Vajra"},{"floor":43,"key":"Lizard Tail"}],"event_choices":[{"damage_healed":0,"gold_gain":0,"player_choice":"Ignored","damage_taken":0,"max_hp_gain":0,"max_hp_loss":0,"event_name":"NoteForYourself","floor":3,"gold_loss":0},{"damage_healed":0,"gold_gain":0,"player_choice":"Leave","damage_taken":0,"max_hp_gain":0,"max_hp_loss":0,"event_name":"conspire:Investor","floor":8,"gold_loss":0},{"damage_healed":0,"gold_gain":0,"player_choice":"Disagree","damage_taken":0,"max_hp_gain":0,"max_hp_loss":0,"event_name":"conspire:LoneGhost","floor":10,"gold_loss":0},{"damage_healed":0,"gold_gain":0,"player_choice":"Max HP","damage_taken":0,"max_hp_gain":0,"max_hp_loss":3,"event_name":"Winding Halls","floor":36,"gold_loss":0},{"damage_healed":0,"gold_gain":0,"player_choice":"Fight","damage_taken":0,"max_hp_gain":0,"max_hp_loss":0,"event_name":"MindBloom","floor":37,"gold_loss":0}],"is_beta":false,"boss_relics":[{"not_picked":["conspire:SeveredTorchhead","conspire:RunicOctahedron"],"picked":"energizedSpire:CursedPentagram"},{"not_picked":["energizedSpire:SpiderWeb","Coffee Dripper"],"picked":"energizedSpire:HugeHouse"}],"items_purged_floors":[22,29,42],"is_endless":false,"potions_floor_spawned":[4,14,24,25,31,33,39,45],"ascension_level":0}}