{"host":"nsz9w3nbq5dzmcfk","time":1611272043,"event":{"mods":["AchievementEnabler","Bard","Bartender","BaseMod","Beaked The Cultist","Better Skull","Better Third Choice","Block Reminder","Card Forge","Challenge The Spire","Colored Map","DeckTracker","Downfall","Gremlin Mod","Gremlin Skip","Hermit","Magitek Elite","Marked Mod","Minty Spire (QoL Compilation)","Quick Restart","Robot Space Explorer","Shade Mod","StSLib","Td1madao Mod","The Bladedancer","The Bug Knight","The Clintock","The Construct","The Dragon Tamer","The Edgeheg","The Exalted","The Florist","The Hayseed","The Hierophant","The IronCluck","The Judge","The Jungle","The Marked","The Necromancer","The Spell Scribe"],"gold_per_floor":[80,37,37,37,60,60,60,84,84,123,123,154,177,196,196,196,196],"floor_reached":16,"language":"ENG","playtime":453,"items_purged":[],"score":160,"play_id":"46e1733b-82a8-4beb-9068-db6a3548ef4f","local_time":"20210121183403","is_ascension_mode":false,"campfire_choices":[{"floor":6,"key":"REST"},{"floor":15,"key":"REST"}],"circlet_count":0,"master_deck":["theEdgeheg:StarterShootAttack+1","theEdgeheg:StarterShootAttack+1","theEdgeheg:StarterShootAttack+1","theEdgeheg:StarterShootAttack+1","theEdgeheg:StarterDodgeSkill+1","theEdgeheg:StarterDodgeSkill+1","theEdgeheg:StarterDodgeSkill+1","theEdgeheg:BloodyKatana+1","theEdgeheg:ChaosControlSkill+1","theEdgeheg:GatherChaos+1","theEdgeheg:Butt+1","theEdgeheg:QuickDraw+1","theEdgeheg:Grr+1","theEdgeheg:KatanaGF+1","theEdgeheg:Shotgun+1","theEdgeheg:QuickKatana+1"],"relics":["theEdgeheg:UltimateLifeformRelic","theEdgeheg:GreenEmeraldRelic","Seething Fire","Anvil of the Gods","NeowsBlessing","Golden Idol","Choco_Feather","Bromod:ArcaneMomentum","Pantograph","Oddly Smooth Stone"],"acts_visited":["Exordium"],"potions_floor_usage":[],"damage_taken":[{"damage":0,"enemies":"Small Slimes","floor":1,"turns":1},{"damage":0,"enemies":"Jaw Worm","floor":5,"turns":1},{"damage":0,"enemies":"Cultist","floor":8,"turns":1},{"damage":0,"enemies":"Lagavulin","floor":10,"turns":7},{"damage":0,"enemies":"Gremlin Nob","floor":12,"turns":3},{"damage":1,"enemies":"Looter","floor":13,"turns":3},{"damage":1,"enemies":"Blue Slaver","floor":14,"turns":2},{"damage":2,"enemies":"The Guardian","floor":16,"turns":5}],"seed_played":"1931589044762567007","potions_obtained":[{"floor":8,"key":"construct:ShiftPotion"},{"floor":10,"key":"Strength Potion"}],"is_trial":false,"path_per_floor":["M","?","?","?","M","R","?","M","T","E","T","E","M","M","R","B"],"character_chosen":"THE_DEFAULT","items_purchased":[],"campfire_rested":2,"item_purchase_floors":[],"current_hp_per_floor":[4,4,4,4,4,5,5,5,5,5,5,5,4,3,4,3,3],"gold":196,"neow_bonus":"THREE_ENEMY_KILL","is_daily":false,"chose_seed":false,"campfire_upgraded":0,"win_rate":0.0,"timestamp":1611272043,"path_taken":["M","?","?","?","?","R","?","M","T","E","?","E","M","M","R","BOSS"],"items_purchased_type":[],"build_version":"2020-12-22","purchased_purges":0,"victory":false,"max_hp_per_floor":[5,5,5,5,5,5,5,5,5,5,5,5,5,5,5,5,5],"card_choices":[{"not_picked":["theEdgeheg:TimmyBackflip","theEdgeheg:Parry"],"picked":"theEdgeheg:Butt","floor":1},{"not_picked":["theEdgeheg:PlayRandomCard","theEdgeheg:BlackKatana"],"picked":"theEdgeheg:QuickDraw","floor":5},{"not_picked":["theEdgeheg:QuickKatana","theEdgeheg:Parry"],"picked":"theEdgeheg:Grr","floor":8},{"not_picked":["theEdgeheg:DrawGun","theEdgeheg:Tsk"],"picked":"theEdgeheg:KatanaGF","floor":10},{"not_picked":["theEdgeheg:Fastness","theEdgeheg:Heh","theEdgeheg:SkateboardTrick"],"picked":"SKIP","floor":12},{"not_picked":["theEdgeheg:Grr","theEdgeheg:SkateboardTrick"],"picked":"theEdgeheg:Shotgun","floor":13},{"not_picked":["theEdgeheg:Heh","theEdgeheg:PlayRandomCard"],"picked":"theEdgeheg:QuickKatana","floor":14}],"player_experience":469513,"relics_obtained":[{"floor":9,"key":"Choco_Feather"},{"floor":10,"key":"Bromod:ArcaneMomentum"},{"floor":11,"key":"Pantograph"},{"floor":12,"key":"Oddly Smooth Stone"}],"event_choices":[{"damage_healed":0,"gold_gain":0,"player_choice":"Left","damage_taken":0,"max_hp_gain":0,"max_hp_loss":0,"event_name":"betterThird:BetterGoop","floor":2,"gold_loss":43},{"damage_healed":0,"gold_gain":0,"player_choice":"Take Wound","damage_taken":0,"relics_obtained":["Golden Idol"],"max_hp_gain":0,"max_hp_loss":0,"event_name":"Golden Idol","floor":3,"gold_loss":0,"cards_obtained":["Injury"]},{"damage_healed":0,"gold_gain":0,"player_choice":"Leave","damage_taken":0,"max_hp_gain":0,"max_hp_loss":0,"event_name":"The Cleric","floor":4,"gold_loss":0}],"is_beta":false,"boss_relics":[],"items_purged_floors":[],"is_endless":false,"potions_floor_spawned":[8,10],"killed_by":"The Guardian","ascension_level":0}}