{"host":"9slw7l0ws16384qq","time":1611253312,"event":{"mods":["A Penny For Your Troubles","BaseMod","Colored Map","Evolution","Hubris","Minty Spire (QoL Compilation)","Replay The Spire","Shedinja","StS++","StSLib","The Dragon Tamer","The Marked"],"gold_per_floor":[115,126,126,139,343,343,358,358,358,378,378,395,409,107,107,204,204,220,220,19,36,51,71,85,112,136,136,136,136,73,148,148,148,148,148,148],"floor_reached":35,"language":"FRA","playtime":1193,"items_purged":["Defend_R","Strike_R","Defend_R"],"score":294,"play_id":"efe71990-45bf-4405-a6d0-e87b99a6ab37","local_time":"20210121192152","is_ascension_mode":false,"campfire_choices":[{"data":"Rampage","floor":6,"key":"SMITH"},{"data":"Iron Wave","floor":8,"key":"SMITH"},{"data":"Iron Wave","floor":11,"key":"SMITH"},{"floor":15,"key":"DIG"},{"data":"Replay:Many Hands","floor":29,"key":"SMITH"}],"circlet_count":0,"master_deck":["Iron Wave+1","Iron Wave+1","Iron Wave","Defend_R","Defend_R","Bash","Rampage+1","StSpp:Jab","ReplayTheSpireMod:Stacked","Replay:Many Hands+1","StSpp:Jab+1"],"relics":["Burning Blood","EVO:Axolotl","Strawberry","Tiny Chest","Magic Flower","hubris:Backtick","StSpp:XCola","Membership Card","White Beast Statue","Potion Belt"],"acts_visited":["Exordium","TheCity"],"potions_floor_usage":[21],"damage_taken":[{"damage":0,"enemies":"Small Slimes","floor":1,"turns":3},{"damage":0,"enemies":"2 Louse","floor":2,"turns":2},{"damage":1,"enemies":"Cultist","floor":4,"turns":3},{"damage":0,"enemies":"Exordium Wildlife","floor":7,"turns":4},{"damage":0,"enemies":"Blue Slaver","floor":10,"turns":5},{"damage":2,"enemies":"3 Louse","floor":12,"turns":4},{"damage":3,"enemies":"2 Fungi Beasts","floor":13,"turns":3},{"damage":47,"enemies":"Slime Boss","floor":16,"turns":12},{"damage":2,"enemies":"2 Thieves","floor":18,"turns":3},{"damage":0,"enemies":"3 Byrds","floor":21,"turns":4},{"damage":0,"enemies":"Snecko","floor":22,"turns":3},{"damage":15,"enemies":"Cultist and Chosen","floor":23,"turns":8},{"damage":2,"enemies":"Snake Plant","floor":24,"turns":4},{"damage":10,"enemies":"Book of Stabbing","floor":25,"turns":5},{"damage":101,"enemies":"Collector","floor":35,"turns":13}],"seed_played":"-6119902407701103945","potions_obtained":[{"floor":4,"key":"Toxic Potion"},{"floor":7,"key":"StSpp:InhibitionPotion"},{"floor":12,"key":"PowerPotion"},{"floor":21,"key":"Death Potion"}],"is_trial":false,"path_per_floor":["M","M","?","M","?","R","M","R","T","M","R","M","M","$","R_BF","B",null,"M","?","$","M","M","M","M","E","T","?","?","R","$","T","PTL","PTL","R_BF","B"],"character_chosen":"IRONCLAD","items_purchased":["ReplayTheSpireMod:Stacked","Tiny Chest","Membership Card"],"campfire_rested":0,"item_purchase_floors":[14,14,20],"current_hp_per_floor":[88,88,88,88,66,66,72,72,79,85,85,89,92,92,92,54,95,95,95,95,95,95,89,95,94,94,75,75,75,75,75,75,75,100,0,0],"gold":148,"neow_bonus":"TEN_PERCENT_HP_BONUS","is_daily":false,"chose_seed":false,"campfire_upgraded":4,"win_rate":0.0,"timestamp":1611253312,"path_taken":["M","M","?","M","?","R","M","R","T","?","R","M","M","$","R_BF","BOSS","M","?","$","M","M","M","M","E","T","?","?","R","$","?","PTL","PTL","R_BF","BOSS"],"items_purchased_type":["Card","Relic","Relic"],"build_version":"2020-12-22","purchased_purges":3,"victory":false,"max_hp_per_floor":[88,88,88,88,88,88,88,88,95,95,95,95,95,95,95,95,95,95,95,95,95,95,95,95,95,95,100,100,100,100,100,100,100,100,100,100],"card_choices":[{"not_picked":["Anger","Pommel Strike"],"picked":"Rampage","floor":1},{"not_picked":["Headbutt","Run Through","Uppercut"],"picked":"SKIP","floor":2},{"not_picked":["Flex","Pommel Strike","ReplayTheSpireMod:Corrosion Curse"],"picked":"SKIP","floor":4},{"not_picked":["Eclipse","Perfected Strike"],"picked":"StSpp:Jab","floor":7},{"not_picked":["Defy Death","Clash","Abandon"],"picked":"SKIP","floor":10},{"not_picked":["Shrug It Off","Inflame","Anger"],"picked":"SKIP","floor":12},{"not_picked":["StSpp:Sprint","ReplayTheSpireMod:Strike From Hell","True Grit"],"picked":"SKIP","floor":13},{"not_picked":["Reaper","Brutality"],"picked":"Replay:Many Hands","floor":16},{"not_picked":["StSpp:Succumb","Shrug It Off","StSpp:Sprint"],"picked":"SKIP","floor":18},{"not_picked":["Carnage","Clash","Warcry"],"picked":"SKIP","floor":21},{"not_picked":["Twin Strike","StSpp:Vengeance+1","ReplayTheSpireMod:LeadingStrike"],"picked":"SKIP","floor":22},{"not_picked":["Entrench+1","Evolve"],"picked":"StSpp:Jab","floor":23},{"not_picked":["Body Slam","Cleave","Sword Boomerang+1"],"picked":"SKIP","floor":24},{"not_picked":["Evolve","Run Through","Bludgeon"],"picked":"SKIP","floor":25}],"player_experience":1656521,"relics_obtained":[{"floor":9,"key":"Strawberry"},{"floor":15,"key":"Magic Flower"},{"floor":25,"key":"White Beast Statue"},{"floor":26,"key":"Potion Belt"}],"event_choices":[{"damage_healed":0,"gold_gain":0,"player_choice":"Shed Blood","damage_taken":24,"max_hp_gain":5,"max_hp_loss":0,"event_name":"Forgotten Altar","floor":27,"gold_loss":0}],"is_beta":false,"boss_relics":[{"not_picked":["StSpp:CrystalBall","Coffee Dripper"],"picked":"hubris:Backtick"}],"items_purged_floors":[14,20,30],"is_endless":false,"potions_floor_spawned":[4,7,12,18,21,24],"killed_by":"Collector","ascension_level":0}}