{"host":"y1ddfcy74k2q25dd","time":1611199871,"event":{"mods":["BaseMod","BetterRewards","Minty Spire (QoL Compilation)","Quick Restart","StSLib","noobMod"],"gold_per_floor":[114,114,114,36,51,66,81,81,106,144,163,163,163,201,201,326,326,345,345,364,383,383,421,440,478,503,503,503,503,522,437,437,562,562,581,381,400,400,400,438,457,457,482,501,520,280,299,318,318,318],"floor_reached":51,"language":"ZHS","playtime":2268,"items_purged":[],"score":929,"play_id":"7f556266-415b-4535-8282-370947f6e841","local_time":"20210121113111","daily_mods":["Chimera","Hoarder","Binary"],"is_ascension_mode":false,"campfire_choices":[{"floor":13.0,"key":"REST"},{"data":"Perfected Strike","floor":15.0,"key":"SMITH"},{"floor":27.0,"key":"REST"},{"floor":29.0,"key":"REST"},{"data":"Infernal Blade","floor":32.0,"key":"SMITH"},{"floor":42.0,"key":"REST"},{"data":"Perfected Strike","floor":49.0,"key":"SMITH"}],"circlet_count":0,"master_deck":["Bash","Survivor","Zap","Eruption","Strike_R+1","Strike_G+1","Strike_B+1","Defend_R+1","Defend_G+1","Defend_P+1","Whirlwind","Whirlwind","Whirlwind","Infernal Blade+1","Infernal Blade","Infernal Blade","Perfected Strike","Perfected Strike","Perfected Strike+1","Dropkick+1","Dropkick","Dropkick","Twin Strike","Twin Strike+1","Twin Strike","Iron Wave","Iron Wave","Iron Wave","Double Tap","Double Tap","Double Tap","Hemokinesis","Hemokinesis","Hemokinesis","Perfected Strike","Perfected Strike","Perfected Strike","Impervious","Impervious","Impervious","Perfected Strike","Perfected Strike","Perfected Strike","Thunderclap","Thunderclap","Thunderclap","Impervious","Impervious","Thunderclap+1","Thunderclap+1","Thunderclap+1","Headbutt+1","Headbutt+1","Headbutt+1","Enlightenment","Enlightenment","Enlightenment","Trip","Trip","Trip","Dropkick+1","Dropkick+1","Dropkick+1","Perfected Strike","Perfected Strike","Perfected Strike+1"],"relics":["Burning Blood","ice","Golden Idol","Bag of Preparation","Boot","Sozu","Nloth\u0027s Gift","Singing Bowl","TungstenRod","Akabeko","MutagenicStrength","The Courier","SlaversCollar","Bottled Flame","Bronze Scales","Happy Flower","Pen Nib","Dream Catcher"],"acts_visited":["Exordium","TheCity","TheBeyond"],"potions_floor_usage":[50],"damage_taken":[{"damage":8.0,"enemies":"Jaw Worm","floor":1.0,"turns":4.0},{"damage":8.0,"enemies":"Small Slimes","floor":5.0,"turns":3.0},{"damage":0.0,"enemies":"2 Louse","floor":6.0,"turns":1.0},{"damage":8.0,"enemies":"2 Fungi Beasts","floor":7.0,"turns":3.0},{"damage":10.0,"enemies":"Gremlin Nob","floor":10.0,"turns":3.0},{"damage":11.0,"enemies":"Gremlin Gang","floor":11.0,"turns":3.0},{"damage":27.0,"enemies":"3 Sentries","floor":14.0,"turns":6.0},{"damage":7.0,"enemies":"Slime Boss","floor":16.0,"turns":6.0},{"damage":1.0,"enemies":"3 Byrds","floor":18.0,"turns":3.0},{"damage":9.0,"enemies":"Shell Parasite","floor":20.0,"turns":3.0},{"damage":0.0,"enemies":"Snake Plant","floor":21.0,"turns":1.0},{"damage":59.0,"enemies":"Slavers","floor":23.0,"turns":5.0},{"damage":0.0,"enemies":"Snecko","floor":24.0,"turns":2.0},{"damage":28.0,"enemies":"Gremlin Leader","floor":25.0,"turns":7.0},{"damage":16.0,"enemies":"Shelled Parasite and Fungi","floor":30.0,"turns":2.0},{"damage":37.0,"enemies":"Collector","floor":33.0,"turns":4.0},{"damage":0.0,"enemies":"3 Shapes","floor":35.0,"turns":1.0},{"damage":0.0,"enemies":"Orb Walker","floor":37.0,"turns":1.0},{"damage":27.0,"enemies":"Nemesis","floor":40.0,"turns":3.0},{"damage":26.0,"enemies":"Maw","floor":41.0,"turns":6.0},{"damage":0.0,"enemies":"Transient","floor":44.0,"turns":5.0},{"damage":0.0,"enemies":"Sphere and 2 Shapes","floor":45.0,"turns":1.0},{"damage":0.0,"enemies":"Jaw Worm Horde","floor":47.0,"turns":1.0},{"damage":18.0,"enemies":"Writhing Mass","floor":48.0,"turns":2.0},{"damage":28,"enemies":"Awakened One","floor":50,"turns":5}],"seed_played":"811174962971598332","potions_obtained":[{"floor":1.0,"key":"Weak Potion"},{"floor":10.0,"key":"BlessingOfTheForge"}],"is_trial":false,"path_per_floor":["M","?","?","$","M","M","M","?","T","E","M","?","R","E","R","B",null,"M","?","M","M","?","E","M","E","T","R","?","R","M","?","R","B",null,"M","$","M","?","?","E","M","R","T","M","M","$","M","M","R","B",null],"character_chosen":"IRONCLAD","items_purchased":["Infernal Blade","Bottled Flame","Pen Nib","Dream Catcher"],"campfire_rested":4,"item_purchase_floors":[4,36,46,46],"current_hp_per_floor":[78,78,83,83,81,85,83,62,62,58,53,53,78,57,57,56,85,85,85,82,85,85,32,40,20,20,46,46,72,62,62,62,31,89,89,89,89,82,82,63,45,73,73,81,87,87,95,83,83,99],"gold":318,"neow_bonus":"","is_daily":true,"chose_seed":false,"campfire_upgraded":3,"win_rate":0.0,"timestamp":1611199871,"path_taken":["M","?","?","$","M","M","M","?","T","E","M","?","R","E","R","BOSS","M","?","M","?","?","E","M","E","T","R","?","R","M","?","R","BOSS","M","$","M","?","?","E","M","R","T","M","M","$","?","M","R","BOSS"],"items_purchased_type":["Card","Relic","Relic","Relic"],"build_version":"2020-12-22","purchased_purges":0,"victory":true,"max_hp_per_floor":[80,80,85,85,85,85,85,85,85,85,85,85,85,85,85,85,85,85,85,85,85,85,85,87,89,89,89,89,89,89,89,89,89,89,89,89,89,91,91,93,95,95,95,97,97,97,99,99,99,99],"card_choices":[{"not_picked":["Burning Pact"],"picked":"Whirlwind","floor":1.0},{"not_picked":["Iron Wave"],"picked":"Perfected Strike","floor":5.0},{"not_picked":["Body Slam"],"picked":"Dropkick","floor":6.0},{"not_picked":["Spot Weakness"],"picked":"Twin Strike","floor":7.0},{"not_picked":["Body Slam","Heavy Blade"],"picked":"SKIP","floor":10.0},{"not_picked":["Headbutt"],"picked":"Iron Wave","floor":11.0},{"not_picked":["Clash"],"picked":"Double Tap","floor":14.0},{"not_picked":["Clothesline"],"picked":"Hemokinesis","floor":18.0},{"not_picked":["Iron Wave"],"picked":"Perfected Strike","floor":20.0},{"not_picked":["Second Wind"],"picked":"Impervious","floor":21.0},{"not_picked":["Feel No Pain"],"picked":"Perfected Strike","floor":23.0},{"not_picked":["Barricade","Clash"],"picked":"Singing Bowl","floor":24.0},{"not_picked":["Dark Embrace","Fire Breathing"],"picked":"Singing Bowl","floor":25.0},{"not_picked":["Armaments"],"picked":"Thunderclap","floor":30.0},{"not_picked":["Corruption"],"picked":"Impervious","floor":33.0},{"not_picked":["Sword Boomerang+1"],"picked":"Thunderclap+1","floor":35.0},{"not_picked":["Flame Barrier+1"],"picked":"Headbutt+1","floor":37.0},{"not_picked":["Finesse"],"picked":"Enlightenment","floor":38.0},{"not_picked":["Panacea"],"picked":"Trip","floor":38.0},{"not_picked":["The Bomb","Sadistic Nature"],"picked":"Singing Bowl","floor":38.0},{"not_picked":["Evolve+1","Metallicize+1"],"picked":"Singing Bowl","floor":40.0},{"not_picked":["Anger+1","Clothesline+1"],"picked":"Singing Bowl","floor":41.0},{"not_picked":["Second Wind","Armaments+1"],"picked":"Singing Bowl","floor":44.0},{"not_picked":["Clothesline"],"picked":"Dropkick+1","floor":45.0},{"not_picked":["True Grit+1","Body Slam+1"],"picked":"Singing Bowl","floor":47.0},{"not_picked":["Pommel Strike"],"picked":"Perfected Strike","floor":48.0}],"player_experience":21194,"relics_obtained":[{"floor":9.0,"key":"Whetstone"},{"floor":10.0,"key":"Bag of Preparation"},{"floor":14.0,"key":"Boot"},{"floor":23.0,"key":"Singing Bowl"},{"floor":25.0,"key":"TungstenRod"},{"floor":26.0,"key":"Akabeko"},{"floor":40.0,"key":"Bronze Scales"},{"floor":43.0,"key":"Happy Flower"}],"event_choices":[{"damage_healed":0.0,"max_hp_gain":0.0,"max_hp_loss":0.0,"gold_gain":0.0,"event_name":"The Cleric","player_choice":"Leave","floor":2.0,"gold_loss":0.0,"damage_taken":0.0},{"damage_healed":0.0,"max_hp_gain":5.0,"max_hp_loss":0.0,"gold_gain":0.0,"event_name":"Big Fish","player_choice":"Donut","floor":3.0,"gold_loss":0.0,"damage_taken":0.0},{"damage_healed":0.0,"max_hp_gain":0.0,"max_hp_loss":0.0,"gold_gain":0.0,"event_name":"Golden Idol","player_choice":"Take Damage","floor":8.0,"gold_loss":0.0,"damage_taken":21.0,"relics_obtained":["Golden Idol"]},{"damage_healed":0.0,"max_hp_gain":0.0,"max_hp_loss":0.0,"gold_gain":0.0,"event_name":"Liars Game","player_choice":"Ignored","floor":12.0,"gold_loss":0.0,"damage_taken":0.0},{"damage_healed":0.0,"max_hp_gain":0.0,"max_hp_loss":0.0,"gold_gain":0.0,"event_name":"N\u0027loth","player_choice":"Traded Relic","floor":19.0,"relics_lost":["Whetstone"],"gold_loss":0.0,"damage_taken":0.0,"relics_obtained":["Nloth\u0027s Gift"]},{"damage_healed":0.0,"max_hp_gain":0.0,"max_hp_loss":0.0,"gold_gain":0.0,"event_name":"Back to Basics","player_choice":"Simplicity","floor":22.0,"gold_loss":0.0,"damage_taken":0.0,"cards_upgraded":["Strike_R","Strike_G","Strike_B","Defend_R","Defend_G","Defend_P"]},{"damage_healed":0.0,"max_hp_gain":0.0,"max_hp_loss":0.0,"gold_gain":0.0,"event_name":"Drug Dealer","player_choice":"Inject Mutagens","floor":28.0,"gold_loss":0.0,"damage_taken":0.0,"relics_obtained":["MutagenicStrength"]},{"damage_healed":0.0,"max_hp_gain":0.0,"max_hp_loss":0.0,"gold_gain":0.0,"event_name":"Addict","player_choice":"Obtained Relic","floor":31.0,"gold_loss":85.0,"damage_taken":0.0,"relics_obtained":["The Courier"]},{"damage_healed":0.0,"max_hp_gain":0.0,"max_hp_loss":0.0,"gold_gain":0.0,"event_name":"SensoryStone","player_choice":"Memory 3","floor":38.0,"gold_loss":0.0,"damage_taken":10.0},{"cards_removed":["Impervious"],"damage_healed":0.0,"max_hp_gain":0.0,"max_hp_loss":0.0,"gold_gain":0.0,"event_name":"Falling","player_choice":"Removed Skill","floor":39.0,"gold_loss":0.0,"damage_taken":0.0}],"is_beta":false,"boss_relics":[{"not_picked":["SacredBark","Snecko Eye"],"picked":"Sozu"},{"not_picked":["Runic Cube","Tiny House"],"picked":"SlaversCollar"}],"items_purged_floors":[],"is_endless":false,"potions_floor_spawned":[1,10,18,20,21,30,37,40,45,47],"ascension_level":0}}