{"host":"1ekl8hlbnopmdapi","time":1611253893,"event":{"mods":["AchievementEnabler","BaseMod","Colored Map","Colored Powertips","DeckTracker","Googly Eyes","Highlight Path","Minty Spire (QoL Compilation)","Relic Sorter","StSLib","Synergy Search"],"gold_per_floor":[109,109,34,34,53,53,85,104,104,124,142,162,177,206,206,304,354,369,387,387,404,414,414,414,414,486,501,210,210,239,259,259,259,259],"floor_reached":33,"language":"ENG","playtime":930,"items_purged":["Pain"],"score":380,"play_id":"42b22b6c-8f2d-443f-9e7c-48945785d2ea","local_time":"20210121133133","is_ascension_mode":true,"campfire_choices":[{"floor":6,"key":"RECALL"},{"data":"Noxious Fumes","floor":15,"key":"SMITH"},{"floor":23,"key":"REST"},{"floor":25,"key":"REST"},{"floor":29,"key":"REST"},{"floor":32,"key":"REST"}],"circlet_count":0,"master_deck":["Strike_G+1","Strike_G+1","Strike_G+1","Strike_G+1","Strike_G+1","Defend_G+1","Defend_G+1","Defend_G+1","Defend_G+1","Defend_G+1","Survivor","Neutralize","Cloak And Dagger","Noxious Fumes+1","Corpse Explosion","Backstab","Cloak And Dagger","Flying Knee","Bouncing Flask","Quick Slash","Deadly Poison","A Thousand Cuts","Cloak And Dagger","Dagger Spray","Poisoned Stab","Poisoned Stab+1","Dash+1","Terror+1","Accuracy","Sucker Punch"],"relics":["Ring of the Snake","NeowsBlessing","WarpedTongs","NlothsMask","Gambling Chip","Odd Mushroom","Akabeko","Tiny House","Bottled Tornado","Darkstone Periapt","CaptainsWheel"],"acts_visited":["Exordium","TheCity"],"potions_floor_usage":[10,16,30,33,33,33],"damage_taken":[{"damage":0,"enemies":"Jaw Worm","floor":1,"turns":1},{"damage":0,"enemies":"Cultist","floor":5,"turns":1},{"damage":0,"enemies":"Lagavulin","floor":7,"turns":1},{"damage":4,"enemies":"Small Slimes","floor":8,"turns":4},{"damage":0,"enemies":"The Mushroom Lair","floor":10,"turns":3},{"damage":0,"enemies":"Gremlin Gang","floor":11,"turns":1},{"damage":0,"enemies":"Looter","floor":12,"turns":3},{"damage":0,"enemies":"2 Fungi Beasts","floor":13,"turns":2},{"damage":12,"enemies":"3 Sentries","floor":14,"turns":3},{"damage":24,"enemies":"Slime Boss","floor":16,"turns":7},{"damage":3,"enemies":"Spheric Guardian","floor":18,"turns":3},{"damage":15,"enemies":"Shell Parasite","floor":19,"turns":5},{"damage":22,"enemies":"Cultist and Chosen","floor":21,"turns":5},{"damage":20,"enemies":"Snake Plant","floor":22,"turns":3},{"damage":0,"enemies":"3 Cultists","floor":27,"turns":2},{"damage":39,"enemies":"Slavers","floor":30,"turns":4},{"damage":15,"enemies":"Centurion and Healer","floor":31,"turns":4},{"damage":48,"enemies":"Automaton","floor":33,"turns":6}],"seed_played":"-4954869827546265368","potions_obtained":[{"floor":7,"key":"Energy Potion"},{"floor":10,"key":"BlessingOfTheForge"},{"floor":11,"key":"Swift Potion"},{"floor":13,"key":"Ancient Potion"},{"floor":14,"key":"Strength Potion"},{"floor":17,"key":"Explosive Potion"},{"floor":30,"key":"Weak Potion"}],"is_trial":false,"path_per_floor":["M","?","$","?","M","R","E","M","T","?","M","M","M","E","R","B",null,"M","M","?","M","M","R","?","R","T","M","$","R","E","M","R","B"],"character_chosen":"THE_SILENT","items_purchased":["Darkstone Periapt","Accuracy"],"campfire_rested":4,"item_purchase_floors":[28,28],"current_hp_per_floor":[70,70,70,70,70,70,70,66,66,66,66,66,66,54,54,30,65,62,47,47,25,5,27,27,49,49,49,49,71,32,17,39,0,0],"gold":259,"neow_bonus":"THREE_ENEMY_KILL","is_daily":false,"chose_seed":false,"campfire_upgraded":1,"win_rate":0.0,"timestamp":1611253893,"path_taken":["M","?","?","?","M","R","E","?","T","?","M","M","M","E","R","BOSS","M","M","?","M","M","R","?","R","T","M","$","R","E","M","R","BOSS"],"items_purchased_type":["Relic","Card"],"build_version":"2020-12-22","purchased_purges":1,"victory":false,"max_hp_per_floor":[70,70,70,70,70,70,70,70,70,70,70,70,70,70,70,70,75,75,75,75,75,75,75,75,75,75,75,75,75,75,75,75,75,75],"card_choices":[{"not_picked":["Bane","Reflex"],"picked":"Cloak And Dagger","floor":1},{"not_picked":["Crippling Poison","Terror"],"picked":"Noxious Fumes","floor":5},{"not_picked":["Concentrate","Expertise"],"picked":"Corpse Explosion","floor":7},{"not_picked":["Outmaneuver","Choke"],"picked":"Backstab","floor":8},{"not_picked":["Slice","Quick Slash"],"picked":"Cloak And Dagger","floor":10},{"not_picked":["Setup","Expertise"],"picked":"Flying Knee","floor":11},{"not_picked":["Outmaneuver","Backflip"],"picked":"Bouncing Flask","floor":12},{"not_picked":["Prepared","Heel Hook"],"picked":"Quick Slash","floor":13},{"not_picked":["Setup","Slice"],"picked":"Deadly Poison","floor":14},{"not_picked":["Doppelganger","Bullet Time"],"picked":"A Thousand Cuts","floor":16},{"not_picked":["PiercingWail","Leg Sweep"],"picked":"Cloak And Dagger","floor":17},{"not_picked":["Predator","Prepared"],"picked":"Dagger Spray","floor":18},{"not_picked":["All Out Attack","Outmaneuver"],"picked":"Poisoned Stab","floor":19},{"not_picked":["Escape Plan","Bane"],"picked":"Poisoned Stab+1","floor":21},{"not_picked":["Predator+1","Expertise+1"],"picked":"Dash+1","floor":22},{"not_picked":["Heel Hook","Finisher"],"picked":"Terror+1","floor":27},{"not_picked":["Grand Finale","Predator"],"picked":"Sucker Punch","floor":30},{"not_picked":["Deflect","Terror+1","Dagger Throw"],"picked":"SKIP","floor":31}],"player_experience":478772,"relics_obtained":[{"floor":7,"key":"Gambling Chip"},{"floor":10,"key":"Odd Mushroom"},{"floor":14,"key":"Akabeko"},{"floor":26,"key":"Bottled Tornado"},{"floor":30,"key":"CaptainsWheel"}],"event_choices":[{"damage_healed":0,"gold_gain":0,"player_choice":"Rummage","damage_taken":0,"relics_obtained":["WarpedTongs"],"max_hp_gain":0,"max_hp_loss":0,"event_name":"Accursed Blacksmith","floor":2,"gold_loss":0,"cards_obtained":["Pain"]},{"damage_healed":0,"gold_gain":0,"player_choice":"Trade","damage_taken":0,"relics_obtained":["NlothsMask"],"max_hp_gain":0,"max_hp_loss":0,"event_name":"FaceTrader","floor":4,"gold_loss":0},{"damage_healed":0,"gold_gain":0,"player_choice":"Fought Mushrooms","damage_taken":0,"max_hp_gain":0,"max_hp_loss":0,"event_name":"Mushrooms","floor":10,"gold_loss":0},{"damage_healed":0,"gold_gain":0,"player_choice":"Simplicity","damage_taken":0,"max_hp_gain":0,"max_hp_loss":0,"event_name":"Back to Basics","floor":20,"gold_loss":0,"cards_upgraded":["Strike_G","Strike_G","Strike_G","Strike_G","Strike_G","Defend_G","Defend_G","Defend_G","Defend_G"]},{"damage_healed":0,"gold_gain":0,"player_choice":"Ignored","damage_taken":0,"max_hp_gain":0,"max_hp_loss":0,"event_name":"Ghosts","floor":24,"gold_loss":0}],"is_beta":false,"boss_relics":[{"not_picked":["Coffee Dripper","Fusion Hammer"],"picked":"Tiny House"}],"items_purged_floors":[3],"is_endless":false,"potions_floor_spawned":[7,10,11,13,14,18,19,30,31],"killed_by":"Automaton","ascension_level":5}}