{"host":"q1dfbtk1mb5myi3r","time":1611194396,"event":{"mods":["BaseMod","BetterRewards","Minty Spire (QoL Compilation)","Replay The Spire","StSLib","The Animator"],"gold_per_floor":[125,144,219,394,409,444,455,455,523,798,700,670,670,318,318,318,318],"floor_reached":16,"language":"ENG","playtime":1016,"items_purged":[],"score":98,"play_id":"a182e550-f6d4-4491-b9e2-bac6443e3ac1","local_time":"20210120205956","is_ascension_mode":false,"campfire_choices":[{"floor":15,"key":"REST"}],"circlet_count":0,"master_deck":["animator:Strike_GoblinSlayer","animator:Defend_GoblinSlayer","animator:Strike","animator:Strike","animator:Strike+1","animator:Defend","animator:Defend+1","animator:Defend+1","animator:LizardPriest+1","animator:DwarfShaman+1","animator:Priestess","animator:Priestess"],"relics":["animator:LivingPicture","animator:TheMissingPiece","Simple Rune","Eternal Feather","BargainBundle","War Paint"],"acts_visited":["Exordium"],"potions_floor_usage":[6,16,16],"damage_taken":[{"damage":3,"enemies":"2 Louse","floor":1,"turns":3},{"damage":4,"enemies":"Small Slimes","floor":2,"turns":4},{"damage":0,"enemies":"Cultist","floor":5,"turns":4},{"damage":40,"enemies":"Gremlin Nob","floor":6,"turns":5},{"damage":0,"enemies":"Blue Slaver","floor":7,"turns":6},{"damage":2,"enemies":"Looter","floor":12,"turns":4},{"damage":31,"enemies":"Slime Boss","floor":16,"turns":14}],"seed_played":"7237770941683126887","potions_obtained":[{"floor":2,"key":"DuplicationPotion"},{"floor":7,"key":"FearPotion"}],"is_trial":false,"path_per_floor":["M","M","?","?","M","E","M","?","T","?","$","M","?","$","R","B"],"character_chosen":"THE_ANIMATOR","items_purchased":["Flashbang","BargainBundle","War Paint","animator:FalseLifePotion"],"campfire_rested":1,"item_purchase_floors":[11,14,14,14],"current_hp_per_floor":[63,59,48,48,48,8,8,8,8,8,8,6,6,6,31,0,0],"gold":318,"neow_bonus":"RANDOM_COMMON_RELIC","is_daily":false,"chose_seed":false,"campfire_upgraded":0,"win_rate":0.0,"timestamp":1611194396,"path_taken":["M","M","?","?","M","E","M","?","T","?","$","?","?","$","R","BOSS"],"items_purchased_type":["Potion","Relic","Relic","Potion"],"build_version":"2020-12-22","purchased_purges":0,"victory":false,"max_hp_per_floor":[66,66,66,66,66,66,66,66,66,66,66,66,66,66,66,66,66],"card_choices":[{"not_picked":["animator:Benimaru","animator:MumenRider"],"picked":"animator:Priestess","floor":1},{"not_picked":["animator:Demiurge","animator:ChlammyZell","animator:Tatsumaki"],"picked":"SKIP","floor":2},{"not_picked":["animator:ChaikaBohdan","animator:Benimaru","animator:Mitsurugi"],"picked":"SKIP","floor":5},{"not_picked":["animator:Spearman","animator:DwarfShaman"],"picked":"animator:Priestess","floor":6},{"not_picked":["animator:Shalltear","animator:Tatsumaki","animator:PandorasActor"],"picked":"SKIP","floor":7},{"not_picked":["animator:Kazuma","animator:Guy","animator:Aqua"],"picked":"SKIP","floor":12}],"player_experience":124831,"relics_obtained":[{"floor":6,"key":"Eternal Feather"}],"event_choices":[{"damage_healed":0,"gold_gain":75,"player_choice":"Gather Gold","damage_taken":11,"max_hp_gain":0,"max_hp_loss":0,"event_name":"World of Goop","floor":3,"gold_loss":0},{"damage_healed":0,"gold_gain":175,"player_choice":"AGREE","damage_taken":0,"max_hp_gain":0,"max_hp_loss":0,"event_name":"Liars Game","floor":4,"gold_loss":0,"cards_obtained":["Doubt"]},{"damage_healed":0,"gold_gain":0,"player_choice":"Grow","damage_taken":0,"max_hp_gain":0,"max_hp_loss":0,"event_name":"Living Wall","floor":8,"gold_loss":0,"cards_upgraded":["animator:DwarfShaman"]},{"damage_healed":0,"gold_gain":275,"player_choice":"Desecrate","damage_taken":0,"max_hp_gain":0,"max_hp_loss":0,"event_name":"Golden Shrine","floor":10,"gold_loss":0,"cards_obtained":["Regret"]},{"cards_removed":["Doubt"],"damage_healed":0,"gold_gain":0,"player_choice":"Removed","damage_taken":0,"max_hp_gain":0,"max_hp_loss":0,"event_name":"The Cursed Forest","floor":13,"gold_loss":0},{"cards_removed":["Regret"],"damage_healed":0,"gold_gain":0,"player_choice":"Removed","damage_taken":0,"max_hp_gain":0,"max_hp_loss":0,"event_name":"The Cursed Forest","floor":13,"gold_loss":0}],"is_beta":false,"boss_relics":[],"items_purged_floors":[],"is_endless":false,"potions_floor_spawned":[2,7],"killed_by":"Slime Boss","ascension_level":0}}