{"host":"ko40t1o51xotjt2v","time":1611238336,"event":{"mods":["2.2 Compatiblity","AchievementEnabler","Aspiration","BaseMod","Better Match","Better Third Choice","Better Vampires","Conspire","Downfall","Energized Spire","GifTheSpireLib","Halation","Hubris","Jedi Mod","Minty Spire (QoL Compilation)","MostiFishMod","Spicy Shops","Spikes Relics","StSLib","Stuff the Spire","TestMod","vexMod","??????REMEMod"],"gold_per_floor":[110,37,50,65,85,118,118,118,118],"floor_reached":8,"language":"SPA","playtime":726,"items_purged":[],"score":81,"play_id":"9f84d26b-6bf6-4a75-b1d1-bc39998de76b","local_time":"20210121151216","is_ascension_mode":true,"campfire_choices":[{"floor":7,"key":"REST"}],"circlet_count":0,"master_deck":["Strike_B","Strike_B","Strike_B","Strike_B","Defend_B","Defend_B","Defend_B","Defend_B","Zap","Dualcast","MostiFishMod:SeaWaves","sneckomod:MorePower","sneckomod:UnknownClassBLUE+1","Ball Lightning","sneckomod:UnknownCommonSkill+1","sneckomod:Unknown0Cost+1","sneckomod:UnknownClassBLUE+1","Coolheaded","sneckomod:Unknown0Cost+1"],"relics":["Cracked Core","DaveBox","testmod-TestBox","REME_ComplimentaryCards","testmod-ThousandKnives","Dodecahedron","SynthV:TestCard","Frozen Eye"],"acts_visited":["Exordium"],"potions_floor_usage":[5,6,8],"damage_taken":[{"damage":6,"enemies":"Cultist","floor":1,"turns":5},{"damage":3,"enemies":"conspire:RoseBush","floor":3,"turns":3},{"damage":10,"enemies":"Small Slimes","floor":4,"turns":3},{"damage":10,"enemies":"2 Fungi Beasts","floor":5,"turns":3},{"damage":27,"enemies":"3 Sentries","floor":6,"turns":8},{"damage":61,"enemies":"Gremlin Nob","floor":8,"turns":5}],"seed_played":"-7480184012278883791","potions_obtained":[{"floor":3,"key":"testmod-TestPotion"},{"floor":5,"key":"testmod-TimePotion"},{"floor":6,"key":"hexamod:SoulburnPotion"}],"is_trial":false,"path_per_floor":["M","$","M","M","M","E","R","E"],"character_chosen":"DEFECT","items_purchased":["Frozen Eye"],"campfire_rested":1,"item_purchase_floors":[2],"current_hp_per_floor":[62,62,59,49,39,12,34,0,0],"gold":118,"neow_bonus":"ONE_RANDOM_RARE_CARD","is_daily":false,"chose_seed":false,"campfire_upgraded":0,"win_rate":0.0,"timestamp":1611238336,"path_taken":["M","?","M","M","M","E","R","E"],"items_purchased_type":["Relic"],"build_version":"2020-12-22","purchased_purges":0,"victory":false,"max_hp_per_floor":[75,75,75,75,75,75,75,75,75],"card_choices":[{"not_picked":["sneckomod:UnknownRareAttack+1","sneckomod:UnknownStrike+1"],"picked":"sneckomod:UnknownClassBLUE+1","floor":1},{"not_picked":["Hologram","MostiFishMod:Impulse"],"picked":"Ball Lightning","floor":1},{"not_picked":["sneckomod:UnknownVulnerable+1","sneckomod:UnknownClassTHE_BRONZE_AUTOMATON+1","sneckomod:UnknownRareSkill+1","sneckomod:UnknownStrength+1"],"picked":"sneckomod:UnknownCommonSkill+1","floor":3},{"not_picked":["StuffTheSpire:Plugnplay","Skim","Barrage","Go for the Eyes","jedi:blockon"],"picked":"SKIP","floor":3},{"not_picked":["sneckomod:UnknownClassHEXA_GHOST_PURPLE+1","sneckomod:UnknownCommonAttack+1","sneckomod:UnknownCommonSkill+1","sneckomod:UnknownBlock+1"],"picked":"sneckomod:Unknown0Cost+1","floor":4},{"not_picked":["Go for the Eyes","jedi:blockon","Chaos","Ball Lightning","Turbo"],"picked":"SKIP","floor":4},{"not_picked":["sneckomod:Unknown1Cost+1","sneckomod:UnknownExhaust+1","sneckomod:UnknownRareSkill+1","sneckomod:UnknownDexterity+1"],"picked":"sneckomod:UnknownClassBLUE+1","floor":5},{"not_picked":["jedi:BurstFrost","REME_Compress","MostiFishMod:Prepare","jedi:blockon"],"picked":"Coolheaded","floor":5},{"not_picked":["sneckomod:UnknownCommonAttack+1","sneckomod:UnknownClassSLIMEBOUND+1","sneckomod:UnknownRarePower+1","sneckomod:UnknownColorless+1"],"picked":"sneckomod:Unknown0Cost+1","floor":6},{"not_picked":["StuffTheSpire:NuclearReactor","Ball Lightning","Lockon","Rainbow","conspire:Rain"],"picked":"SKIP","floor":6}],"player_experience":428500,"relics_obtained":[{"floor":1,"key":"SynthV:TestCard"}],"event_choices":[],"is_beta":false,"boss_relics":[],"items_purged_floors":[],"is_endless":false,"potions_floor_spawned":[3,5,6],"killed_by":"Gremlin Nob","ascension_level":8}}