{"host":"7sni158j623xchr2","time":1611256298,"event":{"mods":["BaseMod","Colored Map","Highlight Path","Minty Spire (QoL Compilation)","Permanent Neow","Potion Indicator Mod","Rare Cards Sparkle","Relic Sorter","Relic Stats","StSLib","everything is the same but u backflip on backflip"],"gold_per_floor":[109,109,126,126,142,170,170,170,170,211,232,232,270,286,286,419,446,468,490,511,532,532,575,575,608,683,701,701,313,313,357,357,495,495,516,543,561,575,645,689,708,750,750,750,750,750,768,430,430,430,430,430,5,43,43],"floor_reached":56,"language":"ENG","playtime":2700,"items_purged":["Strike_P+1","Strike_P+1","Defend_P+1"],"score":1567,"play_id":"e76fdb4a-5ba3-488f-8843-bded1b429d64","local_time":"20210121131138","is_ascension_mode":true,"campfire_choices":[{"data":"Adaptation","floor":8,"key":"SMITH"},{"data":"Scrawl","floor":15,"key":"SMITH"},{"data":"Scrawl","floor":24,"key":"SMITH"},{"data":"FollowUp","floor":28,"key":"SMITH"},{"data":"MentalFortress","floor":30,"key":"SMITH"},{"data":"Fasting2","floor":32,"key":"SMITH"},{"floor":44,"key":"RECALL"},{"data":"TalkToTheHand","floor":46,"key":"SMITH"},{"data":"TalkToTheHand","floor":49,"key":"SMITH"},{"data":"1","floor":52,"key":"LIFT"}],"circlet_count":0,"master_deck":["Defend_P+1","Eruption+1","Vigilance","CutThroughFate","EmptyFist","Adaptation+1","Scrawl+1","FollowUp+1","Scrawl+1","FearNoEvil+1","FlyingSleeves+1","Wallop+1","ThirdEye","FearNoEvil+1","MentalFortress+1","Protect+1","SashWhip+1","Fasting2+1","Vault","FlurryOfBlows+1","DeceiveReality+1","CrushJoints+1","TalkToTheHand+1","Ragnarok","TalkToTheHand+1","CutThroughFate","Tantrum"],"relics":["Sozu","Dead Branch","CeramicFish","Boot","Golden Idol","Singing Bowl","Astrolabe","Smiling Mask","Akabeko","Bottled Tornado","Omamori","Orrery","Mummified Hand","Cursed Key","Girya","Regal Pillow","Thread and Needle","HornCleat","Bag of Marbles","Toolbox","Ornamental Fan"],"acts_visited":["Exordium","TheCity","TheBeyond","TheEnding"],"potions_floor_usage":[],"damage_taken":[{"damage":1,"enemies":"2 Louse","floor":1,"turns":2},{"damage":1,"enemies":"Jaw Worm","floor":3,"turns":3},{"damage":0,"enemies":"Small Slimes","floor":5,"turns":2},{"damage":18,"enemies":"Lagavulin","floor":6,"turns":6},{"damage":0,"enemies":"Gremlin Nob","floor":10,"turns":3},{"damage":4,"enemies":"Exordium Wildlife","floor":11,"turns":4},{"damage":6,"enemies":"3 Sentries","floor":13,"turns":6},{"damage":0,"enemies":"Blue Slaver","floor":14,"turns":1},{"damage":0,"enemies":"Hexaghost","floor":16,"turns":7},{"damage":7,"enemies":"2 Thieves","floor":18,"turns":4},{"damage":0,"enemies":"Shell Parasite","floor":19,"turns":1},{"damage":0,"enemies":"3 Cultists","floor":20,"turns":4},{"damage":2,"enemies":"Snake Plant","floor":21,"turns":3},{"damage":12,"enemies":"Book of Stabbing","floor":23,"turns":3},{"damage":5,"enemies":"Slavers","floor":25,"turns":4},{"damage":8,"enemies":"Centurion and Healer","floor":27,"turns":3},{"damage":0,"enemies":"Book of Stabbing","floor":31,"turns":2},{"damage":23,"enemies":"Champ","floor":33,"turns":8},{"damage":0,"enemies":"3 Shapes","floor":35,"turns":1},{"damage":0,"enemies":"Orb Walker","floor":36,"turns":2},{"damage":6,"enemies":"Jaw Worm Horde","floor":37,"turns":2},{"damage":0,"enemies":"Writhing Mass","floor":38,"turns":5},{"damage":0,"enemies":"2 Orb Walkers","floor":39,"turns":2},{"damage":0,"enemies":"Reptomancer","floor":40,"turns":4},{"damage":1,"enemies":"Spire Growth","floor":41,"turns":3},{"damage":0,"enemies":"Giant Head","floor":42,"turns":5},{"damage":10,"enemies":"Awakened One","floor":50,"turns":10},{"damage":0,"enemies":"Shield and Spear","floor":54,"turns":2},{"damage":57,"enemies":"The Heart","floor":55,"turns":9}],"seed_played":"-4001601151392690478","potions_obtained":[],"is_trial":false,"path_per_floor":["M","?","M","?","M","E","T","R","T","E","M","?","E","M","R","B",null,"M","M","M","M","?","E","R","E","T","M","R","$","R","E","R","B",null,"M","M","M","M","?","E","M","E","T","R","?","R","?","$","R","B",null,"R","$","E","B",null],"character_chosen":"WATCHER","items_purchased":["Omamori","MentalFortress","Orrery","HornCleat","CutThroughFate","Tantrum","Bag of Marbles","Toolbox"],"campfire_rested":0,"item_purchase_floors":[29,29,29,48,48,53,53,53],"current_hp_per_floor":[71,64,63,63,63,45,45,45,45,45,41,23,19,21,21,21,76,69,69,71,71,71,61,61,58,58,52,52,58,58,58,58,35,92,94,94,90,92,92,92,93,93,93,93,93,93,93,93,93,83,100,100,100,102,45],"gold":43,"neow_bonus":"BOSS_RELIC","is_daily":false,"chose_seed":false,"campfire_upgraded":8,"win_rate":0.0,"timestamp":1611256298,"path_taken":["M","?","M","?","M","E","?","R","T","E","M","?","E","M","R","BOSS","M","M","M","M","?","E","R","E","T","M","R","$","R","E","R","BOSS","M","M","M","M","?","E","M","E","T","R","?","R","?","$","R","BOSS","R","$","E","BOSS"],"items_purchased_type":["Relic","Card","Relic","Relic","Card","Card","Relic","Relic"],"build_version":"2020-12-22","purchased_purges":3,"victory":true,"max_hp_per_floor":[72,72,72,72,72,72,72,72,72,72,72,72,74,76,76,76,76,76,76,78,80,80,82,82,84,84,86,86,92,92,92,92,92,92,94,94,96,98,98,98,100,100,100,100,100,100,100,100,100,100,100,100,100,102,102],"relic_stats":{"Regal Pillow":0,"Singing Bowl":30,"counters":[29,111],"Golden Idol":204,"Dead Branch":[62],"CeramicFish":189,"Astrolabe":["FearNoEvil","FlyingSleeves","Wallop"],"Boot":[15],"Smiling Mask":150,"Cursed Key":0,"Sozu":12,"Mummified Hand":[43],"Ornamental Fan":[40],"obtain_stats":[{"Girya":39,"Regal Pillow":40,"Singing Bowl":13,"Golden Idol":12,"Dead Branch":6,"CeramicFish":9,"Astrolabe":17,"Thread and Needle":42,"Omamori":29,"Bottled Tornado":26,"Boot":10,"Smiling Mask":23,"Cursed Key":34,"Akabeko":25,"Sozu":0,"HornCleat":48,"Mummified Hand":31,"Ornamental Fan":54,"Orrery":29,"Toolbox":53,"Bag of Marbles":53,"PureWater":0},{"Girya":23,"Regal Pillow":24,"Singing Bowl":7,"Golden Idol":6,"Dead Branch":4,"CeramicFish":4,"Astrolabe":9,"Thread and Needle":26,"Omamori":16,"Bottled Tornado":15,"Boot":5,"Smiling Mask":14,"Cursed Key":18,"Akabeko":15,"Sozu":0,"HornCleat":26,"Mummified Hand":17,"Ornamental Fan":28,"Orrery":16,"Toolbox":27,"Bag of Marbles":27,"PureWater":0},{"Girya":78,"Regal Pillow":82,"Singing Bowl":26,"Golden Idol":20,"Dead Branch":13,"CeramicFish":13,"Astrolabe":34,"Thread and Needle":90,"Omamori":56,"Bottled Tornado":53,"Boot":16,"Smiling Mask":49,"Cursed Key":66,"Akabeko":53,"Sozu":0,"HornCleat":90,"Mummified Hand":58,"Ornamental Fan":102,"Orrery":56,"Toolbox":100,"Bag of Marbles":100,"PureWater":0}]},"card_choices":[{"not_picked":["SignatureMove","Sanctity"],"picked":"CutThroughFate","floor":1},{"not_picked":["FlyingSleeves","Evaluate"],"picked":"EmptyFist","floor":3},{"not_picked":["Vengeance","ClearTheMind"],"picked":"ThirdEye","floor":5},{"not_picked":["Consecrate","WreathOfFlame"],"picked":"Adaptation","floor":6},{"not_picked":["Blasphemy","SpiritShield"],"picked":"Scrawl","floor":10},{"not_picked":["WindmillStrike","Weave"],"picked":"FollowUp","floor":11},{"not_picked":["PathToVictory","Alpha","BowlingBash"],"picked":"Singing Bowl","floor":13},{"not_picked":["Vengeance","ThirdEye","ForeignInfluence"],"picked":"Singing Bowl","floor":14},{"not_picked":["Establishment","DevaForm"],"picked":"Scrawl","floor":16},{"not_picked":["BowlingBash","Sanctity"],"picked":"ThirdEye","floor":18},{"not_picked":["FlyingSleeves+1","CutThroughFate"],"picked":"FearNoEvil+1","floor":19},{"not_picked":["JustLucky","ClearTheMind","Evaluate"],"picked":"Singing Bowl","floor":20},{"not_picked":["Protect","Meditate","PathToVictory"],"picked":"Singing Bowl","floor":21},{"not_picked":["Swivel+1","JustLucky+1","BowlingBash+1"],"picked":"Singing Bowl","floor":23},{"not_picked":["WheelKick","Meditate+1","WindmillStrike"],"picked":"Singing Bowl","floor":25},{"not_picked":["FearNoEvil","Wish","Evaluate"],"picked":"Singing Bowl","floor":27},{"not_picked":["FollowUp","BattleHymn","Protect"],"picked":"Singing Bowl","floor":29},{"not_picked":["Swivel","SandsOfTime","EmptyFist"],"picked":"Singing Bowl","floor":29},{"not_picked":["Protect","FollowUp","Establishment"],"picked":"Singing Bowl","floor":29},{"not_picked":["Swivel+1","Prostrate"],"picked":"Protect+1","floor":29},{"not_picked":["FlyingSleeves","EmptyFist"],"picked":"SashWhip+1","floor":29},{"not_picked":["PathToVictory","ClearTheMind"],"picked":"Fasting2","floor":31},{"not_picked":["Blasphemy","LessonLearned"],"picked":"Vault","floor":33},{"not_picked":["Halt","WreathOfFlame+1","SashWhip+1"],"picked":"Singing Bowl","floor":35},{"not_picked":["Prostrate+1","Vengeance"],"picked":"FlurryOfBlows+1","floor":36},{"not_picked":["WheelKick","LikeWater+1","Weave"],"picked":"Singing Bowl","floor":37},{"not_picked":["SandsOfTime","ClearTheMind+1","BattleHymn"],"picked":"Singing Bowl","floor":38},{"not_picked":["Meditate+1","ConjureBlade"],"picked":"DeceiveReality+1","floor":39},{"not_picked":["Perseverance+1","Adaptation"],"picked":"CrushJoints+1","floor":40},{"not_picked":["PathToVictory","FlyingSleeves+1","ThirdEye+1"],"picked":"Singing Bowl","floor":41},{"not_picked":["Weave","BowlingBash+1"],"picked":"TalkToTheHand","floor":42},{"not_picked":["Collect+1","EmptyBody","FlyingSleeves+1"],"picked":"Singing Bowl","floor":54}],"player_experience":1667267,"relics_obtained":[{"floor":6,"key":"Dead Branch"},{"floor":9,"key":"CeramicFish"},{"floor":10,"key":"Boot"},{"floor":13,"key":"Singing Bowl"},{"floor":23,"key":"Smiling Mask"},{"floor":25,"key":"Akabeko"},{"floor":26,"key":"Bottled Tornado"},{"floor":31,"key":"Mummified Hand"},{"floor":39,"key":"Girya"},{"floor":40,"key":"Regal Pillow"},{"floor":42,"key":"Thread and Needle"},{"floor":54,"key":"Ornamental Fan"}],"event_choices":[{"cards_removed":["Defend_P"],"damage_healed":0,"gold_gain":0,"player_choice":"Card Removal","damage_taken":7,"max_hp_gain":0,"max_hp_loss":0,"event_name":"Golden Wing","floor":2,"gold_loss":0},{"damage_healed":0,"gold_gain":0,"player_choice":"Grow","damage_taken":0,"max_hp_gain":0,"max_hp_loss":0,"event_name":"Living Wall","floor":4,"gold_loss":0,"cards_upgraded":["Eruption"]},{"damage_healed":0,"gold_gain":0,"player_choice":"Take Damage","damage_taken":18,"relics_obtained":["Golden Idol"],"max_hp_gain":0,"max_hp_loss":0,"event_name":"Golden Idol","floor":12,"gold_loss":0},{"damage_healed":0,"gold_gain":0,"player_choice":"Simplicity","damage_taken":0,"max_hp_gain":0,"max_hp_loss":0,"event_name":"Back to Basics","floor":22,"gold_loss":0,"cards_upgraded":["Strike_P","Strike_P","Defend_P","Defend_P"]},{"damage_healed":0,"gold_gain":0,"player_choice":"Fight","damage_taken":0,"max_hp_gain":0,"max_hp_loss":0,"event_name":"Mysterious Sphere","floor":39,"gold_loss":0},{"cards_removed":["ThirdEye"],"damage_healed":0,"gold_gain":0,"player_choice":"Removed Skill","damage_taken":0,"max_hp_gain":0,"max_hp_loss":0,"event_name":"Falling","floor":45,"gold_loss":0},{"damage_healed":0,"gold_gain":0,"player_choice":"2 cards matched","damage_taken":0,"max_hp_gain":0,"max_hp_loss":0,"event_name":"Match and Keep!","floor":47,"gold_loss":0,"cards_obtained":["Ragnarok","TalkToTheHand"]}],"is_beta":false,"boss_relics":[{"not_picked":["Runic Pyramid","Busted Crown"],"picked":"Astrolabe"},{"not_picked":["VioletLotus","Runic Dome"],"picked":"Cursed Key"}],"items_purged_floors":[29,48,53],"is_endless":false,"potions_floor_spawned":[1,3,13,18,21,27,33,38,39,40,42,54],"ascension_level":1}}