{"host":"rjfefv2ruvigm2gb","time":1611215375,"event":{"mods":["A Penny For Your Troubles","Act Like it!","AlwaysNeverKeys","BaseMod","Block Reminder","Conspire","Curses Come First","Dark Map","Displayed Cursed Tome","Elementarium","Evolution","Fox Events","Gensokyo","Gold Saver","Googly Eyes","Hermit","HexUI Lib","Hubris","Infinite Spire","JesterMod","Mad Scientist","Mimic Mod","Minty Spire (QoL Compilation)","Permanent Neow","Poor People Problems","Quick Restart","Relic Filter","Relic Stats","Replay The Spire","Shop Mod","StS++","StSLib","SuperFastMode","The Blue Laboratory","The Clintock","The Sage","TheHero","Virulent Crown"],"gold_per_floor":[657,657,657,657,677,677,697,697,697,697,697,667,705,331,331,434,434,452,255,268,120,132,461,479,492,492,492,492,492,505,563,563,663,663,678,689,689,739,750,750,782,782,805,821,821,821,821,837,837,838,838,838,462,490,490,490],"floor_reached":55,"language":"ENG","playtime":5151,"items_purged":[],"score":778,"play_id":"3ed7b15e-f31a-4763-86c7-edfbb5366127","local_time":"20210121014935","is_ascension_mode":false,"campfire_choices":[{"data":"clintock:Jab","floor":6.0,"key":"SMITH"},{"floor":8.0,"key":"REST"},{"data":"clintock:Fluorescein","floor":15.0,"key":"SMITH"},{"floor":27.0,"key":"REST"},{"data":"clintock:BaseSynthesis","floor":29.0,"key":"SMITH"},{"floor":32.0,"key":"REST"},{"data":"clintock:Fluorescein","floor":40.0,"key":"SMITH"},{"floor":42.0,"key":"REST"},{"floor":49.0,"key":"REST"},{"data":"Decay","floor":52.0,"key":"PURGE"}],"circlet_count":0,"master_deck":["clintock:ClintockStrike","clintock:ClintockStrike+1","clintock:ClintockStrike+1","clintock:ClintockStrike","clintock:ClintockDefend","clintock:ClintockDefend","clintock:ClintockDefend","clintock:ClintockDefend+1","clintock:BaseSynthesis+1","clintock:Replenish","clintock:Bateson9000","clintock:Jab+1","clintock:DAMP+1","clintock:Deoxyadenosine","clintock:Excavate","clintock:Fluorescein+1","clintock:Nanopore","clintock:Fluorescein+1","clintock:Obstruct+1","clintock:EnergyDrink+1","clintock:Polymerize+1","clintock:DTMP","clintock:Excavate+1","clintock:GeneticPollution","clintock:BruteForce","clintock:Efflux","clintock:SuspendAnimation","clintock:Obstruct","clintock:MetabolicPathways+1","clintock:EnergyDrink+1","clintock:BruteForce+1","clintock:Deoxyguanosine+1","clintock:Immunodeficiency+1","clintock:Eureka+1","clintock:BruteForce+1"],"relics":["Replay:Grab Bag","Replay:Bronze Core","Raider\u0027s Mask","foxEvents:EldersFace","Gensokyo:LunaticRedEyes","Cauldron","sagemod:Creepy_Carousel","Ginger","hermit:RyeStalk","Membership Card","Gensokyo:FoxMask","WingedGreaves","Cracked Core","TwistedFunnel","animeID:HeroCostume","Potion Belt","Gensokyo:Bombinomicon","MadScienceMod:DoomsdayDevice","hubris:BottledHeart","Damaru","hubris:DeckOfHolding","hermit:Horseshoe","Mercury Hourglass","infinitespire:Chaos","Incense Burner","ReplayFunnel","Ice Cream"],"acts_visited":["Exordium","TheCity","TheBeyond","TheEnding"],"potions_floor_usage":[54,54,55,55],"damage_taken":[{"damage":13.0,"enemies":"Jaw Worm","floor":1.0,"turns":6.0},{"damage":0.0,"enemies":"Small Slimes","floor":5.0,"turns":7.0},{"damage":0.0,"enemies":"Cultist","floor":7.0,"turns":5.0},{"damage":0.0,"enemies":"Looter","floor":12.0,"turns":4.0},{"damage":2.0,"enemies":"Exordium Wildlife","floor":13.0,"turns":18.0},{"damage":16.0,"enemies":"Hexaghost","floor":16.0,"turns":21.0},{"damage":14.0,"enemies":"3 Byrds","floor":18.0,"turns":3.0},{"damage":0.0,"enemies":"Spheric Guardian","floor":20.0,"turns":10.0},{"damage":4.0,"enemies":"Chosen and Byrds","floor":22.0,"turns":8.0},{"damage":28.0,"enemies":"Slavers","floor":23.0,"turns":6.0},{"damage":30.0,"enemies":"Snake Plant","floor":24.0,"turns":6.0},{"damage":0.0,"enemies":"Sentry and Sphere","floor":25.0,"turns":8.0},{"damage":5.0,"enemies":"Shelled Parasite and Fungi","floor":30.0,"turns":11.0},{"damage":12.0,"enemies":"conspire:MysteriousRune","floor":33.0,"turns":17.0},{"damage":0.0,"enemies":"3 Shapes","floor":35.0,"turns":7.0},{"damage":0.0,"enemies":"3 Darklings","floor":36.0,"turns":9.0},{"damage":0.0,"enemies":"Mind Bloom Boss Battle","floor":38.0,"turns":13.0},{"damage":0.0,"enemies":"Spire Growth","floor":39.0,"turns":11.0},{"damage":30.0,"enemies":"Nemesis","floor":41.0,"turns":21.0},{"damage":56.0,"enemies":"Transient","floor":44.0,"turns":5.0},{"damage":0.0,"enemies":"Sphere and 2 Shapes","floor":48.0,"turns":11.0},{"damage":35.0,"enemies":"Time Eater","floor":50.0,"turns":18.0},{"damage":0,"enemies":"Shield and Spear","floor":54,"turns":10},{"damage":4,"enemies":"The Heart","floor":55,"turns":5}],"seed_played":"229917644582576479","potions_obtained":[{"floor":5.0,"key":"blueLaboratory:FrostheartPotion"},{"floor":16.0,"key":"Explosive Potion"},{"floor":20.0,"key":"LiquidMemories"},{"floor":23.0,"key":"BlessingOfTheForge"},{"floor":24.0,"key":"Elixir"},{"floor":38.0,"key":"DuplicationPotion"},{"floor":39.0,"key":"blueLaboratory:PyrophylliteBrew"},{"floor":48.0,"key":"blueLaboratory:FruitPunch"},{"floor":53,"key":"blueLaboratory:ForbiddenFruitJuice"},{"floor":53,"key":"blueLaboratory:CorrosionFlask"},{"floor":53,"key":"blueLaboratory:BottleOfVodka"},{"floor":54,"key":"FearPotion"}],"is_trial":false,"path_per_floor":["M","?","?","?","M","R","M","R","T","?","$","M","MIM","$","R","B",null,"M","$","M","$","M","E","M","M","T","R","?","R","M","?","R","B",null,"M","M","?","?","M","R","E","R","T","M","?","$","AVR","M","R","B",null,"R","$","E","B"],"character_chosen":"CLINTOCK_CLASS","items_purchased":["Bloody Idol","MealTicket","clintock:Fluorescein","Membership Card","clintock:Fluorescein","StSpp:JackpotMachine","clintock:EnergyDrink","conspire:DeflatedDodgeball","infinitespire:Chaos","Incense Burner","ReplayFunnel"],"campfire_rested":5,"item_purchase_floors":[14,14,14,19,19,21,21,46,53,53,53],"current_hp_per_floor":[75,75,75,75,75,75,75,88,88,88,88,88,86,86,86,75,88,79,88,88,88,88,70,45,55,55,81,81,81,81,51,77,70,88,88,88,88,88,88,88,63,88,88,37,37,21,21,26,52,24,90,90,1,1,0,0],"gold":490,"neow_bonus":"TEN_PERCENT_HP_BONUS","is_daily":false,"chose_seed":false,"campfire_upgraded":4,"win_rate":0.0,"timestamp":1611215375,"path_taken":["M","?","?","?","?","R","M","R","T","?","?","?","?","$","R","BOSS","M","$","M","$","M","E","M","M","T","R","?","R","M","?","R","BOSS","M","M","?","?","M","R","E","R","T","M","?","?","AVR","M","R","BOSS","R","$","E","BOSS"],"items_purchased_type":["Relic","Relic","Card","Relic","Card","Relic","Card","Relic","Relic","Relic","Relic"],"build_version":"2020-12-22","purchased_purges":0,"victory":false,"max_hp_per_floor":[88,88,88,88,88,88,88,88,88,88,88,88,88,88,88,88,88,88,88,88,88,88,88,88,88,88,88,88,88,88,88,88,88,88,88,88,88,88,88,88,88,88,88,88,88,88,88,88,88,90,90,90,1,1,1,1],"relic_stats":{"counters":[24,240],"Ginger":[2],"obtain_stats":[{"TwistedFunnel":53,"Ice Cream":54,"Vajra":26,"EVO:Axolotl":0,"Whetstone":13,"Raider\u0027s Mask":53,"Ginger":53,"Old Coin":23,"hermit:RyeStalk":53,"clintock:BiomoleculePool":0,"Replay:Bronze Core":53,"MealTicket":14,"hubris:DeckOfHolding":53,"hubris:TinFlute":9,"Ring of Hypnosis":3,"Replay:Grab Bag":53,"Gensokyo:Bombinomicon":53,"foxEvents:EldersFace":53,"Ring of Chaos":34,"Replay:Baseball":41,"hubris:BottledHeart":53,"Bronze Scales":13,"sagemod:Creepy_Carousel":53,"hubris:PeanutButter":31,"Gensokyo:FoxMask":53,"hubris:TenFootPole":43,"ReplayFunnel":53,"conspire:SpecialSausage":17,"Replay:Multitool":38,"Incense Burner":53,"Cursed Key":47,"Gensokyo:LunaticRedEyes":53,"MadScienceMod:DoomsdayDevice":53,"Ring of Peace":3,"WingedGreaves":53,"infinitespire:Chaos":53,"Cracked Core":53,"Gremlin Food":47,"Potion Belt":53,"StSpp:JackpotMachine":21,"infinitespire:EmptyRelic":53,"Damaru":53,"hubris:Towel":2,"Mercury Hourglass":53,"Cauldron":53,"Bloody Idol":14,"Membership Card":19,"animeID:HeroCostume":53,"conspire:DeflatedDodgeball":46,"hermit:Horseshoe":53},{"TwistedFunnel":22,"Ice Cream":23,"Vajra":12,"EVO:Axolotl":0,"Whetstone":5,"Raider\u0027s Mask":22,"Ginger":22,"Old Coin":10,"hermit:RyeStalk":22,"clintock:BiomoleculePool":0,"Replay:Bronze Core":22,"MealTicket":5,"hubris:DeckOfHolding":22,"hubris:TinFlute":3,"Ring of Hypnosis":1,"Replay:Grab Bag":22,"Gensokyo:Bombinomicon":22,"foxEvents:EldersFace":22,"Ring of Chaos":14,"Replay:Baseball":19,"hubris:BottledHeart":22,"Bronze Scales":5,"sagemod:Creepy_Carousel":22,"hubris:PeanutButter":13,"Gensokyo:FoxMask":22,"hubris:TenFootPole":19,"ReplayFunnel":22,"conspire:SpecialSausage":6,"Replay:Multitool":17,"Incense Burner":22,"Cursed Key":20,"Gensokyo:LunaticRedEyes":22,"MadScienceMod:DoomsdayDevice":22,"Ring of Peace":1,"WingedGreaves":22,"infinitespire:Chaos":22,"Cracked Core":22,"Gremlin Food":20,"Potion Belt":22,"StSpp:JackpotMachine":8,"infinitespire:EmptyRelic":22,"Damaru":22,"hubris:Towel":1,"Mercury Hourglass":22,"Cauldron":22,"Bloody Idol":5,"Membership Card":7,"animeID:HeroCostume":22,"conspire:DeflatedDodgeball":20,"hermit:Horseshoe":22},{"TwistedFunnel":225,"Ice Cream":235,"Vajra":102,"EVO:Axolotl":0,"Whetstone":40,"Raider\u0027s Mask":225,"Ginger":225,"Old Coin":88,"hermit:RyeStalk":225,"clintock:BiomoleculePool":0,"Replay:Bronze Core":225,"MealTicket":40,"hubris:DeckOfHolding":225,"hubris:TinFlute":18,"Ring of Hypnosis":6,"Replay:Grab Bag":225,"Gensokyo:Bombinomicon":225,"foxEvents:EldersFace":225,"Ring of Chaos":130,"Replay:Baseball":191,"hubris:BottledHeart":225,"Bronze Scales":40,"sagemod:Creepy_Carousel":225,"hubris:PeanutButter":113,"Gensokyo:FoxMask":225,"hubris:TenFootPole":191,"ReplayFunnel":225,"conspire:SpecialSausage":61,"Replay:Multitool":159,"Incense Burner":225,"Cursed Key":196,"Gensokyo:LunaticRedEyes":225,"MadScienceMod:DoomsdayDevice":225,"Ring of Peace":6,"WingedGreaves":225,"infinitespire:Chaos":225,"Cracked Core":225,"Gremlin Food":196,"Potion Belt":225,"StSpp:JackpotMachine":74,"infinitespire:EmptyRelic":225,"Damaru":225,"hubris:Towel":6,"Mercury Hourglass":225,"Cauldron":225,"Bloody Idol":40,"Membership Card":64,"animeID:HeroCostume":225,"conspire:DeflatedDodgeball":196,"hermit:Horseshoe":225}],"Mercury Hourglass":[68]},"card_choices":[{"not_picked":["clintock:Splinter","clintock:Efflux"],"picked":"clintock:Bateson9000","floor":1.0},{"not_picked":["clintock:MetabolicPathways","clintock:VectorFlow"],"picked":"clintock:Jab","floor":5.0},{"not_picked":["clintock:VectorFlow","clintock:Efflux"],"picked":"clintock:DAMP","floor":7.0},{"not_picked":["clintock:Acupuncture","clintock:BruteForce"],"picked":"clintock:Deoxyadenosine","floor":12.0},{"not_picked":["clintock:Bateson9000","clintock:BruteForce"],"picked":"clintock:Excavate","floor":13.0},{"not_picked":["clintock:BiolelePrime","clintock:TheGenomeProject"],"picked":"clintock:Nanopore","floor":16.0},{"not_picked":["clintock:Ketosis","clintock:Interrupt","clintock:Sting"],"picked":"SKIP","floor":18.0},{"not_picked":["clintock:Nanopore","clintock:ATPReserves"],"picked":"clintock:Obstruct+1","floor":20.0},{"not_picked":["clintock:Interrupt","clintock:SampleSwap"],"picked":"clintock:Polymerize+1","floor":22.0},{"not_picked":["clintock:Excavate+1","clintock:EnergyMetabolism"],"picked":"clintock:DTMP","floor":23.0},{"not_picked":["clintock:VectorFlow","clintock:Obstruct+1","clintock:DTMP"],"picked":"SKIP","floor":24.0},{"not_picked":["clintock:Centrifuge","clintock:EnergyDrink"],"picked":"clintock:Excavate+1","floor":25.0},{"not_picked":["clintock:ATPReserves","clintock:Efflux+1"],"picked":"clintock:GeneticPollution","floor":30.0},{"not_picked":["clintock:Obstruct","clintock:VectorFlow"],"picked":"clintock:BruteForce","floor":31.0},{"not_picked":["clintock:ImpulsiveShot+1","clintock:GeneAmplification"],"picked":"clintock:Efflux","floor":31.0},{"not_picked":["clintock:SinsheimerT3","clintock:BoloPunch"],"picked":"clintock:SuspendAnimation","floor":33.0},{"not_picked":["clintock:BruteForce+1","clintock:Thymidine"],"picked":"clintock:Obstruct","floor":35.0},{"not_picked":["clintock:Deoxyguanosine+1","clintock:MetabolicPathways+1","clintock:ATPReserves+1"],"picked":"SKIP","floor":36.0},{"not_picked":["clintock:Deoxyguanosine+1","clintock:ATPReserves+1"],"picked":"clintock:MetabolicPathways+1","floor":36.0},{"not_picked":["clintock:DGMP+1","clintock:DTMP"],"picked":"clintock:EnergyDrink+1","floor":38.0},{"not_picked":["clintock:Epidemic","clintock:Contamination"],"picked":"clintock:BruteForce+1","floor":39.0},{"not_picked":["clintock:Bateson9000+1","clintock:DegradedPrimer+1"],"picked":"clintock:Deoxyguanosine+1","floor":41.0},{"not_picked":["clintock:EnergyDrink","clintock:EnergyMetabolism"],"picked":"clintock:Immunodeficiency+1","floor":44.0},{"not_picked":["clintock:Obstruct+1","clintock:EnergyDrink+1"],"picked":"clintock:Eureka+1","floor":48.0},{"not_picked":["clintock:EnergyMetabolism+1","clintock:ProteinUtilization+1"],"picked":"clintock:BruteForce+1","floor":54}],"player_experience":1005252,"relics_obtained":[{"floor":3.0,"key":"Ring of Hypnosis"},{"floor":3.0,"key":"Ring of Peace"},{"floor":9.0,"key":"hubris:TinFlute"},{"floor":13.0,"key":"Bronze Scales"},{"floor":13.0,"key":"Whetstone"},{"floor":23.0,"key":"Old Coin"},{"floor":26.0,"key":"Vajra"},{"floor":31.0,"key":"hubris:PeanutButter"},{"floor":38.0,"key":"Replay:Multitool"},{"floor":41.0,"key":"Replay:Baseball"},{"floor":43.0,"key":"hubris:TenFootPole"},{"floor":54,"key":"Ice Cream"}],"event_choices":[{"damage_healed":0.0,"max_hp_gain":0.0,"max_hp_loss":0.0,"gold_gain":0.0,"event_name":"Wheel of Change","player_choice":"Cursed","floor":4.0,"gold_loss":0.0,"damage_taken":0.0,"cards_obtained":["Decay"]},{"damage_healed":0.0,"max_hp_gain":0.0,"max_hp_loss":0.0,"gold_gain":0.0,"event_name":"Mysterious Sphere","player_choice":"Ignored","floor":37.0,"gold_loss":0.0,"damage_taken":0.0},{"damage_healed":0.0,"max_hp_gain":0.0,"max_hp_loss":0.0,"gold_gain":0.0,"event_name":"MindBloom","player_choice":"Fight","floor":38.0,"gold_loss":0.0,"damage_taken":0.0}],"is_beta":false,"boss_relics":[{"not_picked":["hubris:HollowSoul","Sozu"],"picked":"conspire:SpecialSausage"},{"not_picked":["StSpp:PileOfSugar","sagemod:Falmels_Amulet"],"picked":"Ring of Chaos"}],"items_purged_floors":[],"is_endless":false,"potions_floor_spawned":[5,16,20,23,24,38,39,48,54],"killed_by":"The Heart","ascension_level":0}}