{"host":"flfr45pgjq2ffr5f","time":1611268317,"event":{"mods":["Act Like it!","BaseMod","Colored Map","Gensokyo","Hermit","Highlight Path","Marisa????????","Minty Spire (QoL Compilation)","Remilia??????","Robot Space Explorer","StSLib","The Bug Knight","The Cursed","The Jungle","The Marked","The Senshi","The Servant 0.9.4"],"gold_per_floor":[117,134,38,53,53,53,64,64,64,42,104,129,129,146,146,245,245,234,234,234,249,267,293,293,321,321,338,350,350,80,98,98,98,98],"floor_reached":33,"language":"ENG","playtime":7576,"items_purged":[],"score":337,"play_id":"c2bafa75-2157-4319-8844-99aa5462d24e","local_time":"20210121163157","is_ascension_mode":false,"campfire_choices":[{"data":"Armaments","floor":6.0,"key":"SMITH"},{"data":"Anger","floor":8.0,"key":"SMITH"},{"floor":15.0,"key":"REST"},{"floor":24,"key":"REST"},{"floor":32,"key":"REST"}],"circlet_count":0,"master_deck":["Strike_R","Strike_R","Strike_R","Strike_R","Defend_R","Defend_R","Defend_R","Bash","Clothesline","Rampage","Anger+1","Armaments+1","Cleave","Flex","Anger","Barricade","Cleave","Shockwave","Feed","Shrug It Off","Carnage","Flame Barrier+1","Anger","Shrug It Off","Iron Wave+1","Seeing Red+1","Anger","Writhe","Feel No Pain","Enlightenment+1","Warcry+1","Armaments+1","Rampage+1","Flex+1"],"relics":["Burning Blood","Bottled Lightning","HollowMod:LifeEnderRelic","Velvet Choker","Bag of Preparation","WingedGreaves","Toxic Egg 2","Dream Catcher"],"acts_visited":["Exordium","TheCity"],"potions_floor_usage":[23,28,33],"damage_taken":[{"damage":2.0,"enemies":"Cultist","floor":1.0,"turns":5.0},{"damage":16.0,"enemies":"Jaw Worm","floor":2.0,"turns":4.0},{"damage":0.0,"enemies":"2 Louse","floor":4.0,"turns":2.0},{"damage":8.0,"enemies":"Large Slime","floor":7.0,"turns":5.0},{"damage":32.0,"enemies":"3 Sentries","floor":12.0,"turns":7.0},{"damage":12.0,"enemies":"Blue Slaver","floor":14.0,"turns":3.0},{"damage":26.0,"enemies":"Hexaghost","floor":16.0,"turns":8.0},{"damage":14,"enemies":"2 Thieves","floor":18,"turns":4},{"damage":10,"enemies":"Shell Parasite","floor":21,"turns":5},{"damage":4,"enemies":"Centurion and Healer","floor":22,"turns":5},{"damage":16,"enemies":"Book of Stabbing","floor":23,"turns":5},{"damage":9,"enemies":"Slavers","floor":25,"turns":5},{"damage":0,"enemies":"Snake Plant","floor":27,"turns":3},{"damage":12,"enemies":"Snecko","floor":28,"turns":6},{"damage":1,"enemies":"Chosen and Byrds","floor":31,"turns":5},{"damage":98,"enemies":"Automaton","floor":33,"turns":8}],"seed_played":"-5240717164100953697","potions_obtained":[{"floor":2.0,"key":"SpeedPotion"},{"floor":14.0,"key":"CultistPotion"},{"floor":16.0,"key":"Swift Potion"},{"floor":18,"key":"Strength Potion"},{"floor":21,"key":"SteroidPotion"},{"floor":22,"key":"DistilledChaos"}],"is_trial":false,"path_per_floor":["M","M","$","M","?","R","M","R","T","$","?","E","?","M","R","B",null,"M","?","?","M","M","E","R","E","T","M","M","?","$","M","R","B"],"character_chosen":"IRONCLAD","items_purchased":["Anger","Armaments","Anger","Feel No Pain","Enlightenment+1","Warcry+1","Armaments+1"],"campfire_rested":3,"item_purchase_floors":[3,3,10,30,30,30,30],"current_hp_per_floor":[88,78,78,84,84,84,82,82,82,82,82,56,56,50,76,56,88,80,80,80,76,82,72,92,92,92,95,89,89,89,94,95,0,0],"gold":98,"neow_bonus":"TEN_PERCENT_HP_BONUS","is_daily":false,"chose_seed":false,"campfire_upgraded":2,"win_rate":0.0,"timestamp":1611268317,"path_taken":["M","?","$","M","?","R","M","R","T","$","?","E","?","?","R","BOSS","M","?","?","M","M","E","R","E","T","?","M","?","$","M","R","BOSS"],"items_purchased_type":["Card","Card","Card","Card","Card","Card","Card"],"build_version":"2020-12-22","purchased_purges":0,"victory":false,"max_hp_per_floor":[88,88,88,88,88,88,88,88,88,88,88,88,88,88,88,88,88,88,88,88,88,92,92,92,95,95,95,95,95,95,95,95,95,95],"card_choices":[{"not_picked":["Headbutt","Clash"],"picked":"Clothesline","floor":1.0},{"not_picked":["Whirlwind","Clothesline"],"picked":"Rampage","floor":2.0},{"not_picked":["Bloodletting","Uppercut"],"picked":"Cleave","floor":4.0},{"not_picked":["Burning Pact","Metallicize"],"picked":"Flex","floor":7.0},{"not_picked":["Inflame","Shockwave"],"picked":"Barricade","floor":12.0},{"not_picked":["Dual Wield","Sword Boomerang"],"picked":"Shockwave","floor":14.0},{"not_picked":["Berserk","Fiend Fire"],"picked":"Feed","floor":16.0},{"not_picked":["Pommel Strike+1","Warcry"],"picked":"Shrug It Off","floor":18},{"not_picked":["Pummel","Anger"],"picked":"Flame Barrier+1","floor":21},{"not_picked":["Reckless Charge","Burning Pact"],"picked":"Anger","floor":22},{"not_picked":["Whirlwind+1","Clothesline+1"],"picked":"Shrug It Off","floor":23},{"not_picked":["Perfected Strike","Clothesline+1"],"picked":"Iron Wave+1","floor":25},{"not_picked":["Clothesline","Intimidate+1"],"picked":"Seeing Red+1","floor":27},{"not_picked":["Fiend Fire","Uppercut"],"picked":"Anger","floor":28},{"not_picked":["Sword Boomerang+1","Twin Strike"],"picked":"Rampage+1","floor":31},{"not_picked":["Sword Boomerang","Twin Strike"],"picked":"Flex+1","floor":32}],"player_experience":10335,"relics_obtained":[{"floor":9.0,"key":"Bottled Lightning"},{"floor":12.0,"key":"HollowMod:LifeEnderRelic"},{"floor":23,"key":"Bag of Preparation"},{"floor":25,"key":"WingedGreaves"},{"floor":26,"key":"Toxic Egg 2"}],"event_choices":[{"damage_healed":0.0,"max_hp_gain":0.0,"max_hp_loss":0.0,"gold_gain":0.0,"event_name":"Liars Game","player_choice":"Ignored","floor":5.0,"gold_loss":0.0,"damage_taken":0.0},{"damage_healed":0.0,"max_hp_gain":0.0,"max_hp_loss":0.0,"gold_gain":62.0,"event_name":"Golden Wing","player_choice":"Gained Gold","floor":11.0,"gold_loss":0.0,"damage_taken":0.0},{"damage_healed":0.0,"max_hp_gain":0.0,"max_hp_loss":0.0,"gold_gain":0.0,"cards_transformed":["Defend_R"],"event_name":"Living Wall","player_choice":"Change","floor":13.0,"gold_loss":0.0,"damage_taken":0.0,"cards_obtained":["Cleave"]},{"damage_healed":0,"gold_gain":0,"player_choice":"Read","damage_taken":0,"max_hp_gain":0,"max_hp_loss":0,"event_name":"The Library","floor":19,"gold_loss":0,"cards_obtained":["Carnage"]},{"cards_removed":["Strike_R"],"damage_healed":0,"gold_gain":0,"player_choice":"Purged","damage_taken":0,"max_hp_gain":0,"max_hp_loss":0,"event_name":"Purifier","floor":20,"gold_loss":0},{"damage_healed":0,"gold_gain":0,"player_choice":"Opened","damage_taken":0,"relics_obtained":["Dream Catcher"],"max_hp_gain":0,"max_hp_loss":0,"event_name":"The Mausoleum","floor":29,"gold_loss":0,"cards_obtained":["Writhe"]}],"is_beta":false,"boss_relics":[{"not_picked":["Black Star","Mark of Pain"],"picked":"Velvet Choker"}],"items_purged_floors":[],"is_endless":false,"potions_floor_spawned":[2,14,16,18,21,22],"killed_by":"Automaton","ascension_level":0}}