{"host":"57p7dt3z3srco180","time":1611261517,"event":{"mods":["AchievementEnabler","Aspiration","BaseMod","BetterRewards","Colored Map","Colored Powertips","Dark Map","GifTheSpireLib","Hubris","Infinite Spire","Marisa????????","Mimic Mod","Minty Spire (QoL Compilation)","Remilia??????","Replay The Spire","Shop Mod","StSLib","Synergy Search"],"gold_per_floor":[111,111,125,27,37,71,86,114,114,124,135,160,160,176,176,273,273,288,313,313,313,326,389,404,438,456,20,44,44,57,91,16,39,39,146,146,76,104,104,104],"floor_reached":41,"language":"ENG","playtime":2243,"items_purged":[],"score":1097,"play_id":"a8e6359b-364c-4a5d-bb8e-bddd8555dd5b","local_time":"20210121123837","is_ascension_mode":true,"campfire_choices":[{"floor":15,"key":"REST"},{"floor":29,"key":"REST"},{"floor":34,"key":"REST"}],"circlet_count":0,"master_deck":["Strike_B","Strike_B","Strike_B","Defend_B","Defend_B","Zap","Dualcast","Turbo","Turbo","Barrage","Distraction","Leg Sweep","Choke","Conserve Battery","Bandage Up","hubris:Ukulele","Tempest","Barrage","Ball Lightning","White Noise","Sweeping Beam","Redo","CommonCold","FTL","Crystallizer","Multi-Cast","Coolheaded","Gash","Coolheaded","ReplayTheSpireMod:Splinters","Cold Snap","aspiration:Polymerization","Barrage+1","Beam Cell","Crystallizer","Core Surge","Streamline+1","Leap","hubris:Lust","FIFO Queue","hubris:Greed","Panic Button","Storm","hubris:Greed","hubris:Prefetch","hubris:Greed","Ball Lightning+1","Rebound+1","hubris:Greed","hubris:Greed","hubris:Greed"],"relics":["Cracked Core","hubris:TenFootPole","TungstenRod","Dream Catcher","AntiCross","Ring of Fury","Busted Crown","Red Mask","Mummified Hand","Juzu Bracelet","DollysMirror","MerchantsRug","ReplayTheSpireMod:Lightbulb","aspiration:StickyExplosives","ReplayTheSpireMod:CursedCoin","aspiration:EnhancedActuators","hubris:HollowSoul"],"acts_visited":["Exordium","TheCity","TheBeyond"],"potions_floor_usage":[5,19,31,33,35,40,40],"damage_taken":[{"damage":10,"enemies":"Jaw Worm","floor":1,"turns":4},{"damage":0,"enemies":"Cultist","floor":3,"turns":2},{"damage":0,"enemies":"Small Slimes","floor":5,"turns":2},{"damage":4,"enemies":"3 Sentries","floor":6,"turns":8},{"damage":7,"enemies":"Exordium Wildlife","floor":7,"turns":4},{"damage":0,"enemies":"Gremlin Nob","floor":8,"turns":3},{"damage":5,"enemies":"Large Slime","floor":10,"turns":4},{"damage":0,"enemies":"Blue Slaver","floor":11,"turns":3},{"damage":11,"enemies":"Lagavulin","floor":12,"turns":5},{"damage":12,"enemies":"Red Slaver","floor":14,"turns":2},{"damage":47,"enemies":"The Guardian","floor":16,"turns":6},{"damage":8,"enemies":"Chosen","floor":18,"turns":2},{"damage":8,"enemies":"Masked Bandits","floor":19,"turns":2},{"damage":6,"enemies":"2 Thieves","floor":22,"turns":2},{"damage":6,"enemies":"Cultist and Chosen","floor":24,"turns":4},{"damage":23,"enemies":"Gremlin Leader","floor":25,"turns":4},{"damage":10,"enemies":"3 Cultists","floor":26,"turns":4},{"damage":0,"enemies":"Centurion and Healer","floor":30,"turns":4},{"damage":18,"enemies":"Slavers","floor":31,"turns":4},{"damage":0,"enemies":"Sentry and Sphere","floor":33,"turns":2},{"damage":29,"enemies":"Automaton","floor":35,"turns":5},{"damage":8,"enemies":"3 Darklings","floor":37,"turns":2},{"damage":0,"enemies":"Orb Walker","floor":38,"turns":1},{"damage":61,"enemies":"infinitespire:MassOfShapes","floor":40,"turns":7}],"seed_played":"6735484517724151763","potions_obtained":[{"floor":3,"key":"Explosive Potion"},{"floor":7,"key":"PotionOfCapacity"},{"floor":11,"key":"SpeedPotion"},{"floor":14,"key":"DuplicationPotion"},{"floor":19,"key":"Languid Potion"},{"floor":30,"key":"Adrenaline Potion"},{"floor":37,"key":"FearPotion"},{"floor":38,"key":"Explosive Potion"}],"is_trial":false,"path_per_floor":["M","?","M","$","M","E","M","E","T","M","M","E","?","M","R_BF","B",null,"M","?","PTL","PTL","M","?","M","E","M","$","T","R","M","E","$","M","R","B",null,"M","M","?","B",null],"character_chosen":"DEFECT","items_purchased":["hubris:TenFootPole","Turbo","Bandage Up","DollysMirror","Core Surge","MerchantsRug","ReplayTheSpireMod:CursedCoin","FIFO Queue","aspiration:EnhancedActuators"],"campfire_rested":3,"item_purchase_floors":[0,0,4,27,27,27,32,32,32],"current_hp_per_floor":[65,65,65,65,65,65,62,66,66,65,69,62,62,50,72,29,75,67,59,59,59,53,53,51,32,26,26,26,48,48,34,34,34,56,31,75,71,75,75,18],"gold":104,"neow_bonus":"","is_daily":false,"chose_seed":false,"campfire_upgraded":0,"win_rate":0.0,"timestamp":1611261517,"path_taken":["M","?","?","$","?","E","M","E","T","M","M","E","?","M","R_BF","BOSS","M","?","PTL","PTL","M","?","M","E","M","$","T","R","M","E","$","M","R","BOSS","M","M","?","BOSS"],"items_purchased_type":["Relic","Card","Card","Relic","Card","Relic","Relic","Card","Relic"],"build_version":"2020-12-22","purchased_purges":0,"victory":true,"max_hp_per_floor":[75,75,75,75,75,75,75,75,75,75,75,75,75,75,75,75,75,75,75,75,75,75,75,75,75,75,75,75,75,75,75,75,75,75,75,75,75,75,75,75],"card_choices":[{"not_picked":["Turbo","Cold Snap"],"picked":"Barrage","floor":1},{"not_picked":["Skim","Rebound"],"picked":"Conserve Battery","floor":3},{"not_picked":["Coolheaded","Rebound"],"picked":"hubris:Ukulele","floor":5},{"not_picked":["Hologram","Coolheaded"],"picked":"Tempest","floor":6},{"not_picked":["Turbo","BasicCrystalCard"],"picked":"Barrage","floor":7},{"not_picked":["Reprogram","Multi-Cast"],"picked":"Ball Lightning","floor":8},{"not_picked":["Conserve Battery","Gash"],"picked":"White Noise","floor":10},{"not_picked":["Recycle","Stack"],"picked":"Sweeping Beam","floor":11},{"not_picked":["Go for the Eyes","Rainbow"],"picked":"Redo","floor":12},{"not_picked":["Sweeping Beam","BasicCrystalCard"],"picked":"FTL","floor":14},{"not_picked":["Streamline","Barrage"],"picked":"Crystallizer","floor":15},{"not_picked":["Seek","Fission"],"picked":"Multi-Cast","floor":16},{"not_picked":[],"picked":"Coolheaded","floor":18},{"not_picked":[],"picked":"Gash","floor":19},{"not_picked":[],"picked":"Coolheaded","floor":22},{"not_picked":[],"picked":"Cold Snap","floor":23},{"not_picked":[],"picked":"aspiration:Polymerization","floor":24},{"not_picked":[],"picked":"Barrage+1","floor":25},{"not_picked":[],"picked":"Beam Cell","floor":26},{"not_picked":[],"picked":"Streamline+1","floor":29},{"not_picked":[],"picked":"Leap","floor":30},{"not_picked":["ReplaySort"],"picked":"SKIP","floor":31},{"not_picked":[],"picked":"Panic Button","floor":33},{"not_picked":[],"picked":"Storm","floor":34},{"not_picked":[],"picked":"hubris:Prefetch","floor":35},{"not_picked":[],"picked":"Ball Lightning+1","floor":37},{"not_picked":[],"picked":"Rebound+1","floor":38}],"player_experience":322037,"relics_obtained":[{"floor":6,"key":"TungstenRod"},{"floor":8,"key":"Dream Catcher"},{"floor":12,"key":"AntiCross"},{"floor":13,"key":"Ring of Fury"},{"floor":19,"key":"Red Mask"},{"floor":23,"key":"Mummified Hand"},{"floor":25,"key":"Juzu Bracelet"},{"floor":28,"key":"ReplayTheSpireMod:Lightbulb"},{"floor":31,"key":"aspiration:StickyExplosives"}],"event_choices":[{"damage_healed":0,"gold_gain":0,"player_choice":"Fought Bandits","damage_taken":0,"max_hp_gain":0,"max_hp_loss":0,"event_name":"Masked Bandits","floor":19,"gold_loss":0},{"damage_healed":0,"gold_gain":0,"player_choice":"Took Portal","damage_taken":0,"max_hp_gain":0,"max_hp_loss":0,"event_name":"SecretPortal","floor":39,"gold_loss":0}],"is_beta":false,"boss_relics":[{"not_picked":["hubris:Stopwatch","Sozu"],"picked":"Busted Crown"},{"not_picked":["Velvet Choker","Painkiller Herb"],"picked":"hubris:HollowSoul"}],"items_purged_floors":[],"is_endless":false,"potions_floor_spawned":[3,7,11,14,19,22,26,30,37,38],"ascension_level":1}}