{"host":"niv6bi8ufjzyofbf","time":1611240632,"event":{"mods":["ATMod(∞¢Ë™Mod)","Act Like it!","BaseMod","Colored Powertips","Conspire","Gensokyo","Hermit","Mad Scientist","Marisa£®ÏF”Í°°ƒß¿Ì…≥£©","Minty Spire (QoL Compilation)","Quick Restart","Rare Cards Sparkle","Reimu£®≤©¿ˆ¡È√Œ£©","Replay The Spire","Ryuuou¡˙Õı","Shop Mod","Spicy Shops","StSLib","SuperFastMode","The Cursed","The Servant 0.9.4","Youmu£®ªÍ∆«—˝√Œ£©","°æ“≈ŒÔø®≈∆°øREMEMod","≤–¡Ù÷ÆŒÔ"],"gold_per_floor":[23333,21491,21491,21503,21514,21549,21549,21575,21575,21602,20082,20100,20111,20111,20111,20216,20216,20227,19188,19188,19204,19204,19318,19333,19467,19467,19484,19500,18757,18757,18757,18757,18956,18956,18968,17871,17889,17889,16760,16760,16888,16888,16888,16979,16998,17130,17130,17130],"floor_reached":47,"language":"ZHS","playtime":2048,"items_purged":["Defend_Lin:ReiMu","Defend_Lin:ReiMu","Defend_Lin:ReiMu","NB:ReiMu","Dreaming:ReiMu","OrbThrow:ReiMu"],"score":1035,"play_id":"dbebfb39-48de-4d67-aa41-d6a5b07b9a40","local_time":"20210121225032","is_ascension_mode":true,"campfire_choices":[{"data":"AT_FamilyPortrait","floor":15,"key":"SMITH"},{"floor":30,"key":"DIG"},{"floor":32,"key":"DIG"},{"floor":40,"key":"DIG"},{"floor":42,"key":"DIG"}],"circlet_count":0,"master_deck":["Strike_Lin:ReiMu+1","Strike_Lin:ReiMu+1","Strike_Lin:ReiMu+1","Strike_Lin:ReiMu+1","Defend_Lin:ReiMu+1","Stagnation:ReiMu+1","REME_Flogging+1","REME_Flogging+1","MikOfLucky:ReiMu+1","Conquer:ReiMu","Demonic Infusion+1","AT_FamilyPortrait+1","Gathering:ReiMu+1","OctopathSalyBorderN:ReiMu","BarrageOfMoneybags:ReiMu+1","KamiRite:ReiMu+1","BarrageOfMoneybags:ReiMu+1","REME_ProfessionalPlagiarism","Bandage Up","REME_WheelOfFate"],"relics":["FlyPower:ReiMu","REME_ComplimentaryCards","AT_ATBox","NeowsBlessing","REME_HourglassOfDeath","Frozen Egg 2","DollysMirror","AT_LudenTempest","TheAbacus","Replay:Baseball","MerchantsRug","Regal Pillow","Tea:ReiMu","Replay:Bottled Eggs","Blood Vial","Replay:Rubber Ducky","Happy Flower","StoneCalendar","AT_ArchangelStaff","OrangePellets","HandDrill","Bottled Lightning","CultistMask","SacredBark","Dream Catcher","War Paint","ReplayTheSpireMod:Shallot","REME_OnlineShoppingPlatform","CheatingSign:ReiMu","AT_TheCollector","BodyOfKamiR:ReiMu","Shovel","White Beast Statue","Frozen Eye","Boot","Omamori","Gremlin Food","CrazyTorch:ReiMu","Pen Nib","Ring of Chaos","BargainBundle","PreservedInsect","Anchor","Guide Book","Garlic","ReplayTheSpireMod:ShopPack","TungstenRod","PlaceholderMod:FlatBlood","Replay:Towering Pillar of Hats","Replay:Bottled Steam","AT_ImmortalShieldbow","REME_HandOfSuture","Replay:Bottled Flurry","Prayer Wheel","Ancient Tea Set","REME_IWantAll"],"acts_visited":["Exordium","TheCity","TheBeyond"],"potions_floor_usage":[6,18,20,23,44,44],"damage_taken":[{"damage":0,"enemies":"Cultist","floor":1,"turns":1},{"damage":0,"enemies":"2 Louse","floor":4,"turns":1},{"damage":0,"enemies":"Jaw Worm","floor":5,"turns":1},{"damage":4,"enemies":"3 Sentries","floor":6,"turns":3},{"damage":7,"enemies":"Gremlin Nob","floor":8,"turns":3},{"damage":0,"enemies":"3 Sentries","floor":10,"turns":2},{"damage":0,"enemies":"Blue Slaver","floor":12,"turns":1},{"damage":0,"enemies":"Gremlin Gang","floor":13,"turns":2},{"damage":0,"enemies":"Slime Boss","floor":16,"turns":2},{"damage":11,"enemies":"2 Thieves","floor":18,"turns":2},{"damage":0,"enemies":"Spheric Guardian","floor":20,"turns":1},{"damage":9,"enemies":"Shelled Parasite and Fungi","floor":21,"turns":2},{"damage":0,"enemies":"Book of Stabbing","floor":23,"turns":2},{"damage":0,"enemies":"Cultist and Chosen","floor":24,"turns":2},{"damage":0,"enemies":"Gremlin Leader","floor":25,"turns":1},{"damage":0,"enemies":"3 Cultists","floor":27,"turns":2},{"damage":0,"enemies":"Snake Plant","floor":28,"turns":1},{"damage":0,"enemies":"Automaton","floor":33,"turns":2},{"damage":2,"enemies":"3 Darklings","floor":35,"turns":2},{"damage":0,"enemies":"3 Shapes","floor":37,"turns":1},{"damage":0,"enemies":"R_Hoarder","floor":41,"turns":1},{"damage":0,"enemies":"Giant Head","floor":44,"turns":2},{"damage":0,"enemies":"3 Darklings","floor":45,"turns":1},{"damage":0,"enemies":"R_Hoarder","floor":46,"turns":2},{"damage":131,"enemies":"Jaw Worm Horde","floor":47,"turns":1}],"seed_played":"-3274363778148553311","potions_obtained":[{"floor":6,"key":"Fire Potion"},{"floor":18,"key":"REME_GoldPotion"}],"is_trial":false,"path_per_floor":["M","$","T","M","M","E","?","E","T","E","$","M","M","?","R","B",null,"M","$","M","M","?","E","M","E","T","M","M","$","R","?","R","B",null,"M","$","M","?","$","R","E","R","T","E","M","E","M"],"character_chosen":"REIMU","items_purchased":["REME_Flogging","REME_HourglassOfDeath","Frozen Egg 2","DollysMirror","AT_LudenTempest","TheAbacus","Replay:Baseball","Regen Potion","conspire:TimeTravelPotion","MikOfLucky:ReiMu+1","OrbThrow:ReiMu","Conquer:ReiMu","MerchantsRug","AT_FamilyPortrait","Happy Flower","StoneCalendar","AT_ArchangelStaff","OrangePellets","HandDrill","Bottled Lightning","Dream Catcher","War Paint","ReplayTheSpireMod:Shallot","REME_OnlineShoppingPlatform","CheatingSign:ReiMu","AT_TheCollector","Frozen Eye","Boot","Omamori","Gremlin Food","BargainBundle","PreservedInsect","Anchor","Guide Book","Garlic","BarrageOfMoneybags:ReiMu+1","ReplayTheSpireMod:ShopPack","TungstenRod","PlaceholderMod:FlatBlood","Replay:Towering Pillar of Hats","Replay:Bottled Steam"],"campfire_rested":0,"item_purchase_floors":[2,2,2,2,2,2,2,2,2,2,2,2,2,11,11,11,11,11,11,11,19,19,19,19,19,19,29,29,29,29,36,36,36,36,36,36,39,39,39,39,39],"current_hp_per_floor":[65,65,65,65,65,65,65,58,58,60,60,62,64,64,64,65,65,54,54,56,49,49,51,54,56,56,58,60,60,60,60,60,62,66,64,64,66,66,66,66,66,66,66,66,66,66,0,0],"gold":17130,"neow_bonus":"THREE_ENEMY_KILL","is_daily":false,"chose_seed":false,"campfire_upgraded":1,"win_rate":0.0,"timestamp":1611240632,"path_taken":["M","$","?","M","M","E","?","E","T","E","$","M","M","?","R","BOSS","M","$","M","?","?","E","M","E","T","M","M","$","R","?","R","BOSS","M","$","?","?","$","R","E","R","T","E","M","E","?"],"items_purchased_type":["Card","Relic","Relic","Relic","Relic","Relic","Relic","Potion","Potion","Card","Card","Card","Relic","Card","Relic","Relic","Relic","Relic","Relic","Relic","Relic","Relic","Relic","Relic","Relic","Relic","Relic","Relic","Relic","Relic","Relic","Relic","Relic","Relic","Relic","Card","Relic","Relic","Relic","Relic","Relic"],"build_version":"2020-12-22","purchased_purges":6,"victory":false,"max_hp_per_floor":[65,65,65,65,65,65,65,65,65,65,65,65,65,65,65,65,65,65,65,65,65,65,65,66,66,66,66,66,66,66,66,66,66,66,66,66,66,66,66,66,66,66,66,66,66,66,66,66],"card_choices":[{"not_picked":["CareerPray:ReiMu","TightArray:ReiMu","SpringWay:ReiMu"],"picked":"SKIP","floor":1},{"not_picked":["RainPray2:ReiMu","Enchanting:ReiMu"],"picked":"Dreaming:ReiMu","floor":4},{"not_picked":["CareerPray:ReiMu","Enchanting:ReiMu","FantasyBorder:ReiMu"],"picked":"SKIP","floor":5},{"not_picked":["BlastKick2:ReiMu","Revelation:ReiMu","SubAcupoint:ReiMu"],"picked":"SKIP","floor":6},{"not_picked":["Conquer:ReiMu","Amulet:ReiMu","UpKicking:ReiMu"],"picked":"SKIP","floor":8},{"not_picked":["SpreadBorder2:ReiMu","AlertArray:ReiMu","MikOfLucky:ReiMu+1"],"picked":"SKIP","floor":10},{"not_picked":["Enchanting:ReiMu","TightArray:ReiMu"],"picked":"Gathering:ReiMu+1","floor":12},{"not_picked":["MountainWay:ReiMu","DoubleButterfly:ReiMu","CareerPray:ReiMu"],"picked":"SKIP","floor":13},{"not_picked":["YinYang:ReiMu","CleanRite:ReiMu"],"picked":"OctopathSalyBorderN:ReiMu","floor":16},{"not_picked":["ShadowOfCrow2:ReiMu","SubcavityInstant:ReiMu","SpreadBorder2:ReiMu"],"picked":"SKIP","floor":18},{"not_picked":["DoubleButterfly:ReiMu","FantasyBorder:ReiMu"],"picked":"BarrageOfMoneybags:ReiMu+1","floor":20},{"not_picked":["RainPray2:ReiMu","OrbThrow:ReiMu","NineCharacters:ReiMu+1"],"picked":"SKIP","floor":21},{"not_picked":["SubAcupoint:ReiMu+1","AirStrike:ReiMu+1","SealNeedle:ReiMu+1"],"picked":"SKIP","floor":23},{"not_picked":["SpreadBorder2:ReiMu","CeremonyResonance:ReiMu","Conquer:ReiMu"],"picked":"SKIP","floor":24},{"not_picked":["SpreadBorder2:ReiMu","SealNeedle:ReiMu","FantasyMoon:ReiMu"],"picked":"SKIP","floor":25},{"not_picked":["WonderfulDomain:ReiMu+1","Amulet:ReiMu+1","OrbThrow:ReiMu"],"picked":"SKIP","floor":27},{"not_picked":["SafetyPray:ReiMu","AirManeuver:ReiMu+1","ForcedLanding:ReiMu"],"picked":"SKIP","floor":28},{"not_picked":["HakureiPhantom:ReiMu","SubcavityFantasy:ReiMu"],"picked":"KamiRite:ReiMu","floor":33},{"not_picked":["SpreadBorder2:ReiMu","SubAcupoint:ReiMu","EmergencyTakeOff:ReiMu"],"picked":"SKIP","floor":35},{"not_picked":["AirStrike:ReiMu+1","SafetyPray:ReiMu","LovePray:ReiMu+1"],"picked":"SKIP","floor":37},{"not_picked":["REME_BattleFury","REME_Flogging"],"picked":"REME_ProfessionalPlagiarism","floor":39},{"not_picked":["REME_MawOfCthun","Enlightenment"],"picked":"Bandage Up","floor":39},{"not_picked":["Replay:Parry","Apotheosis"],"picked":"REME_WheelOfFate","floor":39},{"not_picked":["UniversalSpiritual:ReiMu+1","AlertArray:ReiMu","Meditation:ReiMu+1"],"picked":"SKIP","floor":41},{"not_picked":["LovePray:ReiMu","Conquer:ReiMu","UniversalSpiritual:ReiMu+1"],"picked":"SKIP","floor":44},{"not_picked":["Meditation:ReiMu","SpreadBorder2:ReiMu+1","OrbThrow:ReiMu"],"picked":"SKIP","floor":45},{"not_picked":["TightArray:ReiMu+1","ManaGlint:ReiMu+1","SpreadBorder2:ReiMu"],"picked":"SKIP","floor":45},{"not_picked":["EmergencyTakeOff:ReiMu","Intuition:ReiMu+1","Conquer:ReiMu+1"],"picked":"SKIP","floor":46}],"player_experience":575095,"relics_obtained":[{"floor":3,"key":"Regal Pillow"},{"floor":6,"key":"Tea:ReiMu"},{"floor":8,"key":"Replay:Bottled Eggs"},{"floor":9,"key":"Blood Vial"},{"floor":10,"key":"Replay:Rubber Ducky"},{"floor":23,"key":"BodyOfKamiR:ReiMu"},{"floor":25,"key":"Shovel"},{"floor":26,"key":"White Beast Statue"},{"floor":30,"key":"CrazyTorch:ReiMu"},{"floor":32,"key":"Pen Nib"},{"floor":40,"key":"AT_ImmortalShieldbow"},{"floor":42,"key":"REME_HandOfSuture"},{"floor":43,"key":"Replay:Bottled Flurry"},{"floor":44,"key":"Ancient Tea Set"},{"floor":46,"key":"REME_IWantAll"}],"event_choices":[{"damage_healed":0,"gold_gain":0,"player_choice":"Trade","damage_taken":0,"relics_obtained":["CultistMask"],"max_hp_gain":0,"max_hp_loss":0,"event_name":"FaceTrader","floor":14,"gold_loss":0},{"damage_healed":0,"gold_gain":0,"player_choice":"Leave","damage_taken":0,"max_hp_gain":0,"max_hp_loss":0,"event_name":"conspire:Investor","floor":22,"gold_loss":0},{"damage_healed":0,"gold_gain":0,"player_choice":"Got Potions","damage_taken":0,"max_hp_gain":0,"max_hp_loss":0,"event_name":"Lab","floor":31,"gold_loss":0},{"damage_healed":0,"gold_gain":0,"player_choice":"Upgraded","damage_taken":0,"max_hp_gain":0,"max_hp_loss":0,"event_name":"Upgrade Shrine","floor":38,"gold_loss":0,"cards_upgraded":["KamiRite:ReiMu"]}],"is_beta":false,"boss_relics":[{"not_picked":["Fusion Hammer","Busted Crown"],"picked":"SacredBark"},{"not_picked":["Empty Cage","Replay:Wanted Poster"],"picked":"Ring of Chaos"}],"items_purged_floors":[2,11,19,29,36,36],"is_endless":false,"potions_floor_spawned":[5,6,8,18,20,21,27,28,33,35,37,41,44,45,46],"killed_by":"Jaw Worm Horde","ascension_level":2}}