{"host":"avq773cl9g5msfol","time":1611216885,"event":{"mods":["100% Spire Juice","AchievementEnabler","Act Like it!","Ascension Unlocker","Aspiration","Astrologer","Bard","Bartender","BaseMod","Better Altar","Better Match","Better Third Choice","BetterRewards","CapriCore","ChefMod","Colored Map","Colored Powertips","Conspire","Dio Mod","Elementarium","Energized Spire","Gensokyo","GifTheSpireLib","GungeonMod","Hallownest","Hermit","Highlight Path","Hubris","Humility","Infinite Spire","Jorbs\u0027s Wanderer Trilogy","Koishi","Magitek Elite","Marisa????????","Marked Mod","Menagerie","Minty Spire (QoL Compilation)","Pale of the Ancients","Potionbrewer","Quarter Circle Forward PUNCH!","Rare Cards Sparkle","Reimu??????","Relic Stats","Remilia??????","Replay The Spire","SacredBarkPlus","Shade Mod","Somnambulant","Spicy Shops","Spire Arcade","StSLib","The Administrix","The Blue Laboratory","The Bug Knight","The Construct","The Cursed","The Disciple","The Dragon Tamer","The Exalted","The Hayseed","The Hierophant","The Immortal","The Judge","The Marked","The Mystic","The Problem Sleuth","The Runesmith","The Senshi","The Vixen","The Wild Card","TheFirefly","Wandering Minibosses","vexMod"],"gold_per_floor":[110,185,198,198,241,274,289,292,292,292,312,347,347,357,357,436,436,471,471,485,485,504,504,531,531,586,617,692,326,201,201,201,279,279,322,322,338,338,769,794,794,828,904,916,357,389,389,419,419,419,419],"floor_reached":52,"language":"ENG","playtime":3447,"items_purged":["Barrier+1","Pride"],"score":2946,"play_id":"742672d8-7648-48d6-9130-e0a81206e5ce","local_time":"20210121151445","is_ascension_mode":true,"campfire_choices":[{"floor":13.0,"key":"REST"},{"data":"Fire2","floor":23.0,"key":"SMITH"},{"floor":25.0,"key":"REST"},{"data":"Esuna","floor":32.0,"key":"SMITH"},{"data":"Cure","floor":41,"key":"SMITH"},{"data":"Gensokyo:LochNessMonster","floor":49,"key":"SMITH"}],"circlet_count":0,"master_deck":["AscendersBane","Fire2","Cure+2","Thunder_P","Blood_Hilt+1","Remember+1","Balance+1","Icebrand+1","Heavy_Shield+1","Float2_Spell+1","Magnus_Hat+1","Mirage_Vest+1","Circlet+1","Fake_Moustache+1","Rune_Blade+1","Osmosis+1","Aero","Dark+2","Transfusion+1","HandOfGreed+1","Barrier+1","Esuna","Flametongue","Falchion+1","Thousand_Needles+1","Quake","Stop+1","Gensokyo:LochNessMonster+1","Flare+1","Bravery+1","Trance+1","Enhancer+1","Slow","Focus+1"],"relics":["Pendant","Golden Egg","Quantum Egg","Oddly Smooth Stone","Replay:Rubber Ducky","infinitespire:EmpoweringShard","Chemical X","Replay:Kaleidoscope","DemoMod:WeirdEgg","conspire:GlowingRock","White_Cape","Blue Candle","CrazyTorch:ReiMu","Torii","energizedSpire:NeverEndingSparkler","hubris:EvacipatedBox","potionbrewer:Keyblade","vexMod:BarristanHead","infinitespire:Bottled Soul","vexMod:PaidLearning","DemoMod:SuperHotWatch","DemoMod:RiddleOfLead","wanderingMiniBosses:LockLocket","hubris:FunFungus","Replay:Bottled Flurry","Pondfish Scales","hubris:Zylophone","theSenshi:SailorFukuRelic"],"acts_visited":["Exordium","Gensokyo:Gensokyoer","Hallownest:KingdomsEdge"],"potions_floor_usage":[],"damage_taken":[{"damage":0.0,"enemies":"2 Louse","floor":1.0,"turns":3.0},{"damage":0.0,"enemies":"Jaw Worm","floor":3.0,"turns":3.0},{"damage":7.0,"enemies":"infinitespire:Voidling","floor":5.0,"turns":3.0},{"damage":4.0,"enemies":"Lagavulin","floor":6.0,"turns":4.0},{"damage":2.0,"enemies":"Exordium Wildlife","floor":7.0,"turns":3.0},{"damage":43.0,"enemies":"Gremlin Nob","floor":8.0,"turns":5.0},{"damage":12.0,"enemies":"Large Slime","floor":11.0,"turns":3.0},{"damage":1.0,"enemies":"Replay:BlueRogue","floor":12.0,"turns":1.0},{"damage":0.0,"enemies":"Exordium Thugs","floor":14.0,"turns":3.0},{"damage":0.0,"enemies":"The Guardian","floor":16.0,"turns":7.0},{"damage":19.0,"enemies":"Gensokyo:3_Dogs","floor":18.0,"turns":4.0},{"damage":1.0,"enemies":"Gensokyo:CosmicMonolith","floor":20.0,"turns":2.0},{"damage":18.0,"enemies":"Gensokyo:Slime_Group","floor":22.0,"turns":3.0},{"damage":0.0,"enemies":"Gensokyo:Tenshi","floor":24.0,"turns":2.0},{"damage":0.0,"enemies":"Gensokyo:Koishi","floor":27.0,"turns":2.0},{"damage":1.0,"enemies":"Gensokyo:Monolith_and_Dog","floor":28.0,"turns":5.0},{"damage":27.0,"enemies":"Gensokyo:Kaguya","floor":33.0,"turns":7.0},{"damage":3.0,"enemies":"Hallownest:2_Littles","floor":35.0,"turns":3.0},{"damage":1.0,"enemies":"Hallownest:3_Siblings","floor":37.0,"turns":2.0},{"damage":1.0,"enemies":"Hallownest:Xero_Hu_Marmu","floor":39.0,"turns":4.0},{"damage":43,"enemies":"Hallownest:StalkingDevout","floor":40,"turns":3},{"damage":24,"enemies":"Hallownest:eliteHiveKnight","floor":42,"turns":3},{"damage":11,"enemies":"Hallownest:Slobbering_and_Violent","floor":44,"turns":4},{"damage":2,"enemies":"Nightmare","floor":46,"turns":6},{"damage":9,"enemies":"Hallownest:eliteCollector","floor":48,"turns":6},{"damage":1,"enemies":"Hallownest:Radiance","floor":50,"turns":4},{"damage":37,"enemies":"Hallownest:BossHollowKnight","floor":51,"turns":4}],"seed_played":"2169013569450811516","potions_obtained":[{"floor":5.0,"key":"potionbrewer:AcidPotion"},{"floor":6.0,"key":"blueLaboratory:FruitPunch"},{"floor":11.0,"key":"blueLaboratory:NullPotion"},{"floor":28.0,"key":"blueLaboratory:Moonshine"}],"is_trial":false,"path_per_floor":["M","?","M","?","M","E","M","E","T","?","M","E","R","M","R_BF","B",null,"M","?","M","$","M","R","E","R","T","E","M","COS","?","T","R","B",null,"M","?","M","$","M","E","R","E","T","M","$","NM","?","E","R","B","B",null],"character_chosen":"MAGITEKELITE","items_purchased":["Oddly Smooth Stone","Circlet","Fake_Moustache","Replay:Rubber Ducky","Rune_Blade","infinitespire:EmpoweringShard","Osmosis","Aero","Dark","Transfusion","HandOfGreed","Barrier","Chemical X","Replay:Kaleidoscope","DemoMod:WeirdEgg","conspire:GlowingRock","White_Cape","FairyPotion","hubris:EvacipatedBox","potionbrewer:Keyblade","Pondfish Scales","hubris:Zylophone"],"campfire_rested":2,"item_purchase_floors":[0,0,0,0,0,0,0,0,0,0,0,0,0,0,0,0,0,0,21,21,45,45],"current_hp_per_floor":[53,42,42,45,43,49,49,12,12,22,10,9,27,33,51,57,60,49,49,54,25,13,13,13,31,31,31,30,30,30,30,30,20,71,70,71,70,70,70,27,27,7,7,8,8,71,71,64,64,67,34],"gold":419,"neow_bonus":"","is_daily":false,"chose_seed":false,"campfire_upgraded":4,"win_rate":0.0,"timestamp":1611216885,"path_taken":["M","?","M","?","?","E","M","E","T","?","M","E","R","M","R_BF","BOSS","M","?","M","?","M","R","E","R","T","E","M","COS","?","?","R","BOSS","M","?","M","?","M","E","R","E","T","?","$","NM","?","E","R","BOSS","BOSS"],"items_purchased_type":["Relic","Card","Card","Relic","Card","Relic","Card","Card","Card","Card","Card","Card","Relic","Relic","Relic","Relic","Relic","Potion","Relic","Relic","Relic","Relic"],"build_version":"2020-12-22","purchased_purges":2,"victory":true,"max_hp_per_floor":[59,59,59,59,59,59,61,61,61,61,61,61,61,61,61,61,61,61,61,61,61,61,61,61,61,61,61,61,61,61,61,61,61,71,71,71,71,71,71,71,71,71,71,71,71,71,71,71,71,71,71],"relic_stats":{"Torii":32,"counters":[111,396],"Blue Candle":[12],"Chemical X":[35],"obtain_stats":[{"Golden Egg":0,"infinitespire:BottledMercury":43,"wanderingMiniBosses:OtherGremlinHorn":31,"vexMod:RockOfEvil":34,"FrozenCore":17,"Replay:Wanted Poster":34,"DemoMod:SuperHotWatch":27,"Replay:Ringing Soul":26,"conspire:GlowingRock":6,"DemoMod:MeltedRock":14,"Replay:Bottled Flurry":43,"Kunai":43,"qcfpunch:Red_Cyclone_Teachings":26,"construct:RocketBooster":24,"Blue Candle":6,"HollowMod:JonisBlessing":54,"Guardian:PocketSentry":11,"aspiration:FrozenJewel":0,"Elementarium:ElementariumTrophy":33,"qcfpunch:Broken_Tusk":46,"Pandora\u0027s Box":0,"Lantern":0,"Torii":12,"StoneCalendar":40,"wanderingMiniBosses:AbyssPearl":18,"Mythril_Glove":38,"hubris:EmptyBottle":0,"White_Cape":0,"qcfpunch:Crimson_Sash":4,"hubris:EvacipatedBox":21,"Replay:Rubber Ducky":0,"infinitespire:Bottled Soul":27,"AntiCross":6,"hubris:CuriousFeather":0,"WingedGreaves":2,"hubris:FunFungus":40,"DemoMod:GnawedKey":0,"Chemical X":0,"wanderingMiniBosses:LockLocket":39,"Potion Belt":0,"Lee\u0027s Waffle":0,"hubris:64BitClover":9,"Guardian:GemstoneGun":0,"DemoMod:WeirdEgg":23,"PreservedInsect":0,"Protect_Vest":49,"infinitespire:CheckeredPen":6,"infinitespire:Lucky Rock":6,"PureWhite:ReiMu":26,"CrazyTorch:ReiMu":8,"Elementarium:FlickeringLantern":25,"DemoMod:GreenGuonStone":0,"hubris:CrystalStatue":0,"Menagerie:HuntersKnife":5,"DemoMod:GlassGuonStoneRelic":11,"DemoMod:RiddleOfLead":34,"Lizard Tail":0,"Replay:Frozen Program":0,"HornCleat":0,"Prayer Wheel":10,"theSenshi:SailorFukuRelic":48,"vexMod:RetaliationKit":31,"Girya":9,"Happy Flower":0,"Choco_Feather":8,"Oddly Smooth Stone":28,"wanderingMiniBosses:MasterThiefsPresence":22,"vexMod:PaidLearning":29,"aspiration:SeaSaltIceCream":4,"Replay:Kaleidoscope":0,"War Paint":29,"hubris:Zylophone":45,"OrangePellets":42,"Bottled Flame":13,"ReplayTheSpireMod:Shallot":4,"energizedSpire:NeverEndingSparkler":17,"hubris:PeanutButter":0,"ReplayTheSpireMod:TigerMarble":9,"infinitespire:EmpoweringShard":0,"Mirror":40,"hermit:Momento":0,"conspire:IceCreamScoop":56,"theSenshi:SuperSailorFukuRelic":0,"conspire:SpecialSausage":3,"Juzu Bracelet":0,"Hallownest:DreamNailRelic":3,"hubris:SlimyHat":6,"Replay:Mystery Machine":13,"ClockworkSouvenir":0,"DemoMod:SevenLeafClover":0,"Frozen Eye":29,"Dream Catcher":20,"Cracked Core":0,"Hallownest:SalubrasBlessingRelic":10,"ReplayTheSpireMod:Ninjato":3,"Replay:Towering Pillar of Hats":40,"infinitespire:CursedDice":43,"aspiration:RunicSpoon":0,"Quantum Egg":2,"aspiration:SecretTechniqueScroll":17,"Medical Kit":54,"White Beast Statue":10,"Pondfish Scales":45,"vexMod:BarristanHead":26,"infinitespire:WardingShard":6,"Pendant":0,"vexMod:HeadHunter":0,"LetterFromLob":1,"Coffee Dripper":34,"Membership Card":0,"Guard_Bracelet":44,"potionbrewer:Keyblade":21,"DemoMod:VorpalBullet":24,"RuthlessExorcism:ReiMu":0},{"Golden Egg":0,"infinitespire:BottledMercury":21,"wanderingMiniBosses:OtherGremlinHorn":35,"vexMod:RockOfEvil":36,"FrozenCore":62,"Replay:Wanted Poster":17,"DemoMod:SuperHotWatch":67,"Replay:Ringing Soul":11,"conspire:GlowingRock":2,"DemoMod:MeltedRock":29,"Replay:Bottled Flurry":106,"Kunai":77,"qcfpunch:Red_Cyclone_Teachings":32,"construct:RocketBooster":32,"Blue Candle":88,"HollowMod:JonisBlessing":82,"Guardian:PocketSentry":27,"aspiration:FrozenJewel":43,"Elementarium:ElementariumTrophy":36,"qcfpunch:Broken_Tusk":40,"Pandora\u0027s Box":24,"Lantern":43,"Torii":92,"StoneCalendar":20,"wanderingMiniBosses:AbyssPearl":63,"Mythril_Glove":19,"hubris:EmptyBottle":24,"White_Cape":43,"qcfpunch:Crimson_Sash":25,"hubris:EvacipatedBox":96,"Replay:Rubber Ducky":53,"infinitespire:Bottled Soul":99,"AntiCross":2,"hubris:CuriousFeather":24,"WingedGreaves":25,"hubris:FunFungus":105,"DemoMod:GnawedKey":43,"Chemical X":84,"wanderingMiniBosses:LockLocket":104,"Potion Belt":43,"Lee\u0027s Waffle":43,"hubris:64BitClover":53,"Guardian:GemstoneGun":43,"DemoMod:WeirdEgg":66,"PreservedInsect":24,"Protect_Vest":41,"infinitespire:CheckeredPen":26,"infinitespire:Lucky Rock":52,"PureWhite:ReiMu":11,"CrazyTorch:ReiMu":90,"Elementarium:FlickeringLantern":66,"DemoMod:GreenGuonStone":43,"hubris:CrystalStatue":43,"Menagerie:HuntersKnife":45,"DemoMod:GlassGuonStoneRelic":4,"DemoMod:RiddleOfLead":101,"Lizard Tail":53,"Replay:Frozen Program":53,"HornCleat":53,"Prayer Wheel":59,"theSenshi:SailorFukuRelic":109,"vexMod:RetaliationKit":16,"Girya":3,"Happy Flower":53,"Choco_Feather":3,"Oddly Smooth Stone":33,"wanderingMiniBosses:MasterThiefsPresence":10,"vexMod:PaidLearning":100,"aspiration:SeaSaltIceCream":25,"Replay:Kaleidoscope":84,"War Paint":14,"hubris:Zylophone":107,"OrangePellets":39,"Bottled Flame":28,"ReplayTheSpireMod:Shallot":25,"energizedSpire:NeverEndingSparkler":94,"hubris:PeanutButter":53,"ReplayTheSpireMod:TigerMarble":26,"infinitespire:EmpoweringShard":84,"Mirror":39,"hermit:Momento":0,"conspire:IceCreamScoop":84,"theSenshi:SuperSailorFukuRelic":53,"conspire:SpecialSausage":50,"Juzu Bracelet":0,"Hallownest:DreamNailRelic":1,"hubris:SlimyHat":57,"Replay:Mystery Machine":28,"ClockworkSouvenir":24,"DemoMod:SevenLeafClover":0,"Frozen Eye":13,"Dream Catcher":64,"Cracked Core":43,"Hallownest:SalubrasBlessingRelic":3,"ReplayTheSpireMod:Ninjato":50,"Replay:Towering Pillar of Hats":75,"infinitespire:CursedDice":21,"aspiration:RunicSpoon":0,"Quantum Egg":1,"aspiration:SecretTechniqueScroll":6,"Medical Kit":82,"White Beast Statue":59,"Pondfish Scales":107,"vexMod:BarristanHead":98,"infinitespire:WardingShard":46,"Pendant":84,"vexMod:HeadHunter":0,"LetterFromLob":44,"Coffee Dripper":71,"Membership Card":24,"Guard_Bracelet":78,"potionbrewer:Keyblade":96,"DemoMod:VorpalBullet":11,"RuthlessExorcism:ReiMu":53},{"Golden Egg":0,"infinitespire:BottledMercury":74,"wanderingMiniBosses:OtherGremlinHorn":115,"vexMod:RockOfEvil":123,"FrozenCore":201,"Replay:Wanted Poster":52,"DemoMod:SuperHotWatch":219,"Replay:Ringing Soul":34,"conspire:GlowingRock":6,"DemoMod:MeltedRock":94,"Replay:Bottled Flurry":372,"Kunai":257,"qcfpunch:Red_Cyclone_Teachings":104,"construct:RocketBooster":104,"Blue Candle":310,"HollowMod:JonisBlessing":279,"Guardian:PocketSentry":89,"aspiration:FrozenJewel":147,"Elementarium:ElementariumTrophy":123,"qcfpunch:Broken_Tusk":130,"Pandora\u0027s Box":83,"Lantern":147,"Torii":322,"StoneCalendar":71,"wanderingMiniBosses:AbyssPearl":205,"Mythril_Glove":60,"hubris:EmptyBottle":83,"White_Cape":147,"qcfpunch:Crimson_Sash":85,"hubris:EvacipatedBox":338,"Replay:Rubber Ducky":171,"infinitespire:Bottled Soul":345,"AntiCross":6,"hubris:CuriousFeather":83,"WingedGreaves":85,"hubris:FunFungus":369,"DemoMod:GnawedKey":147,"Chemical X":297,"wanderingMiniBosses:LockLocket":366,"Potion Belt":147,"Lee\u0027s Waffle":147,"hubris:64BitClover":171,"Guardian:GemstoneGun":147,"DemoMod:WeirdEgg":215,"PreservedInsect":83,"Protect_Vest":131,"infinitespire:CheckeredPen":87,"infinitespire:Lucky Rock":169,"PureWhite:ReiMu":34,"CrazyTorch:ReiMu":318,"Elementarium:FlickeringLantern":215,"DemoMod:GreenGuonStone":147,"hubris:CrystalStatue":147,"Menagerie:HuntersKnife":152,"DemoMod:GlassGuonStoneRelic":10,"DemoMod:RiddleOfLead":357,"Lizard Tail":171,"Replay:Frozen Program":171,"HornCleat":171,"Prayer Wheel":191,"theSenshi:SailorFukuRelic":388,"vexMod:RetaliationKit":45,"Girya":9,"Happy Flower":171,"Choco_Feather":9,"Oddly Smooth Stone":107,"wanderingMiniBosses:MasterThiefsPresence":29,"vexMod:PaidLearning":350,"aspiration:SeaSaltIceCream":85,"Replay:Kaleidoscope":297,"War Paint":39,"hubris:Zylophone":376,"OrangePellets":127,"Bottled Flame":92,"ReplayTheSpireMod:Shallot":85,"energizedSpire:NeverEndingSparkler":332,"hubris:PeanutButter":171,"ReplayTheSpireMod:TigerMarble":87,"infinitespire:EmpoweringShard":297,"Mirror":127,"hermit:Momento":0,"conspire:IceCreamScoop":286,"theSenshi:SuperSailorFukuRelic":171,"conspire:SpecialSausage":167,"Juzu Bracelet":0,"Hallownest:DreamNailRelic":1,"hubris:SlimyHat":184,"Replay:Mystery Machine":92,"ClockworkSouvenir":83,"DemoMod:SevenLeafClover":0,"Frozen Eye":37,"Dream Catcher":209,"Cracked Core":147,"Hallownest:SalubrasBlessingRelic":9,"ReplayTheSpireMod:Ninjato":167,"Replay:Towering Pillar of Hats":251,"infinitespire:CursedDice":74,"aspiration:RunicSpoon":0,"Quantum Egg":1,"aspiration:SecretTechniqueScroll":16,"Medical Kit":279,"White Beast Statue":192,"Pondfish Scales":376,"vexMod:BarristanHead":343,"infinitespire:WardingShard":157,"Pendant":297,"vexMod:HeadHunter":0,"LetterFromLob":150,"Coffee Dripper":237,"Membership Card":83,"Guard_Bracelet":260,"potionbrewer:Keyblade":338,"DemoMod:VorpalBullet":34,"RuthlessExorcism:ReiMu":171}]},"card_choices":[{"not_picked":["Man_Eater","Magnus_Hat"],"picked":"Esuna","floor":1.0},{"not_picked":["Barrier","Crystal_Sword"],"picked":"Flametongue","floor":3.0},{"not_picked":["Circlet","Bravery","Vox"],"picked":"SKIP","floor":5.0},{"not_picked":["Cursed_Shield","Reflect","Man_Eater"],"picked":"SKIP","floor":6.0},{"not_picked":["Esuna","Magnus_Hat","Barrier"],"picked":"SKIP","floor":7.0},{"not_picked":["Flametongue","Blood_Hilt","Gladius"],"picked":"SKIP","floor":8.0},{"not_picked":["Thunder_Blade","Circlet"],"picked":"Falchion","floor":11.0},{"not_picked":["Rasp","Blizzard_P"],"picked":"Diamond_Shield2","floor":12.0},{"not_picked":["Flametongue","Meltdown","Holy"],"picked":"SKIP","floor":14.0},{"not_picked":["Diamond_Shield2","Reflect"],"picked":"Thousand_Needles","floor":16.0},{"not_picked":["Throw","Haste+1"],"picked":"Quake","floor":18.0},{"not_picked":["Poisona","Transfusion","Astra"],"picked":"SKIP","floor":20.0},{"not_picked":["Mythril_Knife","Dark","Circlet"],"picked":"SKIP","floor":22.0},{"not_picked":["Gaia_Gear","Fake_Moustache","Magnus_Hat"],"picked":"SKIP","floor":24.0},{"not_picked":["Gaia_Gear","Blood_Hilt","Man_Eater"],"picked":"SKIP","floor":27.0},{"not_picked":["Circlet","Esuna","Gladius"],"picked":"SKIP","floor":28.0},{"not_picked":["Aero","Circlet+1"],"picked":"Flare+1","floor":30.0},{"not_picked":["Meltdown+1","Rune_Blade+1"],"picked":"Bravery+1","floor":30.0},{"not_picked":["Mama","Osmosis"],"picked":"Trance","floor":33.0},{"not_picked":["Vox","Wall+1"],"picked":"Enhancer+1","floor":35.0},{"not_picked":["Throw","Thunder_P","Shell"],"picked":"SKIP","floor":37.0},{"not_picked":["Throw","Quake","Wall"],"picked":"SKIP","floor":39.0},{"not_picked":["Balance","Flare","Thunder_P"],"picked":"SKIP","floor":40},{"not_picked":["Magnus_Hat+1","Man_Eater+1"],"picked":"Slow","floor":42},{"not_picked":["Quake+1","Falchion","Tornado"],"picked":"SKIP","floor":44},{"not_picked":["Quake","Force_Armor"],"picked":"Focus+1","floor":46},{"not_picked":["Throw","Faith+1","Thunder_Blade"],"picked":"SKIP","floor":48}],"player_experience":1252366,"relics_obtained":[{"floor":6.0,"key":"Blue Candle"},{"floor":8.0,"key":"CrazyTorch:ReiMu"},{"floor":12.0,"key":"Torii"},{"floor":26.0,"key":"vexMod:BarristanHead"},{"floor":27.0,"key":"infinitespire:Bottled Soul"},{"floor":31.0,"key":"DemoMod:SuperHotWatch"},{"floor":39.0,"key":"wanderingMiniBosses:LockLocket"},{"floor":40,"key":"hubris:FunFungus"},{"floor":43,"key":"Replay:Bottled Flurry"},{"floor":48,"key":"theSenshi:SailorFukuRelic"}],"event_choices":[{"damage_healed":0.0,"max_hp_gain":0.0,"max_hp_loss":0.0,"gold_gain":75.0,"event_name":"betterThird:BetterGoop","player_choice":"Gold","floor":2.0,"gold_loss":0.0,"damage_taken":11.0},{"damage_healed":0.0,"max_hp_gain":0.0,"max_hp_loss":0.0,"gold_gain":0.0,"event_name":"betterMatch:BetterMatch","player_choice":"2","floor":30.0,"gold_loss":0.0,"damage_taken":0.0,"cards_obtained":["betterMatch:CommonCard","betterMatch:UncommonCard"]}],"is_beta":false,"boss_relics":[{"not_picked":["energizedSpire:DeadBattery","Runic Dome"],"picked":"energizedSpire:NeverEndingSparkler"},{"not_picked":["Fusion Hammer","Replay:Grab Bag","Bromod:ArcaneGrace"],"picked":"DemoMod:RiddleOfLead"}],"items_purged_floors":[0,45],"is_endless":false,"potions_floor_spawned":[5,6,8,11,14,18,24,28,35,37,42,46,48],"ascension_level":20}}