{"host":"1mv6gj0zv8k9e9tz","time":1611250385,"event":{"mods":["AchievementEnabler","BaseMod","Better Third Choice","Colored Map","KOR Keyword Fix","Minty Spire (QoL Compilation)","Permanent Neow","Rare Cards Sparkle","StSLib"],"gold_per_floor":[115,135,56,72,83,83,97,97,97,109,259,24,24,41,41,118,118,134,149,96,96,116,116,116,116,116,147,147,147],"floor_reached":28,"language":"KOR","playtime":1186,"items_purged":["Doubt"],"score":437,"play_id":"401b4d11-1fc3-4844-92cf-d74fcec632bf","local_time":"20210122023305","is_ascension_mode":true,"campfire_choices":[{"data":"Burst","floor":6.0,"key":"SMITH"},{"data":"Dagger Spray","floor":8.0,"key":"SMITH"},{"floor":13.0,"key":"REST"},{"data":"Catalyst","floor":15.0,"key":"SMITH"},{"floor":23.0,"key":"REST"},{"data":"Noxious Fumes","floor":25.0,"key":"SMITH"}],"circlet_count":0,"master_deck":["AscendersBane","Strike_G","Strike_G","Strike_G","Defend_G","Defend_G","Defend_G","Defend_G","Survivor","Neutralize","Burst+1","Deflect","Catalyst+1","Dagger Spray+1","Malaise","Glass Knife+1","Blade Dance+1","Night Terror+1","Prepared+1","Noxious Fumes+1","Backflip"],"relics":["Ring of the Snake","TwistedFunnel","Nloth\u0027s Gift","StrikeDummy","Orichalcum"],"acts_visited":["Exordium","TheCity"],"potions_floor_usage":[],"damage_taken":[{"damage":4.0,"enemies":"Small Slimes","floor":1.0,"turns":4.0},{"damage":2.0,"enemies":"2 Louse","floor":2.0,"turns":4.0},{"damage":11.0,"enemies":"Cultist","floor":4.0,"turns":5.0},{"damage":18.0,"enemies":"Exordium Wildlife","floor":5.0,"turns":5.0},{"damage":11.0,"enemies":"Looter","floor":7.0,"turns":5.0},{"damage":10.0,"enemies":"Large Slime","floor":10.0,"turns":12.0},{"damage":11.0,"enemies":"Gremlin Gang","floor":14.0,"turns":5.0},{"damage":2.0,"enemies":"The Guardian","floor":16.0,"turns":7.0},{"damage":25.0,"enemies":"2 Thieves","floor":18.0,"turns":4.0},{"damage":6.0,"enemies":"Chosen","floor":19.0,"turns":5.0},{"damage":11.0,"enemies":"Shelled Parasite and Fungi","floor":22.0,"turns":6.0},{"damage":18,"enemies":"Gremlin Leader","floor":27,"turns":4},{"damage":0,"enemies":"Cultist and Chosen","floor":28,"turns":3}],"seed_played":"8843333779849918135","potions_obtained":[{"floor":1.0,"key":"SpeedPotion"},{"floor":4.0,"key":"SteroidPotion"},{"floor":7.0,"key":"EntropicBrew"},{"floor":10.0,"key":"BlessingOfTheForge"},{"floor":18.0,"key":"ColorlessPotion"},{"floor":19.0,"key":"Fire Potion"}],"is_trial":false,"path_per_floor":["M","M","$","M","M","R","M","R","T","M","?","$","R","M","R","B",null,"M","M","$","?","M","R","?","R","T","E","M"],"character_chosen":"THE_SILENT","items_purchased":["Catalyst","TwistedFunnel","Backflip"],"campfire_rested":2,"item_purchase_floors":[3,12,20],"current_hp_per_floor":[55,53,53,42,24,24,13,13,13,3,3,3,22,11,11,9,52,27,21,21,21,10,29,29,29,29,11,11,11],"gold":147,"neow_bonus":"ONE_RANDOM_RARE_CARD","is_daily":false,"chose_seed":false,"campfire_upgraded":4,"win_rate":0.0,"timestamp":1611250385,"path_taken":["M","M","$","M","M","R","M","R","T","M","?","$","R","M","R","BOSS","M","M","$","?","?","R","?","R","T","E","M"],"items_purchased_type":["Card","Relic","Card"],"build_version":"2020-12-22","purchased_purges":1,"victory":false,"max_hp_per_floor":[66,66,66,66,66,66,66,66,66,66,66,66,66,66,66,66,66,66,66,66,66,66,66,66,66,66,66,66,66],"card_choices":[{"not_picked":["Riddle With Holes","Quick Slash","Slice"],"picked":"SKIP","floor":1.0},{"not_picked":["Underhanded Strike","Reflex"],"picked":"Deflect","floor":2.0},{"not_picked":["Riddle With Holes","Reflex"],"picked":"Dagger Spray","floor":4.0},{"not_picked":["Slice","Tools of the Trade","Flechettes"],"picked":"SKIP","floor":5.0},{"not_picked":["Flechettes","Deflect","Dodge and Roll"],"picked":"SKIP","floor":7.0},{"not_picked":["Underhanded Strike","Well Laid Plans","All Out Attack"],"picked":"SKIP","floor":10.0},{"not_picked":["Prepared","Flying Knee","Concentrate"],"picked":"SKIP","floor":14.0},{"not_picked":["Unload","A Thousand Cuts"],"picked":"Malaise","floor":16.0},{"not_picked":["Blade Dance+1","Dagger Throw"],"picked":"Prepared+1","floor":18.0},{"not_picked":["Underhanded Strike","Bane"],"picked":"Noxious Fumes","floor":19.0},{"not_picked":["Acrobatics","Deflect","Dagger Spray"],"picked":"SKIP","floor":22.0},{"not_picked":["Dagger Spray","Burst","Skewer+1"],"picked":"SKIP","floor":27}],"player_experience":538974,"relics_obtained":[{"floor":26.0,"key":"StrikeDummy"},{"floor":27,"key":"Orichalcum"}],"event_choices":[{"damage_healed":0.0,"max_hp_gain":0.0,"max_hp_loss":0.0,"gold_gain":150.0,"event_name":"betterThird:BetterSerpent","player_choice":"AGREE","floor":11.0,"gold_loss":0.0,"damage_taken":109.0},{"damage_healed":0.0,"max_hp_gain":0.0,"max_hp_loss":0.0,"gold_gain":0.0,"event_name":"N\u0027loth","player_choice":"Traded Relic","floor":21.0,"relics_lost":["Astrolabe"],"gold_loss":0.0,"damage_taken":0.0,"relics_obtained":["Nloth\u0027s Gift"]},{"damage_healed":0.0,"max_hp_gain":0.0,"max_hp_loss":0.0,"gold_gain":0.0,"event_name":"Cursed Tome","player_choice":"Ignored","floor":24.0,"gold_loss":0.0,"damage_taken":0.0}],"is_beta":false,"boss_relics":[{"not_picked":["Runic Dome","Fusion Hammer"],"picked":"Astrolabe"}],"items_purged_floors":[12],"is_endless":false,"potions_floor_spawned":[1,4,7,10,18,19],"killed_by":"Cultist and Chosen","ascension_level":18}}