{"host":"wj6vwlg8bkoql3lv","time":1611256621,"event":{"mods":["AchievementEnabler","Bard","Bartender","BaseMod","Colored Map","Friendly Minions","Hermit","Hubris","Infinite Spire","JesterMod","Jorbs\u0027s Wanderer Trilogy","Marisa????????","Minty Spire (QoL Compilation)","Potionbrewer","Quick Restart","Replay The Spire","Robot Space Explorer","SIMod","Shade Mod","StSLib","The Blue Laboratory","The Bug Knight","The Construct","The Cursed","The Death Knight","The Disciple","The Forsaken","The Gatherer","The Hayseed","The Hierophant","The Jungle","The Marked","The Mystic","The Runesmith","The Saiyan","The Senshi","The Servant 0.9.4","TheFirefly","TheVacant","Transform Curses"],"gold_per_floor":[110,110,130,140,158,158,191,191,214,234,244,260,276,305,305,401,401,420,434,32,32,51,51,61,61,88,88,99,116,116,116,116,116,116],"floor_reached":33,"language":"ENG","playtime":2077,"items_purged":[],"score":288,"play_id":"1feaaa47-6633-4928-a0af-1ddf032b3d57","local_time":"20210121191701","is_ascension_mode":false,"campfire_choices":[{"data":"Shade:AnimateDead","floor":6,"key":"SMITH"},{"data":"Shade:FingerOfDeath","floor":8,"key":"SMITH"},{"data":"hubris:DuctTapeCard","floor":15,"key":"SMITH"},{"data":"Shade:LichForm","floor":23,"key":"SMITH"},{"data":"Shade:OpenGraves","floor":27,"key":"SMITH"},{"data":"Shade:OfferingToTheBeyond","floor":30,"key":"SMITH"},{"floor":32,"key":"REST"}],"circlet_count":0,"master_deck":["Shade:Strike_Shade","Shade:Strike_Shade","Shade:Strike_Shade","Shade:Strike_Shade","Shade:Defend_Shade","Shade:Defend_Shade","Shade:Defend_Shade","Shade:Defend_Shade","Shade:AnimateDead+1","Shade:CarefulCut+1","Shade:FeralStrike","Shade:Excise","Shade:FingerOfDeath+1","Shade:Frenzy","Shade:OpenGraves","Shade:CoffinDance","Shade:FeralStrike","Shade:LichForm+1","hubris:DuctTapeCard+2","Shade:OfferingToTheBeyond+1","Shade:Frenzy","Shade:Bonestorm","Shade:OpenGraves","Shade:RavenousHorde","Shade:OpenGraves+1","Shade:CommandSoldier","Shade:GraveStillness","Shade:GraveStillness","infinitespire:TheBestDefense"],"relics":["Shade:YorickSkull","infinitespire:Lucky Rock","Bag of Preparation","hubris:DuctTape","theForsaken:PaleLantern","Gremlin Horn","MarkOfWind","hubris:SlimyHat","hubris:ToyBattleship"],"acts_visited":["Exordium","TheCity"],"potions_floor_usage":[7,33],"damage_taken":[{"damage":3,"enemies":"2 Louse","floor":1,"turns":3},{"damage":0,"enemies":"Small Slimes","floor":3,"turns":2},{"damage":0,"enemies":"Jaw Worm","floor":4,"turns":3},{"damage":3,"enemies":"Large Slime","floor":5,"turns":7},{"damage":14,"enemies":"Gremlin Nob","floor":7,"turns":4},{"damage":0,"enemies":"3 Louse","floor":10,"turns":3},{"damage":0,"enemies":"Gremlin Gang","floor":11,"turns":3},{"damage":0,"enemies":"Exordium Thugs","floor":12,"turns":3},{"damage":3,"enemies":"2 Fungi Beasts","floor":13,"turns":4},{"damage":0,"enemies":"3 Sentries","floor":14,"turns":4},{"damage":27,"enemies":"The Guardian","floor":16,"turns":8},{"damage":8,"enemies":"3 Byrds","floor":18,"turns":4},{"damage":26,"enemies":"2 Thieves","floor":19,"turns":4},{"damage":2,"enemies":"Snecko","floor":22,"turns":5},{"damage":5,"enemies":"Shelled Parasite and Fungi","floor":24,"turns":5},{"damage":12,"enemies":"Cultist and Chosen","floor":28,"turns":6},{"damage":7,"enemies":"Centurion and Healer","floor":29,"turns":6},{"damage":33,"enemies":"Champ","floor":33,"turns":7}],"seed_played":"-4210900839475661164","potions_obtained":[{"floor":5,"key":"blueLaboratory:FrostheartPotion"},{"floor":7,"key":"Cursed Concoction"},{"floor":11,"key":"Reflective Coating"},{"floor":13,"key":"Strength Potion"},{"floor":14,"key":"Strength Potion"},{"floor":22,"key":"potionbrewer:InfectionPotion"}],"is_trial":false,"path_per_floor":["M","?","M","M","M","R","E","R","T","M","M","M","M","E","R","B",null,"M","M","$","?","M","R","M","?","T","R","M","M","R","AVR","R","B"],"character_chosen":"SHADE","items_purchased":["Shade:OpenGraves","Gremlin Horn","Shade:RavenousHorde"],"campfire_rested":1,"item_purchase_floors":[20,20,20],"current_hp_per_floor":[68,68,68,68,65,65,51,51,51,51,51,51,48,48,48,21,71,63,37,37,37,35,35,30,30,30,30,18,11,11,11,32,0,0],"gold":116,"neow_bonus":"TEN_PERCENT_HP_BONUS","is_daily":false,"chose_seed":false,"campfire_upgraded":6,"win_rate":0.0,"timestamp":1611256621,"path_taken":["M","?","M","M","M","R","E","R","T","M","M","M","M","E","R","BOSS","M","M","$","?","M","R","M","?","T","R","M","M","R","AVR","R","BOSS"],"items_purchased_type":["Card","Relic","Card"],"build_version":"2020-12-22","purchased_purges":0,"victory":false,"max_hp_per_floor":[71,71,71,71,71,71,71,71,71,71,71,71,71,71,71,71,71,71,71,71,71,71,71,71,71,71,71,71,71,71,71,71,71,71],"card_choices":[{"not_picked":["Shade:Haruspicy","Shade:ClawBack"],"picked":"Shade:FeralStrike","floor":1},{"not_picked":["Shade:FuneraryArmor","Shade:SoulToxin"],"picked":"Shade:Excise","floor":3},{"not_picked":["Shade:Doomsay","Shade:CoffinDance"],"picked":"Shade:FingerOfDeath","floor":4},{"not_picked":["Shade:CoffinDance","Shade:AblativeArmor"],"picked":"Shade:FreshBones","floor":5},{"not_picked":["Shade:RitualOffering","Shade:PotionOfRestlessness"],"picked":"Shade:CommandSoldier","floor":7},{"not_picked":["Shade:ClawBack","Shade:Tombstone"],"picked":"Shade:Frenzy","floor":10},{"not_picked":["Shade:Bonestorm","Shade:Trample"],"picked":"Shade:OpenGraves","floor":11},{"not_picked":["Shade:Brains","Shade:Bonestorm"],"picked":"Shade:CoffinDance","floor":12},{"not_picked":["Shade:Brains","Shade:PoundOfFlesh"],"picked":"Shade:FeralStrike","floor":13},{"not_picked":["Shade:AuraOfUnlife","Shade:AncientSpear"],"picked":"Shade:LichForm","floor":14},{"not_picked":["Shade:DarkOfNight","Shade:Tombstone"],"picked":"Shade:OfferingToTheBeyond","floor":16},{"not_picked":["Shade:SkeletonHug","Shade:FingerOfDeath+1"],"picked":"Shade:Frenzy","floor":18},{"not_picked":["Shade:RitualOffering","Shade:AncientSpear"],"picked":"Shade:Bonestorm","floor":19},{"not_picked":["Shade:StitchTogether","Shade:Trample"],"picked":"Shade:OpenGraves","floor":22},{"not_picked":["Shade:CloudOfShrapnel","Shade:Bonestorm+1"],"picked":"Shade:CommandSoldier","floor":24},{"not_picked":["Shade:TouchOfTheGrave+1","Shade:ExtraLimbs"],"picked":"Shade:GraveStillness","floor":28},{"not_picked":["Shade:CoffinDance","Shade:SpontaneousRitual+1"],"picked":"Shade:GraveStillness","floor":29}],"player_experience":125954,"relics_obtained":[{"floor":7,"key":"infinitespire:Lucky Rock"},{"floor":9,"key":"Bag of Preparation"},{"floor":14,"key":"hubris:DuctTape"},{"floor":26,"key":"hubris:SlimyHat"}],"event_choices":[],"is_beta":false,"boss_relics":[{"not_picked":["SacredBark","potionbrewer:BhaskarasWheel"],"picked":"theForsaken:PaleLantern"}],"items_purged_floors":[],"is_endless":false,"potions_floor_spawned":[5,7,11,13,14,16,19,22],"killed_by":"Champ","ascension_level":0}}