{"host":"928gv66myv2vlnsd","time":1611269133,"event":{"mods":["BaseMod","Minty Spire (QoL Compilation)","StSLib"],"gold_per_floor":[113,113,130,150,93,120,120,120,145,145,145,145],"floor_reached":11,"language":"ENG","playtime":254,"items_purged":[],"score":138,"play_id":"c7dbe299-b217-4a35-9a29-146b614257e9","local_time":"20210121174533","is_ascension_mode":true,"campfire_choices":[{"floor":8,"key":"REST"},{"floor":10,"key":"REST"}],"circlet_count":0,"master_deck":["AscendersBane","Strike_R","Strike_R","Strike_R","Strike_R","Defend_R","Defend_R","Defend_R","Defend_R","Bash+1","Double Tap","Fire Breathing","Wild Strike+1","True Grit","Armaments"],"relics":["Burning Blood","Nunchaku","Toy Ornithopter"],"acts_visited":["Exordium"],"potions_floor_usage":[],"damage_taken":[{"damage":7,"enemies":"Small Slimes","floor":1,"turns":4},{"damage":1,"enemies":"Cultist","floor":3,"turns":3},{"damage":19,"enemies":"Jaw Worm","floor":4,"turns":4},{"damage":23,"enemies":"3 Sentries","floor":6,"turns":5},{"damage":54,"enemies":"Lagavulin","floor":11,"turns":8}],"seed_played":"901174517188177357","potions_obtained":[{"floor":1,"key":"LiquidBronze"},{"floor":3,"key":"SpeedPotion"}],"is_trial":false,"path_per_floor":["M","?","M","M","$","E","?","R","T","R","E"],"character_chosen":"IRONCLAD","items_purchased":["True Grit"],"campfire_rested":2,"item_purchase_floors":[5],"current_hp_per_floor":[49,49,54,41,41,24,1,23,23,45,0,0],"gold":145,"neow_bonus":"THREE_RARE_CARDS","is_daily":false,"chose_seed":false,"campfire_upgraded":0,"win_rate":0.0,"timestamp":1611269133,"path_taken":["M","?","?","M","$","E","?","R","T","R","E"],"items_purchased_type":["Card"],"build_version":"2020-12-22","purchased_purges":0,"victory":false,"max_hp_per_floor":[75,75,75,75,75,75,75,75,75,75,75,75],"card_choices":[{"not_picked":["Demon Form","Offering"],"picked":"Double Tap","floor":0},{"not_picked":["Entrench","Headbutt"],"picked":"Fire Breathing","floor":1},{"not_picked":["Heavy Blade","Clothesline"],"picked":"Wild Strike","floor":3},{"not_picked":["Armaments","Anger","Hemokinesis"],"picked":"SKIP","floor":4},{"not_picked":["Heavy Blade","Searing Blow"],"picked":"Armaments","floor":6}],"player_experience":1281592,"relics_obtained":[{"floor":6,"key":"Nunchaku"},{"floor":9,"key":"Toy Ornithopter"}],"event_choices":[{"cards_removed":["Strike_R"],"damage_healed":0,"gold_gain":0,"player_choice":"Purged","damage_taken":0,"max_hp_gain":0,"max_hp_loss":0,"event_name":"Purifier","floor":2,"gold_loss":0},{"damage_healed":0,"gold_gain":0,"player_choice":"Entered Light","damage_taken":23,"max_hp_gain":0,"max_hp_loss":0,"event_name":"Shining Light","floor":7,"gold_loss":0,"cards_upgraded":["Bash","Wild Strike"]}],"is_beta":false,"boss_relics":[],"items_purged_floors":[],"is_endless":false,"potions_floor_spawned":[1,3],"killed_by":"Lagavulin","ascension_level":19}}