{"host":"ujnw6e0uhhe703dz","time":1611241918,"event":{"mods":["Act Like it!","BaseMod","Beaked The Cultist","Block Reminder","Colored Powertips","Conspire","Friendly Minions","Hubris","JesterMod","Marked Mod","Minty Spire (QoL Compilation)","Relic Stats","SacredBarkPlus","Shop Mod","Spicy Shops","StSLib","Transform Curses","Uncapped"],"gold_per_floor":[115,115,40,81,99,134,151,151,200,228,239,272,292,292,292,388,388,407,427,427,447,458,458,458],"floor_reached":23,"language":"ENG","playtime":2021,"items_purged":["beaked:Strike_Y"],"score":211,"play_id":"1880a609-ea52-4f5c-812a-27eb381c1465","local_time":"20210121151158","is_ascension_mode":false,"campfire_choices":[{"data":"beaked:MachineSpirit","floor":8,"key":"SMITH"},{"data":"beaked:Ceremony","floor":15,"key":"SMITH"}],"circlet_count":0,"master_deck":["beaked:Strike_Y","beaked:Strike_Y","beaked:Strike_Y","beaked:Defend_Y+1","beaked:Defend_Y","beaked:Defend_Y","beaked:Defend_Y","beaked:Ceremony+1","beaked:Ceremony","beaked:Ceremony","beaked:Evade","beaked:MachineSpirit+1","beaked:BraceForImpact","beaked:MachineEssence","beaked:Flinch+1","beaked:Devastation","beaked:MachineSpirit"],"relics":["beaked:MendingPlumage","hubris:Icosahedron","conspire:Flyswatter","MealTicket","Art of War","Molten Egg 2","hubris:OldNail","Odd Mushroom","Velvet Choker"],"acts_visited":["Exordium","TheCity"],"potions_floor_usage":[10,16,16],"damage_taken":[{"damage":0,"enemies":"2 Louse","floor":1,"turns":4},{"damage":18,"enemies":"conspire:MimicChest","floor":4,"turns":6},{"damage":3,"enemies":"conspire:RoseBush","floor":5,"turns":4},{"damage":13,"enemies":"Lagavulin","floor":6,"turns":7},{"damage":5,"enemies":"Cultist","floor":7,"turns":5},{"damage":24,"enemies":"Gremlin Nob","floor":10,"turns":5},{"damage":2,"enemies":"conspire:2 RoseBushes","floor":11,"turns":6},{"damage":18,"enemies":"Lagavulin","floor":12,"turns":6},{"damage":38,"enemies":"The Mushroom Lair","floor":13,"turns":6},{"damage":8,"enemies":"Hexaghost","floor":16,"turns":9},{"damage":19,"enemies":"Shell Parasite","floor":18,"turns":6},{"damage":31,"enemies":"conspire:FuzzyDice","floor":19,"turns":8},{"damage":75,"enemies":"Centurion and Healer","floor":21,"turns":10},{"damage":44,"enemies":"Shelled Parasite and Fungi","floor":22,"turns":8},{"damage":86,"enemies":"Book of Stabbing","floor":23,"turns":7}],"seed_played":"-4482339259926491920","potions_obtained":[{"floor":6,"key":"Weak Potion"},{"floor":7,"key":"AttackPotion"},{"floor":10,"key":"Dexterity Potion"},{"floor":13,"key":"Block Potion"},{"floor":18,"key":"Fire Potion"},{"floor":21,"key":"Swift Potion"},{"floor":22,"key":"AttackPotion"}],"is_trial":false,"path_per_floor":["M","?","$","?","M","E","M","R","T","E","M","E","?","?","R","B",null,"M","M","?","M","M","E"],"character_chosen":"BEAKED_THE_CULTIST","items_purchased":[],"campfire_rested":0,"item_purchase_floors":[],"current_hp_per_floor":[50,50,50,43,50,46,50,50,50,34,50,40,37,37,37,48,50,50,37,37,47,50,0,0],"gold":458,"neow_bonus":"UPGRADE_CARD","is_daily":false,"chose_seed":false,"campfire_upgraded":2,"win_rate":0.0,"timestamp":1611241918,"path_taken":["M","?","$","?","M","E","M","R","T","E","M","E","?","?","R","BOSS","M","?","?","M","M","E"],"items_purchased_type":[],"build_version":"2020-12-22","purchased_purges":1,"victory":false,"max_hp_per_floor":[50,50,50,50,50,50,50,50,50,50,50,50,50,50,50,50,50,50,50,50,50,50,50,50],"relic_stats":{"counters":[15,97],"MealTicket":0,"Art of War":[20],"obtain_stats":[{"hubris:Icosahedron":2,"Velvet Choker":17,"MealTicket":6,"Molten Egg 2":10,"Art of War":9,"beaked:MendingPlumage":0,"Odd Mushroom":13,"hubris:OldNail":12,"conspire:Flyswatter":4},{"hubris:Icosahedron":1,"Velvet Choker":10,"MealTicket":4,"Molten Egg 2":6,"Art of War":5,"beaked:MendingPlumage":0,"Odd Mushroom":9,"hubris:OldNail":8,"conspire:Flyswatter":2},{"hubris:Icosahedron":4,"Velvet Choker":58,"MealTicket":21,"Molten Egg 2":31,"Art of War":26,"beaked:MendingPlumage":0,"Odd Mushroom":49,"hubris:OldNail":43,"conspire:Flyswatter":10}]},"card_choices":[{"not_picked":["beaked:Resilience","beaked:WarriorEssence"],"picked":"beaked:Evade","floor":1},{"not_picked":["beaked:DigDeeper","beaked:Cower"],"picked":"beaked:MachineSpirit","floor":4},{"not_picked":["beaked:BloodForTheGods","beaked:WarriorEssence","beaked:CrazyRituals"],"picked":"SKIP","floor":5},{"not_picked":["beaked:BounceBack","beaked:MimicHuntress","beaked:Windmill"],"picked":"SKIP","floor":6},{"not_picked":["beaked:Recite","beaked:Redirect","beaked:SurvivalInstinct"],"picked":"SKIP","floor":7},{"not_picked":["beaked:Daydream","beaked:Redirect","beaked:Roost"],"picked":"SKIP","floor":10},{"not_picked":["beaked:BarbedWire","beaked:CrazyRituals","beaked:Windmill+1"],"picked":"SKIP","floor":11},{"not_picked":["beaked:Cower","beaked:Foresight"],"picked":"beaked:BraceForImpact","floor":12},{"not_picked":["beaked:Sacrifice+1","beaked:VolatileMisfortune"],"picked":"beaked:MachineEssence","floor":16},{"not_picked":["beaked:CursingBlood","beaked:Tweet+1"],"picked":"beaked:Flinch+1","floor":18},{"not_picked":["beaked:CursingBlood","beaked:Cower","beaked:Devastation"],"picked":"SKIP","floor":19},{"not_picked":["beaked:Foresight","beaked:FeelMyPain","beaked:Overexert"],"picked":"SKIP","floor":21},{"not_picked":["beaked:Tweet","beaked:Recite"],"picked":"beaked:MachineSpirit","floor":22}],"player_experience":468648,"relics_obtained":[{"floor":4,"key":"conspire:Flyswatter"},{"floor":6,"key":"MealTicket"},{"floor":9,"key":"Art of War"},{"floor":10,"key":"Molten Egg 2"},{"floor":12,"key":"hubris:OldNail"},{"floor":13,"key":"Odd Mushroom"}],"event_choices":[{"damage_healed":0,"gold_gain":0,"player_choice":"Fought Mushrooms","damage_taken":0,"max_hp_gain":0,"max_hp_loss":0,"event_name":"Mushrooms","floor":13,"gold_loss":0},{"cards_removed":["beaked:Strike_Y"],"damage_healed":0,"gold_gain":0,"player_choice":"Purged","damage_taken":0,"max_hp_gain":0,"max_hp_loss":0,"event_name":"Purifier","floor":14,"gold_loss":0},{"damage_healed":0,"gold_gain":0,"cards_transformed":["beaked:Strike_Y"],"player_choice":"Transformed","damage_taken":0,"max_hp_gain":0,"max_hp_loss":0,"event_name":"Transmorgrifier","floor":20,"gold_loss":0,"cards_obtained":["beaked:Devastation"]}],"is_beta":false,"boss_relics":[{"not_picked":["Sozu","Philosopher\u0027s Stone"],"picked":"Velvet Choker"}],"items_purged_floors":[3],"is_endless":false,"potions_floor_spawned":[6,7,10,13,18,21,22],"killed_by":"Book of Stabbing","ascension_level":0}}