{"host":"aqym1xxr3lb31d9m","time":1611237468,"event":{"mods":["BaseMod","Block Reminder","Colored Map","Colored Powertips","DeckTracker","Highlight Path","Minty Spire (QoL Compilation)","Quick Restart","Random Character Button","StSLib","SuperFastMode","UnlockEverythingMod"],"gold_per_floor":[116,116,128,128,147,147,70,70,70,80,90,116,116,126,126,200,200,217,217,235,235,235,235,253,281,333,349,349,382,382,134,134,208,208,218,229,229,249,267,267,297,297,369,396,411,411,411,411],"floor_reached":47,"language":"JPN","playtime":2018,"items_purged":[],"score":1050,"play_id":"5f041c09-ca27-4f9b-ae5b-ff18e05833eb","local_time":"20210121225748","is_ascension_mode":true,"campfire_choices":[{"data":"Whirlwind","floor":6,"key":"SMITH"},{"data":"Disarm","floor":13,"key":"SMITH"},{"data":"Armaments","floor":15,"key":"SMITH"},{"floor":23,"key":"RECALL"},{"data":"Strike_R+1","floor":30,"key":"PURGE"},{"floor":32,"key":"REST"},{"floor":40,"key":"REST"},{"floor":42,"key":"REST"},{"floor":46,"key":"REST"}],"circlet_count":0,"master_deck":["AscendersBane","Strike_R+1","Strike_R+1","Defend_R+1","Defend_R+1","Defend_R+1","Defend_R+1","Bash","Flash of Steel","Armaments+1","Cleave","Thunderclap","Spot Weakness","Whirlwind+1","Disarm+1","True Grit","Bloodletting","Demon Form","Offering","Metallicize","Feel No Pain","Feel No Pain","Headbutt","Burning Pact","Flex","Impervious","True Grit+1","Second Wind+1","Shrug It Off","Armaments+1","Burning Pact","Exhume","Armaments+1","Shrug It Off"],"relics":["Burning Blood","Magic Flower","Blood Vial","Fusion Hammer","Vajra","Peace Pipe","Boot","Dream Catcher","Happy Flower","SlaversCollar","Darkstone Periapt","Mummified Hand","Centennial Puzzle"],"acts_visited":["Exordium","TheCity","TheBeyond"],"potions_floor_usage":[16,25,29,35,41,41],"damage_taken":[{"damage":6,"enemies":"Cultist","floor":1,"turns":3},{"damage":1,"enemies":"Small Slimes","floor":3,"turns":4},{"damage":2,"enemies":"Jaw Worm","floor":5,"turns":3},{"damage":16,"enemies":"Exordium Wildlife","floor":10,"turns":2},{"damage":10,"enemies":"Lots of Slimes","floor":11,"turns":2},{"damage":33,"enemies":"Lagavulin","floor":12,"turns":7},{"damage":10,"enemies":"Large Slime","floor":14,"turns":4},{"damage":54,"enemies":"Hexaghost","floor":16,"turns":10},{"damage":19,"enemies":"2 Thieves","floor":18,"turns":2},{"damage":9,"enemies":"Chosen","floor":20,"turns":3},{"damage":25,"enemies":"Snake Plant","floor":24,"turns":3},{"damage":41,"enemies":"Gremlin Leader","floor":25,"turns":7},{"damage":4,"enemies":"Centurion and Healer","floor":27,"turns":5},{"damage":22,"enemies":"Slavers","floor":29,"turns":2},{"damage":26,"enemies":"Champ","floor":33,"turns":12},{"damage":18,"enemies":"Orb Walker","floor":35,"turns":4},{"damage":0,"enemies":"3 Shapes","floor":36,"turns":6},{"damage":61,"enemies":"Sphere and 2 Shapes","floor":38,"turns":7},{"damage":6,"enemies":"Maw","floor":39,"turns":7},{"damage":46,"enemies":"Reptomancer","floor":41,"turns":8},{"damage":44,"enemies":"Giant Head","floor":44,"turns":9},{"damage":28,"enemies":"3 Darklings","floor":45,"turns":4},{"damage":61,"enemies":"Transient","floor":47,"turns":3}],"seed_played":"5518077940688182248","potions_obtained":[{"floor":5,"key":"ElixirPotion"},{"floor":11,"key":"Explosive Potion"},{"floor":12,"key":"BloodPotion"},{"floor":20,"key":"Regen Potion"},{"floor":25,"key":"SteroidPotion"},{"floor":29,"key":"AttackPotion"},{"floor":38,"key":"Regen Potion"},{"floor":39,"key":"AttackPotion"},{"floor":44,"key":"BloodPotion"},{"floor":45,"key":"Swift Potion"}],"is_trial":false,"path_per_floor":["M","?","M","?","M","R","$","$","T","M","M","E","R","M","R","B",null,"M","?","M","?","T","R","M","E","T","M","?","E","R","$","R","B",null,"M","M","$","M","M","R","E","R","T","E","M","R","M"],"character_chosen":"IRONCLAD","items_purchased":["Disarm","Burning Pact","Happy Flower"],"campfire_rested":4,"item_purchase_floors":[7,31,31],"current_hp_per_floor":[68,68,73,73,75,75,75,75,75,68,67,43,43,45,45,26,63,56,56,59,59,59,59,46,41,41,49,49,39,39,39,61,47,68,62,74,74,23,29,51,41,63,63,31,15,37,0,0],"gold":411,"neow_bonus":"RANDOM_COLORLESS","is_daily":false,"chose_seed":false,"campfire_upgraded":3,"win_rate":0.0,"timestamp":1611237468,"path_taken":["M","?","?","?","M","R","?","$","T","M","M","E","R","M","R","BOSS","M","?","?","?","?","R","?","E","T","M","?","E","R","?","R","BOSS","M","?","$","M","M","R","E","R","T","E","M","R","M"],"items_purchased_type":["Card","Card","Relic"],"build_version":"2020-12-22","purchased_purges":0,"victory":false,"max_hp_per_floor":[75,75,75,75,75,75,75,75,75,75,75,75,75,75,75,75,75,75,75,75,75,75,75,75,75,75,75,75,75,75,75,75,75,75,75,75,75,75,75,75,75,75,75,75,75,75,75,75],"card_choices":[{"not_picked":["Dramatic Entrance","Madness"],"picked":"Flash of Steel","floor":0},{"not_picked":["Heavy Blade","Body Slam"],"picked":"Armaments","floor":1},{"not_picked":["Heavy Blade","True Grit"],"picked":"Thunderclap","floor":3},{"not_picked":["Cleave","Hemokinesis"],"picked":"Whirlwind","floor":5},{"not_picked":["Clash","Sever Soul"],"picked":"True Grit","floor":10},{"not_picked":["Searing Blow","Ghostly Armor"],"picked":"Bloodletting","floor":11},{"not_picked":["Spot Weakness","Fire Breathing"],"picked":"Demon Form","floor":14},{"not_picked":["Bludgeon","Berserk"],"picked":"Offering","floor":16},{"not_picked":["Combust","Perfected Strike"],"picked":"Anger+1","floor":18},{"not_picked":["Clash","Clothesline"],"picked":"Metallicize","floor":20},{"not_picked":["Havoc","Wild Strike"],"picked":"Feel No Pain","floor":24},{"not_picked":["Thunderclap","Carnage","Twin Strike"],"picked":"SKIP","floor":25},{"not_picked":["Sever Soul","Clash+1"],"picked":"Feel No Pain","floor":27},{"not_picked":["Rampage+1","Bloodletting"],"picked":"Headbutt","floor":29},{"not_picked":["Rage","Body Slam"],"picked":"Flex","floor":32},{"not_picked":["Juggernaut","Berserk"],"picked":"Impervious","floor":33},{"not_picked":["Headbutt","Perfected Strike"],"picked":"True Grit+1","floor":35},{"not_picked":["Flex","Clothesline"],"picked":"Second Wind+1","floor":36},{"not_picked":["Cleave+1","Heavy Blade","Rampage"],"picked":"SKIP","floor":38},{"not_picked":["Twin Strike","Perfected Strike"],"picked":"Shrug It Off","floor":39},{"not_picked":["Shrug It Off","Twin Strike"],"picked":"Armaments+1","floor":40},{"not_picked":["Headbutt","Sentinel+1"],"picked":"Burning Pact","floor":41},{"not_picked":["True Grit","Thunderclap+1"],"picked":"Exhume","floor":42},{"not_picked":["Perfected Strike+1","Headbutt"],"picked":"Armaments+1","floor":44},{"not_picked":["Searing Blow","Wild Strike","Heavy Blade"],"picked":"SKIP","floor":45},{"not_picked":["Reckless Charge+1","Body Slam"],"picked":"Shrug It Off","floor":46}],"player_experience":3961165,"relics_obtained":[{"floor":9,"key":"Magic Flower"},{"floor":12,"key":"Blood Vial"},{"floor":25,"key":"Peace Pipe"},{"floor":26,"key":"Boot"},{"floor":29,"key":"Dream Catcher"},{"floor":41,"key":"Darkstone Periapt"},{"floor":43,"key":"Mummified Hand"},{"floor":44,"key":"Centennial Puzzle"}],"event_choices":[{"damage_healed":0,"gold_gain":0,"player_choice":"1 cards matched","damage_taken":0,"max_hp_gain":0,"max_hp_loss":0,"event_name":"Match and Keep!","floor":2,"gold_loss":0,"cards_obtained":["Cleave"]},{"damage_healed":0,"gold_gain":0,"cards_transformed":["Strike_R"],"player_choice":"Transformed","damage_taken":0,"max_hp_gain":0,"max_hp_loss":0,"event_name":"Transmorgrifier","floor":4,"gold_loss":0,"cards_obtained":["Spot Weakness"]},{"cards_removed":["Anger"],"damage_healed":0,"gold_gain":0,"player_choice":"Gave Card","damage_taken":0,"relics_obtained":["Vajra"],"max_hp_gain":0,"max_hp_loss":0,"event_name":"WeMeetAgain","floor":19,"gold_loss":0},{"damage_healed":0,"gold_gain":0,"player_choice":"Simplicity","damage_taken":0,"max_hp_gain":0,"max_hp_loss":0,"event_name":"Back to Basics","floor":21,"gold_loss":0,"cards_upgraded":["Strike_R","Strike_R","Strike_R","Strike_R","Defend_R","Defend_R","Defend_R","Defend_R"]},{"cards_removed":["Strike_R"],"damage_healed":0,"gold_gain":0,"player_choice":"Purged","damage_taken":0,"max_hp_gain":0,"max_hp_loss":0,"event_name":"Purifier","floor":28,"gold_loss":0}],"is_beta":false,"boss_relics":[{"not_picked":["Velvet Choker","Calling Bell"],"picked":"Fusion Hammer"},{"not_picked":["Runic Dome","Empty Cage"],"picked":"SlaversCollar"}],"items_purged_floors":[],"is_endless":false,"potions_floor_spawned":[5,11,12,14,20,25,29,38,39,44,45],"killed_by":"Transient","ascension_level":20}}