{"host":"18wi9kpcl4eah7pe","time":1611261774,"event":{"mods":["BaseMod","Colored Powertips","Downfall","Minty Spire (QoL Compilation)","StSLib"],"gold_per_floor":[99,99,99,99,155,155,231,264,76,100,137,161,173,219,251,263,263,263],"floor_reached":16,"language":"ENG","playtime":497,"items_purged":[],"score":139,"play_id":"82203a2e-c58d-4cf8-97af-d6b63b686ab3","local_time":"20210121144254","is_ascension_mode":true,"campfire_choices":[{"floor":1,"key":"RECALL"},{"floor":9,"key":"REST"},{"data":"bronze:Boost","floor":13,"key":"SMITH"}],"circlet_count":0,"master_deck":["bronze:Strike+1","bronze:Strike","bronze:Strike+1","bronze:Defend+1","bronze:Defend","bronze:Defend","bronze:Defend","bronze:Replicate","bronze:Goto","bronze:DelayedGuard","bronze:Boost+1","downfall:Malfunctioning","bronze:CutThrough","bronze:BugBarrage","bronze:Branch","bronze:WhirlingStrike","bronze:Constructor","bronze:InfiniteLoop","bronze:DelayedSlice","bronze:Return"],"relics":["bronze:BronzeCore","downfall:HeartsMalice","Bag of Marbles","Eternal Feather","MawBank","downfall:HeartBlessingGreen","downfall:HeartBlessingRed","Lantern","Ancient Tea Set"],"acts_visited":["Exordium"],"potions_floor_usage":[14,16],"damage_taken":[{"damage":0,"enemies":"Cultist","floor":2,"turns":1},{"damage":0,"enemies":"2 Louse","floor":3,"turns":1},{"damage":0,"enemies":"3 Sentries","floor":5,"turns":1},{"damage":30,"enemies":"Lagavulin","floor":8,"turns":8},{"damage":0,"enemies":"Small Slimes","floor":10,"turns":2},{"damage":16,"enemies":"Gremlin Nob","floor":11,"turns":3},{"damage":0,"enemies":"Red Slaver","floor":12,"turns":2},{"damage":2,"enemies":"3 Sentries","floor":14,"turns":4},{"damage":0,"enemies":"Lots of Slimes","floor":15,"turns":3},{"damage":63,"enemies":"SI_SHIV_ARCHETYPE","floor":16,"turns":7}],"seed_played":"838927141833458311","potions_obtained":[{"floor":8,"key":"Swift Potion"},{"floor":10,"key":"Energy Potion"},{"floor":11,"key":"DuplicationPotion"}],"is_trial":false,"path_per_floor":["R","M","M","?","?","?","T","E","R","M","E","M","R","E","M","B"],"character_chosen":"THE_AUTOMATON","items_purchased":[],"campfire_rested":1,"item_purchase_floors":[],"current_hp_per_floor":[70,70,70,70,70,70,70,40,70,70,54,54,63,61,61,0,0,0],"gold":263,"neow_bonus":"THREE_ENEMY_KILL","is_daily":false,"chose_seed":false,"campfire_upgraded":1,"win_rate":0.0,"timestamp":1611261774,"path_taken":["R","M","?","?","?","?","T","E","R","M","E","?","R","E","M","BOSS"],"items_purchased_type":[],"build_version":"2020-12-22","purchased_purges":0,"victory":false,"max_hp_per_floor":[70,70,70,70,70,70,70,70,70,70,70,70,70,70,70,70,70,70],"card_choices":[{"not_picked":["bronze:Overheat","bronze:Repair"],"picked":"bronze:DelayedGuard","floor":2},{"not_picked":["bronze:Overheat","bronze:BuggyMess"],"picked":"bronze:Boost","floor":3},{"not_picked":["bronze:Invalidate","bronze:Assembly"],"picked":"bronze:CutThrough","floor":5},{"not_picked":["bronze:Shield","bronze:DarkDash"],"picked":"bronze:Branch","floor":8},{"not_picked":["bronze:Philosophize","bronze:BitShift"],"picked":"bronze:WhirlingStrike","floor":10},{"not_picked":["bronze:Iterate","bronze:Deprecate"],"picked":"bronze:Constructor","floor":11},{"not_picked":["bronze:Backtrace","bronze:NullPointer"],"picked":"bronze:InfiniteLoop","floor":12},{"not_picked":["bronze:DelayedGuard","bronze:Overheat"],"picked":"bronze:DelayedSlice","floor":14},{"not_picked":["bronze:Overload","bronze:DelayedSlice"],"picked":"bronze:Return","floor":15}],"player_experience":941247,"relics_obtained":[{"floor":5,"key":"Bag of Marbles"},{"floor":7,"key":"Eternal Feather"},{"floor":8,"key":"MawBank"},{"floor":11,"key":"Lantern"},{"floor":14,"key":"Ancient Tea Set"}],"event_choices":[],"is_beta":false,"boss_relics":[],"items_purged_floors":[],"is_endless":false,"potions_floor_spawned":[8,10,11],"killed_by":"SI_SHIV_ARCHETYPE","ascension_level":4}}