{"host":"l5xpox9cbdko122s","time":1611231529,"event":{"mods":["AchievementEnabler","BaseMod","Better Skull","Colored Map","Colored Powertips","Curses Come First","Displayed Cursed Tome","Hermit","Highlight Path","Minty Spire (QoL Compilation)","Quick Restart","Shop Mod","StSLib"],"gold_per_floor":[116,133,149,149,167,167,185,198,198,211,240,257,271,271,271,369,369,381,381,381],"floor_reached":19,"language":"ENG","playtime":1329,"items_purged":[],"score":175,"play_id":"7ec373c2-548a-4f71-a085-10c7f18cc24d","local_time":"20210121071849","is_ascension_mode":false,"campfire_choices":[{"floor":6,"key":"RECALL"},{"data":"hermit:Maintenance","floor":15,"key":"SMITH"}],"circlet_count":0,"master_deck":["hermit:Strike_Hermit","hermit:Strike_Hermit","hermit:Strike_Hermit","hermit:Strike_Hermit","hermit:Defend_Hermit","hermit:Defend_Hermit","hermit:Defend_Hermit","hermit:Defend_Hermit","hermit:Snapshot","hermit:Covet","CurseOfTheBell","hermit:Showdown","hermit:Maintenance+1","Parasite"],"relics":["Calling Bell","Oddly Smooth Stone","Eternal Feather","Bird Faced Urn","Letter Opener","SlaversCollar"],"acts_visited":["Exordium","TheCity"],"potions_floor_usage":[7,11,16,16,19],"damage_taken":[{"damage":0,"enemies":"Jaw Worm","floor":1,"turns":4},{"damage":0,"enemies":"2 Louse","floor":2,"turns":3},{"damage":0,"enemies":"Cultist","floor":3,"turns":4},{"damage":7,"enemies":"Red Slaver","floor":5,"turns":4},{"damage":1,"enemies":"Looter","floor":7,"turns":3},{"damage":3,"enemies":"2 Fungi Beasts","floor":8,"turns":3},{"damage":3,"enemies":"Red Slaver","floor":10,"turns":4},{"damage":40,"enemies":"Lagavulin","floor":11,"turns":7},{"damage":6,"enemies":"Blue Slaver","floor":12,"turns":3},{"damage":2,"enemies":"Exordium Wildlife","floor":13,"turns":3},{"damage":17,"enemies":"Slime Boss","floor":16,"turns":13},{"damage":16,"enemies":"Chosen","floor":18,"turns":6},{"damage":59,"enemies":"3 Byrds","floor":19,"turns":6}],"seed_played":"-1978143653865519252","potions_obtained":[{"floor":1,"key":"SpeedPotion"},{"floor":5,"key":"Weak Potion"},{"floor":12,"key":"Block Potion"},{"floor":13,"key":"Dexterity Potion"},{"floor":16,"key":"hermit:Eclipse"},{"floor":18,"key":"SkillPotion"}],"is_trial":false,"path_per_floor":["M","M","M","?","M","R","M","M","T","M","E","M","M","?","R","B",null,"M","M"],"character_chosen":"HERMIT","items_purchased":[],"campfire_rested":0,"item_purchase_floors":[],"current_hp_per_floor":[75,75,75,75,68,74,73,70,70,67,27,21,19,37,43,26,75,59,0,0],"gold":381,"neow_bonus":"BOSS_RELIC","is_daily":false,"chose_seed":false,"campfire_upgraded":1,"win_rate":0.0,"timestamp":1611231529,"path_taken":["M","M","M","?","M","R","M","M","T","M","E","M","M","?","R","BOSS","M","M"],"items_purchased_type":[],"build_version":"2020-12-22","purchased_purges":0,"victory":false,"max_hp_per_floor":[75,75,75,75,75,75,75,75,75,75,75,75,75,75,75,75,75,75,75,75],"card_choices":[{"not_picked":["hermit:Deadeye","hermit:HighCaliber","hermit:Dive"],"picked":"SKIP","floor":1},{"not_picked":["hermit:CalledShot","hermit:PistolWhip","hermit:Glare"],"picked":"SKIP","floor":2},{"not_picked":["hermit:Feint","hermit:Quickdraw","hermit:Manifest"],"picked":"SKIP","floor":3},{"not_picked":["hermit:Desperado","hermit:Feint"],"picked":"hermit:Showdown","floor":5},{"not_picked":["hermit:TrackingShot","hermit:Snipe","hermit:Manifest"],"picked":"SKIP","floor":7},{"not_picked":["hermit:LowProfile","hermit:Dive","hermit:CalledShot"],"picked":"SKIP","floor":8},{"not_picked":["hermit:Reprieve","hermit:TakeAim","hermit:Quickdraw"],"picked":"SKIP","floor":10},{"not_picked":["hermit:LowProfile","hermit:HoleUp","hermit:Coalescence"],"picked":"SKIP","floor":11},{"not_picked":["hermit:Vantage","hermit:TrackingShot","hermit:Grudge"],"picked":"SKIP","floor":12},{"not_picked":["hermit:GoldenBullet","hermit:CursedWeapon"],"picked":"hermit:Maintenance","floor":13},{"not_picked":["hermit:LowProfile","hermit:Glare","hermit:Snipe"],"picked":"SKIP","floor":18}],"player_experience":170171,"relics_obtained":[{"floor":0,"key":"Oddly Smooth Stone"},{"floor":0,"key":"Eternal Feather"},{"floor":0,"key":"Bird Faced Urn"},{"floor":11,"key":"Letter Opener"}],"event_choices":[{"damage_healed":0,"gold_gain":0,"player_choice":"Ignored","damage_taken":0,"max_hp_gain":0,"max_hp_loss":0,"event_name":"Shining Light","floor":4,"gold_loss":0},{"damage_healed":18,"gold_gain":0,"player_choice":"Healed and dodged fight","damage_taken":0,"max_hp_gain":0,"max_hp_loss":0,"event_name":"Mushrooms","floor":14,"gold_loss":0,"cards_obtained":["Parasite"]}],"is_beta":false,"boss_relics":[{"not_picked":["Snecko Eye","Black Star"],"picked":"SlaversCollar"}],"items_purged_floors":[],"is_endless":false,"potions_floor_spawned":[1,5,12,13,16,18],"killed_by":"3 Byrds","ascension_level":0}}