{"host":"7fyy23rucerupe6i","time":1611203315,"event":{"mods":["AchievementEnabler","Act Like it!","BaseMod","BetterRewards","Colored Map","Colored Powertips","Conspire","Custom Start","Downfall","Mad Scientist","Marisa£®ÏF”Í°°ƒß¿Ì…≥£©","Minty Spire (QoL Compilation)","Pale of the Ancients","Quick Restart","Shop Mod","ShortenTheSpire","Spicy Shops","StSLib","SuperFastMode","The Bug Knight","The Construct","The Cursed","The Factory","The Jungle","The Servant 0.9.4","UnlockEverythingMod"],"gold_per_floor":[118,118,138,138,138,138,170,187,187,33,47,67,93,111,111,208,208,225,585,601,601,601,629,641,671,671,671,5,17,36,52,52,150,150,162,162,175,190,237,252,285,333,333,345,379,391,391,426,426,426,440,450,450,69,69,86,86,109,109,109,109,109],"floor_reached":60,"language":"ZHS","playtime":21355,"items_purged":["champ:Defend","champ:Strike"],"score":1022,"play_id":"81f8b2ac-f47b-4d2f-a93f-03b0dc707ecb","local_time":"20210121122835","is_ascension_mode":false,"campfire_choices":[{"data":"champ:Taunt","floor":6,"key":"SMITH"},{"data":"champ:Strike","floor":15,"key":"PURGE"},{"data":"champ:Defend","floor":27,"key":"PURGE"},{"data":"champ:Strike","floor":32,"key":"PURGE"},{"data":"champ:Defend","floor":47,"key":"PURGE"},{"data":"champ:Execute","floor":49,"key":"PURGE"},{"data":"champ:SetATrap","floor":55,"key":"PURGE"},{"data":"champ:DefensiveShout","floor":57,"key":"PURGE"}],"circlet_count":0,"master_deck":["champ:Taunt+1","champ:SkillfulDodge+1","champ:RapidStrikes","champ:VampiricStrike","champ:EnchantShield+1","champ:RisingSlash","champ:ShieldSlam","champ:VampiricStrike","CurseOfTheBell","champ:FocusedDefense+1","champ:ShieldWall+1","champ:FocusedDefense+1","champ:EnchantSword","champ:FalseCounter+1","champ:ShieldWall"],"relics":["champ:ChampionCrown","PreservedInsect","Tiny Chest","conspire:TreasureMap","Guardian:GemstoneGun","HollowMod:StagPassRelic","Peace Pipe","bronze:DecasWashers","Toy Ornithopter","Blood Vial","Calling Bell","Du-Vu Doll","Ornamental Fan","Centennial Puzzle","Pantograph","conspire:TopHat","bronze:BronzeIdol","conspire:BottledYoYo","Guardian:PocketSentry","Slimebound:StickyStick","ClockworkSouvenir","Coffee Dripper","StoneCalendar","War Paint","Bronze Scales","conspire:Dentures","Juzu Bracelet","champ:FightingForDummies","paleoftheancients:Timepiece","paleoftheancients:KeyRelic","Oddly Smooth Stone","Letter Opener","paleoftheancients:SoulOfTheWatcher","Pear","Kunai","Happy Flower"],"acts_visited":["Exordium","TheCity","TheBeyond","paleoftheancients:PaleOfTheAncients"],"potions_floor_usage":[16,23,25,33,51,60],"damage_taken":[{"damage":10,"enemies":"2 Louse","floor":1,"turns":2},{"damage":1,"enemies":"Jaw Worm","floor":3,"turns":3},{"damage":12,"enemies":"Gremlin Nob","floor":7,"turns":3},{"damage":10,"enemies":"Cultist","floor":8,"turns":3},{"damage":5,"enemies":"Red Slaver","floor":11,"turns":2},{"damage":3,"enemies":"3 Louse","floor":12,"turns":2},{"damage":0,"enemies":"2 Fungi Beasts","floor":14,"turns":3},{"damage":29,"enemies":"The Guardian","floor":16,"turns":9},{"damage":15,"enemies":"2 Thieves","floor":18,"turns":4},{"damage":0,"enemies":"Shell Parasite","floor":20,"turns":2},{"damage":0,"enemies":"Gremlin Leader","floor":23,"turns":2},{"damage":19,"enemies":"Centurion and Healer","floor":24,"turns":7},{"damage":30,"enemies":"Slavers","floor":25,"turns":4},{"damage":10,"enemies":"Cultist and Chosen","floor":29,"turns":3},{"damage":0,"enemies":"Shelled Parasite and Fungi","floor":30,"turns":3},{"damage":0,"enemies":"3 Cultists","floor":31,"turns":4},{"damage":33,"enemies":"Automaton","floor":33,"turns":11},{"damage":10,"enemies":"3 Shapes","floor":35,"turns":3},{"damage":30,"enemies":"3 Darklings","floor":37,"turns":4},{"damage":0,"enemies":"Jaw Worm Horde","floor":38,"turns":4},{"damage":11,"enemies":"2 Orb Walkers","floor":39,"turns":4},{"damage":10,"enemies":"Sphere and 2 Shapes","floor":40,"turns":4},{"damage":13,"enemies":"Giant Head","floor":41,"turns":7},{"damage":16,"enemies":"Spire Growth","floor":44,"turns":3},{"damage":11,"enemies":"Nemesis","floor":45,"turns":5},{"damage":19,"enemies":"Transient","floor":46,"turns":5},{"damage":10,"enemies":"conspire:MimicChest","floor":48,"turns":3},{"damage":8,"enemies":"conspire:OrnateMirror","floor":50,"turns":9},{"damage":54,"enemies":"conspire:OrnateMirror","floor":51,"turns":13},{"damage":0,"enemies":"conspire:OrnateMirror","floor":52,"turns":7},{"damage":0,"enemies":"conspire:OrnateMirror","floor":56,"turns":9},{"damage":19,"enemies":"paleoftheancients:N","floor":60,"turns":3}],"seed_played":"-6506438548350784116","potions_obtained":[{"floor":3,"key":"Swift Potion"},{"floor":7,"key":"PowerPotion"},{"floor":8,"key":"champ:CounterPotion"},{"floor":18,"key":"Fire Potion"},{"floor":23,"key":"Fire Potion"},{"floor":25,"key":"SkillPotion"},{"floor":33,"key":"Block Potion"},{"floor":51,"key":"CultistPotion"}],"is_trial":false,"path_per_floor":["M","?","M","?","T","R","E","M","T","$","M","M","T","M","R","B",null,"M","?","M","?","T","E","M","E","T","R","$","M","M","M","R","B",null,"M","?","M","M","?","M","E","T","T","M","E","M","R","?","R","B","M","M","?","$","R","M","R","T","?","B"],"character_chosen":"THE_CHAMP","items_purchased":["PreservedInsect","Tiny Chest","champ:SkillfulDodge","conspire:TreasureMap","ColorlessPotion","Toy Ornithopter","champ:ShieldWall","Guardian:PocketSentry","Slimebound:StickyStick","ClockworkSouvenir","Pear","Kunai"],"campfire_rested":0,"item_purchase_floors":[0,0,0,0,0,10,28,28,28,28,54,54],"current_hp_per_floor":[49,49,48,41,41,41,39,39,39,39,34,31,31,33,33,21,90,85,49,51,51,51,58,51,38,38,38,38,40,42,44,44,63,90,90,90,90,90,89,90,87,87,87,83,84,77,77,79,79,90,63,90,90,100,100,100,100,100,100,81,81,81],"gold":109,"neow_bonus":"","is_daily":false,"chose_seed":false,"campfire_upgraded":1,"win_rate":0.0,"timestamp":1611203315,"path_taken":["M","?","M","?","?","R","E","M","T","$","M","M","?","M","R","BOSS","M","?","?","?","?","E","M","E","T","R","$","M","M","M","R","BOSS","M","?","M","?","?","M","E","?","T","?","E","M","R","?","R","BOSS","M","M","?","$","R","M","R","T","?","BOSS"],"items_purchased_type":["Relic","Relic","Card","Relic","Potion","Relic","Card","Relic","Relic","Relic","Relic","Relic"],"build_version":"2020-12-22","purchased_purges":2,"victory":false,"max_hp_per_floor":[90,90,90,90,90,90,90,90,90,90,90,90,90,90,90,90,90,90,90,90,90,90,90,90,90,90,90,90,90,90,90,90,90,90,90,90,90,90,90,90,90,90,90,90,90,90,90,90,90,90,90,90,90,100,100,100,100,100,100,100,100,100],"card_choices":[{"not_picked":["champ:PerfectedStrike","champ:DeathBlow","champ:BringItOn"],"picked":"SKIP","floor":1},{"not_picked":["champ:CrownThrow","champ:BringItOn","champ:Endure"],"picked":"SKIP","floor":3},{"not_picked":["champ:DeathBlow","champ:RageSigil"],"picked":"champ:EnchantShield","floor":7},{"not_picked":["champ:EndlessRage","champ:GutPunch"],"picked":"champ:RisingSlash","floor":8},{"not_picked":["champ:Backstep","champ:ViciousMockery"],"picked":"champ:DefensiveShout","floor":11},{"not_picked":["champ:IgnorePain","champ:Backstep"],"picked":"champ:ShieldSlam","floor":12},{"not_picked":["champ:CalledShot","champ:DefensiveShout","champ:TornadoPunch"],"picked":"SKIP","floor":14},{"not_picked":["champ:EnchantShield","champ:Devastate"],"picked":"champ:VampiricStrike","floor":16},{"not_picked":["champ:AdrenalArmor","champ:TornadoPunch+1"],"picked":"champ:FocusedDefense+1","floor":18},{"not_picked":["champ:CrownThrow","champ:Shatter","champ:AdrenalArmor+1"],"picked":"SKIP","floor":20},{"not_picked":["champ:Backstep","champ:PreciseThrust","champ:LastStand"],"picked":"SKIP","floor":23},{"not_picked":["champ:BladeFlurry+1","champ:BerserkersShout","champ:GutPunch"],"picked":"SKIP","floor":24},{"not_picked":["champ:BerserkerStyle+1","champ:EndlessRage","champ:FanOfKnives"],"picked":"SKIP","floor":25},{"not_picked":["champ:TornadoPunch","champ:FlashCut","champ:EnGarde"],"picked":"SKIP","floor":29},{"not_picked":["champ:AdrenalArmor","champ:CrownThrow+1","champ:BladeFlurry"],"picked":"SKIP","floor":30},{"not_picked":["champ:BringItOn+1","champ:AdrenalArmor","champ:Encircle"],"picked":"SKIP","floor":31},{"not_picked":["champ:CrookedStrike","champ:PerfectedStrike+1","champ:ViciousMockery+1"],"picked":"SKIP","floor":35},{"not_picked":["champ:RecklessLeap+1","champ:FlashCut"],"picked":"champ:SetATrap","floor":37},{"not_picked":["champ:TornadoPunch+1","champ:CrownThrow+1","champ:StanceDance"],"picked":"SKIP","floor":38},{"not_picked":["champ:StanceDance+1","champ:AdrenalArmor+1","champ:Encircle"],"picked":"SKIP","floor":40},{"not_picked":["champ:CrownThrow+1","champ:PreciseThrust+1"],"picked":"champ:FocusedDefense+1","floor":41},{"not_picked":["champ:RapidStrikes","champ:Haymaker+1","champ:Circumvent+1"],"picked":"SKIP","floor":44},{"not_picked":["champ:Circumvent+1","champ:Haymaker+1"],"picked":"champ:EnchantSword","floor":45},{"not_picked":["champ:BerserkersShout+1","champ:CrookedStrike","champ:TornadoPunch+1"],"picked":"SKIP","floor":46},{"not_picked":["champ:Endure","champ:AdrenalArmor"],"picked":"champ:FalseCounter+1","floor":48},{"not_picked":["champ:GladiatorStyle","champ:StanceDance","champ:Backstep+1"],"picked":"SKIP","floor":51},{"not_picked":["champ:FlashCut+1","champ:HoldFirm"],"picked":"champ:ShieldWall","floor":52},{"not_picked":["champ:FocusedDefense+1","champ:FlashCut+1","champ:BerserkersShout"],"picked":"SKIP","floor":56}],"player_experience":513410,"relics_obtained":[{"floor":5,"key":"HollowMod:StagPassRelic"},{"floor":7,"key":"Peace Pipe"},{"floor":9,"key":"bronze:DecasWashers"},{"floor":13,"key":"Blood Vial"},{"floor":17,"key":"Du-Vu Doll"},{"floor":17,"key":"Ornamental Fan"},{"floor":17,"key":"Centennial Puzzle"},{"floor":22,"key":"Pantograph"},{"floor":23,"key":"conspire:TopHat"},{"floor":25,"key":"bronze:BronzeIdol"},{"floor":26,"key":"conspire:BottledYoYo"},{"floor":39,"key":"StoneCalendar"},{"floor":41,"key":"War Paint"},{"floor":42,"key":"Bronze Scales"},{"floor":43,"key":"conspire:Dentures"},{"floor":45,"key":"Juzu Bracelet"},{"floor":48,"key":"champ:FightingForDummies"},{"floor":51,"key":"paleoftheancients:SoulOfTheWatcher"},{"floor":52,"key":"paleoftheancients:SoulOfTheShapes"},{"floor":56,"key":"paleoftheancients:SoulOfTheVixen"},{"floor":58,"key":"Happy Flower"}],"event_choices":[{"damage_healed":0,"gold_gain":0,"cards_transformed":["champ:Defend"],"player_choice":"Change","damage_taken":0,"max_hp_gain":0,"max_hp_loss":0,"event_name":"Living Wall","floor":2,"gold_loss":0,"cards_obtained":["champ:VampiricStrike"]},{"cards_removed":["champ:Strike"],"damage_healed":0,"gold_gain":0,"player_choice":"Card Removal","damage_taken":7,"max_hp_gain":0,"max_hp_loss":0,"event_name":"Golden Wing","floor":4,"gold_loss":0},{"damage_healed":0,"gold_gain":360,"player_choice":"GOLD GOLD GOLD GOLD ","damage_taken":36,"max_hp_gain":0,"max_hp_loss":0,"event_name":"Knowing Skull","floor":19,"potions_obtained":[],"gold_loss":0,"cards_obtained":[]},{"damage_healed":0,"gold_gain":0,"player_choice":"Ignored","damage_taken":0,"max_hp_gain":0,"max_hp_loss":0,"event_name":"Vampires","floor":21,"gold_loss":0},{"damage_healed":0,"gold_gain":0,"player_choice":"Bought 0 Potions","damage_taken":0,"max_hp_gain":0,"max_hp_loss":0,"event_name":"The Woman in Blue","floor":36,"gold_loss":0},{"damage_healed":0,"gold_gain":0,"player_choice":"Fight","damage_taken":0,"max_hp_gain":0,"max_hp_loss":0,"event_name":"Mysterious Sphere","floor":39,"gold_loss":0},{"damage_healed":0,"gold_gain":0,"player_choice":"Leave","damage_taken":0,"max_hp_gain":0,"max_hp_loss":0,"event_name":"conspire:Investor","floor":53,"gold_loss":0}],"is_beta":false,"boss_relics":[{"not_picked":["Fusion Hammer","Philosopher\u0027s Stone"],"picked":"Calling Bell"},{"not_picked":["Busted Crown","Snecko Eye"],"picked":"Coffee Dripper"}],"items_purged_floors":[0,28],"is_endless":false,"potions_floor_spawned":[3,7,8,12,18,23,25,30,33,35,40,41,51],"killed_by":"paleoftheancients:N","ascension_level":0}}