{"host":"lip44byzewa3adv8","time":1611196657,"event":{"mods":["BaseMod","Curses Come First","Minty Spire (QoL Compilation)","Relic Sorter","Relic Stats","StSLib","Synergy Search"],"gold_per_floor":[119,131,145,159,15,15,49,49,49,61,61,78,78,91,91,91,91],"floor_reached":16,"language":"ENG","playtime":784,"items_purged":[],"score":130,"play_id":"8945d225-7742-4c0a-8a63-d936d2ad3878","local_time":"20210120213737","is_ascension_mode":true,"campfire_choices":[{"data":"Leg Sweep","floor":6.0,"key":"SMITH"},{"data":"Dagger Spray","floor":8,"key":"SMITH"},{"data":"Neutralize","floor":15,"key":"SMITH"}],"circlet_count":0,"master_deck":["Strike_G","Strike_G","Strike_G","Strike_G","Defend_G","Defend_G","Defend_G","Defend_G","Defend_G","Survivor","Neutralize+1","Dagger Spray+1","Dagger Spray","Backflip","Leg Sweep+1","Backflip+1","Infinite Blades","Well Laid Plans","PiercingWail+1"],"relics":["Ring of the Snake","Art of War","Toxic Egg 2","Matryoshka","StrikeDummy"],"acts_visited":["Exordium"],"potions_floor_usage":[7,7,16],"damage_taken":[{"damage":0.0,"enemies":"Cultist","floor":1.0,"turns":4.0},{"damage":0.0,"enemies":"Jaw Worm","floor":2.0,"turns":6.0},{"damage":0.0,"enemies":"Small Slimes","floor":3.0,"turns":3.0},{"damage":0.0,"enemies":"2 Fungi Beasts","floor":4.0,"turns":2.0},{"damage":28,"enemies":"Gremlin Nob","floor":7,"turns":6},{"damage":1,"enemies":"Exordium Thugs","floor":10,"turns":3},{"damage":0,"enemies":"Lots of Slimes","floor":12,"turns":1},{"damage":8,"enemies":"Blue Slaver","floor":14,"turns":5},{"damage":16,"enemies":"Hexaghost","floor":16,"turns":14}],"seed_played":"8852271076951063532","potions_obtained":[{"floor":2.0,"key":"Dexterity Potion"},{"floor":3.0,"key":"Swift Potion"},{"floor":12,"key":"EssenceOfSteel"}],"is_trial":false,"path_per_floor":["M","M","M","M","$","R","E","R","T","M","?","M","?","M","R","B"],"character_chosen":"THE_SILENT","items_purchased":["Art of War"],"campfire_rested":0,"item_purchase_floors":[5],"current_hp_per_floor":[77,77,77,77,77,77,49,49,49,48,41,41,23,15,15,0,0],"gold":91,"neow_bonus":"TEN_PERCENT_HP_BONUS","is_daily":false,"chose_seed":false,"campfire_upgraded":3,"win_rate":0.0,"timestamp":1611196657,"path_taken":["M","M","M","M","$","R","E","R","T","?","?","M","?","?","R","BOSS"],"items_purchased_type":["Relic"],"build_version":"2020-12-22","purchased_purges":0,"victory":false,"max_hp_per_floor":[77,77,77,77,77,77,77,77,77,77,77,77,77,77,77,77,77],"relic_stats":{"counters":[9,44],"Art of War":[1],"obtain_stats":[{"Matryoshka":9,"Art of War":5,"Toxic Egg 2":7,"StrikeDummy":13,"Ring of the Snake":0},{"Matryoshka":5,"Art of War":4,"Toxic Egg 2":5,"StrikeDummy":7,"Ring of the Snake":0},{"Matryoshka":21,"Art of War":15,"Toxic Egg 2":21,"StrikeDummy":25,"Ring of the Snake":0}],"Ring of the Snake":[18]},"card_choices":[{"not_picked":["Expertise","Eviscerate"],"picked":"Dagger Spray","floor":1.0},{"not_picked":["Accuracy","Bane"],"picked":"Dagger Spray","floor":2.0},{"not_picked":["Deflect","Quick Slash"],"picked":"Backflip","floor":3.0},{"not_picked":["Eviscerate","Sucker Punch"],"picked":"Leg Sweep","floor":4.0},{"not_picked":["Deflect+1","Quick Slash"],"picked":"Backflip+1","floor":7},{"not_picked":["Predator","Flechettes"],"picked":"Infinite Blades","floor":10},{"not_picked":["Quick Slash","Poisoned Stab"],"picked":"Well Laid Plans","floor":12},{"not_picked":["Flechettes","Dodge and Roll+1"],"picked":"PiercingWail+1","floor":14}],"player_experience":734971,"relics_obtained":[{"floor":7,"key":"Toxic Egg 2"},{"floor":9,"key":"Matryoshka"}],"event_choices":[{"cards_removed":["Strike_G"],"damage_healed":0,"gold_gain":0,"player_choice":"Card Removal","damage_taken":7,"max_hp_gain":0,"max_hp_loss":0,"event_name":"Golden Wing","floor":11,"gold_loss":0},{"damage_healed":0,"gold_gain":0,"player_choice":"Success","damage_taken":18,"relics_obtained":["StrikeDummy"],"max_hp_gain":0,"max_hp_loss":0,"event_name":"Scrap Ooze","floor":13,"gold_loss":0}],"is_beta":false,"boss_relics":[],"items_purged_floors":[],"is_endless":false,"potions_floor_spawned":[2,3,12],"killed_by":"Hexaghost","ascension_level":5}}