{"host":"og6lam4kt3nibbw0","time":1611257624,"event":{"mods":["AchievementEnabler","BaseMod","Colored Map","DeckTracker","Highlight Path","Keyboard Shortcuts","Minty Spire (QoL Compilation)","Permanent Neow","Quick Restart","StSLib","SuperFastMode"],"gold_per_floor":[116,131,144,158,158,158,83,408,408,427,437,437,471,481,481,552,602,615,630,89,4,15,44,44,44,44,44,55,89,89,14,14,91,91,103,114,114,0,0,18,18,45,45,45,45],"floor_reached":44,"language":"KOR","playtime":2139,"items_purged":["Pain","Defend_P"],"score":1176,"play_id":"8e562a7d-b540-48e8-95e4-366be8295b11","local_time":"20210122043344","is_ascension_mode":true,"campfire_choices":[{"data":"Eruption","floor":6.0,"key":"SMITH"},{"data":"JustLucky","floor":12.0,"key":"SMITH"},{"data":"Devotion","floor":15.0,"key":"SMITH"},{"floor":25.0,"key":"REST"},{"floor":27.0,"key":"REST"},{"floor":32.0,"key":"REST"}],"circlet_count":0,"master_deck":["AscendersBane","Strike_P+1","Strike_P","Strike_P","Defend_P+1","Defend_P","Defend_P","Eruption+1","Vigilance","JustLucky+1","ThirdEye","Vengeance","WheelKick","Perseverance+1","Weave","Sanctity","Devotion+1","MentalFortress","Devotion","JustLucky","Pray+1","Worship+1","Nirvana","Perseverance","Consecrate","Adaptation+1","MentalFortress+1","Meditate"],"relics":["PureWater","MealTicket","WarpedTongs","Old Coin","Shuriken","Question Card","Tiny House","White Beast Statue","Toy Ornithopter","StrikeDummy","Centennial Puzzle","Frozen Egg 2","Anchor","Gremlin Horn","Busted Crown","Red Mask","Ancient Tea Set","War Paint"],"acts_visited":["Exordium","TheCity","TheBeyond"],"potions_floor_usage":[44],"damage_taken":[{"damage":0.0,"enemies":"2 Louse","floor":1.0,"turns":3.0},{"damage":0.0,"enemies":"Cultist","floor":2.0,"turns":2.0},{"damage":10.0,"enemies":"Jaw Worm","floor":3.0,"turns":5.0},{"damage":5.0,"enemies":"Blue Slaver","floor":4.0,"turns":5.0},{"damage":24.0,"enemies":"3 Sentries","floor":8.0,"turns":6.0},{"damage":0.0,"enemies":"Large Slime","floor":10.0,"turns":4.0},{"damage":6.0,"enemies":"Exordium Thugs","floor":11.0,"turns":3.0},{"damage":0.0,"enemies":"Gremlin Nob","floor":13.0,"turns":2.0},{"damage":16.0,"enemies":"Exordium Wildlife","floor":14.0,"turns":4.0},{"damage":0.0,"enemies":"Slime Boss","floor":16.0,"turns":6.0},{"damage":26.0,"enemies":"Spheric Guardian","floor":18.0,"turns":3.0},{"damage":20.0,"enemies":"Chosen","floor":19.0,"turns":4.0},{"damage":13.0,"enemies":"Snecko","floor":22.0,"turns":3.0},{"damage":48.0,"enemies":"Slavers","floor":23.0,"turns":6.0},{"damage":29.0,"enemies":"Shelled Parasite and Fungi","floor":28.0,"turns":4.0},{"damage":23.0,"enemies":"Book of Stabbing","floor":29.0,"turns":5.0},{"damage":10.0,"enemies":"Automaton","floor":33.0,"turns":8.0},{"damage":4.0,"enemies":"Orb Walker","floor":35.0,"turns":4.0},{"damage":13.0,"enemies":"3 Shapes","floor":36.0,"turns":5.0},{"damage":30.0,"enemies":"Sphere and 2 Shapes","floor":40.0,"turns":6.0},{"damage":31.0,"enemies":"Reptomancer","floor":42.0,"turns":6.0},{"damage":22,"enemies":"Spire Growth","floor":44,"turns":2}],"seed_played":"-6232101010456080704","potions_obtained":[{"floor":3.0,"key":"BottledMiracle"},{"floor":10.0,"key":"FairyPotion"},{"floor":11.0,"key":"Ambrosia"},{"floor":13.0,"key":"SpeedPotion"},{"floor":14.0,"key":"LiquidBronze"},{"floor":22.0,"key":"LiquidBronze"},{"floor":23.0,"key":"Ancient Potion"},{"floor":28.0,"key":"BlessingOfTheForge"},{"floor":29.0,"key":"DuplicationPotion"},{"floor":33.0,"key":"EssenceOfSteel"},{"floor":35.0,"key":"StancePotion"},{"floor":36.0,"key":"FearPotion"},{"floor":40.0,"key":"Fire Potion"},{"floor":42.0,"key":"DistilledChaos"}],"is_trial":false,"path_per_floor":["M","M","M","M","?","R","$","E","T","M","M","R","E","M","R","B",null,"M","M","$","?","M","E","?","R","T","R","M","E","T","$","R","B",null,"M","M","?","?","?","M","T","E","T","M"],"character_chosen":"WATCHER","items_purchased":["White Beast Statue","Toy Ornithopter","Adaptation+1"],"campfire_rested":3,"item_purchase_floors":[20,20,31],"current_hp_per_floor":[61,61,51,46,46,46,61,37,37,37,31,31,31,15,15,15,60,34,14,29,29,16,4,4,25,25,46,22,4,4,19,40,30,62,63,60,60,60,60,30,30,9,9,0,0],"gold":45,"neow_bonus":"RANDOM_COMMON_RELIC","is_daily":false,"chose_seed":false,"campfire_upgraded":3,"win_rate":0.0,"timestamp":1611257624,"path_taken":["M","M","M","M","?","R","$","E","T","M","M","R","E","M","R","BOSS","M","M","$","?","M","E","?","R","T","R","?","E","?","$","R","BOSS","M","M","?","?","?","?","?","E","T","M"],"items_purchased_type":["Relic","Relic","Card"],"build_version":"2020-12-22","purchased_purges":2,"victory":false,"max_hp_per_floor":[68,68,68,68,68,68,68,68,68,68,68,68,68,68,68,68,73,73,73,73,73,73,73,73,73,73,73,73,73,73,73,73,73,73,73,73,73,73,73,73,73,73,73,73,73],"card_choices":[{"not_picked":["Prostrate","ClearTheMind"],"picked":"JustLucky","floor":1.0},{"not_picked":["ClearTheMind","SandsOfTime"],"picked":"ThirdEye","floor":2.0},{"not_picked":["Crescendo","TalkToTheHand"],"picked":"Vengeance","floor":3.0},{"not_picked":["Alpha","CrushJoints"],"picked":"WheelKick","floor":4.0},{"not_picked":["SashWhip","Worship"],"picked":"Perseverance","floor":8.0},{"not_picked":["BowlingBash","Perseverance"],"picked":"Weave","floor":10.0},{"not_picked":["PathToVictory","BattleHymn"],"picked":"Sanctity","floor":11.0},{"not_picked":["WheelKick","Crescendo"],"picked":"Devotion","floor":13.0},{"not_picked":["BowlingBash","ThirdEye","Crescendo"],"picked":"MentalFortress","floor":14.0},{"not_picked":["LessonLearned","Blasphemy","Alpha"],"picked":"Devotion","floor":16.0},{"not_picked":["Evaluate","EmptyFist","ReachHeaven"],"picked":"JustLucky","floor":17.0},{"not_picked":["EmptyFist+1","ForeignInfluence","Conclude"],"picked":"Pray+1","floor":18.0},{"not_picked":["FlurryOfBlows","WindmillStrike","FlyingSleeves+1"],"picked":"Worship+1","floor":19.0},{"not_picked":["FollowUp","ThirdEye","Protect+1"],"picked":"Nirvana","floor":22.0},{"not_picked":["Worship","SpiritShield","SignatureMove","Collect"],"picked":"SKIP","floor":23.0},{"not_picked":["BowlingBash","Worship","Tantrum"],"picked":"Consecrate","floor":28.0},{"not_picked":["DeceiveReality","Halt","Fasting2+1","Consecrate"],"picked":"SKIP","floor":29.0},{"not_picked":["BowlingBash","SignatureMove+1"],"picked":"SKIP","floor":35.0},{"not_picked":["WreathOfFlame","Vengeance"],"picked":"SKIP","floor":36.0},{"not_picked":["FearNoEvil"],"picked":"MentalFortress+1","floor":40.0},{"not_picked":["Consecrate+1"],"picked":"Meditate","floor":42.0}],"player_experience":938401,"relics_obtained":[{"floor":8.0,"key":"Old Coin"},{"floor":9.0,"key":"Shuriken"},{"floor":13.0,"key":"Question Card"},{"floor":23.0,"key":"Centennial Puzzle"},{"floor":26.0,"key":"Frozen Egg 2"},{"floor":29.0,"key":"Anchor"},{"floor":30.0,"key":"Gremlin Horn"},{"floor":42.0,"key":"Ancient Tea Set"},{"floor":43.0,"key":"War Paint"}],"event_choices":[{"damage_healed":0.0,"max_hp_gain":0.0,"max_hp_loss":0.0,"gold_gain":0.0,"event_name":"Accursed Blacksmith","player_choice":"Rummage","floor":5.0,"gold_loss":0.0,"damage_taken":0.0,"relics_obtained":["WarpedTongs"],"cards_obtained":["Pain"]},{"damage_healed":0.0,"max_hp_gain":0.0,"max_hp_loss":0.0,"gold_gain":0.0,"event_name":"Addict","player_choice":"Obtained Relic","floor":21.0,"gold_loss":85.0,"damage_taken":0.0,"relics_obtained":["StrikeDummy"]},{"damage_healed":0.0,"max_hp_gain":0.0,"max_hp_loss":0.0,"gold_gain":0.0,"cards_transformed":["Strike_P"],"event_name":"Transmorgrifier","player_choice":"Transformed","floor":24.0,"gold_loss":0.0,"damage_taken":0.0,"cards_obtained":["Perseverance"]},{"damage_healed":0.0,"max_hp_gain":0.0,"max_hp_loss":0.0,"gold_gain":0.0,"event_name":"SensoryStone","player_choice":"Memory 1","floor":37.0,"gold_loss":0.0,"damage_taken":0.0},{"damage_healed":0.0,"max_hp_gain":0.0,"max_hp_loss":0.0,"gold_gain":0.0,"event_name":"Tomb of Lord Red Mask","player_choice":"Paid","floor":38.0,"gold_loss":114.0,"damage_taken":0.0,"relics_obtained":["Red Mask"]},{"damage_healed":0.0,"max_hp_gain":0.0,"max_hp_loss":0.0,"gold_gain":0.0,"event_name":"SecretPortal","player_choice":"Ignored","floor":39.0,"gold_loss":0.0,"damage_taken":0.0}],"is_beta":false,"boss_relics":[{"not_picked":["Velvet Choker","Philosopher\u0027s Stone"],"picked":"Tiny House"},{"not_picked":["Snecko Eye","HolyWater"],"picked":"Busted Crown"}],"items_purged_floors":[7,20],"is_endless":false,"potions_floor_spawned":[3,10,11,13,14,16,22,23,28,29,33,35,36,40,42],"killed_by":"Spire Growth","ascension_level":20}}