{"host":"mg3e76uznu9x14du","time":1611188369,"event":{"mods":["BaseMod","Colored Map","Downfall","Minty Spire (QoL Compilation)","Permanent Neow","Relic Stats","StSLib","Waifu the Spire","everything is the same but u backflip on backflip"],"gold_per_floor":[99,109,109,8,458,358,358,407,437,437,448,448,448,448,464,464,464,464],"floor_reached":16,"language":"ENG","playtime":480,"items_purged":[],"score":96,"play_id":"1411855e-9364-4548-98ba-fc3bd97d21c9","local_time":"20210120191929","is_ascension_mode":false,"campfire_choices":[{"floor":1,"key":"RECALL"},{"data":"bronze:MaxOutput","floor":6,"key":"SMITH"},{"data":"bronze:BurnOut","floor":10,"key":"SMITH"},{"data":"bronze:CloningBeam","floor":13,"key":"SMITH"}],"circlet_count":0,"master_deck":["bronze:Strike","bronze:Strike","bronze:Strike","bronze:Strike","bronze:Defend","bronze:Defend","bronze:Defend","bronze:Defend","bronze:Replicate","bronze:Goto","bronze:OilSpill","bronze:BurnOut+1","bronze:OilSpill+1","bronze:MaxOutput+1","downfall:Icky","downfall:Icky","downfall:Icky","bronze:DelayedGuard+1","bronze:CloningBeam+1","bronze:Turbo+1","bronze:BuggyMess+1"],"relics":["bronze:BronzeCore","downfall:HeartBlessingRed","Tiny Chest","bronze:ProtectiveGoggles","Toxic Egg 2"],"acts_visited":["Exordium"],"potions_floor_usage":[11],"damage_taken":[{"damage":1,"enemies":"Jaw Worm","floor":2,"turns":5},{"damage":0,"enemies":"downfall:FleeingMerchant","floor":4,"turns":4},{"damage":26,"enemies":"3 Sentries","floor":9,"turns":7},{"damage":5,"enemies":"Small Slimes","floor":11,"turns":2},{"damage":0,"enemies":"Cultist","floor":12,"turns":1},{"damage":0,"enemies":"Exordium Wildlife","floor":15,"turns":2},{"damage":36,"enemies":"DF_ARCHETYPE_STREAMLINE","floor":16,"turns":4}],"seed_played":"-8789470769128664923","potions_obtained":[{"floor":9,"key":"ColorlessPotion"},{"floor":11,"key":"SteroidPotion"}],"is_trial":false,"path_per_floor":["R","M","?","$","?","R","T","T","E","R","M","M","R","?","M","B"],"character_chosen":"THE_AUTOMATON","items_purchased":["bronze:OilSpill","bronze:MaxOutput"],"campfire_rested":0,"item_purchase_floors":[4,4],"current_hp_per_floor":[63,62,62,62,62,62,62,62,36,36,31,31,31,31,31,0,0,0],"gold":464,"neow_bonus":"TWENTY_PERCENT_HP_BONUS","is_daily":false,"chose_seed":false,"campfire_upgraded":3,"win_rate":0.0,"timestamp":1611188369,"path_taken":["R","M","?","$","?","R","T","?","E","R","M","?","R","?","M","BOSS"],"items_purchased_type":["Card","Card"],"build_version":"2020-12-22","purchased_purges":0,"victory":false,"max_hp_per_floor":[84,84,84,84,84,84,84,84,84,84,84,84,84,84,84,84,84,84],"relic_stats":{"counters":[7,25],"Tiny Chest":0,"obtain_stats":[{"bronze:BronzeCore":0,"downfall:BrokenWingStatue":3,"downfall:HeartBlessingRed":6,"bronze:ProtectiveGoggles":8,"Tiny Chest":7,"Toxic Egg 2":9},{"bronze:BronzeCore":0,"downfall:BrokenWingStatue":1,"downfall:HeartBlessingRed":2,"bronze:ProtectiveGoggles":2,"Tiny Chest":2,"Toxic Egg 2":3},{"bronze:BronzeCore":0,"downfall:BrokenWingStatue":5,"downfall:HeartBlessingRed":9,"bronze:ProtectiveGoggles":9,"Tiny Chest":9,"Toxic Egg 2":16}]},"card_choices":[{"not_picked":["bronze:Frontload","bronze:Return"],"picked":"bronze:OilSpill","floor":2},{"not_picked":["bronze:Constructor","bronze:GetLatest"],"picked":"bronze:BurnOut","floor":4},{"not_picked":["bronze:WhirlingStrike","bronze:ForceShield+1"],"picked":"bronze:DelayedGuard+1","floor":9},{"not_picked":["bronze:DelayedSlice","bronze:Boost+1"],"picked":"bronze:CloningBeam","floor":11},{"not_picked":["bronze:CutThrough","bronze:Iterate"],"picked":"bronze:Turbo+1","floor":12},{"not_picked":["bronze:Overheat","bronze:Branch"],"picked":"bronze:BuggyMess+1","floor":15}],"player_experience":464658,"relics_obtained":[{"floor":7,"key":"Tiny Chest"},{"floor":8,"key":"bronze:ProtectiveGoggles"},{"floor":9,"key":"Toxic Egg 2"}],"event_choices":[{"damage_healed":0,"gold_gain":0,"player_choice":"Grow","damage_taken":0,"max_hp_gain":0,"max_hp_loss":0,"event_name":"Living Wall","floor":14,"gold_loss":0,"cards_upgraded":["bronze:OilSpill"]}],"is_beta":false,"boss_relics":[],"items_purged_floors":[],"is_endless":false,"potions_floor_spawned":[9,11],"killed_by":"DF_ARCHETYPE_STREAMLINE","ascension_level":0}}