{"host":"6drv1qzpbnls60z2","time":1611236183,"event":{"mods":["ATMod(°¢èªMod)","Act Like it!","Arknights The Spire","BaseMod","Hallownest","Minty Spire (QoL Compilation)","Reimu£¨²©ÀöÁéÃÎ£©","Replay The Spire","Shop Mod","Spicy Shops","StSLib","Uncapped","Warlord Emblem","¡¾ÒÅÎï¿¨ÅÆ¡¿REMEMod","²ÐÁôÖ®Îï","óô»ðÖ¸ÄÏ"],"gold_per_floor":[114,9,84,95,115,115,115],"floor_reached":6,"language":"ZHS","playtime":508,"items_purged":[],"score":172,"play_id":"f1f07ae4-ab3c-4e5a-b696-56aaa6155804","local_time":"20210121213623","daily_mods":["SealedDeck"],"is_ascension_mode":true,"campfire_choices":[],"circlet_count":0,"master_deck":["AscendersBane","AT_ThistleTea","Midas Touch","WarlordEmblem:VoidDefend","WarlordEmblem:RuneExplode","WarlordEmblem:NoLightShield","WarlordEmblem:VoidStrike","FineLineFantasy:ReiMu","WarlordEmblem:BloodSacrifice","WarlordEmblem:BoneShield","WarlordEmblem:BodyStrike","WarlordEmblem:VoidDefend","OctopathBindingBorder2:ReiMu","SafetyPray:ReiMu","WarlordEmblem:RuneInspire","SubAcupoint:ReiMu","CareerPray:ReiMu","WarlordEmblem:RuneDiffer"],"relics":["WarlordEmblem:RuneSword","WarlordEmblem:BloodRealm","AT_ATBox","REME_ComplimentaryCards"],"acts_visited":["Exordium"],"potions_floor_usage":[6],"damage_taken":[{"damage":17,"enemies":"Small Slimes","floor":1,"turns":4},{"damage":9,"enemies":"2 Louse","floor":4,"turns":4},{"damage":12,"enemies":"Jaw Worm","floor":5,"turns":2},{"damage":42,"enemies":"Gremlin Nob","floor":6,"turns":3}],"seed_played":"6570991840400605135","potions_obtained":[{"floor":1,"key":"Adrenaline Potion"}],"is_trial":true,"path_per_floor":["M","$","?","M","M","E"],"character_chosen":"DeathKnight","items_purchased":["WarlordEmblem:RuneInspire","SubAcupoint:ReiMu"],"campfire_rested":0,"item_purchase_floors":[2,2],"current_hp_per_floor":[51,51,40,31,19,0,0],"gold":115,"neow_bonus":"","is_daily":false,"chose_seed":false,"campfire_upgraded":0,"win_rate":0.0,"timestamp":1611236183,"path_taken":["M","$","?","M","M","E"],"items_purchased_type":["Card","Card"],"build_version":"2020-12-22","purchased_purges":0,"victory":false,"max_hp_per_floor":[75,75,75,75,75,75,75],"card_choices":[{"not_picked":["WarlordEmblem:Execute","TightArray:ReiMu"],"picked":"SafetyPray:ReiMu","floor":1},{"not_picked":["Gathering:ReiMu","FineLineFantasy:ReiMu"],"picked":"CareerPray:ReiMu","floor":4},{"not_picked":["PrepareRite:ReiMu","CollectionFlower2:ReiMu"],"picked":"WarlordEmblem:RuneDiffer","floor":5}],"player_experience":99498,"relics_obtained":[],"event_choices":[{"damage_healed":0,"gold_gain":75,"player_choice":"Gather Gold","damage_taken":11,"max_hp_gain":0,"max_hp_loss":0,"event_name":"World of Goop","floor":3,"gold_loss":0}],"is_beta":false,"boss_relics":[],"items_purged_floors":[],"is_endless":true,"potions_floor_spawned":[1],"killed_by":"Gremlin Nob","ascension_level":20}}