{"host":"gzk4gkgy3zij1c51","time":1611217212,"event":{"mods":["BaseMod","Colored Map","Downfall","Highlight Path","Marked Mod","Minty Spire (QoL Compilation)","Relic Stats","StSLib","everything is the same but u backflip on backflip"],"gold_per_floor":[99,110,129,140,49,49,49,64,78,106,116,135,35,135,145,241,241,141,152,152,169,186,217,217,217,12,29,49,63,63,94,109,212,212,212,226,237,237,237,137,137,137,171,4,14,132,132,148,167,167,167,200,74,74,74,74],"floor_reached":57,"language":"ENG","playtime":10134,"items_purged":["Guardian:Strike_Guardian","Pain"],"score":1355,"play_id":"6bf049e3-5a00-44e6-9259-8931f022aa3d","local_time":"20210121082012","is_ascension_mode":false,"campfire_choices":[{"floor":1.0,"key":"RECALL"},{"data":"Guardian:CurlUp","floor":6.0,"key":"SMITH"},{"data":"Guardian:DecasProtection","floor":13,"key":"SMITH"},{"data":"Guardian:StasisField","floor":18,"key":"SMITH"},{"data":"Guardian:BaubleBeam","floor":25,"key":"SMITH"},{"floor":30,"key":"REST"},{"data":"expansioncontent:AwakenDeath","floor":35,"key":"SMITH"},{"data":"Guardian:TimeSifter","floor":40,"key":"SMITH"},{"data":"Guardian:PolyBeam","floor":42,"key":"SMITH"},{"data":"Guardian:SentryBeam","floor":54,"key":"SMITH"}],"circlet_count":0,"master_deck":["Guardian:Defend_Guardian","Guardian:Defend_Guardian","Guardian:Defend_Guardian","Guardian:Defend_Guardian","Guardian:CurlUp+1","Guardian:TwinSlam","Guardian:Preprogram","Guardian:ShieldCharger+1","Guardian:BodySlam","Guardian:FloatingOrbs","Guardian:DecasProtection+1","Guardian:PrismaticBarrier","Guardian:TimeSifter+1","Guardian:TimeCapacitor","Guardian:EvasiveProtocol","Guardian:PrimingBeam","Guardian:BaubleBeam+1","Guardian:SpikerProtocol","Guardian:StasisField+1","Guardian:PolyBeam+1","Guardian:Recover+1","expansioncontent:AwakenDeath+1","Guardian:RefractedBeam+1","Guardian:BronzeOrb","Guardian:WalkerClaw+1","Guardian:Incinerate","Guardian:FierceBash","Guardian:Repulse+1","Guardian:FuturePlans","Guardian:CrystalBeam+1","Parasite","Guardian:StasisEngine","Guardian:SentryBeam+1"],"relics":["Guardian:ModeShifter","Smiling Mask","Pantograph","Mango","downfall:HeartBlessingRed","sneckomod:SneckoTalon","downfall:HeartBlessingGreen","Guardian:StasisCodex","PreservedInsect","HornCleat","Coffee Dripper","downfall:HeartBlessingBlue","Eternal Feather","Ancient Tea Set","Membership Card","Torii","Centennial Puzzle"],"acts_visited":["Exordium","TheCity","TheBeyond","TheEnding"],"potions_floor_usage":[9,10,16,22,23,23,23,32,33,50,55,55],"damage_taken":[{"damage":1.0,"enemies":"Cultist","floor":2.0,"turns":5.0},{"damage":1.0,"enemies":"Jaw Worm","floor":3.0,"turns":5.0},{"damage":0.0,"enemies":"2 Louse","floor":4.0,"turns":2.0},{"damage":0.0,"enemies":"downfall:FleeingMerchant","floor":5.0,"turns":4.0},{"damage":7.0,"enemies":"2 Fungi Beasts","floor":8.0,"turns":5.0},{"damage":1,"enemies":"Blue Slaver","floor":9,"turns":6},{"damage":22,"enemies":"3 Sentries","floor":10,"turns":14},{"damage":14,"enemies":"Exordium Wildlife","floor":11,"turns":4},{"damage":6,"enemies":"Large Slime","floor":12,"turns":7},{"damage":17,"enemies":"downfall:Heads","floor":14,"turns":7},{"damage":17,"enemies":"Gremlin Gang","floor":15,"turns":6},{"damage":4,"enemies":"SI_SHIV_ARCHETYPE","floor":16,"turns":6},{"damage":10,"enemies":"Chosen","floor":19,"turns":3},{"damage":3,"enemies":"Spheric Guardian","floor":21,"turns":6},{"damage":0,"enemies":"Snecko","floor":22,"turns":5},{"damage":46,"enemies":"Gremlin Leader","floor":23,"turns":11},{"damage":0,"enemies":"downfall:FleeingMerchant","floor":26,"turns":4},{"damage":17,"enemies":"Centurion and Healer","floor":27,"turns":8},{"damage":35,"enemies":"3 Cultists","floor":28,"turns":7},{"damage":17,"enemies":"Snake Plant","floor":29,"turns":6},{"damage":27,"enemies":"Slavers","floor":31,"turns":6},{"damage":0,"enemies":"Chosen and Byrds","floor":32,"turns":4},{"damage":13,"enemies":"DF_ARCHETYPE_CLAW","floor":33,"turns":8},{"damage":13,"enemies":"3 Darklings","floor":36,"turns":6},{"damage":0,"enemies":"Orb Walker","floor":37,"turns":4},{"damage":51,"enemies":"Nemesis","floor":43,"turns":7},{"damage":0,"enemies":"downfall:FleeingMerchant","floor":44,"turns":4},{"damage":20,"enemies":"Spire Growth","floor":45,"turns":5},{"damage":0,"enemies":"downfall:FleeingMerchant","floor":46,"turns":3},{"damage":19,"enemies":"Writhing Mass","floor":48,"turns":3},{"damage":5,"enemies":"4 Shapes","floor":49,"turns":5},{"damage":48,"enemies":"WA_ARCHETYPE_DIVINITY","floor":50,"turns":15},{"damage":60,"enemies":"downfall:CharBossMerchant","floor":52,"turns":9},{"damage":3,"enemies":"downfall:NeowBoss","floor":55,"turns":18},{"damage":229,"enemies":"downfall:NeowBossFinal","floor":56,"turns":12}],"seed_played":"-951959779733453122","potions_obtained":[{"floor":2.0,"key":"Guardian:DefensiveModePotion"},{"floor":4.0,"key":"Fruit Juice"},{"floor":8,"key":"sneckomod:MuddlingPotion"},{"floor":11,"key":"ColorlessPotion"},{"floor":14,"key":"sneckomod:MuddlingPotion"},{"floor":19,"key":"Slimebound:ThreeZeroPotion"},{"floor":22,"key":"LiquidMemories"},{"floor":29,"key":"SneckoOil"},{"floor":32,"key":"FearPotion"},{"floor":36,"key":"Fire Potion"},{"floor":49,"key":"sneckomod:MuddlingPotion"},{"floor":52,"key":"hexamod:SoulburnPotion"}],"is_trial":false,"path_per_floor":["R","M","M","M","$","R","T","M","M","E","M","M","R","?","M","B",null,"R","M","?","M","M","E","T","R","$","M","M","M","R","E","M","B",null,"R","M","M","?","?","R","T","R","E","$","M","$","?","M","M","B",null,"E","$","R","B","B",null],"character_chosen":"GUARDIAN","items_purchased":["Guardian:DecasProtection","expansioncontent:AwakenDeath","Guardian:Gem_Red","Guardian:Gem_Crimson","Membership Card","Torii","Guardian:Gem_Blue","Guardian:SentryBeam","LiquidMemories"],"campfire_rested":1,"item_purchase_floors":[5,26,26,26,44,46,46,53,53],"current_hp_per_floor":[80,79,78,78,78,78,78,71,70,62,48,42,42,25,8,29,94,94,84,84,81,81,40,40,40,40,23,20,3,32,5,5,17,99,99,86,86,86,86,96,96,109,58,58,38,38,54,35,30,7,125,65,65,86,108,60],"gold":74,"neow_bonus":"RANDOM_COMMON_RELIC","is_daily":false,"chose_seed":false,"campfire_upgraded":8,"win_rate":0.0,"timestamp":1611217212,"path_taken":["R","M","M","?","?","R","T","M","M","E","M","M","R","?","M","BOSS","R","M","?","M","M","E","T","R","$","M","M","M","R","E","M","BOSS","R","M","M","?","?","R","T","R","E","$","M","$","?","M","M","BOSS","E","$","R","BOSS","BOSS"],"items_purchased_type":["Card","Card","Card","Card","Relic","Relic","Card","Card","Potion"],"build_version":"2020-12-22","purchased_purges":2,"victory":true,"max_hp_per_floor":[80,80,80,80,80,80,80,80,80,94,94,94,94,94,94,94,94,94,94,94,94,94,99,99,99,99,99,99,99,99,99,99,99,99,99,99,99,99,99,109,109,109,109,109,109,109,125,125,125,125,125,125,125,125,125,125],"relic_stats":{"Centennial Puzzle":[6],"Torii":7,"counters":[35,230],"Pantograph":117,"Eternal Feather":34,"PreservedInsect":254,"Smiling Mask":-12,"obtain_stats":[{"downfall:HeartBlessingRed":13,"Torii":46,"Guardian:ModeShifter":0,"Mango":10,"downfall:HeartBlessingGreen":18,"Guardian:StasisCodex":23,"Eternal Feather":41,"PreservedInsect":24,"Smiling Mask":0,"sneckomod:SneckoTalon":17,"Ancient Tea Set":43,"Centennial Puzzle":52,"HornCleat":31,"downfall:HeartBlessingBlue":40,"Pantograph":7,"Coffee Dripper":34,"Membership Card":44},{"downfall:HeartBlessingRed":9,"Torii":29,"Guardian:ModeShifter":0,"Mango":7,"downfall:HeartBlessingGreen":12,"Guardian:StasisCodex":16,"Eternal Feather":25,"PreservedInsect":16,"Smiling Mask":0,"sneckomod:SneckoTalon":12,"Ancient Tea Set":26,"Centennial Puzzle":33,"HornCleat":21,"downfall:HeartBlessingBlue":25,"Pantograph":4,"Coffee Dripper":23,"Membership Card":27},{"downfall:HeartBlessingRed":52,"Torii":168,"Guardian:ModeShifter":0,"Mango":41,"downfall:HeartBlessingGreen":71,"Guardian:StasisCodex":96,"Eternal Feather":149,"PreservedInsect":96,"Smiling Mask":0,"sneckomod:SneckoTalon":71,"Ancient Tea Set":156,"Centennial Puzzle":200,"HornCleat":127,"downfall:HeartBlessingBlue":149,"Pantograph":16,"Coffee Dripper":139,"Membership Card":160}]},"card_choices":[{"not_picked":["Guardian:Gem_Fragmented","Guardian:Gem_Red"],"picked":"Guardian:Preprogram","floor":2.0},{"not_picked":["Guardian:ShieldSpikes","Guardian:Gem_Lightblue"],"picked":"Guardian:ShieldCharger","floor":3.0},{"not_picked":["Guardian:Gem_Lightblue","Guardian:TemporalShield"],"picked":"Guardian:BodySlam","floor":4.0},{"not_picked":["Guardian:BronzeOrb","Guardian:Emergency"],"picked":"Guardian:FloatingOrbs","floor":5.0},{"not_picked":["Guardian:ShieldSpikes","Guardian:Gem_White"],"picked":"Guardian:PrismaticBarrier","floor":8},{"not_picked":["Guardian:Gem_Cyan","Guardian:Suspension"],"picked":"Guardian:Gem_Fragmented","floor":9},{"not_picked":["Guardian:RollAttack","Guardian:Recover"],"picked":"Guardian:TimeSifter","floor":10},{"not_picked":["Guardian:TemporalStrike","Guardian:DecasProtection"],"picked":"Guardian:TimeCapacitor","floor":11},{"not_picked":["Guardian:Harden","Guardian:ShieldCharger"],"picked":"Guardian:EvasiveProtocol","floor":12},{"not_picked":["Guardian:VentSteam","Guardian:RollAttack"],"picked":"Guardian:PrimingBeam","floor":14},{"not_picked":["Guardian:TemporalStrike","Guardian:Harden"],"picked":"Guardian:SpikerProtocol","floor":15},{"not_picked":["Guardian:Gem_Synthetic","Guardian:FastForward"],"picked":"Guardian:StasisField","floor":16},{"not_picked":["Guardian:RollAttack","Guardian:VentSteam"],"picked":"Guardian:Gem_Blue","floor":19},{"not_picked":["Guardian:ShieldSpikes+1","Guardian:PrimingBeam"],"picked":"Guardian:Recover+1","floor":21},{"not_picked":["Guardian:RollAttack+1","Guardian:GuardianWhirl"],"picked":"Guardian:Gem_Green","floor":22},{"not_picked":["Guardian:DonusPower","Guardian:Gem_Green"],"picked":"Guardian:Gem_Cyan","floor":23},{"not_picked":["Guardian:VentSteam","Guardian:GemFire"],"picked":"Guardian:Gem_Red","floor":26},{"not_picked":["Guardian:TemporalStrike","Guardian:TimeCapacitor"],"picked":"Guardian:RefractedBeam+1","floor":27},{"not_picked":["Guardian:SpikerProtocol","Guardian:BronzeArmor"],"picked":"Guardian:BronzeOrb","floor":28},{"not_picked":["Guardian:CrystalBeam","Guardian:TemporalShield"],"picked":"Guardian:WalkerClaw+1","floor":29},{"not_picked":["Guardian:Recover","Guardian:RefractedBeam"],"picked":"Guardian:Incinerate","floor":31},{"not_picked":["Guardian:TemporalStrike","Guardian:Recover+1","Guardian:TemporalShield"],"picked":"SKIP","floor":32},{"not_picked":["Guardian:StasisStrike","Guardian:TimeSifter"],"picked":"Guardian:FierceBash","floor":33},{"not_picked":["Guardian:PrimingBeam","Guardian:Suspension","Guardian:ChargeCore+1"],"picked":"SKIP","floor":36},{"not_picked":["Guardian:TemporalShield+1","Guardian:TemporalStrike"],"picked":"Guardian:Repulse+1","floor":37},{"not_picked":["Guardian:BodySlam+1","Guardian:FierceBash"],"picked":"Guardian:FuturePlans","floor":43},{"not_picked":["Guardian:TemporalStrike","Guardian:RefractedBeam"],"picked":"Guardian:CrystalBeam+1","floor":44},{"not_picked":["Guardian:TemporalStrike+1","Guardian:Repulse"],"picked":"Guardian:Gem_Blue","floor":45},{"not_picked":["Guardian:Gem_Crimson","Guardian:PrimingBeam+1"],"picked":"Guardian:Gem_White","floor":46},{"not_picked":["Guardian:Reroute","Guardian:ChargeCore","Guardian:PrismaticBeam+1"],"picked":"SKIP","floor":48},{"not_picked":["Guardian:BodySlam","Guardian:PrismaticBarrier"],"picked":"Guardian:Gem_Fragmented","floor":49},{"not_picked":["Guardian:TemporalShield+1","Guardian:HyperBeam_Guardian"],"picked":"Guardian:StasisEngine","floor":52}],"player_experience":1039057,"relics_obtained":[{"floor":7.0,"key":"Pantograph"},{"floor":10,"key":"Mango"},{"floor":23,"key":"Guardian:StasisCodex"},{"floor":24,"key":"PreservedInsect"},{"floor":31,"key":"HornCleat"},{"floor":41,"key":"Eternal Feather"},{"floor":43,"key":"Ancient Tea Set"},{"floor":52,"key":"Centennial Puzzle"}],"event_choices":[{"damage_healed":0,"gold_gain":0,"player_choice":"Read","damage_taken":0,"max_hp_gain":0,"max_hp_loss":0,"event_name":"The Library","floor":20,"gold_loss":0,"cards_obtained":["Guardian:PolyBeam"]}],"is_beta":false,"boss_relics":[{"not_picked":["Guardian:StasisSlotReductionRelic","Snecko Eye"],"picked":"sneckomod:SneckoTalon"},{"not_picked":["Fusion Hammer","Cursed Key"],"picked":"Coffee Dripper"}],"items_purged_floors":[46,53],"is_endless":false,"potions_floor_spawned":[2,4,8,11,14,19,22,29,32,36,49,52],"ascension_level":0}}