{"host":"gk9qdtkqd8dwfeg2","time":1611216114,"event":{"mods":["Act Like it!","Aspiration","BaseMod","Colored Powertips","KomeijiMod","Minty Spire (QoL Compilation)","Quick Restart","Replay The Spire","Shop Mod","StSLib","TestMod","The Gatherer","The Servant 0.9.4","Waifu the Spire","WarShipGirlsR/战舰少女R mod","Yuri Mod","【遗物卡牌】REMEMod"],"gold_per_floor":[109,34,184,42,42,67,67,102,128,128,146,158,171,190,190,264,264,278,288,338,357,88,117,131,151,151,26,42,42,42],"floor_reached":29,"language":"ZHS","playtime":898,"items_purged":["Strike_G","yuri:RhapsodyCurse","Strike_G"],"score":614,"play_id":"482e629b-8287-40cd-9baf-e76e39d08fb4","local_time":"20210121160154","is_ascension_mode":true,"campfire_choices":[{"data":"REME_FearOfPain","floor":7.0,"key":"SMITH"},{"data":"Neutralize","floor":10.0,"key":"SMITH"},{"data":"Blade Dance","floor":15.0,"key":"SMITH"}],"circlet_count":0,"master_deck":["AscendersBane","Strike_G","Strike_G","Strike_G","Defend_G","Defend_G","Defend_G","Defend_G","Defend_G","Survivor","Neutralize+1","REME_FearOfPain+1","Hidden Blade","ReplayTheSpireMod:Scrap Shanks","Blade Dance+1","Prepared+1","Tactician+1","Hidden Blade+1","ReplayTheSpireMod:Scrap Shanks","Night Terror+1","Reflex+1","Cloak And Dagger+1","ReplayTheSpireMod:Shiv Toss+1","Purity+1","Prepared+1","Terror+1"],"relics":["Ring of the Snake","testmod-TestBox","REME_ComplimentaryCards","testmod-IncinerationGenerator","NeowsBlessing","Toxic Egg 2","aspiration:Lifesprig","REME_DuelDisc","ReplayTheSpireMod:CursedCoin","MerchantsRug","Replay:Rubber Ducky","testmod-ArcanaOfDestiny"],"acts_visited":["Exordium","TheCity"],"potions_floor_usage":[],"damage_taken":[{"damage":0.0,"enemies":"2 Louse","floor":1.0,"turns":1.0},{"damage":0.0,"enemies":"3 Sentries","floor":6.0,"turns":1.0},{"damage":0.0,"enemies":"Lagavulin","floor":8.0,"turns":1.0},{"damage":4.0,"enemies":"Jaw Worm","floor":11.0,"turns":2.0},{"damage":0.0,"enemies":"Cultist","floor":12.0,"turns":3.0},{"damage":11.0,"enemies":"Exordium Wildlife","floor":13.0,"turns":3.0},{"damage":9.0,"enemies":"Exordium Thugs","floor":14.0,"turns":3.0},{"damage":12.0,"enemies":"Hexaghost","floor":16.0,"turns":6.0},{"damage":0.0,"enemies":"2 Thieves","floor":18.0,"turns":2.0},{"damage":31.0,"enemies":"Chosen","floor":19.0,"turns":4.0},{"damage":0.0,"enemies":"Sentry and Sphere","floor":21.0,"turns":3.0},{"damage":9.0,"enemies":"Gremlin Leader","floor":23.0,"turns":3.0},{"damage":0.0,"enemies":"Snecko","floor":24.0,"turns":3.0},{"damage":0.0,"enemies":"Chosen and Byrds","floor":25.0,"turns":3.0},{"damage":4.0,"enemies":"Centurion and Healer","floor":28.0,"turns":2.0},{"damage":5,"enemies":"Snake Plant","floor":29,"turns":2}],"seed_played":"7245445588449220610","potions_obtained":[{"floor":1.0,"key":"Weak Potion"},{"floor":11.0,"key":"CalmPotion"},{"floor":14.0,"key":"Reflective Coating"},{"floor":16.0,"key":"CultistPotion"},{"floor":28.0,"key":"SpeedPotion"}],"is_trial":false,"path_per_floor":["M","$","?","$","?","E","R","E","T","R","M","M","M","M","R","B",null,"M","M","?","M","$","E","M","M","T","$","M","M"],"character_chosen":"THE_SILENT","items_purchased":["ReplayTheSpireMod:Scrap Shanks","Blade Dance","ReplayTheSpireMod:CursedCoin","MerchantsRug","Purity+1","Prepared+1"],"campfire_rested":0,"item_purchase_floors":[4,4,22,22,22,22],"current_hp_per_floor":[59,59,59,59,59,59,59,59,59,59,55,55,44,35,35,23,55,55,24,18,18,18,9,9,9,9,9,5,0,0],"gold":42,"neow_bonus":"THREE_ENEMY_KILL","is_daily":false,"chose_seed":false,"campfire_upgraded":3,"win_rate":0.0,"timestamp":1611216114,"path_taken":["M","$","?","$","?","E","R","E","T","R","?","M","M","M","R","BOSS","M","M","?","M","$","E","M","M","T","?","M","M"],"items_purchased_type":["Card","Card","Relic","Relic","Card","Card"],"build_version":"2020-12-22","purchased_purges":3,"victory":false,"max_hp_per_floor":[66,66,66,66,66,66,66,66,66,66,66,66,66,66,66,66,66,66,66,66,66,66,66,66,66,66,66,66,66,66],"card_choices":[{"not_picked":["Flechettes","Flying Knee"],"picked":"Hidden Blade","floor":1.0},{"not_picked":["Dagger Spray","Catalyst+1","Dagger Throw"],"picked":"SKIP","floor":6.0},{"not_picked":["Infinite Blades","Deflect+1"],"picked":"Prepared+1","floor":8.0},{"not_picked":["Crippling Poison+1","Sucker Punch"],"picked":"Tactician+1","floor":11.0},{"not_picked":["Deadly Poison+1","Deflect+1","Poisoned Stab"],"picked":"SKIP","floor":12.0},{"not_picked":["All Out Attack","Infinite Blades"],"picked":"Hidden Blade+1","floor":13.0},{"not_picked":["Quick Slash","Dagger Spray"],"picked":"ReplayTheSpireMod:Scrap Shanks","floor":14.0},{"not_picked":["Malaise+1","Venomology+1"],"picked":"Night Terror+1","floor":16.0},{"not_picked":["Sucker Punch","Bouncing Flask+1"],"picked":"Reflex+1","floor":18.0},{"not_picked":["PiercingWail+1","Tactician+1"],"picked":"Cloak And Dagger+1","floor":19.0},{"not_picked":["Sucker Punch","Hidden Blade+1"],"picked":"ReplayTheSpireMod:Shiv Toss+1","floor":21.0},{"not_picked":["Die Die Die","Bouncing Flask+1","Backstab+1"],"picked":"SKIP","floor":23.0},{"not_picked":["Flying Knee","Noxious Fumes","Poisoned Stab+1"],"picked":"SKIP","floor":24.0},{"not_picked":["Dagger Spray","Crippling Poison+1"],"picked":"Terror+1","floor":25.0},{"not_picked":["Poisoned Stab","Terror+1","Riddle With Holes"],"picked":"SKIP","floor":28.0}],"player_experience":673736,"relics_obtained":[{"floor":6.0,"key":"Toxic Egg 2"},{"floor":8.0,"key":"aspiration:Lifesprig"},{"floor":23.0,"key":"Replay:Rubber Ducky"},{"floor":26.0,"key":"testmod-ArcanaOfDestiny"}],"event_choices":[{"damage_healed":0.0,"max_hp_gain":0.0,"max_hp_loss":0.0,"gold_gain":150.0,"event_name":"Liars Game","player_choice":"AGREE","floor":3.0,"gold_loss":0.0,"damage_taken":0.0,"cards_obtained":["Doubt"]},{"cards_removed":["Doubt"],"damage_healed":0.0,"max_hp_gain":0.0,"max_hp_loss":0.0,"gold_gain":0.0,"event_name":"Purifier","player_choice":"Purged","floor":5.0,"gold_loss":0.0,"damage_taken":0.0},{"damage_healed":0.0,"max_hp_gain":0.0,"max_hp_loss":0.0,"gold_gain":50.0,"event_name":"FaceTrader","player_choice":"Touch","floor":20.0,"gold_loss":0.0,"damage_taken":6.0}],"is_beta":false,"boss_relics":[{"not_picked":["Snecko Heart","Coffee Dripper"],"picked":"REME_DuelDisc"}],"items_purged_floors":[2,22,27],"is_endless":false,"potions_floor_spawned":[1,11,14,16,18,28],"killed_by":"Snake Plant","ascension_level":20}}