{"host":"appz8zkad29u9482","time":1611207436,"event":{"mods":["2.2 Compatiblity","Act Like it!","Aspiration","BaseMod","Beaked The Cultist","Better Altar","Better Match","Better Note","Better Sensory Stone","Better Skull","Better Third Choice","BetterRewards","CapriCore","Chen","Conspire","Disable Question Mark Monsters","Energized Spire","Gensokyo","GifTheSpireLib","Gold Saver","Halation","Hermit","Hubris","Infinite Spire","Jedi Mod","Marisa????????","Minty Spire (QoL Compilation)","Permanent Neow","Reimu??????","Replay The Spire","Spicy Shops","StSLib","Strawberry Spire","Stuff the Spire","The Administrix","The Bug Knight","The Construct","The Cursed","The Hierophant","The Immortal","The Servant 0.9.4","yUi"],"gold_per_floor":[784,502,520,81,81,81,115,125,151,151,171,171,186,202,202,297,297,310,310,310,310,327,327,327,327,405,405,418,418,237,248,248,248,248],"floor_reached":33,"language":"ENG","playtime":1989,"items_purged":[],"score":297,"play_id":"9c843b87-e80d-4ef8-a73e-f17aa6845545","local_time":"20210120193716","is_ascension_mode":false,"campfire_choices":[{"data":"TheCursedMod:Hemoplague","floor":6,"key":"SMITH"},{"floor":12,"key":"REST"},{"floor":15,"key":"REST"},{"data":"TheCursedMod:Hemoplague","floor":23,"key":"SMITH"},{"floor":25,"key":"REST"},{"floor":29,"key":"REST"},{"data":"TheCursedMod:ManaCirculation","floor":32,"key":"SMITH"}],"circlet_count":0,"master_deck":["TheCursedMod:Strike_TheCursed","TheCursedMod:Strike_TheCursed+1","TheCursedMod:Strike_TheCursed","TheCursedMod:Defend_TheCursed+1","TheCursedMod:Defend_TheCursed","TheCursedMod:Defend_TheCursed","TheCursedMod:Defend_TheCursed","TheCursedMod:CursedWand+1","TheCursedMod:CleanUpWorkshop","TheCursedMod:Dregs","TheCursedMod:AshesToAshes","TheCursedMod:LuckyCharm","TheCursedMod:Hemoplague+1","TheCursedMod:FleshFromBone","TheCursedMod:FleshFromBone+1","TheCursedMod:LuckyCharm","TheCursedMod:CursedMace+1","TheCursedMod:SpitefulPlan","TheCursedMod:HellsGateOpen+1","TheCursedMod:RapidMovement","TheCursedMod:ManaBullet","TheCursedMod:TacticalStrike","TheCursedMod:DemonicPact","TheCursedMod:SpitefulPlan","TheCursedMod:Hemoplague+1","StuffTheSpire:PestControl","TheCursedMod:SaltUponWound","TheCursedMod:CursedBlade","Languid","TheCursedMod:ManaCirculation+1"],"relics":["TheCursedMod:BlackMagic101","hubris:MobiusCoin","hubris:EmptyBottle","Lee\u0027s Waffle","Pet Ghost","Gremlin Food","strawberrySpire:CharschorBlot","energizedSpire:CursedPentagram","FaceOfCleric","Question Card","Nunchaku"],"acts_visited":["Exordium","TheCity"],"potions_floor_usage":[11,13,14,16,16,18,24],"damage_taken":[{"damage":0,"enemies":"Small Slimes","floor":1,"turns":4},{"damage":7,"enemies":"Cultist","floor":3,"turns":5},{"damage":28,"enemies":"3 Sentries","floor":7,"turns":11},{"damage":11,"enemies":"Jaw Worm","floor":8,"turns":4},{"damage":1,"enemies":"Looter","floor":11,"turns":4},{"damage":0,"enemies":"2 Fungi Beasts","floor":13,"turns":6},{"damage":3,"enemies":"Large Slime","floor":14,"turns":8},{"damage":3,"enemies":"Fading Forest","floor":16,"turns":11},{"damage":3,"enemies":"conspire:FuzzyDice","floor":18,"turns":7},{"damage":20,"enemies":"Sentry and Sphere","floor":22,"turns":9},{"damage":0,"enemies":"conspire:HollyBat","floor":24,"turns":1},{"damage":25,"enemies":"Shelled Parasite and Fungi","floor":28,"turns":6},{"damage":15,"enemies":"Sentry and Sphere","floor":31,"turns":7},{"damage":73,"enemies":"Automaton","floor":33,"turns":6}],"seed_played":"-5882310098214386071","potions_obtained":[{"floor":1,"key":"jedi:wingpotion"},{"floor":3,"key":"Strength Potion"},{"floor":8,"key":"SkillPotion"},{"floor":11,"key":"Block Potion"},{"floor":14,"key":"SmokeBomb"},{"floor":16,"key":"jedi:wingpotion"}],"is_trial":false,"path_per_floor":["M","$","M","$","?","R","E","M","T","T","M","R","M","M","R","B",null,"M","?","?","?","M","R","M","R","T","?","M","R","$","M","R","B"],"character_chosen":"THE_CURSED","items_purchased":["TheCursedMod:LuckyCharm","hubris:MobiusCoin","TheCursedMod:FleshFromBone","hubris:EmptyBottle","TheCursedMod:LuckyCharm","Lee\u0027s Waffle","Nunchaku","TheCursedMod:CursedBlade"],"campfire_rested":4,"item_purchase_floors":[2,2,4,4,4,4,30,30],"current_hp_per_floor":[75,75,68,82,82,82,54,43,43,43,42,66,66,63,82,82,82,79,79,79,79,60,60,61,84,84,64,40,65,65,51,51,0,0],"gold":248,"neow_bonus":"RANDOM_EVENT","is_daily":false,"chose_seed":false,"campfire_upgraded":3,"win_rate":0.0,"timestamp":1611207436,"path_taken":["M","$","M","$","?","R","E","?","T","?","M","R","M","M","R","BOSS","M","?","?","?","M","R","?","R","T","?","M","R","$","M","R","BOSS"],"items_purchased_type":["Card","Relic","Card","Relic","Card","Relic","Relic","Card"],"build_version":"2020-12-22","purchased_purges":0,"victory":false,"max_hp_per_floor":[75,75,75,82,82,82,82,82,82,82,82,82,82,82,82,82,82,82,82,82,82,83,83,84,84,84,84,85,85,85,86,86,86,86],"card_choices":[{"not_picked":["TheCursedMod:Torture","TheCursedMod:CircleOfCorruption"],"picked":"TheCursedMod:AshesToAshes","floor":1},{"not_picked":["TheCursedMod:CircleOfCorruption","TheCursedMod:RapidMovement"],"picked":"TheCursedMod:Hemoplague","floor":3},{"not_picked":["TheCursedMod:ReleasedStrength","TheCursedMod:Stigma"],"picked":"TheCursedMod:CursedMace","floor":7},{"not_picked":["TheCursedMod:Obscuration","TheCursedMod:CursedShiv"],"picked":"TheCursedMod:SpitefulPlan","floor":8},{"not_picked":["TheCursedMod:SurpriseAttack","TheCursedMod:RavingStaff"],"picked":"TheCursedMod:RapidMovement","floor":11},{"not_picked":["TheCursedMod:Stretching","TheCursedMod:CircleOfAmplification"],"picked":"TheCursedMod:ManaBullet","floor":13},{"not_picked":["TheCursedMod:Obscuration","TheCursedMod:CircleOfFlame"],"picked":"TheCursedMod:TacticalStrike","floor":14},{"not_picked":["TheCursedMod:NeowsMight","TheCursedMod:OutForBlood"],"picked":"TheCursedMod:DemonicPact","floor":16},{"not_picked":["TheCursedMod:HellsGateOpen+1","TheCursedMod:CursedStaff"],"picked":"TheCursedMod:SpitefulPlan","floor":18},{"not_picked":["TheCursedMod:CursedMace","TheCursedMod:Stigma"],"picked":"TheCursedMod:Hemoplague","floor":22},{"not_picked":["TheCursedMod:CursedMace+1","TheCursedMod:RavingStaff","TheCursedMod:AbyssShockwave"],"picked":"TheCursedMod:SaltUponWound","floor":28},{"not_picked":["TheCursedMod:Wield","TheCursedMod:SmokeScreen","TheCursedMod:CursedBlade"],"picked":"TheCursedMod:ManaCirculation","floor":31}],"player_experience":577138,"relics_obtained":[{"floor":7,"key":"Pet Ghost"},{"floor":9,"key":"Gremlin Food"},{"floor":10,"key":"strawberrySpire:CharschorBlot"},{"floor":26,"key":"Question Card"}],"event_choices":[{"damage_healed":0,"gold_gain":0,"player_choice":"Grow","damage_taken":0,"max_hp_gain":0,"max_hp_loss":0,"event_name":"Living Wall","floor":0,"gold_loss":0,"cards_upgraded":["TheCursedMod:CursedWand"]},{"damage_healed":0,"gold_gain":0,"player_choice":"Ignored","damage_taken":0,"max_hp_gain":0,"max_hp_loss":0,"event_name":"Fountain of Cleansing","floor":5,"gold_loss":0},{"cards_removed":["TheCursedMod:Hemoplague"],"damage_healed":0,"gold_gain":0,"player_choice":"Give","damage_taken":0,"max_hp_gain":0,"max_hp_loss":0,"event_name":"betterNote:BetterNote","floor":19,"gold_loss":0,"cards_obtained":["None"]},{"damage_healed":0,"gold_gain":0,"player_choice":"Trade","damage_taken":0,"relics_obtained":["FaceOfCleric"],"max_hp_gain":0,"max_hp_loss":0,"event_name":"FaceTrader","floor":21,"gold_loss":0}],"is_beta":false,"boss_relics":[{"not_picked":["energizedSpire:DeadBattery","strawberrySpire:SolarisEssence"],"picked":"energizedSpire:CursedPentagram"}],"items_purged_floors":[],"is_endless":false,"potions_floor_spawned":[1,3,8,11,14,16,24],"killed_by":"Automaton","ascension_level":0}}