{"host":"few9iyaxiywls251","time":1611270874,"event":{"mods":["BaseMod","Bestiary","Curses Come First","Highlight Path","Minty Spire (QoL Compilation)","Shop Mod","StSLib","The Marked"],"gold_per_floor":[118,135,152,152,168,203,203,215,215,232,242,242,273,285,285,382,382,397,407,317,331,351,351,378,390,469,469,469],"floor_reached":27,"language":"ENG","playtime":1507,"items_purged":[],"score":353,"play_id":"2ac45552-77d7-4598-95e4-55671a37ca51","local_time":"20210121171434","is_ascension_mode":false,"campfire_choices":[{"data":"Eruption","floor":7,"key":"SMITH"},{"floor":15,"key":"REST"}],"circlet_count":0,"master_deck":["Defend_P","Defend_P","Eruption+1","Vigilance","WheelKick","BattleHymn","FlurryOfBlows","Adaptation","Evaluate","Tantrum","FollowUp","SandsOfTime","Protect","CutThroughFate","Judgement","Evaluate+1","WindmillStrike+1","Bite","Bite","Bite","Bite","Bite","EmptyFist+1","Clumsy"],"relics":["PureWater","Potion Belt","Matryoshka","Question Card","Cursed Key","Bottled Flame","Ancient Tea Set","Molten Egg 2"],"acts_visited":["Exordium","TheCity"],"potions_floor_usage":[13,21,22,25],"damage_taken":[{"damage":0,"enemies":"Cultist","floor":1,"turns":2},{"damage":1,"enemies":"Jaw Worm","floor":2,"turns":2},{"damage":0,"enemies":"2 Louse","floor":3,"turns":3},{"damage":25,"enemies":"Exordium Wildlife","floor":5,"turns":4},{"damage":27,"enemies":"3 Sentries","floor":6,"turns":4},{"damage":0,"enemies":"Looter","floor":8,"turns":1},{"damage":7,"enemies":"Blue Slaver","floor":10,"turns":2},{"damage":3,"enemies":"Large Slime","floor":11,"turns":3},{"damage":0,"enemies":"Exordium Wildlife","floor":12,"turns":2},{"damage":0,"enemies":"Lagavulin","floor":13,"turns":2},{"damage":7,"enemies":"Blue Slaver","floor":14,"turns":3},{"damage":0,"enemies":"Slime Boss","floor":16,"turns":4},{"damage":0,"enemies":"Spheric Guardian","floor":18,"turns":3},{"damage":22,"enemies":"Shell Parasite","floor":19,"turns":5},{"damage":0,"enemies":"Centurion and Healer","floor":21,"turns":3},{"damage":0,"enemies":"Snecko","floor":22,"turns":2},{"damage":16,"enemies":"Gremlin Leader","floor":24,"turns":4},{"damage":31,"enemies":"Shelled Parasite and Fungi","floor":25,"turns":5},{"damage":22,"enemies":"Slavers","floor":27,"turns":1}],"seed_played":"5182647165679415364","potions_obtained":[{"floor":1,"key":"Ancient Potion"},{"floor":8,"key":"SteroidPotion"},{"floor":11,"key":"SkillPotion"},{"floor":13,"key":"DuplicationPotion"},{"floor":14,"key":"DistilledChaos"},{"floor":21,"key":"LiquidBronze"},{"floor":24,"key":"StancePotion"}],"is_trial":false,"path_per_floor":["M","M","M","?","M","E","R","M","T","M","M","M","E","M","R","B",null,"M","M","?","M","M","?","E","M","T","E"],"character_chosen":"WATCHER","items_purchased":[],"campfire_rested":1,"item_purchase_floors":[],"current_hp_per_floor":[72,71,71,71,46,19,19,19,19,12,9,9,9,2,23,23,72,72,50,50,50,50,50,38,15,15,0,0],"gold":469,"neow_bonus":"THREE_CARDS","is_daily":false,"chose_seed":false,"campfire_upgraded":1,"win_rate":0.0,"timestamp":1611270874,"path_taken":["M","M","M","?","M","E","R","M","T","?","M","M","E","M","R","BOSS","M","M","?","?","M","?","E","M","T","E"],"items_purchased_type":[],"build_version":"2020-12-22","purchased_purges":0,"victory":false,"max_hp_per_floor":[72,72,72,72,72,72,72,72,72,72,72,72,72,72,72,72,72,72,72,72,72,72,50,50,50,50,50,50],"card_choices":[{"not_picked":["Protect","JustLucky"],"picked":"WheelKick","floor":0},{"not_picked":["FlyingSleeves","EmptyFist"],"picked":"BattleHymn","floor":1},{"not_picked":["JustLucky","FlyingSleeves"],"picked":"FlurryOfBlows","floor":2},{"not_picked":["WreathOfFlame","Indignation","DeusExMachina"],"picked":"SKIP","floor":3},{"not_picked":["FlurryOfBlows","Prostrate"],"picked":"Evaluate","floor":5},{"not_picked":["BowlingBash","Crescendo"],"picked":"Tantrum","floor":6},{"not_picked":["Perseverance","Halt","EmptyMind"],"picked":"SKIP","floor":8},{"not_picked":["FlurryOfBlows","Tantrum","FlyingSleeves"],"picked":"SKIP","floor":10},{"not_picked":["BowlingBash","FlurryOfBlows"],"picked":"FollowUp","floor":11},{"not_picked":["FollowUp","Weave"],"picked":"SandsOfTime","floor":12},{"not_picked":["WreathOfFlame","BowlingBash"],"picked":"Protect","floor":13},{"not_picked":["Crescendo","Judgement","LikeWater"],"picked":"CutThroughFate","floor":14},{"not_picked":["Alpha","Omniscience","Brilliance"],"picked":"Judgement","floor":16},{"not_picked":["CrushJoints","Crescendo","EmptyBody"],"picked":"Evaluate+1","floor":18},{"not_picked":["Evaluate","Halt","FlurryOfBlows","Collect"],"picked":"SKIP","floor":19},{"not_picked":["FollowUp","WheelKick","CrushJoints"],"picked":"WindmillStrike+1","floor":21},{"not_picked":["SandsOfTime+1","WaveOfTheHand+1","Crescendo","MentalFortress+1"],"picked":"SKIP","floor":22},{"not_picked":["CrushJoints","FlurryOfBlows","ClearTheMind","EmptyBody+1"],"picked":"SKIP","floor":24},{"not_picked":["WaveOfTheHand+1","Worship","Protect"],"picked":"EmptyFist+1","floor":25}],"player_experience":148210,"relics_obtained":[{"floor":6,"key":"Potion Belt"},{"floor":9,"key":"Matryoshka"},{"floor":13,"key":"Question Card"},{"floor":24,"key":"Bottled Flame"},{"floor":26,"key":"Ancient Tea Set"},{"floor":26,"key":"Molten Egg 2"}],"event_choices":[{"damage_healed":0,"gold_gain":0,"cards_transformed":["Defend_P"],"player_choice":"Transformed","damage_taken":0,"max_hp_gain":0,"max_hp_loss":0,"event_name":"Transmorgrifier","floor":4,"gold_loss":0,"cards_obtained":["Adaptation"]},{"cards_removed":["Defend_P"],"damage_healed":0,"gold_gain":0,"player_choice":"Upgrade and Remove","damage_taken":0,"max_hp_gain":0,"max_hp_loss":0,"event_name":"Designer","floor":20,"gold_loss":90,"cards_upgraded":["Strike_P"]},{"damage_healed":0,"gold_gain":0,"player_choice":"Became a vampire","damage_taken":0,"max_hp_gain":0,"max_hp_loss":22,"event_name":"Vampires","floor":23,"gold_loss":0,"cards_obtained":["Bite","Bite","Bite","Bite","Bite"]}],"is_beta":false,"boss_relics":[{"not_picked":["Empty Cage","Ectoplasm"],"picked":"Cursed Key"}],"items_purged_floors":[],"is_endless":false,"potions_floor_spawned":[1,8,11,13,14,21,24],"killed_by":"Slavers","ascension_level":0}}