{"host":"dhlnk6yox2l1s6up","time":1611251876,"event":{"mods":["BaseMod","Colored Map","Highlight Path","Minty Spire (QoL Compilation)","Relic Stats","StSLib"],"gold_per_floor":[110,122,197,147,163,163,195,215,242,242,252,252,271,298,298,410,410,436,436,346,374,87,124,124,150,200,237,294,244,58,92,92,198,198,210,235,255,56,56,56,56,56],"floor_reached":41,"language":"ENG","playtime":5729,"items_purged":["Strike_B","Defend_B"],"score":666,"play_id":"8a809579-b2b6-45b5-9fd8-b46e31c58bbd","local_time":"20210121115756","is_ascension_mode":true,"campfire_choices":[{"data":"Sunder","floor":6,"key":"SMITH"},{"data":"Compile Driver","floor":12,"key":"SMITH"},{"data":"Zap","floor":15,"key":"SMITH"},{"floor":24,"key":"REST"},{"floor":32,"key":"RECALL"},{"floor":40,"key":"REST"}],"circlet_count":0,"master_deck":["Strike_B","Strike_B","Defend_B","Defend_B","Zap+1","Dualcast","Compile Driver+1","Sunder+1","FTL","Leap","Compile Driver","Seek","Self Repair+1","Sweeping Beam","Reinforced Body","BootSequence","Undo","Melter","Ghostly","Ghostly","Ghostly","Ghostly","Ghostly","Cold Snap","Chill","Reboot","Sweeping Beam+1"],"relics":["Cracked Core","NeowsBlessing","Ancient Tea Set","CeramicFish","Fusion Hammer","Oddly Smooth Stone","Strawberry","MawBank","Lizard Tail","DataDisk","Tiny Chest","Runic Dome","Membership Card"],"acts_visited":["Exordium","TheCity","TheBeyond"],"potions_floor_usage":[8,16,23,23,23,23,33,33,41,41,41],"damage_taken":[{"damage":0,"enemies":"Jaw Worm","floor":1,"turns":1},{"damage":0,"enemies":"2 Louse","floor":2,"turns":1},{"damage":0,"enemies":"Small Slimes","floor":5,"turns":1},{"damage":50,"enemies":"3 Sentries","floor":7,"turns":8},{"damage":0,"enemies":"Exordium Thugs","floor":8,"turns":3},{"damage":2,"enemies":"2 Fungi Beasts","floor":11,"turns":2},{"damage":0,"enemies":"Looter","floor":13,"turns":1},{"damage":3,"enemies":"Red Slaver","floor":14,"turns":3},{"damage":26,"enemies":"Hexaghost","floor":16,"turns":8},{"damage":15,"enemies":"Shell Parasite","floor":18,"turns":5},{"damage":0,"enemies":"Chosen","floor":21,"turns":4},{"damage":28,"enemies":"Slavers","floor":23,"turns":6},{"damage":0,"enemies":"3 Cultists","floor":25,"turns":4},{"damage":5,"enemies":"Snake Plant","floor":27,"turns":8},{"damage":0,"enemies":"Gremlin Leader","floor":31,"turns":8},{"damage":47,"enemies":"Automaton","floor":33,"turns":16},{"damage":22,"enemies":"Orb Walker","floor":35,"turns":4},{"damage":0,"enemies":"3 Darklings","floor":36,"turns":6},{"damage":0,"enemies":"Spire Growth","floor":37,"turns":6},{"damage":77,"enemies":"Giant Head","floor":41,"turns":9}],"seed_played":"8658390104949907985","potions_obtained":[{"floor":2,"key":"Weak Potion"},{"floor":5,"key":"Energy Potion"},{"floor":14,"key":"Explosive Potion"},{"floor":16,"key":"SpeedPotion"},{"floor":21,"key":"EntropicBrew"},{"floor":25,"key":"AttackPotion"},{"floor":33,"key":"FocusPotion"},{"floor":36,"key":"PotionOfCapacity"},{"floor":37,"key":"FocusPotion"}],"is_trial":false,"path_per_floor":["M","M","?","?","M","R","E","M","T","?","M","R","M","M","R","B",null,"M","?","?","M","$","E","R","M","T","M","?","?","$","E","R","B",null,"M","M","M","$","?","R","E"],"character_chosen":"DEFECT","items_purchased":["Oddly Smooth Stone","Reinforced Body","DataDisk","Cold Snap","Membership Card"],"campfire_rested":2,"item_purchase_floors":[22,22,30,30,38],"current_hp_per_floor":[68,68,57,57,57,57,7,7,7,32,30,30,30,27,27,1,57,42,28,28,38,38,27,53,63,63,68,43,43,43,43,43,31,40,28,38,43,43,43,43,0,0],"gold":56,"neow_bonus":"THREE_ENEMY_KILL","is_daily":false,"chose_seed":false,"campfire_upgraded":3,"win_rate":0.0,"timestamp":1611251876,"path_taken":["M","M","?","?","?","R","E","M","T","?","M","R","M","M","R","BOSS","M","?","?","M","$","E","R","?","T","M","?","?","$","E","R","BOSS","M","M","M","?","?","R","E"],"items_purchased_type":["Relic","Card","Relic","Card","Relic"],"build_version":"2020-12-22","purchased_purges":2,"victory":false,"max_hp_per_floor":[75,75,75,75,75,75,75,75,75,75,75,75,75,75,75,75,75,75,80,80,80,80,87,87,87,87,87,43,43,43,43,43,43,43,43,43,43,43,43,43,43,43],"relic_stats":{"Lizard Tail":21,"counters":[20,104],"CeramicFish":162,"Tiny Chest":0,"MawBank":48,"obtain_stats":[{"NeowsBlessing":0,"CeramicFish":9,"Oddly Smooth Stone":22,"Ancient Tea Set":7,"MawBank":26,"Runic Dome":34,"Lizard Tail":29,"DataDisk":30,"Strawberry":23,"Tiny Chest":31,"Fusion Hammer":17,"Membership Card":38,"Cracked Core":0},{"NeowsBlessing":0,"CeramicFish":5,"Oddly Smooth Stone":11,"Ancient Tea Set":4,"MawBank":13,"Runic Dome":16,"Lizard Tail":14,"DataDisk":14,"Strawberry":12,"Tiny Chest":15,"Fusion Hammer":9,"Membership Card":19,"Cracked Core":0},{"NeowsBlessing":0,"CeramicFish":14,"Oddly Smooth Stone":37,"Ancient Tea Set":11,"MawBank":47,"Runic Dome":79,"Lizard Tail":55,"DataDisk":55,"Strawberry":43,"Tiny Chest":63,"Fusion Hammer":28,"Membership Card":95,"Cracked Core":0}]},"card_choices":[{"not_picked":["Turbo","Heatsinks"],"picked":"Steam","floor":1},{"not_picked":["Leap","BootSequence"],"picked":"Compile Driver","floor":2},{"not_picked":["Fusion","Undo"],"picked":"Sunder","floor":5},{"not_picked":["Redo","Reboot","Turbo"],"picked":"SKIP","floor":7},{"not_picked":["Aggregate","Ball Lightning"],"picked":"FTL","floor":8},{"not_picked":["Redo","Leap","Coolheaded"],"picked":"SKIP","floor":11},{"not_picked":["Cold Snap","Compile Driver"],"picked":"Leap","floor":13},{"not_picked":["Thunder Strike","Reinforced Body"],"picked":"Compile Driver","floor":14},{"not_picked":["Thunder Strike","Meteor Strike"],"picked":"Seek","floor":16},{"not_picked":["Streamline","Storm+1"],"picked":"Self Repair","floor":18},{"not_picked":["Heatsinks","Cold Snap"],"picked":"Sweeping Beam","floor":21},{"not_picked":["Meteor Strike","Barrage"],"picked":"BootSequence","floor":23},{"not_picked":["Self Repair","Steam"],"picked":"Undo","floor":25},{"not_picked":["Redo+1","Turbo+1"],"picked":"Melter","floor":27},{"not_picked":["Redo","Streamline+1"],"picked":"Chill","floor":31},{"not_picked":["Meteor Strike","All For One"],"picked":"Reboot","floor":33},{"not_picked":["Self Repair","Cold Snap","Force Field"],"picked":"SKIP","floor":35},{"not_picked":["Ball Lightning","Compile Driver"],"picked":"Sweeping Beam+1","floor":36},{"not_picked":["Redo","Stack+1","Conserve Battery+1"],"picked":"SKIP","floor":37}],"player_experience":5896930,"relics_obtained":[{"floor":7,"key":"Ancient Tea Set"},{"floor":9,"key":"CeramicFish"},{"floor":23,"key":"Strawberry"},{"floor":26,"key":"MawBank"},{"floor":31,"key":"Tiny Chest"}],"event_choices":[{"damage_healed":0,"gold_gain":75,"player_choice":"Gather Gold","damage_taken":11,"max_hp_gain":0,"max_hp_loss":0,"event_name":"World of Goop","floor":3,"gold_loss":0},{"cards_removed":["Defend_B"],"damage_healed":0,"gold_gain":0,"player_choice":"Card Removal","damage_taken":0,"max_hp_gain":0,"max_hp_loss":0,"event_name":"The Cleric","floor":4,"gold_loss":50},{"damage_healed":25,"gold_gain":0,"player_choice":"Banana","damage_taken":0,"max_hp_gain":0,"max_hp_loss":0,"event_name":"Big Fish","floor":10,"gold_loss":0},{"damage_healed":0,"gold_gain":0,"player_choice":"Shed Blood","damage_taken":19,"max_hp_gain":5,"max_hp_loss":0,"event_name":"Forgotten Altar","floor":19,"gold_loss":0},{"cards_removed":["Strike_B"],"damage_healed":0,"gold_gain":0,"player_choice":"Upgrade and Remove","damage_taken":0,"max_hp_gain":0,"max_hp_loss":0,"event_name":"Designer","floor":20,"gold_loss":90,"cards_upgraded":["Self Repair"]},{"damage_healed":0,"gold_gain":0,"player_choice":"Became a Ghost","damage_taken":0,"max_hp_gain":0,"max_hp_loss":44,"event_name":"Ghosts","floor":28,"gold_loss":0,"cards_obtained":["Ghostly","Ghostly","Ghostly","Ghostly","Ghostly"]},{"damage_healed":0,"gold_gain":0,"player_choice":"Paid Gold","damage_taken":0,"relics_obtained":["Lizard Tail"],"max_hp_gain":0,"max_hp_loss":0,"event_name":"WeMeetAgain","floor":29,"gold_loss":62},{"cards_removed":["Steam"],"damage_healed":0,"gold_gain":0,"player_choice":"Removed Skill","damage_taken":0,"max_hp_gain":0,"max_hp_loss":0,"event_name":"Falling","floor":39,"gold_loss":0}],"is_beta":false,"boss_relics":[{"not_picked":["Inserter","Pandora\u0027s Box"],"picked":"Fusion Hammer"},{"not_picked":["SacredBark","Runic Pyramid"],"picked":"Runic Dome"}],"items_purged_floors":[22,38],"is_endless":false,"potions_floor_spawned":[2,5,14,16,21,25,31,33,36,37],"killed_by":"Giant Head","ascension_level":8}}