{"host":"uyrebrj0204enqpc","time":1611272631,"event":{"mods":["Act Like it!","Bard","BaseMod","Block Reminder","Challenge The Spire","Colored Map","Colored Powertips","DeckTracker","Downfall","GifTheSpireLib","HexUI Lib","Highlight Path","Hubris","Infinite Spire","Minty Spire (QoL Compilation)","Pale of the Ancients","Quick Restart","Random Character Button","Relic Sorter","Relic Stats","Shop Mod","StSLib","The Blue Laboratory","The Bug Knight","The Cursed","The Jungle","The Marked","Wandering Minibosses"],"gold_per_floor":[112,112,112,127,127,167,167,167,167],"floor_reached":8,"language":"ENG","playtime":196,"items_purged":[],"score":95,"play_id":"642571b3-2beb-4828-b830-558d64e6e1c0","local_time":"20210121184351","is_ascension_mode":true,"campfire_choices":[{"data":"TheCursedMod:CleanUpWorkshop","floor":7,"key":"SMITH"}],"circlet_count":0,"master_deck":["TheCursedMod:Strike_TheCursed","TheCursedMod:Strike_TheCursed","TheCursedMod:Strike_TheCursed","TheCursedMod:Strike_TheCursed","TheCursedMod:Defend_TheCursed","TheCursedMod:Defend_TheCursed","TheCursedMod:Defend_TheCursed","TheCursedMod:Defend_TheCursed","TheCursedMod:CursedWand+1","TheCursedMod:CleanUpWorkshop+1","TheCursedMod:Dregs","TheCursedMod:Obscuration"],"relics":["TheCursedMod:BlackMagic101","NeowsBlessing","Golden Idol"],"acts_visited":["Exordium"],"potions_floor_usage":[],"damage_taken":[{"damage":0,"enemies":"Cultist","floor":1,"turns":1},{"damage":0,"enemies":"Small Slimes","floor":4,"turns":1},{"damage":0,"enemies":"3 Sentries","floor":6,"turns":1},{"damage":68,"enemies":"Lagavulin","floor":8,"turns":9}],"seed_played":"5015794497616549878","potions_obtained":[{"floor":4,"key":"blueLaboratory:EnragingPotion"}],"is_trial":false,"path_per_floor":["M","?","?","M","?","E","R","E"],"character_chosen":"THE_CURSED","items_purchased":[],"campfire_rested":0,"item_purchase_floors":[],"current_hp_per_floor":[75,57,57,57,57,57,57,0,0],"gold":167,"neow_bonus":"THREE_ENEMY_KILL","is_daily":false,"chose_seed":false,"campfire_upgraded":1,"win_rate":0.0,"timestamp":1611272631,"path_taken":["M","?","?","?","?","E","R","E"],"items_purchased_type":[],"build_version":"2020-12-22","purchased_purges":0,"victory":false,"max_hp_per_floor":[75,75,75,75,75,75,75,75,75],"relic_stats":{"counters":[4,12],"Golden Idol":11,"obtain_stats":[{"TheCursedMod:BlackMagic101":0,"NeowsBlessing":0,"Golden Idol":2},{"TheCursedMod:BlackMagic101":0,"NeowsBlessing":0,"Golden Idol":1},{"TheCursedMod:BlackMagic101":0,"NeowsBlessing":0,"Golden Idol":1}]},"card_choices":[{"not_picked":["TheCursedMod:TacticalStrike","TheCursedMod:BlessingInDisguise","TheCursedMod:SurpriseAttack"],"picked":"SKIP","floor":1},{"not_picked":["TheCursedMod:EmpowerCircles","TheCursedMod:SoulReap","TheCursedMod:SmokeScreen"],"picked":"SKIP","floor":4},{"not_picked":["TheCursedMod:DoubleShield","TheCursedMod:CursedArmor"],"picked":"TheCursedMod:Obscuration","floor":6}],"player_experience":1100403,"relics_obtained":[],"event_choices":[{"damage_healed":0,"gold_gain":0,"player_choice":"Take Damage","damage_taken":18,"relics_obtained":["Golden Idol"],"max_hp_gain":0,"max_hp_loss":0,"event_name":"Golden Idol","floor":2,"gold_loss":0},{"damage_healed":0,"gold_gain":0,"player_choice":"Ignored","damage_taken":0,"max_hp_gain":0,"max_hp_loss":0,"event_name":"Liars Game","floor":3,"gold_loss":0}],"is_beta":false,"boss_relics":[],"items_purged_floors":[],"is_endless":false,"potions_floor_spawned":[4],"killed_by":"Lagavulin","ascension_level":4}}