{"host":"pf9rsjv87js1d08t","time":1611243195,"event":{"mods":["100% Spire Juice","Arknights The Spire","BaseMod","CapriCore","Friendly Minions","Koishi","Minty Spire (QoL Compilation)","Replay The Spire","StSLib","The Bug Knight","The Cursed","The Dragon Tamer","The Hierophant","The Immortal","WarShipGirlsR/??á´Ò³R mod"],"gold_per_floor":[118,138,28,28,41,41,59,59,59,59,158,158,168,180,180,180,180],"floor_reached":16,"language":"KOR","playtime":1885,"items_purged":[],"score":94,"play_id":"cf21e6da-a898-41ea-98f8-3a28bace1e60","local_time":"20210122003315","is_ascension_mode":false,"campfire_choices":[{"data":"Moonworks:HolyNight","floor":6,"key":"SMITH"},{"floor":12,"key":"REST"},{"data":"Moonworks:IntelligenceOfficer","floor":15,"key":"SMITH"}],"circlet_count":0,"master_deck":["Moonworks:Strike+1","Moonworks:Strike+1","Moonworks:Strike+1","Moonworks:Strike+1","Moonworks:Defend","Moonworks:Defend","Moonworks:Defend","Moonworks:Ambush","Moonworks:LongDistanceShot","Moonworks:IndiscriminateFireSupport","Moonworks:DeployBits","Moonworks:LuckyCharm","Moonworks:HolyNight+1","Moonworks:Bloodlust","Moonworks:SweetBattle","Moonworks:RedAndBlue","Moonworks:DevilHand","Moonworks:IntelligenceOfficer+1"],"relics":["Moonworks:BrokenBomb","Moonworks:Homemark","Replay:Bottled Eggs","Blue Doll"],"acts_visited":["Exordium"],"potions_floor_usage":[14,16],"damage_taken":[{"damage":6,"enemies":"2 Louse","floor":1,"turns":2},{"damage":11,"enemies":"Jaw Worm","floor":2,"turns":2},{"damage":1,"enemies":"Cultist","floor":3,"turns":3},{"damage":9,"enemies":"Exordium Thugs","floor":5,"turns":4},{"damage":8,"enemies":"Large Slime","floor":7,"turns":4},{"damage":0,"enemies":"3 Louse","floor":13,"turns":1},{"damage":7,"enemies":"Exordium Thugs","floor":14,"turns":2},{"damage":49,"enemies":"Fading Forest","floor":16,"turns":6}],"seed_played":"266048280376885615","potions_obtained":[{"floor":13,"key":"FearPotion"},{"floor":14,"key":"Moonworks:OneHundredPercentOrangeJuicePotion"}],"is_trial":false,"path_per_floor":["M","M","M","?","M","R","M","?","T","?","?","R","M","M","R","B"],"character_chosen":"THE_STARBREAKER","items_purchased":[],"campfire_rested":1,"item_purchase_floors":[],"current_hp_per_floor":[60,49,48,41,32,32,24,24,24,24,8,27,27,20,20,0,0],"gold":180,"neow_bonus":"TEN_PERCENT_HP_BONUS","is_daily":false,"chose_seed":false,"campfire_upgraded":2,"win_rate":0.0,"timestamp":1611243195,"path_taken":["M","M","M","?","M","R","M","?","T","?","?","R","M","M","R","BOSS"],"items_purchased_type":[],"build_version":"2020-12-22","purchased_purges":0,"victory":false,"max_hp_per_floor":[66,66,66,66,66,66,66,66,66,66,66,66,66,66,66,66,66],"card_choices":[{"not_picked":["Moonworks:SakisCookie","Moonworks:LulusLuckyEgg"],"picked":"Moonworks:IndiscriminateFireSupport","floor":1},{"not_picked":["Moonworks:LulusLuckyEgg","Moonworks:ReproductionOfRecords"],"picked":"Moonworks:DeployBits","floor":2},{"not_picked":["Moonworks:DeployBits","Moonworks:JonathanRush"],"picked":"Moonworks:LuckyCharm","floor":3},{"not_picked":["Moonworks:BeyondHell","Moonworks:StiffCrystal"],"picked":"Moonworks:HolyNight","floor":5},{"not_picked":["Moonworks:DeployBits","Moonworks:BigMagnum"],"picked":"Moonworks:Bloodlust","floor":7},{"not_picked":["Moonworks:DeployBits","Moonworks:BigMagnum"],"picked":"Moonworks:SweetBattle","floor":11},{"not_picked":["Moonworks:NicePresent","Moonworks:BindingChains"],"picked":"Moonworks:RedAndBlue","floor":11},{"not_picked":["Moonworks:ImOnFire","Moonworks:Assault"],"picked":"Moonworks:DevilHand","floor":13},{"not_picked":["Moonworks:LuckyCharm","Moonworks:BigMagnum"],"picked":"Moonworks:IntelligenceOfficer","floor":14}],"player_experience":51671,"relics_obtained":[{"floor":9,"key":"Replay:Bottled Eggs"},{"floor":11,"key":"Blue Doll"}],"event_choices":[{"cards_removed":["Moonworks:Defend"],"damage_healed":0,"gold_gain":0,"player_choice":"Card Removal","damage_taken":7,"max_hp_gain":0,"max_hp_loss":0,"event_name":"Golden Wing","floor":4,"gold_loss":0},{"damage_healed":0,"gold_gain":0,"player_choice":"Leave","damage_taken":0,"max_hp_gain":0,"max_hp_loss":0,"event_name":"The Cleric","floor":10,"gold_loss":0}],"is_beta":false,"boss_relics":[],"items_purged_floors":[],"is_endless":false,"potions_floor_spawned":[13,14],"killed_by":"Fading Forest","ascension_level":0}}