{"host":"gqhy17d1xpb1p3ki","time":1611208732,"event":{"mods":["2.2 Compatiblity","AchievementEnabler","BaseMod","Bestiary","Colored Map","Colored Powertips","Curses Come First","Downfall","Duelist Mod","Hermit","Marisa????????","Minty Spire (QoL Compilation)","Rare Cards Sparkle","Shop Mod","StSLib","The Animator","The Bug Knight","The Cursed","The Disciple","The Hierophant","The Necromancer","The Runesmith","The Servant 0.9.4","Yuri Mod"],"gold_per_floor":[99,113,213,233,245,11,37,53,70,86,86,86,113,23,40,143,143,143],"floor_reached":17,"language":"ENG","playtime":980,"items_purged":["Regret"],"score":159,"play_id":"58384ff7-6b70-4406-a463-d1606534734b","local_time":"20210121005852","daily_mods":["Draft"],"is_ascension_mode":false,"campfire_choices":[{"data":"Whirlwind","floor":1,"key":"SMITH"},{"data":"Body Slam","floor":11,"key":"SMITH"}],"circlet_count":0,"master_deck":["Flex","Inflame","Iron Wave","Headbutt","Cleave","Thunderclap","Flame Barrier","Battle Trance","True Grit","Metallicize","Whirlwind+1","Shrug It Off","Metallicize","Body Slam+1","Clothesline","Power Through","True Grit","Armaments+1","Sword Boomerang","Fire Breathing","Battle Trance","Intimidate","Body Slam","Impervious","Demon Form"],"relics":["Burning Blood","champ:Barbells","Regal Pillow","Slimebound:PreparedRelic","Runesmith:Locket","SlaversCollar"],"acts_visited":["Exordium","TheCity"],"potions_floor_usage":[16],"damage_taken":[{"damage":0,"enemies":"Small Slimes","floor":2,"turns":2},{"damage":0,"enemies":"Cultist","floor":4,"turns":4},{"damage":0,"enemies":"Jaw Worm","floor":5,"turns":4},{"damage":3,"enemies":"downfall:FleeingMerchant","floor":6,"turns":4},{"damage":6,"enemies":"Exordium Wildlife","floor":8,"turns":3},{"damage":0,"enemies":"3 Louse","floor":9,"turns":1},{"damage":0,"enemies":"Large Slime","floor":10,"turns":4},{"damage":30,"enemies":"Gremlin Nob","floor":13,"turns":5},{"damage":12,"enemies":"downfall:FleeingMerchant","floor":14,"turns":4},{"damage":0,"enemies":"2 Fungi Beasts","floor":15,"turns":2},{"damage":7,"enemies":"IC_STATUS_ARCHETYPE","floor":16,"turns":8}],"seed_played":"-1569695782433966988","potions_obtained":[{"floor":9,"key":"AttackPotion"},{"floor":10,"key":"BloodPotion"},{"floor":13,"key":"EssenceOfSteel"}],"is_trial":true,"path_per_floor":["R","M","?","M","M","$","T","M","M","M","R","?","E","$","M","B",null],"character_chosen":"IRONCLAD","items_purchased":["champ:Barbells","Fire Breathing"],"campfire_rested":0,"item_purchase_floors":[6,6],"current_hp_per_floor":[80,80,80,80,80,80,80,80,80,80,80,80,56,50,56,55,80,80],"gold":143,"neow_bonus":"","is_daily":false,"chose_seed":false,"campfire_upgraded":2,"win_rate":0.0,"timestamp":1611208732,"path_taken":["R","M","?","M","?","$","T","M","M","M","R","?","E","$","M","BOSS"],"items_purchased_type":["Relic","Card"],"build_version":"2020-12-22","purchased_purges":1,"victory":false,"max_hp_per_floor":[80,80,80,80,80,80,80,80,80,80,80,80,80,80,80,80,80,80],"card_choices":[{"not_picked":["Havoc","Perfected Strike"],"picked":"Flex","floor":0},{"not_picked":["Uppercut","Clothesline"],"picked":"Inflame","floor":0},{"not_picked":["Havoc","Hemokinesis"],"picked":"Iron Wave","floor":0},{"not_picked":["Combust","Searing Blow"],"picked":"Headbutt","floor":0},{"not_picked":["True Grit","Iron Wave"],"picked":"Cleave","floor":0},{"not_picked":["Perfected Strike","Wild Strike"],"picked":"Thunderclap","floor":0},{"not_picked":["Sword Boomerang","Dropkick"],"picked":"Flame Barrier","floor":0},{"not_picked":["Iron Wave","Clothesline"],"picked":"Battle Trance","floor":0},{"not_picked":["Rupture","Perfected Strike"],"picked":"True Grit","floor":0},{"not_picked":["Inflame","Clothesline"],"picked":"Metallicize","floor":0},{"not_picked":["Havoc","Iron Wave"],"picked":"Whirlwind","floor":0},{"not_picked":["True Grit","Havoc"],"picked":"Shrug It Off","floor":0},{"not_picked":["Anger","Perfected Strike"],"picked":"Metallicize","floor":0},{"not_picked":["Cleave","Thunderclap"],"picked":"Body Slam","floor":0},{"not_picked":["Sword Boomerang","Second Wind"],"picked":"Clothesline","floor":0},{"not_picked":["Pummel","Clash"],"picked":"Power Through","floor":2},{"not_picked":["Pummel","Hemokinesis"],"picked":"True Grit","floor":4},{"not_picked":["Havoc","Headbutt"],"picked":"Armaments","floor":5},{"not_picked":["Carnage","Sever Soul"],"picked":"Sword Boomerang","floor":6},{"not_picked":["Blood for Blood","Rage","Seeing Red"],"picked":"SKIP","floor":8},{"not_picked":["Pummel","Heavy Blade"],"picked":"Battle Trance","floor":9},{"not_picked":["Inflame","Bludgeon"],"picked":"Intimidate","floor":10},{"not_picked":["Feel No Pain","Sword Boomerang"],"picked":"Body Slam","floor":13},{"not_picked":["Cleave","Sword Boomerang"],"picked":"Impervious","floor":14},{"not_picked":["Fire Breathing","Armaments","Feel No Pain"],"picked":"SKIP","floor":15},{"not_picked":["Offering","Brutality"],"picked":"Demon Form","floor":16}],"player_experience":414233,"relics_obtained":[{"floor":7,"key":"Regal Pillow"},{"floor":13,"key":"Runesmith:Locket"}],"event_choices":[{"damage_healed":0,"gold_gain":0,"player_choice":"Box","damage_taken":0,"relics_obtained":["Slimebound:PreparedRelic"],"max_hp_gain":0,"max_hp_loss":0,"event_name":"Big Fish","floor":12,"gold_loss":0,"cards_obtained":["Regret"]}],"is_beta":false,"boss_relics":[{"not_picked":["Snecko Eye","Black Blood"],"picked":"SlaversCollar"}],"items_purged_floors":[14],"is_endless":false,"potions_floor_spawned":[9,10,13],"ascension_level":0}}