{"host":"4lrit7vxuvwq962h","time":1611231210,"event":{"mods":["AchievementEnabler","BaseMod","Colored Map","Colored Powertips","Highlight Path","Minty Spire (QoL Compilation)","Quick Restart","Rare Cards Sparkle","StSLib"],"gold_per_floor":[110,110,120,140,140,140,165,176,176,66,66,101,117,130,130,230,230,240,150,168,168,183,183,215,215,215,250,102,102,115,132,132,233,283,300,317,317,23,41,72,83,83,83,97,97,97,97,117,117,117,117],"floor_reached":50,"language":"ENG","playtime":2175,"items_purged":["Hemokinesis"],"score":599,"play_id":"6ec0b07a-8e64-43fd-85f8-ecda784b24a6","local_time":"20210121061330","is_ascension_mode":false,"campfire_choices":[{"data":"Perfected Strike","floor":6.0,"key":"SMITH"},{"data":"Anger","floor":11.0,"key":"SMITH"},{"data":"Perfected Strike","floor":15.0,"key":"SMITH"},{"data":"Perfected Strike","floor":23.0,"key":"SMITH"},{"data":"Double Tap","floor":25.0,"key":"SMITH"},{"data":"Perfected Strike","floor":29.0,"key":"SMITH"},{"data":"Perfected Strike","floor":32.0,"key":"SMITH"},{"floor":42.0,"key":"REST"},{"floor":49.0,"key":"REST"}],"circlet_count":0,"master_deck":["Strike_R","Strike_R","Strike_R","Strike_R","Strike_R","Defend_R","Defend_R","Defend_R","Bash","Flex","Perfected Strike+1","Anger+1","Pommel Strike","Inflame","Cleave","Armaments","Perfected Strike+1","Fiend Fire+1","CurseOfTheBell","Perfected Strike+1","Double Tap+1","Perfected Strike+1","Wild Strike","Wild Strike","Thunderclap","Pommel Strike+1","Perfected Strike+1","Inflame","Perfected Strike+1","Exhume+1","Wild Strike","Feed","Spot Weakness","Dual Wield+1","Madness","Cleave+1"],"relics":["Burning Blood","NeowsBlessing","MealTicket","Ginger","Mercury Hourglass","Smiling Mask","Calling Bell","Happy Flower","HornCleat","Pocketwatch","Ancient Tea Set","Ornamental Fan","Boot","Orrery","Tiny House","Juzu Bracelet","Nunchaku","Bottled Tornado"],"acts_visited":["Exordium","TheCity","TheBeyond"],"potions_floor_usage":[50],"damage_taken":[{"damage":0.0,"enemies":"Jaw Worm","floor":1.0,"turns":1.0},{"damage":0.0,"enemies":"Small Slimes","floor":3.0,"turns":1.0},{"damage":2.0,"enemies":"Cultist","floor":4.0,"turns":1.0},{"damage":20.0,"enemies":"Lagavulin","floor":7.0,"turns":6.0},{"damage":3.0,"enemies":"Exordium Thugs","floor":8.0,"turns":3.0},{"damage":12.0,"enemies":"3 Sentries","floor":12.0,"turns":5.0},{"damage":8.0,"enemies":"Gremlin Gang","floor":13.0,"turns":2.0},{"damage":6.0,"enemies":"Exordium Wildlife","floor":14.0,"turns":3.0},{"damage":36.0,"enemies":"The Guardian","floor":16.0,"turns":8.0},{"damage":0.0,"enemies":"Spheric Guardian","floor":18.0,"turns":3.0},{"damage":5.0,"enemies":"Chosen","floor":20.0,"turns":2.0},{"damage":8.0,"enemies":"Snake Plant","floor":22.0,"turns":2.0},{"damage":30.0,"enemies":"Slavers","floor":24.0,"turns":4.0},{"damage":0.0,"enemies":"Book of Stabbing","floor":27.0,"turns":3.0},{"damage":0.0,"enemies":"Snecko","floor":30.0,"turns":2.0},{"damage":2.0,"enemies":"Centurion and Healer","floor":31.0,"turns":3.0},{"damage":23.0,"enemies":"Champ","floor":33.0,"turns":6.0},{"damage":10.0,"enemies":"Orb Walker","floor":35.0,"turns":2.0},{"damage":7.0,"enemies":"3 Shapes","floor":36.0,"turns":3.0},{"damage":29.0,"enemies":"Sphere and 2 Shapes","floor":39.0,"turns":4.0},{"damage":39.0,"enemies":"Nemesis","floor":40.0,"turns":5.0},{"damage":16.0,"enemies":"Spire Growth","floor":41.0,"turns":2.0},{"damage":0.0,"enemies":"3 Darklings","floor":44.0,"turns":2.0},{"damage":5.0,"enemies":"Writhing Mass","floor":48.0,"turns":3.0},{"damage":92,"enemies":"Awakened One","floor":50,"turns":6}],"seed_played":"-978210791080990408","potions_obtained":[{"floor":1.0,"key":"BloodPotion"},{"floor":3.0,"key":"Weak Potion"},{"floor":7.0,"key":"Strength Potion"},{"floor":16.0,"key":"DistilledChaos"},{"floor":22.0,"key":"Weak Potion"},{"floor":24.0,"key":"Energy Potion"},{"floor":31.0,"key":"Dexterity Potion"},{"floor":33.0,"key":"SpeedPotion"},{"floor":34.0,"key":"Energy Potion"},{"floor":39.0,"key":"Regen Potion"},{"floor":40.0,"key":"FearPotion"},{"floor":45.0,"key":"BlessingOfTheForge"},{"floor":45.0,"key":"DuplicationPotion"},{"floor":45.0,"key":"SpeedPotion"}],"is_trial":false,"path_per_floor":["M","?","M","M","?","R","E","M","T","$","R","E","M","M","R","B",null,"M","?","M","T","M","R","E","R","T","E","$","R","M","M","R","B",null,"M","M","?","$","M","E","M","R","T","M","?","?","?","M","R","B"],"character_chosen":"IRONCLAD","items_purchased":["Inflame","Orrery","Juzu Bracelet","Feed"],"campfire_rested":2,"item_purchase_floors":[10,28,38,38],"current_hp_per_floor":[80,85,85,85,73,73,59,79,79,85,85,79,77,77,77,47,85,85,85,85,85,83,83,59,59,59,65,80,80,85,85,85,68,90,86,85,85,90,70,51,41,68,68,74,74,62,62,63,90,0,0],"gold":117,"neow_bonus":"THREE_ENEMY_KILL","is_daily":false,"chose_seed":false,"campfire_upgraded":7,"win_rate":0.0,"timestamp":1611231210,"path_taken":["M","?","M","M","?","R","E","M","T","$","R","E","M","M","R","BOSS","M","?","?","?","M","R","E","R","T","E","$","R","?","M","R","BOSS","M","M","?","$","M","E","M","R","T","M","?","?","?","M","R","BOSS"],"items_purchased_type":["Card","Relic","Relic","Card"],"build_version":"2020-12-22","purchased_purges":1,"victory":false,"max_hp_per_floor":[80,85,85,85,85,85,85,85,85,85,85,85,85,85,85,85,85,85,85,85,85,85,85,85,85,85,85,85,85,85,85,85,85,90,90,90,90,90,93,93,93,93,93,93,93,93,93,93,93,93,93],"card_choices":[{"not_picked":["Pummel","Warcry"],"picked":"Hemokinesis","floor":1.0},{"not_picked":["Shockwave","Clash"],"picked":"Flex","floor":3.0},{"not_picked":["Armaments","Power Through"],"picked":"Perfected Strike","floor":4.0},{"not_picked":["Armaments","Hemokinesis"],"picked":"Anger","floor":7.0},{"not_picked":["Pummel","Double Tap"],"picked":"Pommel Strike","floor":8.0},{"not_picked":["Hemokinesis","True Grit"],"picked":"Cleave","floor":12.0},{"not_picked":["True Grit","Burning Pact"],"picked":"Armaments","floor":13.0},{"not_picked":["Twin Strike","Wild Strike"],"picked":"Perfected Strike","floor":14.0},{"not_picked":["Reaper","Berserk"],"picked":"Fiend Fire","floor":16.0},{"not_picked":["Anger","Armaments","Power Through"],"picked":"SKIP","floor":18.0},{"not_picked":["Headbutt","Reckless Charge+1","Havoc"],"picked":"SKIP","floor":20.0},{"not_picked":["Cleave","Thunderclap"],"picked":"Perfected Strike","floor":22.0},{"not_picked":["Dark Embrace","Clothesline"],"picked":"Double Tap","floor":24.0},{"not_picked":["Shockwave","Disarm"],"picked":"Perfected Strike+1","floor":27.0},{"not_picked":["Heavy Blade","Headbutt"],"picked":"Wild Strike","floor":28.0},{"not_picked":["Heavy Blade","Thunderclap+1"],"picked":"Wild Strike","floor":28.0},{"not_picked":["Shrug It Off","Bludgeon"],"picked":"Thunderclap","floor":28.0},{"not_picked":["Second Wind","Blood for Blood"],"picked":"Pommel Strike+1","floor":28.0},{"not_picked":["Pummel","Uppercut"],"picked":"Perfected Strike","floor":28.0},{"not_picked":["Flex","Flame Barrier"],"picked":"Inflame","floor":30.0},{"not_picked":["Twin Strike","Havoc"],"picked":"Perfected Strike","floor":31.0},{"not_picked":["Fiend Fire","Berserk"],"picked":"Exhume","floor":33.0},{"not_picked":["Power Through+1","Iron Wave","Warcry"],"picked":"SKIP","floor":35.0},{"not_picked":["Iron Wave+1","Uppercut+1"],"picked":"Wild Strike","floor":36.0},{"not_picked":["Body Slam+1","Rampage","Reaper"],"picked":"SKIP","floor":39.0},{"not_picked":["Shrug It Off","Feel No Pain+1"],"picked":"Spot Weakness","floor":40.0},{"not_picked":["Body Slam+1","Evolve+1","Rampage+1"],"picked":"SKIP","floor":41.0},{"not_picked":["Shrug It Off","Headbutt+1"],"picked":"Dual Wield+1","floor":44.0},{"not_picked":["Warcry","Whirlwind+1"],"picked":"Cleave+1","floor":48.0}],"player_experience":164030,"relics_obtained":[{"floor":7.0,"key":"Ginger"},{"floor":9.0,"key":"Mercury Hourglass"},{"floor":12.0,"key":"Smiling Mask"},{"floor":17.0,"key":"Happy Flower"},{"floor":17.0,"key":"HornCleat"},{"floor":17.0,"key":"Pocketwatch"},{"floor":24.0,"key":"Ancient Tea Set"},{"floor":26.0,"key":"Ornamental Fan"},{"floor":27.0,"key":"Boot"},{"floor":40.0,"key":"Nunchaku"},{"floor":43.0,"key":"Bottled Tornado"}],"event_choices":[{"damage_healed":0.0,"max_hp_gain":5.0,"max_hp_loss":0.0,"gold_gain":0.0,"event_name":"Big Fish","player_choice":"Donut","floor":2.0,"gold_loss":0.0,"damage_taken":0.0},{"damage_healed":0.0,"max_hp_gain":0.0,"max_hp_loss":0.0,"gold_gain":0.0,"event_name":"Scrap Ooze","player_choice":"Success","floor":5.0,"gold_loss":0.0,"damage_taken":12.0,"relics_obtained":["MealTicket"]},{"cards_removed":["Defend_R"],"damage_healed":0.0,"max_hp_gain":0.0,"max_hp_loss":0.0,"gold_gain":0.0,"event_name":"Designer","player_choice":"Upgrade and Remove","floor":19.0,"gold_loss":90.0,"damage_taken":0.0,"cards_upgraded":["Fiend Fire"]},{"damage_healed":0.0,"max_hp_gain":0.0,"max_hp_loss":0.0,"gold_gain":0.0,"event_name":"Tomb of Lord Red Mask","player_choice":"Ignored","floor":37.0,"gold_loss":0.0,"damage_taken":0.0},{"damage_healed":0.0,"max_hp_gain":0.0,"max_hp_loss":0.0,"gold_gain":0.0,"event_name":"Lab","player_choice":"Got Potions","floor":45.0,"gold_loss":0.0,"damage_taken":0.0},{"damage_healed":0.0,"max_hp_gain":0.0,"max_hp_loss":0.0,"gold_gain":0.0,"event_name":"Winding Halls","player_choice":"Embrace Madness","floor":46.0,"gold_loss":0.0,"damage_taken":12.0,"cards_obtained":["Madness","Madness"]},{"cards_removed":["Madness"],"damage_healed":0.0,"max_hp_gain":0.0,"max_hp_loss":0.0,"gold_gain":0.0,"event_name":"Falling","player_choice":"Removed Skill","floor":47.0,"gold_loss":0.0,"damage_taken":0.0}],"is_beta":false,"boss_relics":[{"not_picked":["Busted Crown","Sozu"],"picked":"Calling Bell"},{"not_picked":["Philosopher\u0027s Stone","Runic Pyramid"],"picked":"Tiny House"}],"items_purged_floors":[10],"is_endless":false,"potions_floor_spawned":[1,3,7,16,22,24,31,33,39,40],"killed_by":"Awakened One","ascension_level":0}}