{"host":"k8gerrcpv9xe1nxe","time":1611202510,"event":{"mods":["2.2 Compatiblity","AchievementEnabler","BaseMod","Bestiary","Minty Spire (QoL Compilation)","Relic Stats","StSLib"],"gold_per_floor":[114,129,129,147,109,109,134,134,158,184,201,211,244,265,265,363,363,377,393,404,404,418,452,452,482,482,482,495,495,895,913,913,1018,1018,1028,1043,12,22,22,47,47,65,118,118,134,15,15,15,15,15],"floor_reached":51,"language":"ENG","playtime":2265,"items_purged":["Strike_R"],"score":1267,"play_id":"40ca549c-b6c7-4797-9ffd-e76593242ac5","local_time":"20210120231510","is_ascension_mode":true,"campfire_choices":[{"data":"Bash","floor":6,"key":"SMITH"},{"data":"Spot Weakness","floor":8,"key":"SMITH"},{"data":"Armaments","floor":15,"key":"SMITH"},{"floor":24,"key":"REST"},{"floor":27,"key":"REST"},{"floor":29,"key":"REST"},{"data":"Limit Break","floor":32,"key":"SMITH"},{"floor":41,"key":"REST"},{"floor":47,"key":"REST"},{"floor":49,"key":"REST"}],"circlet_count":0,"master_deck":["AscendersBane","Strike_R","Strike_R","Strike_R","Strike_R","Defend_R","Defend_R","Defend_R","Defend_R","Bash+1","Shrug It Off","Cleave","Spot Weakness+1","Anger","Shrug It Off","Heavy Blade","Armaments+1","Feed","Disarm","Flame Barrier","True Grit+1","Limit Break","Sword Boomerang","Limit Break+1","Disarm","Exhume","Dropkick+1","Apotheosis","Corruption","Pain","Burning Pact"],"relics":["Burning Blood","NeowsBlessing","Smiling Mask","Oddly Smooth Stone","Centennial Puzzle","Charon\u0027s Ashes","Odd Mushroom","Cursed Key","Bag of Preparation","The Courier","Old Coin","Gremlin Horn","Fusion Hammer","Lee\u0027s Waffle","Self Forming Clay","Singing Bowl","Anchor","Pear","Mummified Hand","Art of War","Vajra"],"acts_visited":["Exordium","TheCity","TheBeyond"],"potions_floor_usage":[22,23,23,31,39,40],"damage_taken":[{"damage":0,"enemies":"Small Slimes","floor":1,"turns":1},{"damage":0,"enemies":"2 Louse","floor":2,"turns":1},{"damage":0,"enemies":"Jaw Worm","floor":4,"turns":1},{"damage":32,"enemies":"3 Sentries","floor":7,"turns":10},{"damage":68,"enemies":"Lagavulin","floor":10,"turns":8},{"damage":11,"enemies":"Looter","floor":11,"turns":3},{"damage":0,"enemies":"Blue Slaver","floor":12,"turns":3},{"damage":10,"enemies":"3 Sentries","floor":13,"turns":5},{"damage":0,"enemies":"The Mushroom Lair","floor":14,"turns":3},{"damage":10,"enemies":"Hexaghost","floor":16,"turns":8},{"damage":12,"enemies":"2 Thieves","floor":18,"turns":4},{"damage":9,"enemies":"Shell Parasite","floor":19,"turns":6},{"damage":9,"enemies":"Snake Plant","floor":20,"turns":6},{"damage":27,"enemies":"Sentry and Sphere","floor":22,"turns":7},{"damage":28,"enemies":"Gremlin Leader","floor":23,"turns":7},{"damage":40,"enemies":"Slavers","floor":25,"turns":14},{"damage":26,"enemies":"Centurion and Healer","floor":28,"turns":10},{"damage":17,"enemies":"Colosseum Slavers","floor":30,"turns":7},{"damage":19,"enemies":"Colosseum Nobs","floor":30,"turns":4},{"damage":0,"enemies":"3 Cultists","floor":31,"turns":5},{"damage":40,"enemies":"Champ","floor":33,"turns":9},{"damage":17,"enemies":"3 Darklings","floor":35,"turns":3},{"damage":21,"enemies":"Orb Walker","floor":36,"turns":5},{"damage":21,"enemies":"Jaw Worm Horde","floor":38,"turns":6},{"damage":0,"enemies":"3 Darklings","floor":39,"turns":2},{"damage":128,"enemies":"Nemesis","floor":40,"turns":13},{"damage":0,"enemies":"4 Shapes","floor":42,"turns":4},{"damage":27,"enemies":"Jaw Worm Horde","floor":45,"turns":5},{"damage":23,"enemies":"Awakened One","floor":50,"turns":6}],"seed_played":"-3414890863503739621","potions_obtained":[{"floor":2,"key":"FairyPotion"},{"floor":11,"key":"LiquidBronze"},{"floor":12,"key":"ElixirPotion"},{"floor":13,"key":"EssenceOfSteel"},{"floor":16,"key":"AttackPotion"},{"floor":22,"key":"AttackPotion"},{"floor":25,"key":"Explosive Potion"},{"floor":28,"key":"DistilledChaos"},{"floor":30,"key":"PowerPotion"},{"floor":36,"key":"SmokeBomb"},{"floor":42,"key":"ElixirPotion"}],"is_trial":false,"path_per_floor":["M","M","?","M","$","R","E","R","T","E","M","M","E","?","R","B",null,"M","M","M","?","M","E","R","E","T","R","M","R","?","M","R","B",null,"M","M","$","M","M","E","R","M","T","?","M","$","R","?","R","B",null],"character_chosen":"IRONCLAD","items_purchased":["Spot Weakness","Lee\u0027s Waffle","Self Forming Clay","Singing Bowl","Anchor","Pear","Apotheosis","Vajra"],"campfire_rested":6,"item_purchase_floors":[5,37,37,37,37,37,37,46],"current_hp_per_floor":[78,80,80,80,80,80,54,54,54,30,25,31,27,33,33,29,67,64,65,62,62,45,26,54,23,23,52,35,65,44,53,53,22,87,80,65,130,125,131,9,51,63,63,128,111,111,132,125,125,111],"gold":15,"neow_bonus":"THREE_ENEMY_KILL","is_daily":false,"chose_seed":false,"campfire_upgraded":4,"win_rate":0.0,"timestamp":1611202510,"path_taken":["M","M","?","M","$","R","E","R","T","E","M","M","E","?","R","BOSS","M","M","M","?","M","E","R","E","T","R","M","R","?","M","R","BOSS","M","M","$","M","M","E","R","M","T","?","M","$","R","?","R","BOSS"],"items_purchased_type":["Card","Relic","Relic","Relic","Relic","Relic","Card","Relic"],"build_version":"2020-12-22","purchased_purges":1,"victory":true,"max_hp_per_floor":[80,80,80,80,80,80,80,80,80,80,80,80,80,80,80,80,80,83,87,87,87,91,94,94,97,97,97,100,100,103,106,106,109,109,113,113,130,140,140,140,140,146,146,128,132,132,132,125,125,128],"relic_stats":{"Lee\u0027s Waffle":55,"Gremlin Horn":[14,14],"Singing Bowl":4,"counters":[29,166],"Self Forming Clay":[63],"Charon\u0027s Ashes":[353],"Bag of Preparation":[28],"Smiling Mask":10,"Cursed Key":1,"Burning Blood":164,"Centennial Puzzle":[57],"Mummified Hand":[3],"Art of War":[2],"obtain_stats":[{"Lee\u0027s Waffle":37,"Pear":37,"NeowsBlessing":0,"Gremlin Horn":30,"Singing Bowl":37,"Self Forming Clay":37,"Oddly Smooth Stone":9,"Vajra":46,"Charon\u0027s Ashes":13,"The Courier":25,"Bag of Preparation":23,"Odd Mushroom":14,"Smiling Mask":7,"Cursed Key":17,"Burning Blood":0,"Old Coin":30,"Centennial Puzzle":10,"Anchor":37,"Mummified Hand":40,"Fusion Hammer":34,"Art of War":43},{"Lee\u0027s Waffle":23,"Pear":23,"NeowsBlessing":0,"Gremlin Horn":19,"Singing Bowl":23,"Self Forming Clay":23,"Oddly Smooth Stone":4,"Vajra":28,"Charon\u0027s Ashes":8,"The Courier":16,"Bag of Preparation":15,"Odd Mushroom":9,"Smiling Mask":4,"Cursed Key":10,"Burning Blood":0,"Old Coin":19,"Centennial Puzzle":5,"Anchor":23,"Mummified Hand":26,"Fusion Hammer":21,"Art of War":27},{"Lee\u0027s Waffle":130,"Pear":130,"NeowsBlessing":0,"Gremlin Horn":108,"Singing Bowl":130,"Self Forming Clay":130,"Oddly Smooth Stone":13,"Vajra":160,"Charon\u0027s Ashes":32,"The Courier":87,"Bag of Preparation":73,"Odd Mushroom":35,"Smiling Mask":13,"Cursed Key":43,"Burning Blood":0,"Old Coin":108,"Centennial Puzzle":21,"Anchor":130,"Mummified Hand":151,"Fusion Hammer":122,"Art of War":155}]},"card_choices":[{"not_picked":["Iron Wave","Second Wind"],"picked":"Shrug It Off","floor":1},{"not_picked":["Flex","Sword Boomerang"],"picked":"Cleave","floor":2},{"not_picked":["Sever Soul","Infernal Blade","Shrug It Off"],"picked":"SKIP","floor":4},{"not_picked":["Second Wind","Clash","Dual Wield"],"picked":"SKIP","floor":7},{"not_picked":["Dual Wield","Headbutt"],"picked":"Anger","floor":10},{"not_picked":["Anger","Searing Blow"],"picked":"Shrug It Off","floor":11},{"not_picked":["Dark Embrace","Hemokinesis"],"picked":"Heavy Blade","floor":12},{"not_picked":["Rupture","Rampage","Carnage"],"picked":"SKIP","floor":13},{"not_picked":["Clothesline","Iron Wave"],"picked":"Armaments","floor":14},{"not_picked":["Corruption","Offering"],"picked":"Feed","floor":16},{"not_picked":["Blood for Blood","Headbutt"],"picked":"Disarm","floor":18},{"not_picked":["Twin Strike","Iron Wave"],"picked":"Flame Barrier","floor":19},{"not_picked":["Flex","Clothesline"],"picked":"True Grit+1","floor":20},{"not_picked":["Body Slam","Uppercut"],"picked":"Sword Boomerang","floor":22},{"not_picked":["Havoc","Metallicize","Entrench+1"],"picked":"SKIP","floor":23},{"not_picked":["Metallicize","Infernal Blade"],"picked":"Limit Break","floor":25},{"not_picked":["Twin Strike","Thunderclap","Perfected Strike"],"picked":"SKIP","floor":28},{"not_picked":["Warcry","Carnage"],"picked":"Disarm","floor":31},{"not_picked":["Fiend Fire","Corruption"],"picked":"Exhume","floor":33},{"not_picked":["Evolve","Bloodletting","Heavy Blade"],"picked":"SKIP","floor":35},{"not_picked":["Warcry","Searing Blow+1"],"picked":"Dropkick+1","floor":36},{"not_picked":["Shrug It Off","Body Slam+1","Whirlwind"],"picked":"Singing Bowl","floor":38},{"not_picked":["Rampage","True Grit+1"],"picked":"Corruption","floor":40},{"not_picked":["Battle Trance","Twin Strike","Second Wind+1"],"picked":"Singing Bowl","floor":42},{"not_picked":["Perfected Strike+1","Pommel Strike"],"picked":"Burning Pact","floor":45}],"player_experience":147706,"relics_obtained":[{"floor":7,"key":"Smiling Mask"},{"floor":9,"key":"Oddly Smooth Stone"},{"floor":10,"key":"Centennial Puzzle"},{"floor":13,"key":"Charon\u0027s Ashes"},{"floor":14,"key":"Odd Mushroom"},{"floor":23,"key":"Bag of Preparation"},{"floor":25,"key":"The Courier"},{"floor":30,"key":"Old Coin"},{"floor":30,"key":"Gremlin Horn"},{"floor":40,"key":"Mummified Hand"},{"floor":43,"key":"Art of War"}],"event_choices":[{"damage_healed":0,"gold_gain":0,"player_choice":"Ignored","damage_taken":0,"max_hp_gain":0,"max_hp_loss":0,"event_name":"Golden Wing","floor":3,"gold_loss":0},{"damage_healed":0,"gold_gain":0,"player_choice":"Fought Mushrooms","damage_taken":0,"max_hp_gain":0,"max_hp_loss":0,"event_name":"Mushrooms","floor":14,"gold_loss":0},{"damage_healed":0,"gold_gain":0,"player_choice":"Read","damage_taken":0,"max_hp_gain":0,"max_hp_loss":0,"event_name":"The Library","floor":21,"gold_loss":0,"cards_obtained":["Limit Break"]},{"damage_healed":0,"gold_gain":0,"player_choice":"Fight","damage_taken":0,"max_hp_gain":0,"max_hp_loss":0,"event_name":"Colosseum","floor":30,"gold_loss":0},{"damage_healed":0,"gold_gain":0,"player_choice":"Fought Nobs","damage_taken":0,"max_hp_gain":0,"max_hp_loss":0,"event_name":"Colosseum","floor":30,"gold_loss":0},{"damage_healed":128,"gold_gain":0,"player_choice":"Heal","damage_taken":0,"max_hp_gain":0,"max_hp_loss":18,"event_name":"The Moai Head","floor":44,"gold_loss":0},{"damage_healed":0,"gold_gain":0,"player_choice":"Max HP","damage_taken":0,"max_hp_gain":0,"max_hp_loss":7,"event_name":"Winding Halls","floor":48,"gold_loss":0}],"is_beta":false,"boss_relics":[{"not_picked":["Black Blood","Tiny House"],"picked":"Cursed Key"},{"not_picked":["Philosopher\u0027s Stone","Runic Cube"],"picked":"Fusion Hammer"}],"items_purged_floors":[37],"is_endless":false,"potions_floor_spawned":[2,11,12,13,16,20,22,25,28,30,30,36,39,42],"ascension_level":12}}