{"host":"w3q5ijqu8eoknil3","time":1611238479,"event":{"mods":["AchievementEnabler","BaseMod","Block Reminder","Colored Map","Colored Powertips","Curses Come First","Dark Map","Minty Spire (QoL Compilation)","Quick Restart","Relic Stats","StSLib","ojb\u0027s Better Paths Mod","ojb\u0027s Info Mod","slay the spire mod where everything is the same but ironclad has a cowboy hat"],"gold_per_floor":[111,111,111,124,144,144,175,175,202,202,212,52,72,107,107,181,181,196,207,227,60,260,260,294,312,337,337,337,337],"floor_reached":28,"language":"ENG","playtime":1187,"items_purged":[],"score":519,"play_id":"ef5301d9-9f89-4fd8-9af6-e3a0053fbb37","local_time":"20210121141439","is_ascension_mode":true,"campfire_choices":[{"data":"Poisoned Stab","floor":6,"key":"SMITH"},{"data":"Dash","floor":10,"key":"SMITH"},{"data":"Bane","floor":15,"key":"SMITH"},{"data":"Crippling Poison","floor":23,"key":"SMITH"},{"floor":27,"key":"REST"}],"circlet_count":0,"master_deck":["AscendersBane","Survivor","Neutralize","Corpse Explosion","Poisoned Stab+1","Calculated Gamble","Leg Sweep","Dash+1","Blur","Sucker Punch","Bane+1","Night Terror","Tools of the Trade","Glass Knife","After Image","Blade Dance","Dagger Spray","Outmaneuver","Underhanded Strike","Backstab","Wraith Form v2","Catalyst","PiercingWail","Crippling Poison+1","Tactician","Concentrate"],"relics":["Ring of the Snake","Pen Nib","Potion Belt","Happy Flower","Darkstone Periapt","Pandora\u0027s Box","ClockworkSouvenir","Kunai","Anchor"],"acts_visited":["Exordium","TheCity"],"potions_floor_usage":[7,14,24,24,24,24,25,28],"damage_taken":[{"damage":4,"enemies":"Cultist","floor":1,"turns":4},{"damage":2,"enemies":"Small Slimes","floor":4,"turns":3},{"damage":0,"enemies":"2 Louse","floor":5,"turns":3},{"damage":12,"enemies":"Lagavulin","floor":7,"turns":6},{"damage":0,"enemies":"2 Fungi Beasts","floor":11,"turns":2},{"damage":3,"enemies":"3 Louse","floor":13,"turns":3},{"damage":0,"enemies":"Gremlin Nob","floor":14,"turns":3},{"damage":17,"enemies":"Hexaghost","floor":16,"turns":10},{"damage":14,"enemies":"2 Thieves","floor":18,"turns":2},{"damage":0,"enemies":"Chosen","floor":19,"turns":4},{"damage":0,"enemies":"3 Cultists","floor":20,"turns":2},{"damage":18,"enemies":"Book of Stabbing","floor":24,"turns":7},{"damage":16,"enemies":"Sentry and Sphere","floor":25,"turns":6},{"damage":27,"enemies":"Gremlin Leader","floor":28,"turns":4}],"seed_played":"-3583493628733631595","potions_obtained":[{"floor":4,"key":"SpeedPotion"},{"floor":5,"key":"ColorlessPotion"},{"floor":11,"key":"CunningPotion"},{"floor":14,"key":"SpeedPotion"},{"floor":19,"key":"EntropicBrew"},{"floor":20,"key":"Block Potion"}],"is_trial":false,"path_per_floor":["M","?","?","M","M","R","E","?","T","R","M","$","M","E","R","B",null,"M","M","M","$","?","R","E","M","T","R","E"],"character_chosen":"THE_SILENT","items_purchased":["Happy Flower","ClockworkSouvenir"],"campfire_rested":1,"item_purchase_floors":[12,21],"current_hp_per_floor":[55,48,48,46,46,46,34,34,34,34,34,34,31,31,31,14,53,39,39,39,39,39,39,21,5,5,24,0,0],"gold":337,"neow_bonus":"THREE_RARE_CARDS","is_daily":false,"chose_seed":false,"campfire_upgraded":4,"win_rate":0.0,"timestamp":1611238479,"path_taken":["M","?","?","M","?","R","E","?","T","R","M","$","?","E","R","BOSS","M","?","M","$","?","R","E","M","T","R","E"],"items_purchased_type":["Relic","Relic"],"build_version":"2020-12-22","purchased_purges":0,"victory":false,"max_hp_per_floor":[66,66,66,66,66,66,66,66,66,66,66,66,66,66,66,66,66,66,66,66,66,66,66,66,66,66,66,66,66],"relic_stats":{"Darkstone Periapt":0,"Happy Flower":[13],"counters":[14,59],"Pandora\u0027s Box":["Glass Knife","After Image","Blade Dance","Dagger Spray","Outmaneuver","Underhanded Strike","Backstab","Wraith Form v2"],"Pen Nib":[8],"Kunai":[2],"obtain_stats":[{"Potion Belt":9,"Darkstone Periapt":14,"Anchor":26,"Happy Flower":12,"Pandora\u0027s Box":17,"Pen Nib":7,"Kunai":24,"Ring of the Snake":0,"ClockworkSouvenir":21},{"Potion Belt":4,"Darkstone Periapt":7,"Anchor":13,"Happy Flower":5,"Pandora\u0027s Box":8,"Pen Nib":4,"Kunai":12,"Ring of the Snake":0,"ClockworkSouvenir":11},{"Potion Belt":16,"Darkstone Periapt":24,"Anchor":55,"Happy Flower":18,"Pandora\u0027s Box":34,"Pen Nib":16,"Kunai":49,"Ring of the Snake":0,"ClockworkSouvenir":42}],"Ring of the Snake":[28]},"card_choices":[{"not_picked":["Die Die Die","Adrenaline"],"picked":"Corpse Explosion","floor":0},{"not_picked":["Blade Dance","Well Laid Plans"],"picked":"Poisoned Stab","floor":1},{"not_picked":["Endless Agony","Flying Knee"],"picked":"Leg Sweep","floor":4},{"not_picked":["Backstab","Quick Slash"],"picked":"Dash","floor":5},{"not_picked":["Flying Knee","Dagger Throw"],"picked":"Blur","floor":7},{"not_picked":["Deflect","Blur"],"picked":"Sucker Punch","floor":11},{"not_picked":["Leg Sweep","Unload"],"picked":"Bane","floor":13},{"not_picked":["Bane","Quick Slash"],"picked":"Night Terror","floor":14},{"not_picked":["Grand Finale","Die Die Die"],"picked":"Tools of the Trade","floor":16},{"not_picked":["Caltrops","Setup"],"picked":"Catalyst","floor":18},{"not_picked":["Blade Dance","Deadly Poison"],"picked":"PiercingWail","floor":19},{"not_picked":["Deflect+1","Slice"],"picked":"Crippling Poison","floor":20},{"not_picked":["Choke","Flechettes"],"picked":"Tactician","floor":24},{"not_picked":["Deadly Poison","Underhanded Strike"],"picked":"Concentrate","floor":25}],"player_experience":1004869,"relics_obtained":[{"floor":7,"key":"Pen Nib"},{"floor":9,"key":"Potion Belt"},{"floor":14,"key":"Darkstone Periapt"},{"floor":24,"key":"Kunai"},{"floor":26,"key":"Anchor"}],"event_choices":[{"cards_removed":["Pain"],"damage_healed":0,"gold_gain":0,"player_choice":"Card Removal","damage_taken":7,"max_hp_gain":0,"max_hp_loss":0,"event_name":"Golden Wing","floor":2,"gold_loss":0},{"damage_healed":0,"gold_gain":0,"cards_transformed":["Strike_G"],"player_choice":"Transformed","damage_taken":0,"max_hp_gain":0,"max_hp_loss":0,"event_name":"Transmorgrifier","floor":3,"gold_loss":0,"cards_obtained":["Calculated Gamble"]},{"cards_removed":["Strike_G"],"damage_healed":0,"gold_gain":0,"player_choice":"Offered Basic","damage_taken":0,"max_hp_gain":0,"max_hp_loss":0,"event_name":"Bonfire Elementals","floor":8,"gold_loss":0},{"damage_healed":0,"gold_gain":250,"player_choice":"Bet on Owner","damage_taken":0,"max_hp_gain":0,"max_hp_loss":0,"event_name":"The Joust","floor":22,"gold_loss":50}],"is_beta":false,"boss_relics":[{"not_picked":["WristBlade","SacredBark"],"picked":"Pandora\u0027s Box"}],"items_purged_floors":[],"is_endless":false,"potions_floor_spawned":[4,5,11,14,19,20],"killed_by":"Gremlin Leader","ascension_level":18}}