{"host":"ttx8tv95o5vka1nm","time":1611192061,"event":{"mods":["AchievementEnabler","BaseMod","Colored Map","Downfall","Infinite Spire","Minty Spire (QoL Compilation)","Shop Mod","StSLib","The Jungle"],"gold_per_floor":[117,136,154,154,169,202,217,228,228,258,258,285,285,304,304,399,399,399],"floor_reached":17,"language":"ENG","playtime":1477,"items_purged":[],"score":233,"play_id":"2627b541-4c46-4277-80f6-efe1551f18e9","local_time":"20210121112101","is_ascension_mode":true,"campfire_choices":[{"floor":11,"key":"REST"},{"floor":13,"key":"REST"},{"data":"Rage","floor":15,"key":"SMITH"}],"circlet_count":0,"master_deck":["Bash","Shrug It Off","infinitespire:OneForAll","Iron Wave","Pommel Strike","Fire Breathing","Flame Barrier","Uppercut","Rage+1","Metallicize","Offering","Twin Strike","Corruption","Combust","Corruption","Flame Barrier","Clash","Uppercut","Shrug It Off","Seeing Red"],"relics":["Burning Blood","infinitespire:CursedDice","SsserpentHead","Ice Cream","Shuriken","Regal Pillow","Ginger","Pandora\u0027s Box"],"acts_visited":["Exordium","TheCity"],"potions_floor_usage":[5,10,12],"damage_taken":[{"damage":11,"enemies":"Cultist","floor":1,"turns":4},{"damage":2,"enemies":"Jaw Worm","floor":2,"turns":4},{"damage":12,"enemies":"Small Slimes","floor":3,"turns":5},{"damage":10,"enemies":"Exordium Thugs","floor":5,"turns":7},{"damage":36,"enemies":"Gremlin Nob","floor":6,"turns":5},{"damage":9,"enemies":"Looter","floor":7,"turns":3},{"damage":1,"enemies":"Large Slime","floor":8,"turns":7},{"damage":17,"enemies":"3 Sentries","floor":10,"turns":6},{"damage":33,"enemies":"Lagavulin","floor":12,"turns":6},{"damage":15,"enemies":"3 Louse","floor":14,"turns":3},{"damage":60,"enemies":"Hexaghost","floor":16,"turns":12}],"seed_played":"-4624210423220570767","potions_obtained":[{"floor":2,"key":"EssenceOfSteel"},{"floor":5,"key":"DuplicationPotion"},{"floor":6,"key":"AttackPotion"},{"floor":14,"key":"BlessingOfTheForge"}],"is_trial":false,"path_per_floor":["M","M","M","?","M","E","M","M","T","E","R","E","R","M","R","B",null],"character_chosen":"IRONCLAD","items_purchased":[],"campfire_rested":2,"item_purchase_floors":[],"current_hp_per_floor":[67,71,65,65,61,31,28,33,33,22,58,31,67,58,58,32,62,62],"gold":399,"neow_bonus":"ONE_RARE_RELIC","is_daily":false,"chose_seed":false,"campfire_upgraded":1,"win_rate":0.0,"timestamp":1611192061,"path_taken":["M","M","M","?","M","E","M","M","T","E","R","E","R","M","R","BOSS"],"items_purchased_type":[],"build_version":"2020-12-22","purchased_purges":0,"victory":false,"max_hp_per_floor":[72,72,72,72,72,72,72,72,72,72,72,72,72,72,72,72,72,72],"card_choices":[{"not_picked":["Pummel","True Grit"],"picked":"Shrug It Off","floor":1},{"not_picked":["Feel No Pain","Dual Wield"],"picked":"infinitespire:OneForAll","floor":2},{"not_picked":["Dual Wield","Dropkick"],"picked":"Iron Wave","floor":3},{"not_picked":["Sword Boomerang","Evolve"],"picked":"Pommel Strike","floor":5},{"not_picked":["Twin Strike","Rupture","Clash"],"picked":"SKIP","floor":6},{"not_picked":["True Grit","Heavy Blade"],"picked":"Fire Breathing","floor":7},{"not_picked":["Clothesline","Bludgeon"],"picked":"Flame Barrier","floor":8},{"not_picked":["Pommel Strike","Combust"],"picked":"Uppercut","floor":10},{"not_picked":["Burning Pact","Shrug It Off"],"picked":"Rage","floor":12},{"not_picked":["Rampage","Armaments"],"picked":"Metallicize","floor":14},{"not_picked":["Impervious","Exhume"],"picked":"Offering","floor":16}],"player_experience":762049,"relics_obtained":[{"floor":6,"key":"Ice Cream"},{"floor":9,"key":"Shuriken"},{"floor":10,"key":"Regal Pillow"},{"floor":12,"key":"Ginger"}],"event_choices":[{"damage_healed":0,"gold_gain":0,"player_choice":"Trade","damage_taken":0,"relics_obtained":["SsserpentHead"],"max_hp_gain":0,"max_hp_loss":0,"event_name":"FaceTrader","floor":4,"gold_loss":0}],"is_beta":false,"boss_relics":[{"not_picked":["infinitespire:Cupcake","Runic Cube"],"picked":"Pandora\u0027s Box"}],"items_purged_floors":[],"is_endless":false,"potions_floor_spawned":[2,5,6,14],"ascension_level":6}}