{"host":"h15mxg6fckhg46bu","time":1611258090,"event":{"mods":["BaseMod","Block Reminder","Minty Spire (QoL Compilation)","StSLib"],"gold_per_floor":[109,126,14,14,33,67,67,97,147,147,166,166,176,196,196,299,299,313,330,344,344,13,13,46,57,57,57,77,102,119,119,119,218,218,238,250,264,264,264],"floor_reached":38,"language":"ENG","playtime":7877,"items_purged":[],"score":627,"play_id":"ee9b4c89-f37d-4f48-bdf1-6d0e46c0d02e","local_time":"20210121134130","is_ascension_mode":true,"campfire_choices":[{"floor":7.0,"key":"REST"},{"floor":10.0,"key":"REST"},{"floor":15.0,"key":"REST"},{"floor":23,"key":"REST"},{"floor":27,"key":"REST"},{"floor":32,"key":"REST"}],"circlet_count":0,"master_deck":["Strike_G","Strike_G","Strike_G","Strike_G","Strike_G","Defend_G","Defend_G","Defend_G","Defend_G","Survivor","Neutralize","PiercingWail","Dodge and Roll","Panacea","Deadly Poison","Dash","Escape Plan","Envenom","Dagger Throw","Parasite","Sucker Punch","Bullet Time","Deflect","Quick Slash","Eviscerate+1","Cloak And Dagger","PiercingWail","Dagger Spray","Quick Slash+1","Outmaneuver","Skewer+1","Tactician+1","Blade Dance","Deadly Poison","Glass Knife","Terror","Setup+1","All Out Attack+1","Parasite","Acrobatics"],"relics":["Busted Crown","Paper Crane","Smiling Mask","Bottled Lightning","Centennial Puzzle","Runic Pyramid","Prayer Wheel","Ancient Tea Set","Turnip","Kunai","Fusion Hammer"],"acts_visited":["Exordium","TheCity","TheBeyond"],"potions_floor_usage":[18,24,28,29,33,38],"damage_taken":[{"damage":0.0,"enemies":"Jaw Worm","floor":1.0,"turns":6.0},{"damage":0.0,"enemies":"2 Louse","floor":2.0,"turns":2.0},{"damage":11.0,"enemies":"Cultist","floor":5.0,"turns":5.0},{"damage":16.0,"enemies":"3 Sentries","floor":6.0,"turns":12.0},{"damage":17.0,"enemies":"Lagavulin","floor":8.0,"turns":8.0},{"damage":3.0,"enemies":"Blue Slaver","floor":11.0,"turns":3.0},{"damage":6.0,"enemies":"Looter","floor":13.0,"turns":3.0},{"damage":6.0,"enemies":"Lots of Slimes","floor":14.0,"turns":3.0},{"damage":5.0,"enemies":"Slime Boss","floor":16.0,"turns":12.0},{"damage":21,"enemies":"3 Byrds","floor":18,"turns":7},{"damage":8,"enemies":"Spheric Guardian","floor":19,"turns":6},{"damage":19,"enemies":"Centurion and Healer","floor":20,"turns":9},{"damage":28,"enemies":"Gremlin Leader","floor":24,"turns":8},{"damage":1,"enemies":"Chosen and Byrds","floor":25,"turns":6},{"damage":10,"enemies":"Sentry and Sphere","floor":28,"turns":5},{"damage":7,"enemies":"Slavers","floor":29,"turns":4},{"damage":10,"enemies":"3 Cultists","floor":30,"turns":6},{"damage":9,"enemies":"Collector","floor":33,"turns":9},{"damage":22,"enemies":"3 Shapes","floor":35,"turns":6},{"damage":2,"enemies":"Orb Walker","floor":36,"turns":4},{"damage":17,"enemies":"Writhing Mass","floor":37,"turns":6},{"damage":27,"enemies":"Transient","floor":38,"turns":5}],"seed_played":"-8942908573403651894","potions_obtained":[{"floor":2.0,"key":"SteroidPotion"},{"floor":5.0,"key":"Strength Potion"},{"floor":13.0,"key":"Fire Potion"},{"floor":14.0,"key":"LiquidMemories"},{"floor":16.0,"key":"BlessingOfTheForge"},{"floor":18,"key":"SteroidPotion"},{"floor":25,"key":"ColorlessPotion"},{"floor":30,"key":"CultistPotion"},{"floor":36,"key":"CunningPotion"}],"is_trial":false,"path_per_floor":["M","M","$","?","M","E","R","E","T","R","M","?","M","M","R","B",null,"M","M","M","?","$","R","E","M","T","R","M","E","M","?","R","B",null,"M","M","M","M"],"character_chosen":"THE_SILENT","items_purchased":["Panacea","Deadly Poison","Prayer Wheel","Cloak And Dagger"],"campfire_rested":6,"item_purchase_floors":[3,3,22,22],"current_hp_per_floor":[63,63,63,45,34,18,39,22,22,43,40,57,51,45,66,61,68,47,39,20,20,20,41,13,12,12,33,23,16,6,6,27,18,57,35,33,16,0,0],"gold":264,"neow_bonus":"BOSS_RELIC","is_daily":false,"chose_seed":false,"campfire_upgraded":0,"win_rate":0.0,"timestamp":1611258090,"path_taken":["M","M","$","?","M","E","R","E","T","R","M","?","M","?","R","BOSS","M","M","M","?","$","R","E","?","T","R","M","E","M","?","R","BOSS","M","M","M","M"],"items_purchased_type":["Card","Card","Relic","Card"],"build_version":"2020-12-22","purchased_purges":0,"victory":false,"max_hp_per_floor":[70,70,70,70,70,70,70,70,70,70,70,70,70,70,70,70,70,70,70,70,70,70,70,70,70,70,70,70,70,70,70,70,70,70,70,70,70,70,70],"card_choices":[{"not_picked":[],"picked":"PiercingWail","floor":1.0},{"not_picked":[],"picked":"Dodge and Roll","floor":2.0},{"not_picked":[],"picked":"Dash","floor":5.0},{"not_picked":[],"picked":"Escape Plan","floor":6.0},{"not_picked":[],"picked":"Envenom","floor":8.0},{"not_picked":[],"picked":"Dagger Throw","floor":11.0},{"not_picked":[],"picked":"Sucker Punch","floor":13.0},{"not_picked":["Prepared"],"picked":"SKIP","floor":14.0},{"not_picked":[],"picked":"Bullet Time","floor":16.0},{"not_picked":[],"picked":"Deflect","floor":18},{"not_picked":[],"picked":"Quick Slash","floor":19},{"not_picked":[],"picked":"Eviscerate+1","floor":20},{"not_picked":[],"picked":"PiercingWail","floor":24},{"not_picked":[],"picked":"Dagger Spray","floor":25},{"not_picked":[],"picked":"Quick Slash+1","floor":25},{"not_picked":[],"picked":"Outmaneuver","floor":28},{"not_picked":[],"picked":"Skewer+1","floor":28},{"not_picked":[],"picked":"Tactician+1","floor":29},{"not_picked":[],"picked":"Blade Dance","floor":30},{"not_picked":[],"picked":"Deadly Poison","floor":30},{"not_picked":[],"picked":"Glass Knife","floor":33},{"not_picked":[],"picked":"Terror","floor":35},{"not_picked":["Dagger Spray"],"picked":"SKIP","floor":35},{"not_picked":[],"picked":"Setup+1","floor":36},{"not_picked":[],"picked":"All Out Attack+1","floor":36},{"not_picked":[],"picked":"Acrobatics","floor":37},{"not_picked":["Masterful Stab+1"],"picked":"SKIP","floor":37}],"player_experience":3867261,"relics_obtained":[{"floor":6.0,"key":"Smiling Mask"},{"floor":8.0,"key":"Bottled Lightning"},{"floor":9.0,"key":"Centennial Puzzle"},{"floor":24,"key":"Ancient Tea Set"},{"floor":26,"key":"Turnip"},{"floor":29,"key":"Kunai"}],"event_choices":[{"damage_healed":0.0,"max_hp_gain":0.0,"max_hp_loss":0.0,"gold_gain":0.0,"event_name":"Scrap Ooze","player_choice":"Success","floor":4.0,"gold_loss":0.0,"damage_taken":18.0,"relics_obtained":["Paper Crane"]},{"damage_healed":17.0,"max_hp_gain":0.0,"max_hp_loss":0.0,"gold_gain":0.0,"event_name":"Mushrooms","player_choice":"Healed and dodged fight","floor":12.0,"gold_loss":0.0,"damage_taken":0.0,"cards_obtained":["Parasite"]},{"cards_removed":["Defend_G"],"damage_healed":0,"gold_gain":0,"player_choice":"Purged","damage_taken":0,"max_hp_gain":0,"max_hp_loss":0,"event_name":"Purifier","floor":21,"gold_loss":0},{"damage_healed":0,"gold_gain":0,"player_choice":"Ignored","damage_taken":0,"max_hp_gain":0,"max_hp_loss":0,"event_name":"Cursed Tome","floor":31,"gold_loss":0}],"is_beta":false,"boss_relics":[{"not_picked":["HoveringKite","Cursed Key"],"picked":"Runic Pyramid"},{"not_picked":["SacredBark","Pandora\u0027s Box"],"picked":"Fusion Hammer"}],"items_purged_floors":[],"is_endless":false,"potions_floor_spawned":[2,5,13,14,16,18,25,30,36],"killed_by":"Transient","ascension_level":8}}