{"host":"zrg8yzdwi219jxzu","time":1611270631,"event":{"mods":["BaseMod","Googly Eyes","Minty Spire (QoL Compilation)","The IronCluck","slay the spire mod where everything is the same but ironclad has a cowboy hat"],"gold_per_floor":[113,131,131,231,244,244,256,289,289,289,321,271,271,271],"floor_reached":13,"language":"ENG","playtime":455,"items_purged":[],"score":137,"play_id":"9b6154b6-2471-485e-afe4-ac8282b29d1c","local_time":"20210121181031","is_ascension_mode":true,"campfire_choices":[{"data":"Rampage","floor":6,"key":"SMITH"},{"data":"True Grit","floor":10,"key":"SMITH"}],"circlet_count":0,"master_deck":["Strike_R+1","Strike_R","Strike_R+1","Strike_R","Defend_R","Defend_R","Defend_R","Defend_R","Bash","Warcry","Rampage+1","True Grit+1"],"relics":["Burning Blood","Juzu Bracelet","White Beast Statue","Shovel"],"acts_visited":["Exordium"],"potions_floor_usage":[8,8,13],"damage_taken":[{"damage":6,"enemies":"2 Louse","floor":1,"turns":3},{"damage":5,"enemies":"Small Slimes","floor":2,"turns":4},{"damage":1,"enemies":"Cultist","floor":5,"turns":3},{"damage":2,"enemies":"3 Louse","floor":7,"turns":4},{"damage":30,"enemies":"Lagavulin","floor":8,"turns":5},{"damage":36,"enemies":"3 Sentries","floor":11,"turns":9},{"damage":24,"enemies":"Gremlin Nob","floor":13,"turns":3}],"seed_played":"3779775341470207770","potions_obtained":[{"floor":2,"key":"Regen Potion"},{"floor":7,"key":"SteroidPotion"},{"floor":11,"key":"SpeedPotion"}],"is_trial":false,"path_per_floor":["M","M","?","?","M","R","M","E","T","R","E","?","E"],"character_chosen":"IRONCLAD","items_purchased":[],"campfire_rested":0,"item_purchase_floors":[],"current_hp_per_floor":[72,73,54,54,59,59,63,53,53,53,23,23,0,0],"gold":271,"neow_bonus":"TWENTY_PERCENT_HP_BONUS","is_daily":false,"chose_seed":false,"campfire_upgraded":2,"win_rate":0.0,"timestamp":1611270631,"path_taken":["M","M","?","?","M","R","?","E","T","R","E","?","E"],"items_purchased_type":[],"build_version":"2020-12-22","purchased_purges":0,"victory":false,"max_hp_per_floor":[96,96,96,96,96,96,96,96,96,96,96,96,96,96],"card_choices":[{"not_picked":["Heavy Blade","Inflame"],"picked":"Warcry","floor":1},{"not_picked":["Feel No Pain","Pommel Strike"],"picked":"Rampage","floor":2},{"not_picked":["Body Slam","Heavy Blade","Seeing Red"],"picked":"SKIP","floor":5},{"not_picked":["Juggernaut","Dropkick","Wild Strike"],"picked":"SKIP","floor":7},{"not_picked":["Whirlwind","Fire Breathing"],"picked":"True Grit","floor":8},{"not_picked":["Clothesline","Seeing Red","Flex"],"picked":"SKIP","floor":11}],"player_experience":115900,"relics_obtained":[{"floor":8,"key":"Juzu Bracelet"},{"floor":9,"key":"White Beast Statue"},{"floor":11,"key":"Shovel"}],"event_choices":[{"damage_healed":0,"gold_gain":0,"player_choice":"Entered Light","damage_taken":19,"max_hp_gain":0,"max_hp_loss":0,"event_name":"Shining Light","floor":3,"gold_loss":0,"cards_upgraded":["Strike_R","Strike_R"]},{"damage_healed":0,"gold_gain":100,"player_choice":"Gold","damage_taken":0,"max_hp_gain":0,"max_hp_loss":0,"event_name":"Wheel of Change","floor":4,"gold_loss":0},{"cards_removed":["Strike_R"],"damage_healed":0,"gold_gain":0,"player_choice":"Card Removal","damage_taken":0,"max_hp_gain":0,"max_hp_loss":0,"event_name":"The Cleric","floor":12,"gold_loss":50}],"is_beta":false,"boss_relics":[],"items_purged_floors":[],"is_endless":false,"potions_floor_spawned":[2,7,11],"killed_by":"Gremlin Nob","ascension_level":4}}