{"host":"urvvf8749ekcxo1a","time":1611266785,"event":{"mods":["AchievementEnabler","BaseMod","Better Sensory Stone","BetterRewards","Colored Powertips","Evolution","Gold Saver","Marisa????????","Minty Spire (QoL Compilation)","Quick Restart","StSLib","SuperFastMode","The Cursed","The Hierophant","The Saiyan","The Servant 0.9.4","The Wild Card"],"gold_per_floor":[1019,562,562,562,483,516,526,526,579,598,612,643,643,655,655,753,753,771,420,433,708,708,708,741,741,766,766,766,796,796,796],"floor_reached":30,"language":"ENG","playtime":624,"items_purged":[],"score":299,"play_id":"acf974e7-2eec-4215-bd6b-9c3c7c2d1a35","local_time":"20210121170625","is_ascension_mode":false,"campfire_choices":[{"data":"Apotheosis","floor":15,"key":"SMITH"},{"floor":23,"key":"REST"},{"floor":25,"key":"REST"},{"floor":27,"key":"DIG"}],"circlet_count":0,"master_deck":["Strike_B","Strike_B","Strike_B","Strike_B","Defend_B","Defend_B","Defend_B+1","Defend_B","Zap+1","Dualcast","Streamline","Gash","Hello World+1","Tempest","Ball Lightning","Loop+1","Biased Cognition+1","Apotheosis+1","Beam Cell+1","Meteor Strike+1","Sunder+1","Mayhem+1","Melter+1","Conserve Battery+1","Regret","Double Energy","Aggregate"],"relics":["Cracked Core","EVO:Axolotl","NeowsBlessing","Juzu Bracelet","Frozen Egg 2","Darkstone Periapt","Molten Egg 2","Toy Ornithopter","PreservedInsect","Inserter","Membership Card","Regal Pillow","Enchiridion","Shovel","Potion Belt","Pantograph","MutagenicStrength","Bottled Tornado"],"acts_visited":["Exordium","TheCity"],"potions_floor_usage":[12,14,16,18,24,30],"damage_taken":[{"damage":0,"enemies":"2 Louse","floor":1,"turns":1},{"damage":0,"enemies":"Lagavulin","floor":6,"turns":1},{"damage":0,"enemies":"Jaw Worm","floor":7,"turns":1},{"damage":0,"enemies":"Cultist","floor":10,"turns":2},{"damage":8,"enemies":"Large Slime","floor":11,"turns":4},{"damage":14,"enemies":"Gremlin Nob","floor":12,"turns":3},{"damage":8,"enemies":"Blue Slaver","floor":14,"turns":2},{"damage":11,"enemies":"Slime Boss","floor":16,"turns":7},{"damage":40,"enemies":"3 Byrds","floor":18,"turns":4},{"damage":10,"enemies":"Chosen","floor":20,"turns":3},{"damage":46,"enemies":"Slavers","floor":24,"turns":4},{"damage":45,"enemies":"Gremlin Leader","floor":29,"turns":5},{"damage":19,"enemies":"Masked Bandits","floor":30,"turns":3}],"seed_played":"5422319904588011570","potions_obtained":[{"floor":6,"key":"Energy Potion"},{"floor":10,"key":"EssenceOfSteel"},{"floor":14,"key":"ColorlessPotion"},{"floor":16,"key":"Energy Potion"},{"floor":20,"key":"Strength Potion"},{"floor":29,"key":"BlessingOfTheForge"}],"is_trial":false,"path_per_floor":["M","$","?","?","$","E","M","T","T","M","M","E","?","M","R","B",null,"M","$","M","?","?","R","E","R","T","R","?","E","?"],"character_chosen":"DEFECT","items_purchased":["Juzu Bracelet","Frozen Egg 2","Gash","Hello World+1","Membership Card","Regal Pillow","Mayhem+1","Melter+1"],"campfire_rested":2,"item_purchase_floors":[2,2,2,5,19,19,19,19],"current_hp_per_floor":[75,75,80,64,64,64,64,64,64,64,56,47,47,44,44,38,80,40,40,30,36,20,60,19,59,59,59,59,14,0,0],"gold":796,"neow_bonus":"THREE_ENEMY_KILL","is_daily":false,"chose_seed":false,"campfire_upgraded":1,"win_rate":0.0,"timestamp":1611266785,"path_taken":["M","$","?","?","$","E","M","?","T","M","M","E","?","M","R","BOSS","M","$","M","?","?","R","E","R","T","R","?","E","?"],"items_purchased_type":["Relic","Relic","Card","Card","Relic","Relic","Card","Card"],"build_version":"2020-12-22","purchased_purges":0,"victory":false,"max_hp_per_floor":[75,75,80,80,80,80,80,80,80,80,80,80,80,80,80,80,80,80,80,80,86,86,86,86,86,86,86,86,86,86,86],"card_choices":[{"not_picked":["Rebound","Undo"],"picked":"Streamline","floor":1},{"not_picked":["Steam","Fusion"],"picked":"Tempest","floor":6},{"not_picked":["Rebound","Chill"],"picked":"Ball Lightning","floor":7},{"not_picked":["Self Repair+1","Turbo"],"picked":"Loop+1","floor":10},{"not_picked":["Compile Driver+1","Reboot","Redo"],"picked":"SKIP","floor":11},{"not_picked":["Heatsinks+1","Redo"],"picked":"Biased Cognition+1","floor":12},{"not_picked":["Good Instincts","Forethought"],"picked":"Apotheosis","floor":13},{"not_picked":["Sweeping Beam+1","Steam"],"picked":"Beam Cell+1","floor":14},{"not_picked":["All For One+1","Hyperbeam+1"],"picked":"Meteor Strike+1","floor":16},{"not_picked":["Hologram","Streamline+1"],"picked":"Sunder+1","floor":18},{"not_picked":["Blizzard+1","Coolheaded"],"picked":"Conserve Battery+1","floor":20},{"not_picked":["Steam Power","Blizzard+1"],"picked":"Double Energy","floor":24},{"not_picked":["Sweeping Beam+1","Cold Snap+1"],"picked":"Aggregate","floor":29}],"player_experience":129758,"relics_obtained":[{"floor":6,"key":"Darkstone Periapt"},{"floor":8,"key":"Molten Egg 2"},{"floor":9,"key":"Toy Ornithopter"},{"floor":12,"key":"PreservedInsect"},{"floor":22,"key":"Enchiridion"},{"floor":24,"key":"Shovel"},{"floor":26,"key":"Potion Belt"},{"floor":27,"key":"Pantograph"},{"floor":29,"key":"Bottled Tornado"}],"event_choices":[{"damage_healed":0,"gold_gain":0,"player_choice":"Donut","damage_taken":0,"max_hp_gain":5,"max_hp_loss":0,"event_name":"Big Fish","floor":3,"gold_loss":0},{"damage_healed":0,"gold_gain":0,"player_choice":"Entered Light","damage_taken":16,"max_hp_gain":0,"max_hp_loss":0,"event_name":"Shining Light","floor":4,"gold_loss":0,"cards_upgraded":["Defend_B","Zap"]},{"damage_healed":0,"gold_gain":1,"player_choice":"1","damage_taken":0,"max_hp_gain":0,"max_hp_loss":0,"event_name":"betterStone:BetterStone","floor":13,"gold_loss":0},{"damage_healed":0,"gold_gain":275,"player_choice":"Desecrate","damage_taken":0,"max_hp_gain":0,"max_hp_loss":0,"event_name":"Golden Shrine","floor":21,"gold_loss":0,"cards_obtained":["Regret"]},{"damage_healed":0,"gold_gain":0,"player_choice":"Obtained Book","damage_taken":16,"max_hp_gain":0,"max_hp_loss":0,"event_name":"Cursed Tome","floor":22,"gold_loss":0},{"damage_healed":0,"gold_gain":0,"player_choice":"Inject Mutagens","damage_taken":0,"relics_obtained":["MutagenicStrength"],"max_hp_gain":0,"max_hp_loss":0,"event_name":"Drug Dealer","floor":28,"gold_loss":0},{"damage_healed":0,"gold_gain":0,"player_choice":"Fought Bandits","damage_taken":0,"max_hp_gain":0,"max_hp_loss":0,"event_name":"Masked Bandits","floor":30,"gold_loss":0}],"is_beta":false,"boss_relics":[{"not_picked":["Tiny House","Snecko Eye"],"picked":"Inserter"}],"items_purged_floors":[],"is_endless":false,"potions_floor_spawned":[6,10,14,16,20,29],"killed_by":"Masked Bandits","ascension_level":0}}