{"host":"wonp23fsqqcu31ie","time":1611216730,"event":{"mods":["2.2 Compatiblity","AchievementEnabler","Aspiration","BaseMod","Bestiary","Better Altar","Better Match","Better Sensory Stone","Better Skull","Better Third Choice","BetterRewards","Block Reminder","Colored Map","Colored Powertips","Conspire","Curses Come First","DeckTracker","Displayed Cursed Tome","Downfall","Energized Spire","Evolution","Hermit","Highlight Path","Hubris","Infinite Spire","Marisa????????","Minty Spire (QoL Compilation)","Permanent Neow","Prisma Mod","Quick Restart","Rare Cards Sparkle","Relic Stats","Robot Space Explorer","Shade Mod","Shop Mod","StSLib","SuperFastMode","The Animator","The Bug Knight","The Construct","The Cursed","The Disciple","The Dragon Tamer","The Gatherer","The Hierophant","The Marked","The Necromancer","The Poker Player","The Runesmith","The Saiyan","The Servant 0.9.4","TheBandit"],"gold_per_floor":[212,212,177,177,202,202,232,232,255,282,282,208,220,252,252,351,351,365,382,399,399,415,415,415],"floor_reached":23,"language":"ENG","playtime":433,"items_purged":[],"score":267,"play_id":"e739b49e-9d0a-4772-a1db-54aec27c5eb6","local_time":"20210121191210","is_ascension_mode":true,"campfire_choices":[{"floor":6,"key":"RECALL"},{"data":"Vigilance","floor":8,"key":"SMITH"},{"data":"Consecrate","floor":11,"key":"SMITH"},{"data":"WindmillStrike","floor":15,"key":"SMITH"}],"circlet_count":0,"master_deck":["EmptyFist","EmptyFist","EmptyFist","Strike_P","Defend_P+1","Defend_P+1","Defend_P+1","Defend_P","Eruption+1","Vigilance+1","FlurryOfBlows+1","Consecrate+1","SashWhip","LessonLearned+1","WindmillStrike+1","Weave","DevaForm","ClearTheMind+1","FearNoEvil+1","BowlingBash","Protect"],"relics":["PureWater","EVO:Axolotl","Orichalcum","hubris:TenFootPole","infinitespire:Bottled Soul","Runesmith:Nanobots"],"acts_visited":["Exordium","TheCity"],"potions_floor_usage":[10,18,20],"damage_taken":[{"damage":10,"enemies":"2 Louse","floor":1,"turns":3},{"damage":0,"enemies":"Gremlin Nob","floor":7,"turns":2},{"damage":15,"enemies":"Lagavulin","floor":10,"turns":4},{"damage":4,"enemies":"Small Slimes","floor":13,"turns":3},{"damage":1,"enemies":"Gremlin Nob","floor":14,"turns":3},{"damage":13,"enemies":"Hexaghost","floor":16,"turns":9},{"damage":8,"enemies":"2 Thieves","floor":18,"turns":3},{"damage":5,"enemies":"Spheric Guardian","floor":19,"turns":3},{"damage":37,"enemies":"Chosen and Byrds","floor":20,"turns":5},{"damage":29,"enemies":"Snake Plant","floor":22,"turns":2},{"damage":36,"enemies":"Nightmare","floor":23,"turns":5}],"seed_played":"2164610692037690268","potions_obtained":[{"floor":7,"key":"Energy Potion"},{"floor":16,"key":"Explosive Potion"},{"floor":19,"key":"conspire:TimeTravelPotion"}],"is_trial":false,"path_per_floor":["M","?","?","?","T","R","E","R","T","E","R","$","M","E","R","B",null,"M","M","M","?","M","NM"],"character_chosen":"WATCHER","items_purchased":["LessonLearned"],"campfire_rested":0,"item_purchase_floors":[12],"current_hp_per_floor":[62,48,66,66,66,66,66,66,66,51,51,51,47,46,46,33,72,64,59,53,60,31,0,0],"gold":415,"neow_bonus":"HUNDRED_GOLD","is_daily":false,"chose_seed":false,"campfire_upgraded":3,"win_rate":0.0,"timestamp":1611216730,"path_taken":["M","?","?","?","?","R","E","R","T","E","R","?","?","E","R","BOSS","M","M","?","?","?","NM"],"items_purchased_type":["Card"],"build_version":"2020-12-22","purchased_purges":0,"victory":false,"max_hp_per_floor":[72,72,72,72,72,72,72,72,72,72,72,72,72,72,72,72,72,72,72,72,72,72,72,72],"relic_stats":{"counters":[11,42],"Orichalcum":[78],"obtain_stats":[{"Runesmith:Nanobots":14,"infinitespire:Bottled Soul":10,"hubris:TenFootPole":7,"EVO:Axolotl":0,"PureWater":0,"Orichalcum":5},{"Runesmith:Nanobots":5,"infinitespire:Bottled Soul":3,"hubris:TenFootPole":2,"EVO:Axolotl":0,"PureWater":0,"Orichalcum":1},{"Runesmith:Nanobots":15,"infinitespire:Bottled Soul":9,"hubris:TenFootPole":5,"EVO:Axolotl":0,"PureWater":0,"Orichalcum":3}]},"card_choices":[{"not_picked":["FollowUp","CutThroughFate"],"picked":"FlurryOfBlows","floor":1},{"not_picked":["SashWhip","WheelKick"],"picked":"Consecrate","floor":7},{"not_picked":["EmptyFist","JustLucky"],"picked":"SashWhip","floor":10},{"not_picked":["ThirdEye","JustLucky"],"picked":"WindmillStrike","floor":13},{"not_picked":["BattleHymn","Wireheading"],"picked":"Weave","floor":14},{"not_picked":["Omniscience","Wish"],"picked":"DevaForm","floor":16},{"not_picked":["Nirvana","WheelKick"],"picked":"ClearTheMind+1","floor":18},{"not_picked":["ThirdEye","Adaptation"],"picked":"FearNoEvil+1","floor":19},{"not_picked":["Nirvana","Evaluate"],"picked":"BowlingBash","floor":20},{"not_picked":["CrushJoints","Wireheading+1"],"picked":"Protect","floor":22}],"player_experience":576940,"relics_obtained":[{"floor":5,"key":"Orichalcum"},{"floor":7,"key":"hubris:TenFootPole"},{"floor":10,"key":"infinitespire:Bottled Soul"},{"floor":14,"key":"Runesmith:Nanobots"}],"event_choices":[{"damage_healed":62,"gold_gain":0,"player_choice":"Upgrade","damage_taken":14,"max_hp_gain":0,"max_hp_loss":72,"event_name":"betterThird:BetterShining","floor":2,"gold_loss":0,"cards_upgraded":["FlurryOfBlows","Defend_P"]},{"damage_healed":18,"gold_gain":0,"player_choice":"Healed","damage_taken":0,"max_hp_gain":0,"max_hp_loss":0,"event_name":"The Cleric","floor":3,"gold_loss":35}],"is_beta":false,"boss_relics":[{"not_picked":["Pandora\u0027s Box","conspire:RunicOctahedron","energizedSpire:CrystalSphere"]}],"items_purged_floors":[],"is_endless":false,"potions_floor_spawned":[7,16,19],"killed_by":"Nightmare","ascension_level":3}}