{"host":"xv6tnu9e6lzjd13s","time":1611210650,"event":{"mods":["BaseMod","Colored Powertips","Downfall","Googly Eyes","Minty Spire (QoL Compilation)","StSLib"],"gold_per_floor":[99,115,125,145,160,180,207,7,182,195,195,195,105,121,138,138,138,138],"floor_reached":16,"language":"ENG","playtime":1175,"items_purged":["Doubt"],"score":121,"play_id":"0b6aea99-dcb4-49f2-99e7-b457c97656d1","local_time":"20210120233050","is_ascension_mode":false,"campfire_choices":[{"floor":1,"key":"RECALL"},{"floor":8,"key":"REST"},{"floor":11,"key":"REST"}],"circlet_count":0,"master_deck":["bronze:Strike","bronze:Strike","bronze:Strike","bronze:Strike","bronze:Defend","bronze:Defend","bronze:Defend","bronze:Defend","bronze:Replicate","bronze:Goto","bronze:FineTuning","bronze:FineTuning","bronze:CloningBeam","bronze:Turbo","bronze:Frontload","bronze:ClassDefault","bronze:Verify","bronze:Fortify","bronze:Shell"],"relics":["bronze:BronzeCore","downfall:HeartBlessingRed","downfall:HeartBlessingBlue"],"acts_visited":["Exordium"],"potions_floor_usage":[10,16,16,16],"damage_taken":[{"damage":1,"enemies":"Cultist","floor":2,"turns":3},{"damage":1,"enemies":"Jaw Worm","floor":3,"turns":4},{"damage":0,"enemies":"Small Slimes","floor":4,"turns":3},{"damage":57,"enemies":"Gremlin Gang","floor":5,"turns":7},{"damage":6,"enemies":"Blue Slaver","floor":6,"turns":5},{"damage":0,"enemies":"Large Slime","floor":10,"turns":3},{"damage":0,"enemies":"downfall:FleeingMerchant","floor":13,"turns":4},{"damage":14,"enemies":"3 Louse","floor":14,"turns":5},{"damage":1,"enemies":"Red Slaver","floor":15,"turns":6},{"damage":86,"enemies":"DF_ARCHETYPE_STREAMLINE","floor":16,"turns":14}],"seed_played":"7200209584222509941","potions_obtained":[{"floor":3,"key":"LiquidMemories"},{"floor":10,"key":"Fruit Juice"},{"floor":12,"key":"downfall:CursedFountainPotion"},{"floor":14,"key":"SkillPotion"}],"is_trial":false,"path_per_floor":["R","M","M","M","M","M","T","R","?","M","R","?","$","M","M","B"],"character_chosen":"THE_AUTOMATON","items_purchased":[],"campfire_rested":2,"item_purchase_floors":[],"current_hp_per_floor":[77,76,75,75,18,12,12,48,48,53,80,80,80,66,65,0,0,0],"gold":138,"neow_bonus":"TEN_PERCENT_HP_BONUS","is_daily":false,"chose_seed":false,"campfire_upgraded":0,"win_rate":0.0,"timestamp":1611210650,"path_taken":["R","M","M","M","M","?","T","R","?","M","R","?","$","?","M","BOSS"],"items_purchased_type":[],"build_version":"2020-12-22","purchased_purges":1,"victory":false,"max_hp_per_floor":[77,77,77,77,77,77,77,87,87,92,92,92,92,92,92,92,92,92],"card_choices":[{"not_picked":["bronze:Turbo","bronze:CutThrough"],"picked":"bronze:FineTuning","floor":2},{"not_picked":["bronze:OilSpill","bronze:BuggyMess"],"picked":"bronze:FineTuning","floor":3},{"not_picked":["bronze:Deprecate","bronze:Overheat"],"picked":"bronze:CloningBeam","floor":4},{"not_picked":["bronze:NullPointer","bronze:BugBarrage"],"picked":"bronze:Turbo","floor":5},{"not_picked":["bronze:Backtrace","bronze:Shield"],"picked":"bronze:Frontload","floor":6},{"not_picked":["bronze:FindAndReplace","bronze:BugBarrage"],"picked":"bronze:ClassDefault","floor":10},{"not_picked":["bronze:Allocate","bronze:BronzeOrb"],"picked":"bronze:Verify","floor":13},{"not_picked":["bronze:Repulsor","bronze:Turbo"],"picked":"bronze:Fortify","floor":14},{"not_picked":["bronze:DarkDash","bronze:GetLatest"],"picked":"bronze:Shell","floor":15}],"player_experience":75299,"relics_obtained":[],"event_choices":[],"is_beta":false,"boss_relics":[],"items_purged_floors":[13],"is_endless":false,"potions_floor_spawned":[3,10,14],"killed_by":"DF_ARCHETYPE_STREAMLINE","ascension_level":0}}