{"host":"dvpvhz1t6etneyb3","time":1611195496,"event":{"mods":["AchievementEnabler","BaseMod","Colored Map","Highlight Path","Minty Spire (QoL Compilation)","Permanent Neow","Quick Restart"],"gold_per_floor":[115,128,141,73,93,93,122,122,204,224,240,254,254,285,285,285,285],"floor_reached":16,"language":"ENG","playtime":605,"items_purged":[],"score":228,"play_id":"8a51cf6e-378c-4f8b-b056-e44c4d7432f0","local_time":"20210120211816","is_ascension_mode":true,"campfire_choices":[{"data":"Immolate","floor":6.0,"key":"SMITH"},{"data":"Strike_R","floor":13.0,"key":"PURGE"},{"data":"Feel No Pain","floor":15.0,"key":"SMITH"}],"circlet_count":0,"master_deck":["AscendersBane","Strike_R","Strike_R","Strike_R","Defend_R","Defend_R","Defend_R","Defend_R","Bash","Immolate+1","Shrug It Off","Headbutt","Pommel Strike","Feel No Pain+1","Anger"],"relics":["Burning Blood","Peace Pipe","The Courier","Nunchaku"],"acts_visited":["Exordium"],"potions_floor_usage":[16],"damage_taken":[{"damage":4.0,"enemies":"Jaw Worm","floor":1.0,"turns":5.0},{"damage":0.0,"enemies":"Small Slimes","floor":2.0,"turns":2.0},{"damage":0.0,"enemies":"Cultist","floor":3.0,"turns":2.0},{"damage":3.0,"enemies":"Blue Slaver","floor":5.0,"turns":2.0},{"damage":12.0,"enemies":"3 Sentries","floor":7.0,"turns":3.0},{"damage":0.0,"enemies":"3 Louse","floor":10.0,"turns":1.0},{"damage":15.0,"enemies":"Gremlin Gang","floor":11.0,"turns":2.0},{"damage":1.0,"enemies":"2 Fungi Beasts","floor":12.0,"turns":2.0},{"damage":21.0,"enemies":"Gremlin Nob","floor":14.0,"turns":4.0},{"damage":59,"enemies":"Slime Boss","floor":16,"turns":7}],"seed_played":"2347631598185202648","potions_obtained":[{"floor":2.0,"key":"LiquidMemories"},{"floor":5.0,"key":"Weak Potion"},{"floor":11.0,"key":"Dexterity Potion"},{"floor":12.0,"key":"Regen Potion"},{"floor":14.0,"key":"LiquidBronze"}],"is_trial":false,"path_per_floor":["M","M","M","?","M","R","E","?","T","M","M","M","R","E","R","B"],"character_chosen":"IRONCLAD","items_purchased":[],"campfire_rested":0,"item_purchase_floors":[],"current_hp_per_floor":[52,58,64,64,67,67,61,54,54,60,51,56,56,41,41,0,0],"gold":285,"neow_bonus":"THREE_RARE_CARDS","is_daily":false,"chose_seed":false,"campfire_upgraded":2,"win_rate":0.0,"timestamp":1611195496,"path_taken":["M","M","M","?","M","R","E","?","T","M","M","M","R","E","R","BOSS"],"items_purchased_type":[],"build_version":"2020-12-22","purchased_purges":0,"victory":false,"max_hp_per_floor":[75,75,75,75,75,75,75,75,75,75,75,75,75,75,75,75,75],"card_choices":[{"not_picked":["Brutality","Fiend Fire"],"picked":"Immolate","floor":0.0},{"not_picked":["Havoc","Whirlwind"],"picked":"Shrug It Off","floor":1.0},{"not_picked":["Iron Wave","Sever Soul","Wild Strike"],"picked":"SKIP","floor":2.0},{"not_picked":["Sentinel","Reckless Charge"],"picked":"Headbutt","floor":3.0},{"not_picked":["Dual Wield","Metallicize"],"picked":"Pommel Strike","floor":5.0},{"not_picked":["Sword Boomerang","Headbutt"],"picked":"Feel No Pain","floor":7.0},{"not_picked":["Brutality","Burning Pact","Warcry"],"picked":"SKIP","floor":10.0},{"not_picked":["Flex","Cleave","Sever Soul"],"picked":"SKIP","floor":11.0},{"not_picked":["Cleave","Sword Boomerang"],"picked":"Anger","floor":12.0},{"not_picked":["Havoc","Anger","Rage"],"picked":"SKIP","floor":14.0}],"player_experience":2047865,"relics_obtained":[{"floor":7.0,"key":"Peace Pipe"},{"floor":9.0,"key":"The Courier"},{"floor":14.0,"key":"Nunchaku"}],"event_choices":[{"damage_healed":0.0,"max_hp_gain":0.0,"max_hp_loss":0.0,"gold_gain":0.0,"event_name":"World of Goop","player_choice":"Left Gold","floor":4.0,"gold_loss":68.0,"damage_taken":0.0},{"cards_removed":["Strike_R"],"damage_healed":0.0,"max_hp_gain":0.0,"max_hp_loss":0.0,"gold_gain":0.0,"event_name":"Golden Wing","player_choice":"Card Removal","floor":8.0,"gold_loss":0.0,"damage_taken":7.0}],"is_beta":false,"boss_relics":[],"items_purged_floors":[],"is_endless":false,"potions_floor_spawned":[2,5,11,12,14],"killed_by":"Slime Boss","ascension_level":20}}