{"host":"vyjryxuuuxkt43k4","time":1611212824,"event":{"mods":["AchievementEnabler","BaseMod","Colored Map","DeckTracker","Keyboard Shortcuts","Minty Spire (QoL Compilation)","Permanent Neow","Quick Restart","StSLib","SuperFastMode","everything is the same but u backflip on backflip"],"gold_per_floor":[10,10,30,47,64,64,84,99,124,124,167,179,230,242,254,404,416,460,472,472],"floor_reached":19,"language":"KOR","playtime":768,"items_purged":[],"score":260,"play_id":"fc6ca2ed-0b71-42ae-9b03-71d67bb70b6a","local_time":"20210121160704","is_ascension_mode":true,"campfire_choices":[{"data":"Unload","floor":10.0,"key":"SMITH"},{"floor":15.0,"key":"REST"}],"circlet_count":0,"master_deck":["Strike_G","Strike_G","Strike_G","Strike_G","Defend_G","Defend_G","Defend_G","Defend_G","Defend_G","Survivor","Neutralize","Unload+1","Noxious Fumes","Blade Dance","Finisher","Dagger Spray","PiercingWail","Catalyst+1","Backflip+1","Calculated Gamble","Burst","Flying Knee"],"relics":["Ring of the Snake","CeramicFish","MawBank","Omamori","Golden Idol","HoveringKite"],"acts_visited":["Exordium","TheCity"],"potions_floor_usage":[16],"damage_taken":[{"damage":0.0,"enemies":"Small Slimes","floor":1.0,"turns":3.0},{"damage":0.0,"enemies":"Cultist","floor":3.0,"turns":4.0},{"damage":2.0,"enemies":"Jaw Worm","floor":4.0,"turns":4.0},{"damage":0.0,"enemies":"Large Slime","floor":5.0,"turns":3.0},{"damage":13.0,"enemies":"3 Louse","floor":7.0,"turns":2.0},{"damage":4.0,"enemies":"Looter","floor":8.0,"turns":4.0},{"damage":4.0,"enemies":"Gremlin Nob","floor":11.0,"turns":3.0},{"damage":14.0,"enemies":"3 Sentries","floor":13.0,"turns":7.0},{"damage":10,"enemies":"The Guardian","floor":16,"turns":11},{"damage":42,"enemies":"Spheric Guardian","floor":18,"turns":6},{"damage":26,"enemies":"Shell Parasite","floor":19,"turns":3}],"seed_played":"3439771928318421485","potions_obtained":[{"floor":3.0,"key":"BlessingOfTheForge"},{"floor":4.0,"key":"AttackPotion"},{"floor":5.0,"key":"Swift Potion"},{"floor":13.0,"key":"PowerPotion"}],"is_trial":false,"path_per_floor":["M","?","M","M","M","$","M","M","T","R","E","?","E","?","R","B",null,"M","M"],"character_chosen":"THE_SILENT","items_purchased":[],"campfire_rested":1,"item_purchase_floors":[],"current_hp_per_floor":[63,63,63,61,61,61,48,44,44,44,40,26,12,12,31,21,54,12,0,0],"gold":472,"neow_bonus":"THREE_RARE_CARDS","is_daily":false,"chose_seed":false,"campfire_upgraded":1,"win_rate":0.0,"timestamp":1611212824,"path_taken":["M","?","M","M","M","$","?","M","T","R","E","?","E","?","R","BOSS","M","M"],"items_purchased_type":[],"build_version":"2020-12-22","purchased_purges":0,"victory":false,"max_hp_per_floor":[70,70,70,70,70,70,70,70,70,70,70,70,70,65,65,65,65,65,65,65],"card_choices":[{"not_picked":["Envenom","Malaise"],"picked":"Unload","floor":0.0},{"not_picked":["Prepared","Terror"],"picked":"Noxious Fumes","floor":1.0},{"not_picked":["Sucker Punch","Backflip"],"picked":"Blade Dance","floor":3.0},{"not_picked":["Cloak And Dagger","Deadly Poison"],"picked":"Finisher","floor":4.0},{"not_picked":["Reflex","Blade Dance"],"picked":"Dagger Spray","floor":5.0},{"not_picked":["Bouncing Flask","Prepared"],"picked":"PiercingWail","floor":7.0},{"not_picked":["Doppelganger","Quick Slash"],"picked":"Catalyst","floor":8.0},{"not_picked":["PiercingWail","Underhanded Strike"],"picked":"Backflip","floor":11.0},{"not_picked":["Heel Hook","Sucker Punch"],"picked":"Calculated Gamble","floor":13.0},{"not_picked":["Bullet Time","Unload"],"picked":"Burst","floor":16},{"not_picked":["Poisoned Stab","Blade Dance"],"picked":"Flying Knee","floor":18}],"player_experience":196699,"relics_obtained":[{"floor":9.0,"key":"CeramicFish"},{"floor":11.0,"key":"MawBank"},{"floor":13.0,"key":"Omamori"}],"event_choices":[{"cards_removed":["Strike_G"],"damage_healed":0.0,"max_hp_gain":0.0,"max_hp_loss":0.0,"gold_gain":0.0,"event_name":"Bonfire Elementals","player_choice":"Offered Basic","floor":2.0,"gold_loss":0.0,"damage_taken":0.0},{"damage_healed":0.0,"max_hp_gain":0.0,"max_hp_loss":0.0,"gold_gain":0.0,"event_name":"Shining Light","player_choice":"Entered Light","floor":12.0,"gold_loss":0.0,"damage_taken":14.0,"cards_upgraded":["Backflip","Catalyst"]},{"damage_healed":0.0,"max_hp_gain":0.0,"max_hp_loss":5.0,"gold_gain":0.0,"event_name":"Golden Idol","player_choice":"Lose Max HP","floor":14.0,"gold_loss":0.0,"damage_taken":0.0,"relics_obtained":["Golden Idol"]}],"is_beta":false,"boss_relics":[{"not_picked":["Fusion Hammer","Velvet Choker"],"picked":"HoveringKite"}],"items_purged_floors":[],"is_endless":false,"potions_floor_spawned":[3,4,5,13],"killed_by":"Shell Parasite","ascension_level":9}}