{"host":"yuhy0i501zzmn1iz","time":1611257441,"event":{"mods":["AchievementEnabler","AlwaysNeverKeys","BaseMod","Bestiary","Better Match","Better Third Choice","Curses Come First","Downfall","Minty Spire (QoL Compilation)","StSLib","slay the spire mod where everything is the same but ironclad has a cowboy hat"],"gold_per_floor":[115,115,95,113,12,37,63,107,119,131,156,187,199,229,241,348,360,386,398,410,438,468,480,492,504,565,577,614,626,638,610,622,736,748,771,796,111,111,136,136,136,136],"floor_reached":41,"language":"ENG","playtime":1242,"items_purged":["Strike_P","Evaluate+1"],"score":533,"play_id":"4f433f00-2b2e-4a57-9917-e76cc22b1e19","local_time":"20210121143041","is_ascension_mode":true,"campfire_choices":[{"floor":13,"key":"REST"},{"data":"Eruption","floor":15,"key":"SMITH"},{"floor":23,"key":"REST"},{"floor":27,"key":"REST"},{"data":"Ragnarok","floor":30,"key":"SMITH"},{"floor":32,"key":"REST"},{"data":"ClearTheMind","floor":40,"key":"SMITH"}],"circlet_count":0,"master_deck":["Eruption+1","Vigilance","EmptyBody","Prostrate","FlurryOfBlows","DeusExMachina","Tantrum","Wallop","FlurryOfBlows","FearNoEvil","Ragnarok+1","ClearTheMind+1","TalkToTheHand+1","ClearTheMind","BowlingBash+1","Bite","Bite","Bite","Bite","Bite","Consecrate+1","ConjureBlade+1","TalkToTheHand","LikeWater","Weave+1","TalkToTheHand+1","Wallop+1","MentalFortress","LessonLearned","ReachHeaven","Writhe"],"relics":["PureWater","NeowsBlessing","MawBank","Singing Bowl","Tiny Chest","SlaversCollar","Letter Opener","Pen Nib","Toxic Egg 2","Pandora\u0027s Box","Whetstone","Anchor","Juzu Bracelet"],"acts_visited":["Exordium","TheCity","TheBeyond"],"potions_floor_usage":[8,16,18,22,28],"damage_taken":[{"damage":0,"enemies":"Jaw Worm","floor":1,"turns":1},{"damage":0,"enemies":"2 Louse","floor":4,"turns":1},{"damage":0,"enemies":"Lagavulin","floor":6,"turns":1},{"damage":0,"enemies":"Cultist","floor":7,"turns":2},{"damage":65,"enemies":"3 Sentries","floor":8,"turns":7},{"damage":8,"enemies":"Blue Slaver","floor":11,"turns":5},{"damage":4,"enemies":"Exordium Wildlife","floor":12,"turns":3},{"damage":2,"enemies":"2 Fungi Beasts","floor":14,"turns":2},{"damage":20,"enemies":"The Guardian","floor":16,"turns":12},{"damage":7,"enemies":"Spheric Guardian","floor":18,"turns":3},{"damage":10,"enemies":"Shell Parasite","floor":21,"turns":4},{"damage":43,"enemies":"Cultist and Chosen","floor":22,"turns":7},{"damage":23,"enemies":"Book of Stabbing","floor":28,"turns":4},{"damage":54,"enemies":"Automaton","floor":33,"turns":6},{"damage":0,"enemies":"Orb Walker","floor":35,"turns":2},{"damage":45,"enemies":"3 Shapes","floor":36,"turns":4},{"damage":92,"enemies":"Giant Head","floor":41,"turns":7}],"seed_played":"5038736330768443693","potions_obtained":[{"floor":3,"key":"bronze:BurnAndBuffPotion"},{"floor":7,"key":"Block Potion"},{"floor":8,"key":"CultistPotion"},{"floor":14,"key":"EssenceOfSteel"},{"floor":16,"key":"DistilledChaos"},{"floor":18,"key":"Dexterity Potion"},{"floor":22,"key":"PowerPotion"}],"is_trial":false,"path_per_floor":["M","?","?","M","$","E","M","E","T","$","M","M","R","M","R","B",null,"M","?","?","M","M","R","?","T","T","R","E","$","R","?","R","B",null,"M","M","$","?","T","R","E"],"character_chosen":"WATCHER","items_purchased":["FlurryOfBlows","MentalFortress","Whetstone","Anchor","LessonLearned","ReachHeaven"],"campfire_rested":4,"item_purchase_floors":[5,37,37,37,37,37],"current_hp_per_floor":[72,77,77,77,77,77,77,14,14,14,6,2,25,23,23,3,79,72,72,57,47,4,29,29,29,29,46,33,33,33,33,50,6,58,58,15,15,30,30,30,0,0],"gold":136,"neow_bonus":"THREE_ENEMY_KILL","is_daily":false,"chose_seed":false,"campfire_upgraded":3,"win_rate":0.0,"timestamp":1611257441,"path_taken":["M","?","?","M","$","E","?","E","T","$","M","M","R","M","R","BOSS","M","?","?","M","M","R","?","?","T","R","E","?","R","?","R","BOSS","M","M","$","?","?","R","E"],"items_purchased_type":["Card","Card","Relic","Relic","Card","Card"],"build_version":"2020-12-22","purchased_purges":2,"victory":false,"max_hp_per_floor":[72,77,77,77,77,77,77,79,79,79,79,79,79,79,79,79,79,79,79,84,84,84,84,58,58,58,58,58,58,58,58,58,58,58,58,58,58,58,58,58,58,58],"card_choices":[{"not_picked":["SashWhip","WheelKick"],"picked":"EmptyBody","floor":1},{"not_picked":["Crescendo","Protect"],"picked":"Prostrate","floor":4},{"not_picked":["CrushJoints","Crescendo"],"picked":"DeusExMachina","floor":6},{"not_picked":["Protect","SashWhip"],"picked":"Tantrum","floor":7},{"not_picked":["BowlingBash","PathToVictory","WheelKick"],"picked":"Singing Bowl","floor":8},{"not_picked":["Protect","PathToVictory"],"picked":"Wallop","floor":11},{"not_picked":["BowlingBash","JustLucky"],"picked":"FlurryOfBlows","floor":12},{"not_picked":["DeceiveReality","WaveOfTheHand"],"picked":"FearNoEvil","floor":14},{"not_picked":["Wish","Judgement"],"picked":"Ragnarok","floor":16},{"not_picked":["SashWhip","LikeWater"],"picked":"ClearTheMind","floor":18},{"not_picked":["PathToVictory+1","Conclude"],"picked":"ClearTheMind","floor":21},{"not_picked":["DeceiveReality","ThirdEye"],"picked":"BowlingBash","floor":22},{"not_picked":["Vengeance+1","EmptyFist"],"picked":"Consecrate+1","floor":28},{"not_picked":["Wish+1","SpiritShield+1"],"picked":"ConjureBlade+1","floor":33},{"not_picked":["Consecrate+1","JustLucky+1"],"picked":"TalkToTheHand","floor":35},{"not_picked":["CrushJoints","EmptyBody+1"],"picked":"Wallop+1","floor":36}],"player_experience":327462,"relics_obtained":[{"floor":6,"key":"MawBank"},{"floor":8,"key":"Singing Bowl"},{"floor":9,"key":"Tiny Chest"},{"floor":25,"key":"Letter Opener"},{"floor":26,"key":"Pen Nib"},{"floor":28,"key":"Toxic Egg 2"},{"floor":39,"key":"Juzu Bracelet"}],"event_choices":[{"damage_healed":0,"gold_gain":0,"player_choice":"Donut","damage_taken":0,"max_hp_gain":5,"max_hp_loss":0,"event_name":"Big Fish","floor":2,"gold_loss":0},{"damage_healed":0,"gold_gain":0,"player_choice":"Bought 1 Potion","damage_taken":0,"max_hp_gain":0,"max_hp_loss":0,"event_name":"The Woman in Blue","floor":3,"gold_loss":0},{"damage_healed":0,"gold_gain":0,"player_choice":"Read","damage_taken":0,"max_hp_gain":0,"max_hp_loss":0,"event_name":"The Library","floor":19,"gold_loss":0,"cards_obtained":["TalkToTheHand"]},{"damage_healed":0,"gold_gain":0,"player_choice":"Shed Blood","damage_taken":20,"max_hp_gain":5,"max_hp_loss":0,"event_name":"Forgotten Altar","floor":20,"gold_loss":0},{"damage_healed":0,"gold_gain":0,"player_choice":"Became a vampire","damage_taken":0,"max_hp_gain":0,"max_hp_loss":26,"event_name":"Vampires","floor":24,"gold_loss":0,"cards_obtained":["Bite","Bite","Bite","Bite","Bite"]},{"damage_healed":0,"gold_gain":0,"player_choice":"Upgraded Two","damage_taken":0,"max_hp_gain":0,"max_hp_loss":0,"event_name":"Designer","floor":31,"gold_loss":40,"cards_upgraded":["TalkToTheHand","BowlingBash"]},{"damage_healed":15,"gold_gain":0,"player_choice":"Writhe","damage_taken":0,"max_hp_gain":0,"max_hp_loss":0,"event_name":"Winding Halls","floor":38,"gold_loss":0,"cards_obtained":["Writhe"]}],"is_beta":false,"boss_relics":[{"not_picked":["Runic Dome","bronze:MakeshiftBattery"],"picked":"SlaversCollar"},{"not_picked":["Philosopher\u0027s Stone","Fusion Hammer"],"picked":"Pandora\u0027s Box"}],"items_purged_floors":[5,37],"is_endless":false,"potions_floor_spawned":[7,8,14,16,18,22],"killed_by":"Giant Head","ascension_level":3}}