{"host":"ymw71f7rc9ndansy","time":1611224709,"event":{"mods":["ATMod(阿瑾Mod)","Act Like it!","Aspiration","BaseMod","DeckTracker","Hubris","Library of Ruina","Library of Ruina Extra","Minty Spire (QoL Compilation)","MostiFishMod","Remove Card Discount Mod","Replay The Spire","RumiaBox-露米娅的神秘盒子","StSLib","TestMod","【功能Mod】精心准备","【遗物卡牌】REMEMod"],"gold_per_floor":[119,119,119,57,457,483,558,558,558,578,590,477,507,166,166,242,242,261,276,276,276,290,316,336,336,362,395,0,28,28,28,28,106,106,123,148,167,167,186,186,202,233,303,49,43,43,43,78,78,38,38,58,58,58,48,74,174],"floor_reached":58,"language":"ZHS","playtime":2228,"items_purged":["Strike_R","Defend_R","Strike_R","Strike_R","Strike_R","Strike_R","Corruption","Defend_R","testmod-TreasureHunter+1","Defend_R","Defend_R+1","Replay:Undeath\u0027s Touch+1"],"score":3358,"play_id":"57eff250-5d8c-4bc6-a59f-6271fbf35e20","local_time":"20210121182509","is_ascension_mode":true,"campfire_choices":[{"floor":8,"key":"REST"},{"data":"testmod-TreasureHunter","floor":15,"key":"SMITH"},{"data":"Corruption","floor":25,"key":"SMITH"},{"floor":32,"key":"REST"},{"floor":40,"key":"RECALL"},{"data":"MostiFishMod:FlyOverUtopia","floor":47,"key":"SMITH"},{"floor":49,"key":"REST"},{"data":"Battle Trance","floor":54,"key":"SMITH"}],"circlet_count":0,"master_deck":["AT_BreakingExtremeWeapon","Shrug It Off","Barricade+1","Armaments+1","Feel No Pain","Battle Trance+1","Feel No Pain","Shrug It Off+1","AT_BodySlamDance","Corruption+1","Power Through","Second Wind","Power Through","hubris:ReadiedAction","Sentinel","Shockwave","Impervious","Berserk","Entrench","True Grit+1","AT_BodySlamDance+1","Shockwave","hubris:StunningStrike","Feel No Pain","True Grit+1","MostiFishMod:KnuckleDown","MostiFishMod:FlyOverUtopia+1","Intimidate+1","Impervious","Whirlwind","Whirlwind+1","Power Through"],"relics":["DaveBox","REME_ComplimentaryCards","AT_ATBox","Chemical X","testmod-FatalChain","Dead Branch","SynthV:TestCard","Replay:Bottled Eggs","Shuriken","Bag of Marbles","PageOfAlriune","testmod-CardMagician","testmod-BouquetWithThorns","hubris:64BitClover","War Paint","PreservedInsect","Red Skull","Bottled Lightning","Bronze Scales","GreenFoldingFan","Baka2","Anchor","hubris:64BitClover","aspiration:ChemicalBlood","Replay:Bottled Snecko","Orrery","Blood Vial","AT_TheCollector"],"acts_visited":["Exordium","TheCity","TheBeyond","TheEnding"],"potions_floor_usage":[19,22,29,42,57,57,57],"damage_taken":[{"damage":9,"enemies":"Jaw Worm","floor":1,"turns":4},{"damage":16,"enemies":"Lagavulin","floor":6,"turns":8},{"damage":0,"enemies":"Small Slimes","floor":10,"turns":3},{"damage":0,"enemies":"2 Louse","floor":11,"turns":1},{"damage":38,"enemies":"Gremlin Nob","floor":13,"turns":5},{"damage":0,"enemies":"Slime Boss","floor":16,"turns":4},{"damage":8,"enemies":"3 Byrds","floor":18,"turns":2},{"damage":28,"enemies":"Shell Parasite","floor":19,"turns":6},{"damage":2,"enemies":"Centurion and Healer","floor":22,"turns":3},{"damage":0,"enemies":"Gremlin Leader","floor":23,"turns":2},{"damage":0,"enemies":"Cultist and Chosen","floor":24,"turns":3},{"damage":0,"enemies":"Book of Stabbing","floor":27,"turns":1},{"damage":28,"enemies":"Slavers","floor":29,"turns":2},{"damage":0,"enemies":"Collector","floor":33,"turns":4},{"damage":6,"enemies":"3 Shapes","floor":35,"turns":3},{"damage":8,"enemies":"3 Darklings","floor":37,"turns":2},{"damage":5,"enemies":"Jaw Worm Horde","floor":39,"turns":2},{"damage":33,"enemies":"Transient","floor":41,"turns":6},{"damage":69,"enemies":"Nemesis","floor":42,"turns":3},{"damage":7,"enemies":"Writhing Mass","floor":45,"turns":2},{"damage":16,"enemies":"R_Hoarder","floor":48,"turns":4},{"damage":17,"enemies":"Awakened One","floor":50,"turns":4},{"damage":31,"enemies":"Time Eater","floor":51,"turns":3},{"damage":16,"enemies":"Time Eater","floor":52,"turns":5},{"damage":9,"enemies":"Shield and Spear","floor":56,"turns":2},{"damage":97,"enemies":"The Heart","floor":57,"turns":6}],"seed_played":"-6906737402802707270","potions_obtained":[{"floor":6,"key":"BloodPotion"},{"floor":11,"key":"Death Potion"},{"floor":23,"key":"Fire Potion"},{"floor":33,"key":"SpeedPotion"},{"floor":36,"key":"PowerPotion"},{"floor":45,"key":"ElixirPotion"},{"floor":51,"key":"BloodPotion"},{"floor":57,"key":"testmod-EscapePotion"}],"is_trial":false,"path_per_floor":["M","?","?","$","?","E","?","R","T","M","M","$","E","$","R","B",null,"M","M","?","T","M","E","M","R","T","E","$","E","$","?","R","B",null,"M","?","M","T","M","R","M","E","T","$","M","$","R","E","R","B","B",null,null,"R","$","E","B",null],"character_chosen":"IRONCLAD","items_purchased":["Armaments","Feel No Pain","Shrug It Off","AT_BodySlamDance","PageOfAlriune","Bottled Lightning","EntropicBrew","Feel No Pain","Orrery"],"campfire_rested":3,"item_purchase_floors":[4,12,12,14,14,28,28,44,44],"current_hp_per_floor":[66,66,66,66,66,53,42,76,76,76,76,76,40,40,40,40,96,88,60,25,25,49,49,66,66,66,66,66,38,38,38,74,74,110,114,74,76,76,93,93,70,83,83,83,86,86,86,80,116,113,94,90,114,114,114,117,99],"gold":174,"neow_bonus":"TEN_PERCENT_HP_BONUS","is_daily":false,"chose_seed":false,"campfire_upgraded":4,"win_rate":0.0,"timestamp":1611224709,"path_taken":["M","?","?","$","?","E","?","R","T","M","M","$","E","$","R","BOSS","M","M","?","?","M","E","M","R","T","E","$","E","$","?","R","BOSS","M","?","M","?","M","R","M","E","T","$","M","?","R","E","R","BOSS","BOSS","R","$","E","BOSS"],"items_purchased_type":["Card","Card","Card","Card","Relic","Relic","Potion","Card","Relic"],"build_version":"2020-12-22","purchased_purges":12,"victory":true,"max_hp_per_floor":[82,82,82,82,82,115,115,115,115,115,115,115,115,115,115,115,115,115,115,120,120,122,122,122,122,122,122,122,122,122,122,122,122,122,122,122,122,122,122,122,122,122,122,122,122,122,122,122,122,122,122,122,122,122,122,122,129],"card_choices":[{"not_picked":["Thunderclap","Replay:Undeath\u0027s Touch"],"picked":"Shrug It Off","floor":1},{"not_picked":["Fire Breathing","Armaments","Disarm","MostiFishMod:#F4004"],"picked":"Feel No Pain","floor":6},{"not_picked":["Havoc","AT_IchimonjiDouble","True Grit","Infernal Blade"],"picked":"Battle Trance","floor":10},{"not_picked":["Double Tap","Juggernaut","AT_Dispersion","MostiFishMod:TemporaryOutbreak"],"picked":"Corruption","floor":16},{"not_picked":["Ghostly Armor","AT_GerminateFire","ReplayTheSpireMod:Strike From Hell","Headbutt"],"picked":"Power Through","floor":18},{"not_picked":["Defy Death","ReplayReversal","Cleave","Clothesline"],"picked":"Second Wind","floor":19},{"not_picked":["AT_CaressingTears","Clothesline","Body Slam","ReplayReversal"],"picked":"Power Through","floor":22},{"not_picked":["REME_FearOfPain+1","Dual Wield","Wild Strike","Heavy Blade"],"picked":"hubris:ReadiedAction","floor":23},{"not_picked":["Body Slam","REME_FearOfPain","ReplayTheSpireMod:Strike From Hell","Anger"],"picked":"Sentinel","floor":24},{"not_picked":["True Grit","hubris:ReadiedAction","Ghostly Armor","Replay:Undeath\u0027s Touch"],"picked":"Shockwave","floor":29},{"not_picked":["MostiFishMod:RacingGame","Demon Form","MostiFishMod:UltimateDefense","Barricade"],"picked":"Impervious","floor":33},{"not_picked":["Dropkick","Flex","Abandon","AT_ManFootWork"],"picked":"Entrench","floor":35},{"not_picked":["Wild Strike","MostiFishMod:BrandingRite","hubris:ReadiedAction+1","Sword Boomerang"],"picked":"True Grit+1","floor":36},{"not_picked":["ReplayTheSpireMod:Strike From Hell+1","Carnage","Clash","Cleave"],"picked":"Replay:Undeath\u0027s Touch+1","floor":36},{"not_picked":["hubris:CleavingFinish","Second Wind","Entrench","Replay:Undeath\u0027s Touch"],"picked":"AT_BodySlamDance+1","floor":39},{"not_picked":["Replay:Undeath\u0027s Touch","Shrug It Off+1","Reckless Charge","Second Wind"],"picked":"Shockwave","floor":41},{"not_picked":["Fire Breathing","Thunderclap+1","Uppercut","MostiFishMod:BrandingRite"],"picked":"hubris:StunningStrike","floor":42},{"not_picked":["Flex","Brutality","Wild Strike","Run Through"],"picked":"True Grit+1","floor":44},{"not_picked":["Havoc","Dark Embrace","Wild Strike+1","True Grit"],"picked":"MostiFishMod:KnuckleDown","floor":44},{"not_picked":["Clash","Anger","Limit Break","Warcry"],"picked":"MostiFishMod:FlyOverUtopia","floor":44},{"not_picked":["Havoc+1","AT_BodySlamDance+1","Pommel Strike+1","AT_GerminateFire"],"picked":"Intimidate+1","floor":44},{"not_picked":["Havoc","hubris:ReadiedAction","Evolve","Dark Embrace"],"picked":"Impervious","floor":44},{"not_picked":["Immolate","Clothesline","Hemokinesis+1","Armaments"],"picked":"Whirlwind","floor":48},{"not_picked":["MostiFishMod:PerfectStrikeMKII","Sentinel","ReplayReversal+1","Thunderclap"],"picked":"Power Through","floor":56}],"player_experience":1061821,"relics_obtained":[{"floor":1,"key":"Baka"},{"floor":1,"key":"SynthV:TestCard"},{"floor":6,"key":"Replay:Bottled Eggs"},{"floor":9,"key":"Shuriken"},{"floor":13,"key":"Bag of Marbles"},{"floor":19,"key":"testmod-BouquetWithThorns"},{"floor":21,"key":"hubris:64BitClover"},{"floor":23,"key":"War Paint"},{"floor":26,"key":"PreservedInsect"},{"floor":27,"key":"Red Skull"},{"floor":29,"key":"Bronze Scales"},{"floor":35,"key":"Baka2"},{"floor":36,"key":"Anchor"},{"floor":41,"key":"hubris:64BitClover"},{"floor":42,"key":"aspiration:ChemicalBlood"},{"floor":43,"key":"Replay:Bottled Snecko"},{"floor":48,"key":"Blood Vial"},{"floor":56,"key":"AT_TheCollector"}],"event_choices":[{"damage_healed":0,"gold_gain":0,"player_choice":"Leave","damage_taken":0,"max_hp_gain":0,"max_hp_loss":0,"event_name":"The Cleric","floor":2,"gold_loss":0},{"damage_healed":0,"gold_gain":400,"player_choice":"Sell","damage_taken":0,"max_hp_gain":0,"max_hp_loss":0,"event_name":"恩洛斯的盘子","floor":5,"relics_lost":["testmod-TestBox"],"gold_loss":0},{"damage_healed":0,"gold_gain":75,"player_choice":"Gather Gold","damage_taken":11,"max_hp_gain":0,"max_hp_loss":0,"event_name":"World of Goop","floor":7,"gold_loss":0},{"damage_healed":0,"gold_gain":0,"player_choice":"Shed Blood","damage_taken":40,"max_hp_gain":5,"max_hp_loss":0,"event_name":"Forgotten Altar","floor":20,"gold_loss":0}],"is_beta":false,"boss_relics":[{"not_picked":["Kintsugi","EE1DDrone"],"picked":"testmod-CardMagician"},{"not_picked":["Pandora\u0027s Box","testmod-Prudence"],"picked":"GreenFoldingFan"}],"items_purged_floors":[4,4,28,28,28,28,28,55,55,55,55,55],"is_endless":false,"potions_floor_spawned":[6,11,13,23,24,27,33,39,41,45,56],"ascension_level":20}}