{"host":"9slw7l0ws16384qq","time":1611255448,"event":{"mods":["A Penny For Your Troubles","BaseMod","Colored Map","Evolution","Hubris","Minty Spire (QoL Compilation)","Replay The Spire","Shedinja","StS++","StSLib","The Dragon Tamer","The Marked"],"gold_per_floor":[114,114,131,131,81,116,116,146,146,71,89,89,89,89,89,186,186,196,96,111,111,111,144,144,161,211,258,258,276,293,309,309,412,412,428,528,247,247,247,247,93,93,93,93,109,128,208,208,208,209],"floor_reached":51,"language":"FRA","playtime":2095,"items_purged":["StSpp:Turnabout","Defend_R","Neutralize"],"score":959,"play_id":"bf091abe-a92d-401f-9582-503b9c3f139f","local_time":"20210121195728","is_ascension_mode":false,"campfire_choices":[{"data":"Run Through","floor":7,"key":"SMITH"},{"data":"Run Through","floor":12,"key":"SMITH"},{"data":"Run Through","floor":15,"key":"SMITH"},{"data":"Run Through","floor":24,"key":"SMITH"},{"data":"Iron Wave","floor":28,"key":"SMITH"},{"floor":32,"key":"DIG"},{"data":"Inflame","floor":40,"key":"SMITH"},{"data":"Inflame","floor":42,"key":"SMITH"},{"data":"Survivor","floor":44,"key":"SMITH"},{"floor":49,"key":"REST"}],"circlet_count":0,"master_deck":["Run Through+1","Run Through+1","Run Through+1","Run Through+1","Survivor+1","Iron Wave+1","Iron Wave+1","Inflame+1","ReplayTheSpireMod:Muscle Training+1","Inflame+1","Limit Break+1","Heavy Blade+1"],"relics":["Burning Blood","EVO:Axolotl","StSpp:BrokenTotem","Centennial Puzzle","Iron Hammer","ReplayTheSpireMod:Shallot","Velvet Choker","Happy Flower","ReplayTheSpireMod:Spearhead","Replay:Bottled Flurry","hubris:Spice","Lee\u0027s Waffle","hubris:ChampionShield","Garlic","Onion Ring"],"acts_visited":["Exordium","TheCity","TheBeyond"],"potions_floor_usage":[23,23,31,50,50],"damage_taken":[{"damage":0.0,"enemies":"2 Louse","floor":1.0,"turns":3.0},{"damage":1.0,"enemies":"Cultist","floor":3.0,"turns":3.0},{"damage":15,"enemies":"3 Sentries","floor":6,"turns":10},{"damage":0,"enemies":"Jaw Worm","floor":11,"turns":2},{"damage":58,"enemies":"Fading Forest","floor":16,"turns":11},{"damage":0,"enemies":"Chosen","floor":18,"turns":4},{"damage":0,"enemies":"Shell Parasite","floor":20,"turns":3},{"damage":9,"enemies":"Slavers","floor":23,"turns":5},{"damage":0,"enemies":"3 Cultists","floor":25,"turns":5},{"damage":9,"enemies":"Cultist and Chosen","floor":29,"turns":4},{"damage":0,"enemies":"Snecko","floor":30,"turns":5},{"damage":1,"enemies":"3 Cultists","floor":31,"turns":4},{"damage":47,"enemies":"Pondfish","floor":33,"turns":8},{"damage":19,"enemies":"3 Darklings","floor":35,"turns":4},{"damage":1,"enemies":"3 Shapes","floor":45,"turns":3},{"damage":15,"enemies":"Jaw Worm Horde","floor":46,"turns":3},{"damage":7,"enemies":"hubris:GrandSnecko","floor":50,"turns":5}],"seed_played":"-8816787121547266185","potions_obtained":[{"floor":1.0,"key":"Flashbang"},{"floor":11,"key":"FearPotion"},{"floor":16,"key":"Block Potion"},{"floor":25,"key":"Adrenaline Potion"},{"floor":27,"key":"LifebloodPotion"},{"floor":31,"key":"Weak Potion"}],"is_trial":false,"path_per_floor":["M","?","M","?","?","E","R","?","T","$","M","R","$","?","R","B",null,"M","$","M","?","?","E","R","M","T","?","R","M","M","M","R_BF","B",null,"M","?","$","?","?","R","$","R","T","R","M","M","T","$","R","B",null],"character_chosen":"IRONCLAD","items_purchased":["Lee\u0027s Waffle","hubris:ChampionShield"],"campfire_rested":1,"item_purchase_floors":[37,41],"current_hp_per_floor":[80,80,80,80,80,71,71,71,71,71,77,77,77,77,77,41,80,80,80,80,80,80,77,77,80,80,60,60,57,63,68,76,35,96,83,83,103,103,103,103,103,103,103,103,103,94,94,94,103,102],"gold":209,"neow_bonus":"RANDOM_COMMON_RELIC","is_daily":false,"chose_seed":false,"campfire_upgraded":8,"win_rate":0.0,"timestamp":1611255448,"path_taken":["M","?","?","?","?","E","R","?","T","$","?","R","?","?","R","BOSS","M","$","M","?","?","E","R","M","T","?","R","M","M","M","R_BF","BOSS","M","?","$","?","?","R","$","R","T","R","M","M","?","$","R","BOSS"],"items_purchased_type":["Relic","Relic"],"build_version":"2020-12-22","purchased_purges":3,"victory":true,"max_hp_per_floor":[80,80,80,80,80,80,80,80,80,80,80,80,80,80,80,80,80,80,80,80,80,80,80,80,80,80,80,80,80,80,80,88,88,96,96,96,103,103,103,103,103,103,103,103,103,103,103,103,103,103],"card_choices":[{"not_picked":["Massacre","Headbutt","Perfected Strike"],"picked":"SKIP","floor":1.0},{"not_picked":["Burning Pact","Massacre","StSpp:TheBiggerTheyAre"],"picked":"SKIP","floor":3.0},{"not_picked":["Shrug It Off","StSpp:Sprint","Evolve"],"picked":"SKIP","floor":6},{"not_picked":["Headbutt","Flex"],"picked":"Iron Wave","floor":11},{"not_picked":["Havoc","Dark Embrace"],"picked":"Iron Wave+1","floor":18},{"not_picked":["Replay:Undeath\u0027s Touch","Wild Strike+1","Perfected Strike+1"],"picked":"SKIP","floor":20},{"not_picked":["hubris:CleavingFinish","Massacre","Wild Strike+1"],"picked":"SKIP","floor":23},{"not_picked":["Second Wind","Heavy Blade"],"picked":"Inflame","floor":25},{"not_picked":["True Grit","StSpp:TheBiggerTheyAre"],"picked":"ReplayTheSpireMod:Muscle Training+1","floor":27},{"not_picked":["Sword Boomerang","Cleave","Flex"],"picked":"SKIP","floor":29},{"not_picked":["Hemogenesis","Armaments+1"],"picked":"Inflame","floor":30},{"not_picked":["Reckless Charge","Abandon","StSpp:Succumb"],"picked":"SKIP","floor":31},{"not_picked":["Double Tap","StSpp:BladeOfBlood"],"picked":"Limit Break","floor":33},{"not_picked":["Shrug It Off","Body Slam","StSpp:Sprint+1"],"picked":"SKIP","floor":35},{"not_picked":["Massacre","ReplayTheSpireMod:Limb From Limb+1"],"picked":"Heavy Blade+1","floor":45},{"not_picked":["Havoc","Dark Embrace","Sword Boomerang+1"],"picked":"SKIP","floor":46}],"player_experience":1657714,"relics_obtained":[{"floor":6,"key":"Centennial Puzzle"},{"floor":9,"key":"ReplayTheSpireMod:Shallot"},{"floor":23,"key":"Happy Flower"},{"floor":26,"key":"ReplayTheSpireMod:Spearhead"},{"floor":27,"key":"Replay:Bottled Flurry"},{"floor":32,"key":"hubris:Spice"},{"floor":43,"key":"Garlic"},{"floor":47,"key":"Onion Ring"}],"event_choices":[{"cards_removed":["Strike_R"],"damage_healed":0.0,"max_hp_gain":0.0,"max_hp_loss":0.0,"gold_gain":0.0,"event_name":"Purifier","player_choice":"Purged","floor":2.0,"gold_loss":0.0,"damage_taken":0.0},{"damage_healed":0,"gold_gain":30,"player_choice":"Searched \u00273\u0027 times","damage_taken":0,"relics_obtained":["Iron Hammer"],"max_hp_gain":0,"max_hp_loss":0,"event_name":"Dead Adventurer","floor":8,"gold_loss":0},{"cards_removed":["Defend_R"],"damage_healed":0,"gold_gain":0,"player_choice":"Forget","damage_taken":0,"max_hp_gain":0,"max_hp_loss":0,"event_name":"Living Wall","floor":14,"gold_loss":0},{"cards_removed":["Defend_R"],"damage_healed":0,"gold_gain":0,"player_choice":"Elegance","damage_taken":0,"max_hp_gain":0,"max_hp_loss":0,"event_name":"Back to Basics","floor":22,"gold_loss":0},{"damage_healed":0,"gold_gain":100,"player_choice":"Pray","damage_taken":0,"max_hp_gain":0,"max_hp_loss":0,"event_name":"Golden Shrine","floor":36,"gold_loss":0},{"cards_removed":["Defend_R"],"damage_healed":0,"gold_gain":0,"player_choice":"Removed Skill","damage_taken":0,"max_hp_gain":0,"max_hp_loss":0,"event_name":"Falling","floor":39,"gold_loss":0}],"is_beta":false,"boss_relics":[{"not_picked":["hubris:TerracottaHorce","hubris:CrackedHourglass"],"picked":"Velvet Choker"},{"not_picked":["Cursed Key","hubris:Spice"],"picked":"hubris:Spice"}],"items_purged_floors":[10,19,37],"is_endless":false,"potions_floor_spawned":[1,11,16,25,31,45],"ascension_level":0}}