{"host":"kw4o7b3ro2ktmmbe","time":1611228801,"event":{"mods":["BaseMod","Evolution","Minty Spire (QoL Compilation)","Spire Arcade","StSLib","The Druid"],"gold_per_floor":[119,119,119,133,58,93,116,116,116,135,148,164,184,210,210,341,341,361,379,379,379,78,78,91,91,118,149,172,203,219,242,242,372,372,388,388,402,420,420,420,463,162,189,43,43,64,80,121,121,121],"floor_reached":51,"language":"ENG","playtime":4488,"items_purged":["theDruid:Defend_O"],"score":906,"play_id":"f3d0194d-ea6e-46f8-b23a-31ba6bada654","local_time":"20210122003321","is_ascension_mode":true,"campfire_choices":[{"data":"theDruid:BriarArmor","floor":8.0,"key":"SMITH"},{"data":"theDruid:BloodiedFur","floor":15.0,"key":"SMITH"},{"floor":23.0,"key":"REST"},{"floor":25.0,"key":"RECALL"},{"floor":32.0,"key":"REST"},{"floor":40.0,"key":"REST"},{"floor":49.0,"key":"REST"}],"circlet_count":0,"master_deck":["theDruid:FuriousSlash","theDruid:FuriousSlash","theDruid:FuriousSlash+1","theDruid:FuriousSlash","theDruid:BloodiedFur+1","theDruid:BloodiedFur+1","theDruid:BloodiedFur+1","theDruid:BriarArmor+1","theDruid:WildSlash","theDruid:ForestGuard+1","theDruid:PrimalStrength+1","theDruid:HailofThorns+1","theDruid:ApexPredator+1","theDruid:HerbalismKit","theDruid:BlessedStrike+1","theDruid:FuriousSlash+1","theDruid:PouncingStrike+1","theDruid:TearOpen","theDruid:ApexPredator+1","theDruid:PlagueClaw+1","theDruid:Guidance+1","theDruid:FuriousSlash+1","Pain","theDruid:PrimalStrength+1","theDruid:Forage","theDruid:InsectSwarm"],"relics":["theDruid:CrownOfTheWilds","EVO:Axolotl","War Paint","Golden Idol","Shuriken","Frozen Egg 2","Centennial Puzzle","Potion Belt","Fusion Hammer","Nilry\u0027s Codex","Unceasing Top","Omamori","Whetstone","Ornamental Fan","Cursed Key","Bag of Preparation","Ancient Tea Set","Akabeko","Toy Ornithopter","Sling","WarpedTongs","Bronze Scales"],"acts_visited":["Exordium","TheCity","TheBeyond"],"potions_floor_usage":[50,50,50],"damage_taken":[{"damage":1.0,"enemies":"Small Slimes","floor":1.0,"turns":4.0},{"damage":0.0,"enemies":"Jaw Worm","floor":4.0,"turns":2.0},{"damage":13.0,"enemies":"3 Sentries","floor":6.0,"turns":8.0},{"damage":0.0,"enemies":"Cultist","floor":7.0,"turns":2.0},{"damage":0.0,"enemies":"Exordium Wildlife","floor":10.0,"turns":4.0},{"damage":4.0,"enemies":"Gremlin Gang","floor":11.0,"turns":5.0},{"damage":8.0,"enemies":"Exordium Thugs","floor":12.0,"turns":6.0},{"damage":1.0,"enemies":"Red Slaver","floor":13.0,"turns":4.0},{"damage":0.0,"enemies":"The Guardian","floor":16.0,"turns":8.0},{"damage":1.0,"enemies":"Spheric Guardian","floor":18.0,"turns":4.0},{"damage":1.0,"enemies":"Chosen","floor":19.0,"turns":3.0},{"damage":3.0,"enemies":"3 Cultists","floor":24.0,"turns":3.0},{"damage":12.0,"enemies":"Gremlin Leader","floor":27.0,"turns":4.0},{"damage":0.0,"enemies":"Sentry and Sphere","floor":28.0,"turns":3.0},{"damage":33.0,"enemies":"Slavers","floor":29.0,"turns":4.0},{"damage":24.0,"enemies":"Cultist and Chosen","floor":30.0,"turns":5.0},{"damage":0.0,"enemies":"Centurion and Healer","floor":31.0,"turns":6.0},{"damage":30.0,"enemies":"Automaton","floor":33.0,"turns":5.0},{"damage":1.0,"enemies":"3 Shapes","floor":35.0,"turns":7.0},{"damage":16.0,"enemies":"Orb Walker","floor":37.0,"turns":3.0},{"damage":29.0,"enemies":"Maw","floor":38.0,"turns":5.0},{"damage":26.0,"enemies":"Reptomancer","floor":41.0,"turns":5.0},{"damage":1.0,"enemies":"Jaw Worm Horde","floor":46.0,"turns":2.0},{"damage":6.0,"enemies":"3 Darklings","floor":47.0,"turns":4.0},{"damage":0.0,"enemies":"Giant Head","floor":48.0,"turns":4.0},{"damage":37,"enemies":"Awakened One","floor":50,"turns":7}],"seed_played":"-4513868132179428717","potions_obtained":[{"floor":4.0,"key":"Dexterity Potion"},{"floor":7.0,"key":"Energy Potion"},{"floor":10.0,"key":"Regen Potion"},{"floor":16.0,"key":"LiquidMemories"},{"floor":18.0,"key":"Strength Potion"},{"floor":21.0,"key":"SkillPotion"},{"floor":21.0,"key":"ColorlessPotion"},{"floor":27.0,"key":"FairyPotion"},{"floor":29.0,"key":"EntropicBrew"},{"floor":31.0,"key":"Regen Potion"},{"floor":33.0,"key":"DistilledChaos"},{"floor":35.0,"key":"PowerPotion"},{"floor":38.0,"key":"Regen Potion"},{"floor":41.0,"key":"Dexterity Potion"},{"floor":47.0,"key":"ColorlessPotion"}],"is_trial":false,"path_per_floor":["M","?","?","M","$","E","M","R","T","M","M","M","M","T","R","B",null,"M","M","?","?","$","R","M","R","T","E","M","E","M","M","R","B",null,"M","?","M","M","?","R","E","$","T","$","?","M","M","E","R","B",null],"character_chosen":"DRUID","items_purchased":["Unceasing Top","Ancient Tea Set","Akabeko","Sling"],"campfire_rested":4,"item_purchase_floors":[22,42,42,44],"current_hp_per_floor":[74,56,49,49,49,36,36,36,36,36,46,38,37,37,37,37,75,74,73,57,57,57,75,72,72,72,60,60,30,6,9,31,15,75,74,74,58,29,29,51,39,39,39,39,39,43,40,50,72,54],"gold":121,"neow_bonus":"RANDOM_COMMON_RELIC","is_daily":false,"chose_seed":false,"campfire_upgraded":2,"win_rate":0.0,"timestamp":1611228801,"path_taken":["M","?","?","M","$","E","M","R","T","M","M","M","M","?","R","BOSS","M","M","?","?","$","R","M","R","T","E","M","E","M","?","R","BOSS","M","?","M","?","?","R","E","$","T","?","?","M","?","E","R","BOSS"],"items_purchased_type":["Relic","Relic","Relic","Relic"],"build_version":"2020-12-22","purchased_purges":1,"victory":true,"max_hp_per_floor":[75,75,75,75,75,75,75,75,75,75,75,75,75,75,75,75,75,75,75,75,75,75,75,75,75,75,75,75,75,75,75,75,75,75,75,75,75,75,75,75,75,75,75,75,75,75,75,75,75,75],"card_choices":[{"not_picked":["theDruid:BloodiedFur","theDruid:Eclipse","theDruid:Gore"],"picked":"SKIP","floor":1.0},{"not_picked":["theDruid:Swipe","theDruid:Untamed","theDruid:PlagueClaw"],"picked":"SKIP","floor":4.0},{"not_picked":["theDruid:Moonbeam","theDruid:Guidance"],"picked":"theDruid:ForestGuard+1","floor":6.0},{"not_picked":["theDruid:Pathfinder","theDruid:BrambleLash","theDruid:ExposingSlash"],"picked":"SKIP","floor":7.0},{"not_picked":["theDruid:FeralPlants+1","theDruid:Slingshot"],"picked":"theDruid:PrimalStrength+1","floor":10.0},{"not_picked":["theDruid:RockSlide","theDruid:Starfall","theDruid:ExposingSlash"],"picked":"SKIP","floor":11.0},{"not_picked":["theDruid:BrambleLash","theDruid:IronClaw","theDruid:AstralShield"],"picked":"SKIP","floor":12.0},{"not_picked":["theDruid:ViralBites","theDruid:ExposingSlash"],"picked":"theDruid:HailofThorns","floor":13.0},{"not_picked":["theDruid:SpiritCall","theDruid:HerbalismKit"],"picked":"theDruid:ApexPredator+1","floor":16.0},{"not_picked":["theDruid:Pathfinder","theDruid:BlessedStrike","theDruid:TwilightsCall+1"],"picked":"SKIP","floor":18.0},{"not_picked":["theDruid:BloodiedFur","theDruid:BrambleLash+1","theDruid:TakeShelter"],"picked":"SKIP","floor":19.0},{"not_picked":["theDruid:BrambleLash","theDruid:FaerieFire","theDruid:Guidance"],"picked":"SKIP","floor":24.0},{"not_picked":["theDruid:BrambleLash","theDruid:Entangle"],"picked":"theDruid:HerbalismKit","floor":27.0},{"not_picked":["theDruid:Swipe","theDruid:Guidance"],"picked":"theDruid:BlessedStrike+1","floor":28.0},{"not_picked":["theDruid:Recoil","theDruid:BrambleLash+1","theDruid:FelineGrace"],"picked":"SKIP","floor":29.0},{"not_picked":["theDruid:BrambleLash","theDruid:Recoil"],"picked":"theDruid:FuriousSlash+1","floor":30.0},{"not_picked":["theDruid:TwilightsCall","theDruid:HailofThorns"],"picked":"theDruid:PouncingStrike+1","floor":31.0},{"not_picked":["theDruid:SurvivalCache","theDruid:WildFrenzy"],"picked":"theDruid:TearOpen","floor":33.0},{"not_picked":["theDruid:ExposingSlash+1","theDruid:ThornStrike","theDruid:FelineGrace"],"picked":"SKIP","floor":35.0},{"not_picked":["theDruid:Slingshot","theDruid:BloodiedFur"],"picked":"theDruid:PlagueClaw+1","floor":37.0},{"not_picked":["theDruid:ThickHide","theDruid:Gore"],"picked":"theDruid:Guidance+1","floor":38.0},{"not_picked":["theDruid:WildFrenzy","theDruid:BrambleLash"],"picked":"theDruid:FuriousSlash+1","floor":41.0},{"not_picked":["theDruid:BackupSupplies","theDruid:BlessedStrike"],"picked":"theDruid:PrimalStrength+1","floor":46.0},{"not_picked":["theDruid:ThickHide+1","theDruid:IronClaw+1"],"picked":"theDruid:Forage","floor":47.0},{"not_picked":["theDruid:FaerieFire+1","theDruid:ThickHide+1"],"picked":"theDruid:InsectSwarm","floor":48.0}],"player_experience":1861036,"relics_obtained":[{"floor":6.0,"key":"Frozen Egg 2"},{"floor":9.0,"key":"Centennial Puzzle"},{"floor":14.0,"key":"Potion Belt"},{"floor":20.0,"key":"Nilry\u0027s Codex"},{"floor":26.0,"key":"Omamori"},{"floor":27.0,"key":"Whetstone"},{"floor":29.0,"key":"Ornamental Fan"},{"floor":41.0,"key":"Bag of Preparation"},{"floor":43.0,"key":"Toy Ornithopter"},{"floor":48.0,"key":"Bronze Scales"}],"event_choices":[{"damage_healed":0.0,"max_hp_gain":0.0,"max_hp_loss":0.0,"gold_gain":0.0,"event_name":"Golden Idol","player_choice":"Take Damage","floor":2.0,"gold_loss":0.0,"damage_taken":18.0,"relics_obtained":["Golden Idol"]},{"damage_healed":0.0,"max_hp_gain":0.0,"max_hp_loss":0.0,"gold_gain":0.0,"event_name":"Scrap Ooze","player_choice":"Success","floor":3.0,"gold_loss":0.0,"damage_taken":7.0,"relics_obtained":["Shuriken"]},{"damage_healed":0.0,"max_hp_gain":0.0,"max_hp_loss":0.0,"gold_gain":0.0,"event_name":"Cursed Tome","player_choice":"Obtained Book","floor":20.0,"gold_loss":0.0,"damage_taken":16.0},{"damage_healed":0.0,"max_hp_gain":0.0,"max_hp_loss":0.0,"gold_gain":0.0,"event_name":"Lab","player_choice":"Got Potions","floor":21.0,"gold_loss":0.0,"damage_taken":0.0},{"damage_healed":0.0,"max_hp_gain":0.0,"max_hp_loss":0.0,"gold_gain":0.0,"event_name":"Duplicator","player_choice":"Copied","floor":36.0,"gold_loss":0.0,"damage_taken":0.0,"cards_obtained":["theDruid:ApexPredator"]},{"damage_healed":0.0,"max_hp_gain":0.0,"max_hp_loss":0.0,"gold_gain":0.0,"event_name":"Wheel of Change","player_choice":"Cursed","floor":39.0,"gold_loss":0.0,"damage_taken":0.0,"cards_obtained":["Decay"]},{"damage_healed":0.0,"max_hp_gain":0.0,"max_hp_loss":0.0,"gold_gain":0.0,"event_name":"Accursed Blacksmith","player_choice":"Rummage","floor":45.0,"gold_loss":0.0,"damage_taken":0.0,"relics_obtained":["WarpedTongs"],"cards_obtained":["Pain"]}],"is_beta":false,"boss_relics":[{"not_picked":["Calling Bell","Pandora\u0027s Box"],"picked":"Fusion Hammer"},{"not_picked":["Philosopher\u0027s Stone","SlaversCollar"],"picked":"Cursed Key"}],"items_purged_floors":[5],"is_endless":false,"potions_floor_spawned":[4,7,10,16,18,27,29,31,33,35,38,41,47],"ascension_level":2}}