{"host":"wfkvcf4y4vkrpwe0","time":1611249788,"event":{"mods":["BaseMod","Conspire","Downfall","Hermit","Minty Spire (QoL Compilation)","StSLib","The Construct","The Cursed","The Disciple","The Hierophant","The Necromancer"],"gold_per_floor":[112,112,112,124,140,140,175,19,19,37,48,48,48,48,48,28,28],"floor_reached":16,"language":"ENG","playtime":477,"items_purged":[],"score":127,"play_id":"4e9ab917-0f55-4e4a-ae81-aaa8aec2568f","local_time":"20210121172308","is_ascension_mode":false,"campfire_choices":[{"floor":6,"key":"RECALL"},{"floor":15,"key":"REST"}],"circlet_count":0,"master_deck":["hierophant:Strike_Hierophant","hierophant:Strike_Hierophant","hierophant:Strike_Hierophant","hierophant:Strike_Hierophant+1","hierophant:Punish","hierophant:Defend_Hierophant","hierophant:Defend_Hierophant","hierophant:Defend_Hierophant","hierophant:Defend_Hierophant","hierophant:ChurchCoffers","hierophant:Repentance+1","Regret","hierophant:PassingBell","hierophant:Zeal","hierophant:Repentance","hierophant:MorningPrayer"],"relics":["hierophant:PropheticMaskRelic","NeowsBlessing","Eternal Feather","Pear","Regal Pillow","Meat on the Bone"],"acts_visited":["Exordium"],"potions_floor_usage":[13,13,13],"damage_taken":[{"damage":0,"enemies":"2 Louse","floor":1,"turns":1},{"damage":0,"enemies":"Jaw Worm","floor":4,"turns":1},{"damage":0,"enemies":"Cultist","floor":5,"turns":1},{"damage":55,"enemies":"3 Sentries","floor":7,"turns":8},{"damage":23,"enemies":"Blue Slaver","floor":10,"turns":3},{"damage":11,"enemies":"3 Louse","floor":11,"turns":3},{"damage":0,"enemies":"2 Fungi Beasts","floor":13,"turns":1},{"damage":73,"enemies":"Hexaghost","floor":16,"turns":8}],"seed_played":"6968392468460401538","potions_obtained":[{"floor":1,"key":"SmokeBomb"},{"floor":3,"key":"LiquidBronze"},{"floor":3,"key":"Fruit Juice"}],"is_trial":false,"path_per_floor":["M","?","?","M","M","R","E","$","T","M","M","?","M","$","R","B"],"character_chosen":"HIEROPHANT","items_purchased":["Regal Pillow"],"campfire_rested":1,"item_purchase_floors":[8],"current_hp_per_floor":[75,75,75,75,75,75,30,30,30,19,20,3,20,20,71,0,0],"gold":28,"neow_bonus":"THREE_ENEMY_KILL","is_daily":false,"chose_seed":false,"campfire_upgraded":0,"win_rate":0.0,"timestamp":1611249788,"path_taken":["M","?","?","M","?","R","E","$","T","M","M","?","M","$","R","BOSS"],"items_purchased_type":["Relic"],"build_version":"2020-12-22","purchased_purges":0,"victory":false,"max_hp_per_floor":[75,75,75,75,75,75,85,85,85,85,85,85,90,90,90,90,90],"card_choices":[{"not_picked":["hierophant:Racketeering","hierophant:Doubloon"],"picked":"hierophant:Repentance","floor":1},{"not_picked":["hierophant:Prophecy","hierophant:DisplayOfPower","hierophant:OrnateJavelin"],"picked":"SKIP","floor":4},{"not_picked":["hierophant:SealAway","hierophant:Empathy"],"picked":"hierophant:PassingBell","floor":5},{"not_picked":["hierophant:Doubloon","hierophant:Sermon"],"picked":"hierophant:Zeal","floor":7},{"not_picked":["hierophant:SealAway","hierophant:Prophecy"],"picked":"hierophant:Repentance","floor":10},{"not_picked":["hierophant:SealAway","hierophant:Encroach"],"picked":"hierophant:MorningPrayer","floor":11}],"player_experience":557090,"relics_obtained":[{"floor":7,"key":"Pear"},{"floor":9,"key":"Meat on the Bone"}],"event_choices":[{"damage_healed":0,"gold_gain":0,"player_choice":"Box","damage_taken":0,"relics_obtained":["Eternal Feather"],"max_hp_gain":0,"max_hp_loss":0,"event_name":"Big Fish","floor":2,"gold_loss":0,"cards_obtained":["Regret"]},{"damage_healed":0,"gold_gain":0,"player_choice":"Got Potions","damage_taken":0,"max_hp_gain":0,"max_hp_loss":0,"event_name":"Lab","floor":3,"gold_loss":0},{"damage_healed":0,"gold_gain":0,"player_choice":"Entered Light","damage_taken":17,"max_hp_gain":0,"max_hp_loss":0,"event_name":"Shining Light","floor":12,"gold_loss":0,"cards_upgraded":["hierophant:Repentance","hierophant:Strike_Hierophant"]}],"is_beta":false,"boss_relics":[],"items_purged_floors":[],"is_endless":false,"potions_floor_spawned":[1,5,10],"killed_by":"Hexaghost","ascension_level":0}}