{"host":"1v94wza6sq30pv3l","time":1611202063,"event":{"mods":["AchievementEnabler","BaseMod","Highlight Path","Minty Spire (QoL Compilation)"],"gold_per_floor":[110,127,141,153,168,203,50,50,50,50,25,50,77,23,23,127,127,142,142,142],"floor_reached":19,"language":"ENG","playtime":885,"items_purged":["Defend_P"],"score":212,"play_id":"1d1a99a5-d196-4773-8060-ff5c8d129205","local_time":"20210120230743","is_ascension_mode":true,"campfire_choices":[{"data":"BattleHymn","floor":8,"key":"SMITH"},{"data":"PathToVictory","floor":10,"key":"SMITH"},{"floor":15,"key":"REST"}],"circlet_count":0,"master_deck":["Strike_P","Strike_P","Strike_P","Strike_P","Defend_P","Defend_P","Defend_P","Eruption","Vigilance","CurseOfTheBell","Protect","Indignation","PathToVictory+1","Protect","FlurryOfBlows","ClearTheMind","BattleHymn+1","BowlingBash","Evaluate","CutThroughFate","Scrawl","FollowUp"],"relics":["Calling Bell","Vajra","HornCleat","Shovel","Juzu Bracelet","Bottled Flame","Blood Vial","Ancient Tea Set","Runic Pyramid"],"acts_visited":["Exordium","TheCity"],"potions_floor_usage":[5,12],"damage_taken":[{"damage":1,"enemies":"Cultist","floor":1,"turns":4},{"damage":1,"enemies":"Jaw Worm","floor":2,"turns":4},{"damage":0,"enemies":"2 Louse","floor":3,"turns":3},{"damage":0,"enemies":"Exordium Wildlife","floor":4,"turns":3},{"damage":3,"enemies":"Large Slime","floor":5,"turns":4},{"damage":13,"enemies":"Lagavulin","floor":6,"turns":8},{"damage":0,"enemies":"Gremlin Nob","floor":12,"turns":2},{"damage":43,"enemies":"Hexaghost","floor":16,"turns":7},{"damage":4,"enemies":"Chosen","floor":18,"turns":3},{"damage":5,"enemies":"3 Byrds","floor":19,"turns":2}],"seed_played":"574109182050659335","potions_obtained":[{"floor":1,"key":"Energy Potion"},{"floor":6,"key":"SteroidPotion"},{"floor":16,"key":"ColorlessPotion"},{"floor":18,"key":"Weak Potion"}],"is_trial":false,"path_per_floor":["M","M","M","M","M","E","$","R","T","R","$","E","T","$","R","B",null,"M","M"],"character_chosen":"WATCHER","items_purchased":["BattleHymn","BowlingBash","CutThroughFate"],"campfire_rested":1,"item_purchase_floors":[7,11,14],"current_hp_per_floor":[71,70,70,70,67,54,54,54,54,54,54,54,54,54,72,29,72,68,65,65],"gold":142,"neow_bonus":"BOSS_RELIC","is_daily":false,"chose_seed":false,"campfire_upgraded":2,"win_rate":0.0,"timestamp":1611202063,"path_taken":["M","M","?","M","M","E","$","R","T","R","?","E","?","?","R","BOSS","M","M"],"items_purchased_type":["Card","Card","Card"],"build_version":"2020-12-22","purchased_purges":1,"victory":false,"max_hp_per_floor":[72,72,72,72,72,72,72,72,72,72,72,72,72,72,72,72,72,72,72,72],"card_choices":[{"not_picked":["WheelKick","Evaluate"],"picked":"Protect","floor":1},{"not_picked":["Protect","SandsOfTime"],"picked":"Indignation","floor":2},{"not_picked":["Omniscience","Weave"],"picked":"PathToVictory","floor":3},{"not_picked":["Consecrate","ReachHeaven"],"picked":"Protect","floor":4},{"not_picked":["Indignation","Meditate"],"picked":"FlurryOfBlows","floor":5},{"not_picked":["Crescendo","Collect"],"picked":"ClearTheMind","floor":6},{"not_picked":["Judgement","BattleHymn"],"picked":"Evaluate","floor":12},{"not_picked":["SpiritShield","DevaForm"],"picked":"Scrawl","floor":16},{"not_picked":["BowlingBash","FearNoEvil"],"picked":"FollowUp","floor":18}],"player_experience":93754,"relics_obtained":[{"floor":0,"key":"Vajra"},{"floor":0,"key":"HornCleat"},{"floor":0,"key":"Shovel"},{"floor":6,"key":"Juzu Bracelet"},{"floor":9,"key":"Bottled Flame"},{"floor":12,"key":"Blood Vial"},{"floor":13,"key":"Ancient Tea Set"}],"event_choices":[],"is_beta":false,"boss_relics":[{"not_picked":["Philosopher\u0027s Stone","Runic Dome"],"picked":"Runic Pyramid"}],"items_purged_floors":[7],"is_endless":false,"potions_floor_spawned":[1,6,16,18],"killed_by":"3 Byrds","ascension_level":1}}