{"host":"rcus31dlwi4i4y2l","time":1611252804,"event":{"mods":["AchievementEnabler","BaseMod","Downfall","Googly Eyes","Hermit","Marisa????????","Minty Spire (QoL Compilation)","StSLib","The Bug Knight","The Cursed","The IronCluck"],"gold_per_floor":[119,135,135,160,160,160,188,206,206,237,237,237,237,254,254,358,358,377,302,320,320,320,355,372,398,423,440,466,466,466,481,481,584,584,600,650,664,22,38,72,82,82,106,106,106],"floor_reached":44,"language":"ENG","playtime":5307,"items_purged":[],"score":581,"play_id":"ca00b128-972a-40c0-96b3-9a149e4318a4","local_time":"20210121121324","is_ascension_mode":false,"campfire_choices":[{"data":"DoubleSpark","floor":6,"key":"SMITH"},{"data":"JA","floor":11,"key":"SMITH"},{"data":"EarthLightRay","floor":15,"key":"SMITH"},{"data":"Outmaneuver","floor":30,"key":"SMITH"},{"data":"SporeBomb","floor":32,"key":"SMITH"},{"data":"BinaryStars","floor":42,"key":"SMITH"}],"circlet_count":0,"master_deck":["Strike_MRS+1","Strike_MRS+1","Defend_MRS+1","Defend_MRS+1","Defend_MRS+1","Defend_MRS+1","MasterSpark","UpSweep","NonDirectionalLaser+1","DoubleSpark+1","Outmaneuver+1","EarthLightRay+1","GalacticHalo","JA+1","MagicAbsorber","6A+1","SporeBomb+1","MysteriousBeam+1","MeteoricShower","MillisecondPulsars","ShootTheMoon","GrandCross+1","BinaryStars+1","Parasite"],"relics":["MiniHakkero","NeowsBlessing","HollowMod:PaleOreRelic","Happy Flower","Regal Pillow","Sundial","Vajra","Gremlin Horn","Runic Pyramid","Mercury Hourglass","StoneCalendar","Dream Catcher","Singing Bowl","RampagingMagicTools","Du-Vu Doll","HollowMod:StagPassRelic","Gambling Chip","Pantograph","Blood Vial"],"acts_visited":["Exordium","TheCity","TheBeyond"],"potions_floor_usage":[23,24,28,39,44],"damage_taken":[{"damage":0,"enemies":"Small Slimes","floor":1,"turns":1},{"damage":0,"enemies":"Jaw Worm","floor":2,"turns":1},{"damage":0,"enemies":"HollowMod:MossKnight","floor":7,"turns":1},{"damage":0,"enemies":"Cultist","floor":8,"turns":3},{"damage":18,"enemies":"Lagavulin","floor":10,"turns":6},{"damage":10,"enemies":"Looter","floor":14,"turns":2},{"damage":2,"enemies":"Slime Boss","floor":16,"turns":5},{"damage":0,"enemies":"Spheric Guardian","floor":18,"turns":3},{"damage":6,"enemies":"3 Byrds","floor":20,"turns":4},{"damage":12,"enemies":"Slavers","floor":23,"turns":4},{"damage":0,"enemies":"3 Cultists","floor":24,"turns":3},{"damage":0,"enemies":"Gremlin Leader","floor":25,"turns":3},{"damage":18,"enemies":"Centurion and Healer","floor":27,"turns":4},{"damage":6,"enemies":"Book of Stabbing","floor":28,"turns":3},{"damage":0,"enemies":"Snecko","floor":31,"turns":3},{"damage":6,"enemies":"Automaton","floor":33,"turns":6},{"damage":4,"enemies":"Orb Walker","floor":35,"turns":2},{"damage":22,"enemies":"Mind Bloom Boss Battle","floor":36,"turns":4},{"damage":0,"enemies":"3 Darklings","floor":37,"turns":2},{"damage":0,"enemies":"Sphere and 2 Shapes","floor":39,"turns":3},{"damage":4,"enemies":"Giant Head","floor":40,"turns":6},{"damage":13,"enemies":"Writhing Mass","floor":41,"turns":4},{"damage":117,"enemies":"Transient","floor":44,"turns":4}],"seed_played":"-1104099453306930525","potions_obtained":[{"floor":1,"key":"LiquidBronze"},{"floor":2,"key":"Fire Potion"},{"floor":20,"key":"FearPotion"},{"floor":23,"key":"Explosive Potion"},{"floor":24,"key":"Fruit Juice"},{"floor":35,"key":"Dexterity Potion"},{"floor":37,"key":"Slimebound:ThreeZeroPotion"},{"floor":39,"key":"StarNLove"}],"is_trial":false,"path_per_floor":["M","M","?","T","?","R","E","M","T","E","R","?","?","M","R","B",null,"M","?","M","?","T","E","M","E","T","M","E","?","R","M","R","B",null,"M","?","M","$","M","E","M","R","T","M"],"character_chosen":"MARISA","items_purchased":["HollowMod:StagPassRelic","ShootTheMoon","Gambling Chip"],"campfire_rested":0,"item_purchase_floors":[38,38,38],"current_hp_per_floor":[75,75,68,68,68,68,68,72,72,57,57,42,42,36,36,40,75,75,75,69,69,69,63,69,75,75,57,59,59,59,67,67,67,79,81,67,69,69,74,76,65,65,65,0,0],"gold":106,"neow_bonus":"THREE_ENEMY_KILL","is_daily":false,"chose_seed":false,"campfire_upgraded":6,"win_rate":0.0,"timestamp":1611252804,"path_taken":["M","M","?","?","?","R","E","?","T","E","R","?","?","?","R","BOSS","M","?","M","?","?","E","M","E","T","M","E","?","R","M","R","BOSS","M","?","M","$","M","E","M","R","T","M"],"items_purchased_type":["Relic","Card","Relic"],"build_version":"2020-12-22","purchased_purges":0,"victory":false,"max_hp_per_floor":[75,75,75,75,75,75,75,75,75,75,75,75,75,75,75,75,75,75,75,75,75,75,75,75,75,75,75,77,77,77,79,79,79,79,81,83,85,85,90,90,92,92,92,92,92],"card_choices":[{"not_picked":["GasGiant","GalacticHalo"],"picked":"NonDirectionalLaser","floor":1},{"not_picked":["LuminesStrike","MysteriousBeam"],"picked":"DoubleSpark","floor":2},{"not_picked":["GalacticHalo","MilkyWay"],"picked":"EarthLightRay","floor":7},{"not_picked":["WitchOfGreed","OneTimeOff"],"picked":"GalacticHalo","floor":8},{"not_picked":["GrandCross","MilkyWay"],"picked":"JA","floor":10},{"not_picked":["DoubleSpark","StarBarrage","UnstableBomb"],"picked":"SKIP","floor":14},{"not_picked":["GravityBeat+1","NonDirectionalLaser+1"],"picked":"MagicAbsorber","floor":18},{"not_picked":["LuminesStrike+1","AlicesGift+1"],"picked":"6A+1","floor":20},{"not_picked":["GasGiant","LuminesStrike+1","WitchOfGreed"],"picked":"SKIP","floor":23},{"not_picked":["ShootingEcho","WitchOfGreed+1"],"picked":"SporeBomb","floor":24},{"not_picked":["ChargeUpSpray","NonDirectionalLaser","MilkyWay"],"picked":"SKIP","floor":25},{"not_picked":["SuperPerseids","StarlightTyphoon"],"picked":"MysteriousBeam+1","floor":27},{"not_picked":["Singularity","MagicChant+1","EscapeVelocity"],"picked":"Singing Bowl","floor":28},{"not_picked":["DoubleSpark","MysteriousBeam","LuminesStrike"],"picked":"Singing Bowl","floor":31},{"not_picked":["SatelliteIllusion","FinalSpark"],"picked":"MillisecondPulsars","floor":33},{"not_picked":["LuminesStrike","NonDirectionalLaser+1","MachineGunSpark+1"],"picked":"Singing Bowl","floor":35},{"not_picked":["Robbery+1","PowerUp+1","ShootingEcho"],"picked":"Singing Bowl","floor":36},{"not_picked":["DoubleSpark+1","Orbital","IllusionStar+1"],"picked":"Singing Bowl","floor":37},{"not_picked":["SporeBomb+1","MagicChant"],"picked":"GrandCross+1","floor":39},{"not_picked":["MeteoricShower","GravityBeat+1"],"picked":"BinaryStars","floor":40},{"not_picked":["DC+1","6A+1","SporeBomb"],"picked":"Singing Bowl","floor":41}],"player_experience":154518,"relics_obtained":[{"floor":4,"key":"Happy Flower"},{"floor":7,"key":"Regal Pillow"},{"floor":9,"key":"Sundial"},{"floor":10,"key":"Vajra"},{"floor":23,"key":"Mercury Hourglass"},{"floor":25,"key":"StoneCalendar"},{"floor":26,"key":"Dream Catcher"},{"floor":28,"key":"Singing Bowl"},{"floor":36,"key":"Du-Vu Doll"},{"floor":40,"key":"Pantograph"},{"floor":43,"key":"Blood Vial"}],"event_choices":[{"damage_healed":0,"gold_gain":0,"player_choice":"Success","damage_taken":7,"relics_obtained":["HollowMod:PaleOreRelic"],"max_hp_gain":0,"max_hp_loss":0,"event_name":"Scrap Ooze","floor":3,"gold_loss":0},{"cards_removed":["Strike_MRS"],"damage_healed":0,"gold_gain":0,"player_choice":"Took Card","damage_taken":0,"max_hp_gain":0,"max_hp_loss":0,"event_name":"NoteForYourself","floor":5,"gold_loss":0,"cards_obtained":["Outmaneuver"]},{"damage_healed":0,"gold_gain":0,"player_choice":"Entered Light","damage_taken":15,"max_hp_gain":0,"max_hp_loss":0,"event_name":"Shining Light","floor":12,"gold_loss":0,"cards_upgraded":["Strike_MRS","NonDirectionalLaser"]},{"damage_healed":0,"gold_gain":0,"player_choice":"Gave Potion","damage_taken":0,"relics_obtained":["Gremlin Horn"],"max_hp_gain":0,"max_hp_loss":0,"event_name":"WeMeetAgain","floor":13,"gold_loss":0},{"cards_removed":["Strike_MRS"],"damage_healed":0,"gold_gain":0,"player_choice":"Gave Gold","damage_taken":0,"max_hp_gain":0,"max_hp_loss":0,"event_name":"Beggar","floor":19,"gold_loss":75},{"damage_healed":0,"gold_gain":0,"player_choice":"Simplicity","damage_taken":0,"max_hp_gain":0,"max_hp_loss":0,"event_name":"Back to Basics","floor":21,"gold_loss":0,"cards_upgraded":["Strike_MRS","Defend_MRS","Defend_MRS","Defend_MRS","Defend_MRS"]},{"damage_healed":0,"gold_gain":0,"player_choice":"Read","damage_taken":0,"max_hp_gain":0,"max_hp_loss":0,"event_name":"The Library","floor":29,"gold_loss":0,"cards_obtained":["MeteoricShower"]},{"damage_healed":0,"gold_gain":0,"player_choice":"Fight","damage_taken":0,"max_hp_gain":0,"max_hp_loss":0,"event_name":"MindBloom","floor":36,"gold_loss":0}],"is_beta":false,"boss_relics":[{"not_picked":["Fusion Hammer","SlaversCollar"],"picked":"Runic Pyramid"},{"not_picked":["Astrolabe","ExperimentalFamiliar"],"picked":"RampagingMagicTools"}],"items_purged_floors":[],"is_endless":false,"potions_floor_spawned":[1,2,20,23,24,35,37,39],"killed_by":"Transient","ascension_level":0}}