{"host":"rgy6n2eoa9ji6d0c","time":1611241719,"event":{"mods":["BaseMod","Downfall","Minty Spire (QoL Compilation)","Quick Restart","StSLib"],"gold_per_floor":[99,199,199,215,390,133,133,33,63,63,124,155,155,185,202,304,304,304,304,304,318,338,438,438,388,401,429,296,324,341,373,393,489,489,389,407,407,424,439,415,415,219,219,119,219,12,12,29,44,44,44,70,20,20,20,20],"floor_reached":57,"language":"ENG","playtime":5312,"items_purged":["Doubt","Pride","bronze:Separator+1","bronze:Terminator","Normality","Writhe"],"score":1423,"play_id":"bf4e5294-1ff4-4b8a-ba99-e73ab97701bf","local_time":"20210121160839","is_ascension_mode":true,"campfire_choices":[{"floor":1.0,"key":"RECALL"},{"data":"bronze:Philosophize","floor":8.0,"key":"SMITH"},{"data":"bronze:MaxOutput","floor":10.0,"key":"SMITH"},{"floor":13.0,"key":"REST"},{"data":"bronze:Turbo","floor":18.0,"key":"SMITH"},{"data":"bronze:Repulsor","floor":35,"key":"SMITH"},{"floor":44,"key":"REST"},{"data":"bronze:Verify","floor":47,"key":"SMITH"},{"data":"bronze:InfiniteBeams","floor":54,"key":"SMITH"}],"circlet_count":0,"master_deck":["bronze:Goto+1","bronze:Deprecate","bronze:MaxOutput+1","bronze:Iterate","bronze:Invalidate","bronze:Philosophize","bronze:ShipIt+1","bronze:DelayedGuard","bronze:FineTuning+1","bronze:FindAndReplace+1","bronze:Turbo","bronze:FineTuning","bronze:Philosophize","bronze:WildBeam+1","bronze:Turbo+1","bronze:Safeguard+1","bronze:DecaBeam","bronze:ChosenStrike+1","bronze:Repulsor+1","bronze:InfiniteBeams+1","bronze:FineTuning","bronze:ClassDefault","bronze:Iterate+1","bronze:BurnOut+1","bronze:FineTuning+1","bronze:FineTuning+1","bronze:Iterate+1","bronze:MaxOutput+1","Normality","Parasite","Clumsy","Doubt","bronze:Virus+1","bronze:Verify+1","bronze:Format","bronze:Iterate+1","bronze:FineTuning+1","bronze:OilSpill+1","bronze:Repulsor+1"],"relics":["bronze:BronzeCore","Ice Cream","downfall:HeartBlessingRed","Smiling Mask","Molten Egg 2","PreservedInsect","Pen Nib","Pandora\u0027s Box","Guardian:PocketSentry","Mummified Hand","Torii","Pantograph","War Paint","SlaversCollar","downfall:HeartBlessingGreen","Thread and Needle","DollysMirror","downfall:HeartBlessingBlue","Darkstone Periapt","Orrery","InkBottle"],"acts_visited":["Exordium","TheCity","TheBeyond","TheEnding"],"potions_floor_usage":[50,50,56],"damage_taken":[{"damage":8.0,"enemies":"2 Louse","floor":4.0,"turns":3.0},{"damage":5.0,"enemies":"downfall:FleeingMerchant","floor":6.0,"turns":4.0},{"damage":12.0,"enemies":"Gremlin Nob","floor":9.0,"turns":3.0},{"damage":0.0,"enemies":"Gremlin Nob","floor":11.0,"turns":2.0},{"damage":25.0,"enemies":"3 Sentries","floor":12.0,"turns":7.0},{"damage":0.0,"enemies":"Gremlin Nob","floor":14.0,"turns":2.0},{"damage":6.0,"enemies":"Jaw Worm","floor":15.0,"turns":2.0},{"damage":24.0,"enemies":"DF_ARCHETYPE_STREAMLINE","floor":16.0,"turns":6.0},{"damage":6.0,"enemies":"Chosen","floor":21.0,"turns":3.0},{"damage":10.0,"enemies":"3 Cultists","floor":22.0,"turns":4.0},{"damage":14.0,"enemies":"3 Cultists","floor":23.0,"turns":3.0},{"damage":54.0,"enemies":"Chosen and Byrds","floor":26.0,"turns":7.0},{"damage":14.0,"enemies":"Slavers","floor":27.0,"turns":2.0},{"damage":5.0,"enemies":"downfall:FleeingMerchant","floor":28.0,"turns":4.0},{"damage":35.0,"enemies":"Book of Stabbing","floor":29.0,"turns":4.0},{"damage":0.0,"enemies":"Snake Plant","floor":30.0,"turns":4.0},{"damage":19,"enemies":"Slavers","floor":31,"turns":3},{"damage":0,"enemies":"Sentry and Sphere","floor":32,"turns":2},{"damage":39,"enemies":"SI_MIRROR_ARCHETYPE","floor":33,"turns":7},{"damage":43,"enemies":"3 Darklings","floor":36,"turns":3},{"damage":7,"enemies":"Orb Walker","floor":38,"turns":2},{"damage":13,"enemies":"Transient","floor":39,"turns":5},{"damage":0,"enemies":"downfall:FleeingMerchant","floor":40,"turns":3},{"damage":12,"enemies":"Jaw Worm Horde","floor":48,"turns":3},{"damage":21,"enemies":"4 Shapes","floor":49,"turns":3},{"damage":70,"enemies":"IC_BLOCK_ARCHETYPE","floor":50,"turns":8},{"damage":17,"enemies":"downfall:CharBossMerchant","floor":52,"turns":5},{"damage":25,"enemies":"downfall:NeowBoss","floor":55,"turns":14},{"damage":84,"enemies":"downfall:NeowBossFinal","floor":56,"turns":8}],"seed_played":"5548857935344826590","potions_obtained":[{"floor":11.0,"key":"bronze:FreeFunctionsPotion"},{"floor":14.0,"key":"SpeedPotion"},{"floor":16.0,"key":"PowerPotion"},{"floor":26.0,"key":"bronze:BurnAndBuffPotion"},{"floor":33,"key":"bronze:CleanCodePotion"},{"floor":36,"key":"DistilledChaos"},{"floor":38,"key":"DistilledChaos"},{"floor":52,"key":"GamblersBrew"}],"is_trial":false,"path_per_floor":["R","?","?","M","?","$","T","R","E","R","?","E","R","E","M","B",null,"R","?","?","M","M","?","T","?","M","E","$","E","M","E","M","B",null,"R","M","?","M","M","$","T","$","?","R","?","?","R","M","M","B",null,"E","$","R","B","B",null],"character_chosen":"THE_AUTOMATON","items_purchased":["bronze:Philosophize","bronze:Iterate","bronze:Invalidate","bronze:Repulsor","Thread and Needle","DollysMirror","Orrery"],"campfire_rested":2,"item_purchase_floors":[6,6,6,28,40,42,46],"current_hp_per_floor":[77,77,77,69,69,64,64,64,52,52,52,27,50,50,44,20,77,77,77,77,71,61,47,47,76,22,8,71,36,36,17,17,3,77,77,34,26,19,6,6,6,6,6,42,83,83,83,71,50,127,128,111,111,111,103,44],"gold":20,"neow_bonus":"TEN_PERCENT_HP_BONUS","is_daily":false,"chose_seed":false,"campfire_upgraded":6,"win_rate":0.0,"timestamp":1611241719,"path_taken":["R","?","?","?","?","$","T","R","E","R","?","E","R","E","M","BOSS","R","?","?","M","M","?","T","?","M","E","$","E","M","E","M","BOSS","R","M","?","M","?","$","T","$","?","R","?","?","R","M","M","BOSS","E","$","R","BOSS","BOSS"],"items_purchased_type":["Card","Card","Card","Card","Relic","Relic","Relic"],"build_version":"2020-12-22","purchased_purges":6,"victory":true,"max_hp_per_floor":[77,77,77,77,77,77,77,77,77,77,77,77,77,77,77,77,77,77,77,77,77,77,77,77,77,77,77,77,77,77,77,77,77,77,77,77,77,77,77,77,77,77,77,87,128,128,128,128,128,128,128,128,128,128,128,128],"card_choices":[{"not_picked":["bronze:Overheat","bronze:Allocate"],"picked":"bronze:Deprecate","floor":4.0},{"not_picked":["bronze:Iterate","bronze:ItsAFeature"],"picked":"bronze:MaxOutput","floor":6.0},{"not_picked":["bronze:BitShift","bronze:Optimize","bronze:Repulsor"],"picked":"SKIP","floor":9.0},{"not_picked":["bronze:ForceShield","bronze:NullPointer+1"],"picked":"bronze:Philosophize","floor":11.0},{"not_picked":["bronze:BugBarrage+1","bronze:Iterate+1"],"picked":"bronze:ShipIt+1","floor":12.0},{"not_picked":["bronze:Separator+1","bronze:OilSpill+1"],"picked":"bronze:DelayedGuard","floor":14.0},{"not_picked":["bronze:DelayedSlice+1","bronze:Turbo"],"picked":"bronze:FineTuning","floor":15.0},{"not_picked":["bronze:Format","bronze:Assembly"],"picked":"bronze:FindAndReplace","floor":16.0},{"not_picked":["bronze:DigitalCarnage+1","bronze:GetLatest"],"picked":"bronze:Safeguard+1","floor":21.0},{"not_picked":["bronze:Branch+1","bronze:Optimize","bronze:Boost"],"picked":"SKIP","floor":22.0},{"not_picked":[],"picked":"bronze:DecaBeam","floor":23.0},{"not_picked":["bronze:Branch+1","bronze:BitShift+1"],"picked":"bronze:ChosenStrike+1","floor":23.0},{"not_picked":["bronze:Turbo","bronze:BitShift"],"picked":"bronze:Terminator","floor":26.0},{"not_picked":["bronze:CloningBeam+1","bronze:ThunderWave+1","bronze:ItsAFeature"],"picked":"SKIP","floor":27.0},{"not_picked":["bronze:Branch+1","bronze:BugBarrage+1","bronze:BronzeOrb+1"],"picked":"SKIP","floor":28.0},{"not_picked":["bronze:HardenedForm","bronze:BuggyMess"],"picked":"bronze:InfiniteBeams","floor":29.0},{"not_picked":["bronze:OilSpill+1","bronze:Branch+1"],"picked":"bronze:FineTuning","floor":30.0},{"not_picked":["bronze:Frontload","bronze:WildBeam+1"],"picked":"bronze:ClassDefault","floor":31},{"not_picked":["bronze:Branch+1","bronze:FineTuning"],"picked":"bronze:Iterate+1","floor":32},{"not_picked":["bronze:HardenedForm","bronze:ShipIt+1"],"picked":"bronze:BurnOut+1","floor":33},{"not_picked":["bronze:Overheat+1","bronze:OilSpill+1"],"picked":"bronze:FineTuning+1","floor":36},{"not_picked":["bronze:Branch+1","bronze:WildBeam+1"],"picked":"bronze:FineTuning+1","floor":38},{"not_picked":["bronze:CutThrough+1","bronze:Refactor","bronze:BuggyMess+1"],"picked":"SKIP","floor":39},{"not_picked":["bronze:DelayedSlice+1","bronze:Return"],"picked":"bronze:Iterate+1","floor":40},{"not_picked":["bronze:OilSpill+1","bronze:DelayedSlice+1"],"picked":"bronze:Verify","floor":46},{"not_picked":["bronze:Branch+1","bronze:Invalidate+1"],"picked":"bronze:Format","floor":46},{"not_picked":["bronze:Turbo+1","bronze:Terminator"],"picked":"bronze:Iterate+1","floor":46},{"not_picked":["bronze:BuggyMess","bronze:Constructor+1"],"picked":"bronze:FineTuning+1","floor":46},{"not_picked":["bronze:BuggyMess","bronze:Optimize"],"picked":"bronze:OilSpill+1","floor":46},{"not_picked":["bronze:BronzeOrb+1","bronze:BitShift","bronze:ChildClass"],"picked":"SKIP","floor":48},{"not_picked":["bronze:Optimize+1","bronze:Shield+1"],"picked":"bronze:Repulsor+1","floor":49},{"not_picked":["bronze:Frontload+1","bronze:Overheat+1","bronze:FollowUp+1"],"picked":"SKIP","floor":52}],"player_experience":1477056,"relics_obtained":[{"floor":7.0,"key":"Ice Cream"},{"floor":9.0,"key":"Smiling Mask"},{"floor":12.0,"key":"PreservedInsect"},{"floor":14.0,"key":"Pen Nib"},{"floor":24.0,"key":"Mummified Hand"},{"floor":27.0,"key":"Torii"},{"floor":29.0,"key":"Pantograph"},{"floor":31,"key":"War Paint"},{"floor":52,"key":"InkBottle"}],"event_choices":[{"cards_removed":["bronze:Strike"],"damage_healed":0.0,"max_hp_gain":0.0,"max_hp_loss":0.0,"gold_gain":0.0,"event_name":"Bonfire Elementals","player_choice":"Offered Basic","floor":3.0,"gold_loss":0.0,"damage_taken":0.0},{"damage_healed":0.0,"max_hp_gain":0.0,"max_hp_loss":0.0,"gold_gain":0.0,"event_name":"Addict","player_choice":"Stole Relic","floor":20.0,"gold_loss":0.0,"damage_taken":0.0,"relics_obtained":["Guardian:PocketSentry"],"cards_obtained":["Pride"]},{"cards_removed":["bronze:Philosophize"],"damage_healed":0,"gold_gain":0,"player_choice":"Removed Skill","damage_taken":0,"max_hp_gain":0,"max_hp_loss":0,"event_name":"Falling","floor":43,"gold_loss":0}],"is_beta":false,"boss_relics":[{"not_picked":["Coffee Dripper","Busted Crown"],"picked":"Pandora\u0027s Box"},{"not_picked":["Runic Dome","Cursed Key"],"picked":"SlaversCollar"}],"items_purged_floors":[6,28,40,42,46,53],"is_endless":false,"potions_floor_spawned":[11,14,16,22,26,27,33,36,38,49,52],"ascension_level":1}}