{"host":"fmb9x04chdot191d","time":1611193626,"event":{"mods":["2.2 Compatiblity","AchievementEnabler","BaseMod","Downfall","Hermit","Highlight Path","Marisa（霧雨　魔理沙）","Minty Spire (QoL Compilation)","Quick Restart","Rare Cards Sparkle","StSLib","The Cursed","[IsaacMod]以撒尖塔"],"gold_per_floor":[109,109,59,59,82,82,117,135,183,221,240,261,261,261,261,389,452,465,465,440,455,104,104,19,19,19,19,19],"floor_reached":27,"language":"ENG","playtime":1198,"items_purged":["Defend_R"],"score":246,"play_id":"9a56ec95-a07f-4c0f-a828-5849e227f0b3","local_time":"20210121144706","is_ascension_mode":false,"campfire_choices":[{"data":"Entrench","floor":6.0,"key":"SMITH"},{"floor":13.0,"key":"REST"},{"data":"Entrench","floor":15.0,"key":"SMITH"},{"floor":23,"key":"REST"}],"circlet_count":0,"master_deck":["Defend_R","Defend_R+1","Defend_R","Bash","Entrench+1","Metallicize","Entrench+1","Metallicize","Spot Weakness","Limit Break","Slimebound:Tackle+1","Slimebound:Tackle+1","Slimebound:Tackle+1","Infernal Blade+1","Body Slam","Master of Strategy","Body Slam","Flex"],"relics":["Burning Blood","HushsDoor","NeowsBlessing","DoctorsRemote","Golden Idol","Toy Ornithopter","TheBible","MealTicket","Tiny House","Bag of Preparation","BloodDonationMachine"],"acts_visited":["Exordium","TheCity"],"potions_floor_usage":[18],"damage_taken":[{"damage":0.0,"enemies":"Jaw Worm","floor":1.0,"turns":1.0},{"damage":0.0,"enemies":"2 Louse","floor":5.0,"turns":1.0},{"damage":0.0,"enemies":"Lagavulin","floor":7.0,"turns":1.0},{"damage":17.0,"enemies":"Small Slimes","floor":8.0,"turns":6.0},{"damage":34.0,"enemies":"Gremlin Nob","floor":10.0,"turns":6.0},{"damage":0.0,"enemies":"Exordium Wildlife","floor":11.0,"turns":7.0},{"damage":5.0,"enemies":"Looter","floor":12.0,"turns":4.0},{"damage":13.0,"enemies":"Hexaghost","floor":16.0,"turns":14.0},{"damage":13,"enemies":"Chosen","floor":18,"turns":8},{"damage":40,"enemies":"2 Thieves","floor":20,"turns":5},{"damage":41,"enemies":"Snake Plant","floor":21,"turns":7},{"damage":65,"enemies":"Slavers","floor":27,"turns":5}],"seed_played":"-1495967568631792112","potions_obtained":[{"floor":7.0,"key":"DuplicationPotion"},{"floor":8.0,"key":"Explosive Potion"},{"floor":17.0,"key":"FairyPotion"},{"floor":21,"key":"AttackPotion"}],"is_trial":false,"path_per_floor":["M","?","?","?","M","R","E","M","T","E","M","M","R","?","R","B",null,"M","?","M","M","$","R","?","?","T","E"],"character_chosen":"IRONCLAD","items_purchased":["Master of Strategy","Body Slam","Flex"],"campfire_rested":2,"item_purchase_floors":[22,22,22],"current_hp_per_floor":[80,80,80,74,74,74,74,63,63,35,41,42,64,64,64,57,79,72,72,38,26,41,64,64,64,64,0,0],"gold":19,"neow_bonus":"THREE_ENEMY_KILL","is_daily":false,"chose_seed":false,"campfire_upgraded":2,"win_rate":0.0,"timestamp":1611193626,"path_taken":["M","?","?","?","M","R","E","?","T","E","?","M","R","?","R","BOSS","M","?","M","M","$","R","?","?","T","E"],"items_purchased_type":["Card","Card","Card"],"build_version":"2020-12-22","purchased_purges":1,"victory":false,"max_hp_per_floor":[80,80,80,74,74,74,74,74,74,74,74,74,74,74,74,74,79,79,79,79,79,79,79,79,79,79,79,79],"card_choices":[{"not_picked":["Heavy Blade","Twin Strike"],"picked":"Entrench","floor":1.0},{"not_picked":["Cleave","Dual Wield"],"picked":"Metallicize","floor":5.0},{"not_picked":["Clothesline","Cleave"],"picked":"Entrench","floor":7.0},{"not_picked":["Infernal Blade","Armaments"],"picked":"Bomb","floor":8.0},{"not_picked":["Thunderclap","Clash"],"picked":"Metallicize","floor":10.0},{"not_picked":["Headbutt","Uppercut","Armaments"],"picked":"SKIP","floor":11.0},{"not_picked":["Anger","Pummel"],"picked":"Spot Weakness","floor":12.0},{"not_picked":["Feed","Offering"],"picked":"Limit Break","floor":16.0},{"not_picked":["Dark Embrace+1","Headbutt","Cleave"],"picked":"SKIP","floor":18},{"not_picked":["Clash","Hemokinesis"],"picked":"Infernal Blade+1","floor":20},{"not_picked":["Thunderclap","Cleave+1"],"picked":"Body Slam","floor":21}],"player_experience":14674,"relics_obtained":[{"floor":7.0,"key":"Toy Ornithopter"},{"floor":9.0,"key":"TheBible"},{"floor":10.0,"key":"MealTicket"},{"floor":26,"key":"BloodDonationMachine"}],"event_choices":[{"damage_healed":0.0,"max_hp_gain":0.0,"max_hp_loss":0.0,"gold_gain":0.0,"event_name":"Shining Light","player_choice":"Ignored","floor":2.0,"gold_loss":0.0,"damage_taken":0.0},{"cards_removed":["Strike_R"],"damage_healed":0.0,"max_hp_gain":0.0,"max_hp_loss":0.0,"gold_gain":0.0,"event_name":"The Cleric","player_choice":"Card Removal","floor":3.0,"gold_loss":50.0,"damage_taken":0.0},{"damage_healed":0.0,"max_hp_gain":0.0,"max_hp_loss":6.0,"gold_gain":0.0,"event_name":"Golden Idol","player_choice":"Lose Max HP","floor":4.0,"gold_loss":0.0,"damage_taken":0.0,"relics_obtained":["Golden Idol"]},{"cards_removed":["Strike_R"],"damage_healed":0.0,"max_hp_gain":0.0,"max_hp_loss":0.0,"gold_gain":0.0,"event_name":"Living Wall","player_choice":"Forget","floor":14.0,"gold_loss":0.0,"damage_taken":0.0},{"damage_healed":0,"gold_gain":0,"player_choice":"Obtained Relic","damage_taken":0,"relics_obtained":["Bag of Preparation"],"max_hp_gain":0,"max_hp_loss":0,"event_name":"Addict","floor":24,"gold_loss":85}],"is_beta":false,"boss_relics":[{"not_picked":["Mark of Pain","Busted Crown"],"picked":"Tiny House"},{"not_picked":[]}],"items_purged_floors":[22],"is_endless":false,"potions_floor_spawned":[7,8,21],"killed_by":"Slavers","ascension_level":0}}