{"host":"qmnyg5dk1o6rw6mz","time":1611257395,"event":{"mods":["AchievementEnabler","Act Like it!","AlwaysNeverKeys","BaseMod","Block Reminder","Colored Map","Downfall","Minty Spire (QoL Compilation)","Pale of the Ancients","Quick Restart","StSLib","SuperFastMode"],"gold_per_floor":[112,112,126,138,138,173,173,204,204,204,233,253,253,270,270,372,372,385,7,7,7,26,60,60,10,10,10,10],"floor_reached":27,"language":"ZHS","playtime":968,"items_purged":[],"score":299,"play_id":"7e451954-33f0-41ee-85e0-852a90680416","local_time":"20210122032955","is_ascension_mode":false,"campfire_choices":[{"data":"Swivel","floor":7,"key":"SMITH"},{"data":"FlurryOfBlows","floor":10,"key":"SMITH"},{"data":"FlurryOfBlows","floor":15,"key":"SMITH"}],"circlet_count":0,"master_deck":["Strike_P","Strike_P","Strike_P","Defend_P","Defend_P","Defend_P","Defend_P","Eruption+1","Vigilance","FlurryOfBlows+1","Wallop","Swivel+1","Weave","Vengeance","Crescendo","FearNoEvil","FlurryOfBlows+1","DeusExMachina","CrushJoints+1","EmptyBody","FollowUp","Normality","Evaluate+1","DevaForm","ClearTheMind","Injury"],"relics":["PureWater","Eternal Feather","Nunchaku","Pantograph","Darkstone Periapt","Question Card","Toy Ornithopter","Cursed Key","Juzu Bracelet","Strange Spoon","Anchor","Mummified Hand","Molten Egg 2"],"acts_visited":["Exordium","TheCity"],"potions_floor_usage":[6,18,18,23,23,27],"damage_taken":[{"damage":1,"enemies":"Cultist","floor":1,"turns":4},{"damage":3,"enemies":"2 Louse","floor":3,"turns":2},{"damage":0,"enemies":"Small Slimes","floor":4,"turns":4},{"damage":4,"enemies":"Lagavulin","floor":6,"turns":5},{"damage":7,"enemies":"3 Sentries","floor":8,"turns":11},{"damage":0,"enemies":"Lagavulin","floor":11,"turns":4},{"damage":6,"enemies":"Gremlin Gang","floor":12,"turns":4},{"damage":7,"enemies":"Blue Slaver","floor":14,"turns":3},{"damage":28,"enemies":"The Guardian","floor":16,"turns":7},{"damage":0,"enemies":"2 Thieves","floor":18,"turns":3},{"damage":10,"enemies":"Chosen","floor":22,"turns":4},{"damage":25,"enemies":"Book of Stabbing","floor":23,"turns":5},{"damage":77,"enemies":"3 Cultists","floor":27,"turns":5}],"seed_played":"8709523618731254471","potions_obtained":[{"floor":4,"key":"SteroidPotion"},{"floor":6,"key":"Block Potion"},{"floor":12,"key":"Swift Potion"},{"floor":14,"key":"Guardian:BlockOnCardUsePotion"},{"floor":22,"key":"champ:CounterPotion"},{"floor":23,"key":"StancePotion"}],"is_trial":false,"path_per_floor":["M","T","M","M","?","E","R","E","T","R","E","M","?","M","R","B",null,"M","$","$","T","M","E","?","$","T","M"],"character_chosen":"WATCHER","items_purchased":["Juzu Bracelet","Strange Spoon","EmptyBody","FollowUp","ClearTheMind"],"campfire_rested":0,"item_purchase_floors":[19,19,19,19,25],"current_hp_per_floor":[71,71,68,68,65,61,67,60,60,69,69,63,63,56,65,44,72,72,72,72,78,68,53,38,38,44,0,0],"gold":10,"neow_bonus":"UPGRADE_CARD","is_daily":false,"chose_seed":false,"campfire_upgraded":3,"win_rate":0.0,"timestamp":1611257395,"path_taken":["M","?","?","M","?","E","R","E","T","R","E","M","?","M","R","BOSS","M","?","$","?","M","E","?","$","T","M"],"items_purchased_type":["Relic","Relic","Card","Card","Card"],"build_version":"2020-12-22","purchased_purges":0,"victory":false,"max_hp_per_floor":[72,72,72,72,72,72,72,72,72,72,72,72,72,72,72,72,72,72,72,72,78,78,78,83,83,89,89,89],"card_choices":[{"not_picked":["ThirdEye","CutThroughFate"],"picked":"FlurryOfBlows","floor":1},{"not_picked":["SashWhip","Protect"],"picked":"Wallop","floor":3},{"not_picked":["SashWhip","BowlingBash"],"picked":"Swivel","floor":4},{"not_picked":["Wallop","Study"],"picked":"Weave","floor":6},{"not_picked":["Perseverance","WheelKick"],"picked":"Vengeance","floor":8},{"not_picked":["FlyingSleeves","Meditate","Pray"],"picked":"Crescendo","floor":11},{"not_picked":["BattleHymn","LikeWater","EmptyFist"],"picked":"FearNoEvil","floor":12},{"not_picked":["WindmillStrike","Nirvana","Crescendo"],"picked":"FlurryOfBlows","floor":14},{"not_picked":["Establishment","Ragnarok","Brilliance"],"picked":"DeusExMachina","floor":16},{"not_picked":["Worship","PathToVictory","Pray"],"picked":"CrushJoints+1","floor":18},{"not_picked":["Consecrate","TalkToTheHand+1","BowlingBash+1"],"picked":"Evaluate+1","floor":22},{"not_picked":["CarveReality","Consecrate+1","Crescendo"],"picked":"DevaForm","floor":23}],"player_experience":109717,"relics_obtained":[{"floor":2,"key":"Eternal Feather"},{"floor":6,"key":"Pantograph"},{"floor":8,"key":"Darkstone Periapt"},{"floor":9,"key":"Question Card"},{"floor":11,"key":"Toy Ornithopter"},{"floor":21,"key":"Anchor"},{"floor":23,"key":"Mummified Hand"},{"floor":26,"key":"Molten Egg 2"}],"event_choices":[{"damage_healed":0,"gold_gain":0,"player_choice":"Success","damage_taken":3,"relics_obtained":["Nunchaku"],"max_hp_gain":0,"max_hp_loss":0,"event_name":"Scrap Ooze","floor":5,"gold_loss":0},{"cards_removed":["Strike_P"],"damage_healed":0,"gold_gain":0,"player_choice":"Purged","damage_taken":0,"max_hp_gain":0,"max_hp_loss":0,"event_name":"Purifier","floor":13,"gold_loss":0},{"damage_healed":0,"gold_gain":0,"player_choice":"Shed Blood","damage_taken":20,"max_hp_gain":5,"max_hp_loss":0,"event_name":"Forgotten Altar","floor":24,"gold_loss":0}],"is_beta":false,"boss_relics":[{"not_picked":["Runic Dome","VioletLotus"],"picked":"Cursed Key"}],"items_purged_floors":[],"is_endless":false,"potions_floor_spawned":[4,6,12,14,22,23],"killed_by":"3 Cultists","ascension_level":0}}