{"host":"ELF","time":1611225959,"event":{"mods":["BaseMod","Bestiary","Minty Spire (QoL Compilation)","Relic Stats","Slay the Relics Exporter"],"gold_per_floor":[109,120,140,290,290,290,323,323,323,323,323,323,340,356,356,434,434,412,412,426,426,426,426],"floor_reached":22,"language":"ENG","playtime":1379,"items_purged":[],"score":359,"play_id":"36bd5650-73a2-4ff0-a83c-3093a27edbce","local_time":"20210121044559","is_ascension_mode":true,"campfire_choices":[{"floor":6.0,"key":"REST"},{"floor":8.0,"key":"REST"},{"floor":10.0,"key":"REST"},{"data":"Offering","floor":12.0,"key":"SMITH"},{"data":"True Grit","floor":15.0,"key":"SMITH"}],"circlet_count":0,"master_deck":["AscendersBane","Strike_R","Strike_R","Strike_R","Defend_R","Defend_R","Defend_R+1","Bash","Offering","Ghostly Armor","Inflame","Fire Breathing+1","Offering+1","True Grit+1","Barricade","Thunderclap+1","Perfected Strike+1","Offering+1","Entrench","Body Slam"],"relics":["Burning Blood","StoneCalendar","Mercury Hourglass","Astrolabe"],"acts_visited":["Exordium","TheCity"],"potions_floor_usage":[],"damage_taken":[{"damage":6.0,"enemies":"Jaw Worm","floor":1.0,"turns":3.0},{"damage":11.0,"enemies":"Small Slimes","floor":2.0,"turns":4.0},{"damage":8.0,"enemies":"2 Louse","floor":3.0,"turns":3.0},{"damage":40.0,"enemies":"Lagavulin","floor":7.0,"turns":6.0},{"damage":20.0,"enemies":"Exordium Wildlife","floor":13.0,"turns":4.0},{"damage":19.0,"enemies":"Blue Slaver","floor":14.0,"turns":3.0},{"damage":42.0,"enemies":"The Guardian","floor":16.0,"turns":15.0},{"damage":25,"enemies":"2 Thieves","floor":18,"turns":4},{"damage":18,"enemies":"Spheric Guardian","floor":20,"turns":8},{"damage":35,"enemies":"Snake Plant","floor":22,"turns":4}],"seed_played":"-2775146700790770496","potions_obtained":[{"floor":13.0,"key":"LiquidBronze"},{"floor":14.0,"key":"DuplicationPotion"},{"floor":18,"key":"SmokeBomb"}],"is_trial":false,"path_per_floor":["M","M","M","?","?","R","E","R","T","R","?","R","M","M","R","B",null,"M","?","M","?","M"],"character_chosen":"IRONCLAD","items_purchased":[],"campfire_rested":3,"item_purchase_floors":[],"current_hp_per_floor":[68,63,61,61,38,60,26,48,48,70,75,75,61,48,48,12,63,44,44,32,32,0,0],"gold":426,"neow_bonus":"ONE_RANDOM_RARE_CARD","is_daily":false,"chose_seed":false,"campfire_upgraded":2,"win_rate":0.0,"timestamp":1611225959,"path_taken":["M","M","M","?","?","R","E","R","T","R","?","R","?","M","R","BOSS","M","?","M","?","?"],"items_purchased_type":[],"build_version":"2020-12-18","purchased_purges":0,"victory":false,"max_hp_per_floor":[75,75,75,75,75,75,75,75,75,75,80,80,80,80,80,80,80,80,80,80,80,80,80],"relic_stats":{"counters":[10,53],"Astrolabe":["Thunderclap","Perfected Strike","Offering"],"StoneCalendar":[43],"obtain_stats":[{"Astrolabe":17,"StoneCalendar":7,"Burning Blood":0,"Mercury Hourglass":9},{"Astrolabe":7,"StoneCalendar":4,"Burning Blood":0,"Mercury Hourglass":4},{"Astrolabe":37,"StoneCalendar":16,"Burning Blood":0,"Mercury Hourglass":16}],"Burning Blood":54,"Mercury Hourglass":[95]},"card_choices":[{"not_picked":["Armaments","Shrug It Off"],"picked":"Ghostly Armor","floor":1.0},{"not_picked":["Clash","Cleave"],"picked":"Inflame","floor":2.0},{"not_picked":["Power Through","Clash"],"picked":"Fire Breathing","floor":3.0},{"not_picked":["Warcry","Heavy Blade"],"picked":"Offering","floor":7.0},{"not_picked":["Flex","Warcry","Pummel"],"picked":"SKIP","floor":13.0},{"not_picked":["Flex","Twin Strike"],"picked":"True Grit","floor":14.0},{"not_picked":["Brutality","Berserk"],"picked":"Barricade","floor":16.0},{"not_picked":["Thunderclap","Sword Boomerang+1"],"picked":"Entrench","floor":18},{"not_picked":["Power Through","Clothesline"],"picked":"Body Slam","floor":20}],"player_experience":3241934,"relics_obtained":[{"floor":7.0,"key":"StoneCalendar"},{"floor":9.0,"key":"Mercury Hourglass"}],"event_choices":[{"damage_healed":0.0,"max_hp_gain":0.0,"max_hp_loss":0.0,"gold_gain":150.0,"event_name":"Liars Game","player_choice":"AGREE","floor":4.0,"gold_loss":0.0,"damage_taken":0.0,"cards_obtained":["Doubt"]},{"damage_healed":0.0,"max_hp_gain":0.0,"max_hp_loss":0.0,"gold_gain":0.0,"event_name":"Shining Light","player_choice":"Entered Light","floor":5.0,"gold_loss":0.0,"damage_taken":23.0,"cards_upgraded":["Fire Breathing","Defend_R"]},{"damage_healed":0.0,"max_hp_gain":5.0,"max_hp_loss":0.0,"gold_gain":0.0,"event_name":"Big Fish","player_choice":"Donut","floor":11.0,"gold_loss":0.0,"damage_taken":0.0},{"damage_healed":0,"gold_gain":0,"player_choice":"Ignored","damage_taken":0,"max_hp_gain":0,"max_hp_loss":0,"event_name":"Vampires","floor":19,"gold_loss":0},{"cards_removed":["Doubt"],"damage_healed":0,"gold_gain":0,"player_choice":"Removed Curses","damage_taken":0,"max_hp_gain":0,"max_hp_loss":0,"event_name":"Fountain of Cleansing","floor":21,"gold_loss":0}],"is_beta":true,"boss_relics":[{"not_picked":["Fusion Hammer","Empty Cage"],"picked":"Astrolabe"}],"items_purged_floors":[],"is_endless":false,"potions_floor_spawned":[13,14,18],"killed_by":"Snake Plant","ascension_level":19}}