{"host":"zke3fwiit0h580fo","time":1611242321,"event":{"mods":["AchievementEnabler","BaseMod","Colored Map","Colored Powertips","Hubris","Minty Spire (QoL Compilation)","Quick Restart","Relic Stats","Replay The Spire","StSLib","SuperFastMode"],"gold_per_floor":[111,121,71,71,71,71,102,102,102,27,44,44,74,91,91,195,195,207,0,18,18,18,33,33,48,48,63,73,73,90,104,104,207,207,220,220,120,120,131,131,142,142,167,186,186,186,203,219,219,219],"floor_reached":51,"language":"ENG","playtime":1786,"items_purged":["Normality","Strike_R"],"score":831,"play_id":"36ff7cdf-3a60-4514-a277-b25ce532d24f","local_time":"20210121161841","is_ascension_mode":true,"campfire_choices":[{"data":"Eruption","floor":6,"key":"SMITH"},{"floor":12,"key":"REST"},{"data":"Armaments","floor":15,"key":"SMITH"},{"floor":24,"key":"REST"},{"floor":32,"key":"REST"},{"data":"Warcry","floor":40,"key":"PURGE"},{"floor":46,"key":"REST"},{"floor":49,"key":"REST"}],"circlet_count":0,"master_deck":["Strike_R","Strike_R","Strike_R+1","Defend_R","Defend_R","Defend_R","Defend_R","Anger+1","Eruption+1","Armaments+1","True Grit+1","Warcry","Anger","Brutality","Pommel Strike+1","Shrug It Off+1","Second Wind+1","Warcry","Pommel Strike+1","Warcry+1","Anger","Double Tap","Replay:Undeath\u0027s Touch+1","Rage+1","Warcry+1","Metallicize+1","Rampage+1"],"relics":["Runic Cube","Ring of Searing","ReplayTheSpireMod:Ring of Addiction","Toy Ornithopter","SacredBark","ReplayFunnel","hubris:Towel","Gremlin Food","FossilizedHelix","Honey Jar","Replay:Multitool","Red Skull","SlaversCollar","hubris:Icosahedron","hubris:SphereOfDissonance","King of Hearts"],"acts_visited":["Exordium","TheCity","TheBeyond"],"potions_floor_usage":[11,13,16,25,28,31,33,33,39,41,47,50,50,50,50],"damage_taken":[{"damage":19,"enemies":"Small Slimes","floor":1,"turns":4},{"damage":3,"enemies":"2 Louse","floor":2,"turns":4},{"damage":50,"enemies":"3 Sentries","floor":7,"turns":6},{"damage":2,"enemies":"Jaw Worm","floor":11,"turns":2},{"damage":0,"enemies":"Gremlin Nob","floor":13,"turns":2},{"damage":0,"enemies":"2 Fungi Beasts","floor":14,"turns":2},{"damage":24,"enemies":"Slime Boss","floor":16,"turns":4},{"damage":23,"enemies":"3 Byrds","floor":18,"turns":4},{"damage":2,"enemies":"Chosen","floor":20,"turns":3},{"damage":19,"enemies":"Centurion and Healer","floor":23,"turns":3},{"damage":7,"enemies":"Cultist and Chosen","floor":25,"turns":3},{"damage":18,"enemies":"Snake Plant","floor":27,"turns":3},{"damage":2,"enemies":"3 Cultists","floor":28,"turns":4},{"damage":5,"enemies":"Cultist and Chosen","floor":30,"turns":5},{"damage":16,"enemies":"Snake Plant","floor":31,"turns":2},{"damage":39,"enemies":"Champ","floor":33,"turns":5},{"damage":21,"enemies":"Orb Walker","floor":35,"turns":4},{"damage":24,"enemies":"3 Shapes","floor":39,"turns":3},{"damage":21,"enemies":"Jaw Worm Horde","floor":41,"turns":3},{"damage":28,"enemies":"Maw","floor":44,"turns":5},{"damage":7,"enemies":"Spire Growth","floor":47,"turns":3},{"damage":1,"enemies":"Sphere and 2 Shapes","floor":48,"turns":5},{"damage":44,"enemies":"Awakened One","floor":50,"turns":6}],"seed_played":"3702540107570109692","potions_obtained":[{"floor":5,"key":"Ancient Potion"},{"floor":5,"key":"BloodPotion"},{"floor":5,"key":"FearPotion"},{"floor":11,"key":"Elixir"},{"floor":13,"key":"Swift Potion"},{"floor":18,"key":"Fire Potion"},{"floor":25,"key":"BlessingOfTheForge"},{"floor":28,"key":"ColorlessPotion"},{"floor":31,"key":"SkillPotion"},{"floor":33,"key":"Energy Potion"},{"floor":35,"key":"BloodPotion"},{"floor":45,"key":"Ancient Potion"},{"floor":45,"key":"ElixirPotion"},{"floor":45,"key":"Reflective Coating"}],"is_trial":false,"path_per_floor":["M","M","?","?","?","R","E","?","T","$","M","R","E","M","R","B",null,"M","?","M","?","?","M","R","M","T","M","M","T","M","M","R","B",null,"M","?","$","?","M","R","M","?","T","M","?","R","M","M","R","B",null],"character_chosen":"IRONCLAD","items_purchased":[],"campfire_rested":5,"item_purchase_floors":[],"current_hp_per_floor":[61,58,58,58,58,58,8,8,8,8,26,49,54,54,54,35,78,55,55,53,53,58,39,61,59,59,41,44,44,39,28,50,21,74,53,53,53,53,34,34,46,46,46,18,18,39,37,36,57,33],"gold":219,"neow_bonus":"BOSS_RELIC","is_daily":false,"chose_seed":false,"campfire_upgraded":2,"win_rate":0.0,"timestamp":1611242321,"path_taken":["M","M","?","?","?","R","E","?","T","?","M","R","E","M","R","BOSS","M","?","M","?","?","?","R","M","T","M","M","?","?","M","R","BOSS","M","?","$","?","?","R","M","?","T","M","?","R","?","M","R","BOSS"],"items_purchased_type":[],"build_version":"2020-12-22","purchased_purges":2,"victory":true,"max_hp_per_floor":[80,80,80,80,80,80,80,80,78,78,78,78,78,78,78,78,78,78,78,76,76,76,74,74,74,74,74,74,74,74,74,74,74,74,74,74,72,72,72,72,72,72,72,72,70,70,70,70,70,70],"relic_stats":{"counters":[23,85],"obtain_stats":[{"ReplayFunnel":7,"Gremlin Food":9,"ReplayTheSpireMod:Ring of Addiction":5,"SacredBark":5,"hubris:SphereOfDissonance":38,"King of Hearts":43,"Replay:Multitool":26,"hubris:Towel":8,"Burning Blood":0,"Ring of Searing":5,"SlaversCollar":34,"hubris:Icosahedron":36,"Honey Jar":17,"Toy Ornithopter":5,"FossilizedHelix":13,"Red Skull":29,"Runic Cube":0},{"ReplayFunnel":3,"Gremlin Food":3,"ReplayTheSpireMod:Ring of Addiction":2,"SacredBark":2,"hubris:SphereOfDissonance":17,"King of Hearts":19,"Replay:Multitool":11,"hubris:Towel":3,"Burning Blood":0,"Ring of Searing":2,"SlaversCollar":16,"hubris:Icosahedron":17,"Honey Jar":7,"Toy Ornithopter":2,"FossilizedHelix":5,"Red Skull":13,"Runic Cube":0},{"ReplayFunnel":14,"Gremlin Food":14,"ReplayTheSpireMod:Ring of Addiction":8,"SacredBark":8,"hubris:SphereOfDissonance":60,"King of Hearts":66,"Replay:Multitool":37,"hubris:Towel":14,"Burning Blood":0,"Ring of Searing":8,"SlaversCollar":56,"hubris:Icosahedron":60,"Honey Jar":24,"Toy Ornithopter":8,"FossilizedHelix":18,"Red Skull":44,"Runic Cube":0}],"Toy Ornithopter":75,"Runic Cube":[75]},"card_choices":[{"not_picked":["ReplayTheSpireMod:Strike From Hell","Sword Boomerang"],"picked":"Body Slam","floor":1},{"not_picked":["Abandon","Heavy Blade"],"picked":"Anger","floor":2},{"not_picked":["Sever Soul","Wild Strike"],"picked":"Armaments","floor":7},{"not_picked":["Headbutt","Shrug It Off"],"picked":"True Grit","floor":11},{"not_picked":["Feel No Pain","ReplayTheSpireMod:Strike From Hell"],"picked":"Warcry","floor":13},{"not_picked":["Headbutt","Perfected Strike"],"picked":"Anger","floor":14},{"not_picked":["Demon Form","Barricade"],"picked":"Brutality","floor":16},{"not_picked":["Blood for Blood","Twin Strike","Body Slam+1"],"picked":"Pommel Strike+1","floor":18},{"not_picked":["Clash","Dark Embrace+1","Spot Weakness"],"picked":"Shrug It Off","floor":20},{"not_picked":["Iron Wave+1","Whirlwind","Pommel Strike"],"picked":"Second Wind","floor":23},{"not_picked":["Whirlwind","Dual Wield","Wild Strike"],"picked":"Warcry","floor":25},{"not_picked":["Sever Soul","Fire Breathing","hubris:SharpeningStone"],"picked":"Warcry","floor":27},{"not_picked":["Uppercut","Iron Wave","Reaper"],"picked":"Pommel Strike+1","floor":28},{"not_picked":["Clothesline+1","ReplayTheSpireMod:Limb From Limb","Cleave"],"picked":"Warcry","floor":30},{"not_picked":["Battle Trance+1","Power Through","Headbutt"],"picked":"Anger","floor":31},{"not_picked":["Brutality","Reaper","Juggernaut"],"picked":"Double Tap","floor":33},{"not_picked":["Heavy Blade","Evolve+1","Armaments+1"],"picked":"Replay:Undeath\u0027s Touch+1","floor":35},{"not_picked":["Dark Embrace","Thunderclap+1","Flame Barrier+1"],"picked":"Rage+1","floor":39},{"not_picked":["Carnage+1","Clothesline","Disarm+1","Perfected Strike+1"],"picked":"SKIP","floor":41},{"not_picked":["Uppercut","Shrug It Off","Perfected Strike+1"],"picked":"Warcry+1","floor":44},{"not_picked":["Rupture+1","Armaments+1","hubris:CleavingFinish+1"],"picked":"Metallicize+1","floor":47},{"not_picked":["Hemokinesis","Flame Barrier+1","Twin Strike+1"],"picked":"Rampage+1","floor":48}],"player_experience":53829,"relics_obtained":[{"floor":5,"key":"Ring of Searing"},{"floor":5,"key":"ReplayTheSpireMod:Ring of Addiction"},{"floor":5,"key":"Toy Ornithopter"},{"floor":5,"key":"SacredBark"},{"floor":7,"key":"ReplayFunnel"},{"floor":9,"key":"Gremlin Food"},{"floor":13,"key":"FossilizedHelix"},{"floor":26,"key":"Replay:Multitool"},{"floor":29,"key":"Red Skull"},{"floor":38,"key":"hubris:SphereOfDissonance"},{"floor":43,"key":"King of Hearts"}],"event_choices":[{"cards_removed":["Strike_R"],"damage_healed":0,"gold_gain":0,"player_choice":"Card Removal","damage_taken":0,"max_hp_gain":0,"max_hp_loss":0,"event_name":"The Cleric","floor":3,"gold_loss":50},{"damage_healed":0,"gold_gain":0,"player_choice":"Paid Fearfully","damage_taken":0,"max_hp_gain":0,"max_hp_loss":0,"event_name":"Masked Bandits","floor":19,"gold_loss":207},{"cards_removed":["Body Slam"],"damage_healed":5,"gold_gain":0,"player_choice":"Offered Common","damage_taken":0,"max_hp_gain":0,"max_hp_loss":0,"event_name":"Bonfire Elementals","floor":22,"gold_loss":0},{"cards_removed":["Body Slam"],"damage_healed":5,"gold_gain":0,"player_choice":"Offered Special","damage_taken":0,"max_hp_gain":0,"max_hp_loss":0,"event_name":"Bonfire Elementals","floor":22,"gold_loss":0},{"damage_healed":0,"gold_gain":0,"player_choice":"Relic","damage_taken":0,"max_hp_gain":0,"max_hp_loss":0,"event_name":"Wheel of Change","floor":38,"gold_loss":0},{"damage_healed":0,"gold_gain":0,"player_choice":"Got Potions","damage_taken":0,"max_hp_gain":0,"max_hp_loss":0,"event_name":"Lab","floor":45,"gold_loss":0}],"is_beta":false,"boss_relics":[{"not_picked":["Runic Pyramid","ReplayTheSpireMod:DimensionalGlitch"],"picked":"Honey Jar"},{"not_picked":["Ring of Chaos","hubris:HollowSoul"],"picked":"SlaversCollar"}],"items_purged_floors":[10,37],"is_endless":false,"potions_floor_spawned":[11,13,18,25,28,31,33,35],"ascension_level":3}}