{"host":"k85tjwrh7mjrrc9a","time":1611191364,"event":{"mods":["AchievementEnabler","BaseMod","Colored Powertips","Highlight Path","Minty Spire (QoL Compilation)","Rare Cards Sparkle","StSLib"],"gold_per_floor":[113,113,128,139,139,151,178,190,228,268,297,322,334,202,202,303,303,303,303,303,303,303,303,273,273,273,273,273,273,273,273,273,273,273,273,273,273,273,273,273,273,273,273,273,20,20,20,20,20,20,20],"floor_reached":50,"language":"ENG","playtime":3105,"items_purged":[],"score":769,"play_id":"5823a2e0-03a8-44dd-84f3-cb98d077f6ed","local_time":"20210120200924","is_ascension_mode":true,"campfire_choices":[{"data":"Whirlwind","floor":6.0,"key":"SMITH"},{"data":"Bash","floor":8.0,"key":"SMITH"},{"floor":13.0,"key":"REST"},{"data":"Evolve","floor":15.0,"key":"SMITH"},{"floor":23.0,"key":"REST"},{"data":"Pommel Strike","floor":29.0,"key":"SMITH"},{"data":"True Grit","floor":32.0,"key":"SMITH"},{"floor":40,"key":"REST"},{"data":"Rampage","floor":47,"key":"SMITH"},{"data":"Offering","floor":49,"key":"SMITH"}],"circlet_count":0,"master_deck":["AscendersBane","Defend_R+1","Defend_R+1","Defend_R+1","Defend_R+1","Bash+1","Headbutt","Whirlwind+1","Pommel Strike+1","Offering+1","Rampage+1","Twin Strike","Evolve+1","Offering","Bite","Bite","Bite","Bite","Bite","True Grit+1","Impervious","Wild Strike+1","Battle Trance+1","Shockwave+1"],"relics":["Burning Blood","MawBank","Omamori","Pear","Ectoplasm","Necronomicon","Bag of Preparation","Centennial Puzzle","Red Skull","Mark of Pain","CaptainsWheel","Vajra","Gambling Chip","Bottled Lightning"],"acts_visited":["Exordium","TheCity","TheBeyond"],"potions_floor_usage":[33,50],"damage_taken":[{"damage":22.0,"enemies":"Small Slimes","floor":1.0,"turns":5.0},{"damage":8.0,"enemies":"Jaw Worm","floor":3.0,"turns":4.0},{"damage":0.0,"enemies":"2 Louse","floor":4.0,"turns":2.0},{"damage":0.0,"enemies":"Large Slime","floor":7.0,"turns":5.0},{"damage":41.0,"enemies":"Gremlin Nob","floor":10.0,"turns":4.0},{"damage":17.0,"enemies":"Exordium Wildlife","floor":11.0,"turns":6.0},{"damage":21.0,"enemies":"Exordium Thugs","floor":12.0,"turns":4.0},{"damage":44.0,"enemies":"Slime Boss","floor":16.0,"turns":5.0},{"damage":39.0,"enemies":"Shell Parasite","floor":18.0,"turns":4.0},{"damage":20.0,"enemies":"2 Thieves","floor":24.0,"turns":3.0},{"damage":14.0,"enemies":"Gremlin Leader","floor":25.0,"turns":3.0},{"damage":6.0,"enemies":"Snake Plant","floor":28.0,"turns":1.0},{"damage":6.0,"enemies":"3 Cultists","floor":30.0,"turns":2.0},{"damage":0.0,"enemies":"Sentry and Sphere","floor":31.0,"turns":1.0},{"damage":52,"enemies":"Automaton","floor":33,"turns":5},{"damage":0,"enemies":"3 Darklings","floor":35,"turns":1},{"damage":3,"enemies":"Orb Walker","floor":37,"turns":2},{"damage":36,"enemies":"Writhing Mass","floor":38,"turns":3},{"damage":46,"enemies":"Mind Bloom Boss Battle","floor":39,"turns":5},{"damage":6,"enemies":"Transient","floor":41,"turns":5},{"damage":0,"enemies":"3 Darklings","floor":42,"turns":1},{"damage":12,"enemies":"2 Orb Walkers","floor":44,"turns":2},{"damage":21,"enemies":"Writhing Mass","floor":48,"turns":3},{"damage":103,"enemies":"Time Eater","floor":50,"turns":7}],"seed_played":"9094349707194494241","potions_obtained":[{"floor":10.0,"key":"PowerPotion"},{"floor":11.0,"key":"PowerPotion"},{"floor":12.0,"key":"Strength Potion"},{"floor":16.0,"key":"BlessingOfTheForge"},{"floor":30.0,"key":"Explosive Potion"},{"floor":35,"key":"EssenceOfSteel"},{"floor":39,"key":"ColorlessPotion"}],"is_trial":false,"path_per_floor":["M","?","M","M","?","R","M","R","T","E","M","M","R","$","R","B",null,"M","?","?","?","?","R","M","E","T","$","M","R","M","M","R","B",null,"M","?","M","M","?","R","M","M","T","?","$","?","R","M","R","B"],"character_chosen":"IRONCLAD","items_purchased":["Blood Vial","Bottled Lightning"],"campfire_rested":3,"item_purchase_floors":[14,45],"current_hp_per_floor":[64,69,67,73,61,61,67,67,67,42,31,16,46,46,46,10,80,49,49,33,33,33,63,55,51,51,51,51,51,55,61,61,22,83,89,89,94,66,40,70,84,90,90,86,86,103,103,88,88,0,0],"gold":20,"neow_bonus":"TEN_PERCENT_HP_BONUS","is_daily":false,"chose_seed":false,"campfire_upgraded":7,"win_rate":0.0,"timestamp":1611191364,"path_taken":["M","?","M","M","?","R","M","R","T","E","?","M","R","$","R","BOSS","M","?","?","?","?","R","?","E","T","?","M","R","?","M","R","BOSS","M","?","M","M","?","R","M","M","T","?","$","?","R","M","R","BOSS"],"items_purchased_type":["Relic","Relic"],"build_version":"2020-12-22","purchased_purges":0,"victory":false,"max_hp_per_floor":[88,93,93,93,93,93,93,93,93,103,103,103,103,103,103,103,103,103,103,103,103,103,103,103,103,103,103,103,103,103,103,103,103,103,103,103,103,103,103,103,103,103,103,103,103,103,103,103,103,103,103],"card_choices":[{"not_picked":["Clothesline","Havoc"],"picked":"Headbutt","floor":1.0},{"not_picked":["Warcry","Cleave"],"picked":"Whirlwind","floor":3.0},{"not_picked":["Cleave","Blood for Blood"],"picked":"Pommel Strike","floor":4.0},{"not_picked":["Sever Soul","Hemokinesis"],"picked":"Offering","floor":7.0},{"not_picked":["Cleave","Perfected Strike"],"picked":"Rampage","floor":10.0},{"not_picked":["Intimidate","Cleave"],"picked":"Twin Strike","floor":11.0},{"not_picked":["Flex","Wild Strike"],"picked":"Evolve","floor":12.0},{"not_picked":["Exhume","Corruption"],"picked":"Offering","floor":16.0},{"not_picked":["Heavy Blade","Body Slam","Perfected Strike+1"],"picked":"SKIP","floor":18.0},{"not_picked":["Heavy Blade+1","Warcry","Feel No Pain"],"picked":"SKIP","floor":24.0},{"not_picked":["Sword Boomerang","Perfected Strike+1","Twin Strike+1"],"picked":"SKIP","floor":25.0},{"not_picked":["Dual Wield","Heavy Blade+1","Infernal Blade+1"],"picked":"SKIP","floor":28.0},{"not_picked":["Dark Embrace","Searing Blow+1","Rupture"],"picked":"SKIP","floor":30.0},{"not_picked":["Clash","Headbutt"],"picked":"True Grit","floor":31.0},{"not_picked":["Double Tap","Feed"],"picked":"Impervious","floor":33},{"not_picked":["Havoc","Cleave","Flex"],"picked":"SKIP","floor":35},{"not_picked":["Havoc","Cleave+1","Heavy Blade"],"picked":"SKIP","floor":37},{"not_picked":["Havoc+1","Thunderclap","Metallicize"],"picked":"SKIP","floor":38},{"not_picked":["Pommel Strike+1","Hemokinesis+1","Clash+1"],"picked":"SKIP","floor":41},{"not_picked":["Body Slam","Anger"],"picked":"Wild Strike+1","floor":42},{"not_picked":["Rupture","Immolate"],"picked":"Battle Trance+1","floor":44},{"not_picked":["Havoc","True Grit+1"],"picked":"Shockwave+1","floor":48}],"player_experience":200729,"relics_obtained":[{"floor":9.0,"key":"Omamori"},{"floor":10.0,"key":"Pear"},{"floor":20.0,"key":"Necronomicon"},{"floor":25.0,"key":"Centennial Puzzle"},{"floor":26.0,"key":"Red Skull"},{"floor":39,"key":"CaptainsWheel"},{"floor":43,"key":"Vajra"},{"floor":44,"key":"Gambling Chip"}],"event_choices":[{"damage_healed":0.0,"max_hp_gain":5.0,"max_hp_loss":0.0,"gold_gain":0.0,"event_name":"Big Fish","player_choice":"Donut","floor":2.0,"gold_loss":0.0,"damage_taken":0.0},{"damage_healed":0.0,"max_hp_gain":0.0,"max_hp_loss":0.0,"gold_gain":0.0,"event_name":"Scrap Ooze","player_choice":"Success","floor":5.0,"gold_loss":0.0,"damage_taken":12.0,"relics_obtained":["MawBank"]},{"damage_healed":0.0,"max_hp_gain":0.0,"max_hp_loss":0.0,"gold_gain":0.0,"event_name":"Vampires","player_choice":"Became a vampire (Vial)","floor":19.0,"relics_lost":["Blood Vial"],"gold_loss":0.0,"damage_taken":0.0,"cards_obtained":["Bite","Bite","Bite","Bite","Bite"]},{"damage_healed":0.0,"max_hp_gain":0.0,"max_hp_loss":0.0,"gold_gain":0.0,"event_name":"Cursed Tome","player_choice":"Obtained Book","floor":20.0,"gold_loss":0.0,"damage_taken":16.0},{"damage_healed":0.0,"max_hp_gain":0.0,"max_hp_loss":0.0,"gold_gain":0.0,"event_name":"Back to Basics","player_choice":"Simplicity","floor":21.0,"gold_loss":0.0,"damage_taken":0.0,"cards_upgraded":["Defend_R","Defend_R","Defend_R","Defend_R"]},{"damage_healed":0.0,"max_hp_gain":0.0,"max_hp_loss":0.0,"gold_gain":0.0,"event_name":"The Mausoleum","player_choice":"Opened","floor":22.0,"gold_loss":0.0,"damage_taken":0.0,"relics_obtained":["Bag of Preparation"]},{"damage_healed":0,"gold_gain":0,"player_choice":"Ignored","damage_taken":0,"max_hp_gain":0,"max_hp_loss":0,"event_name":"Tomb of Lord Red Mask","floor":36,"gold_loss":0},{"damage_healed":0,"gold_gain":0,"player_choice":"Fight","damage_taken":0,"max_hp_gain":0,"max_hp_loss":0,"event_name":"MindBloom","floor":39,"gold_loss":0},{"damage_healed":0,"gold_gain":0,"player_choice":"Fight","damage_taken":0,"max_hp_gain":0,"max_hp_loss":0,"event_name":"Mysterious Sphere","floor":44,"gold_loss":0},{"damage_healed":26,"gold_gain":0,"player_choice":"Writhe","damage_taken":0,"max_hp_gain":0,"max_hp_loss":0,"event_name":"Winding Halls","floor":46,"gold_loss":0,"cards_obtained":["Writhe"]}],"is_beta":false,"boss_relics":[{"not_picked":["Tiny House","Black Star"],"picked":"Ectoplasm"},{"not_picked":["Black Blood","SacredBark"],"picked":"Mark of Pain"}],"items_purged_floors":[],"is_endless":false,"potions_floor_spawned":[10,11,12,16,24,30,31,35,39,44],"killed_by":"Time Eater","ascension_level":11}}