{"host":"x6h2w7w5b570y81k","time":1611192660,"event":{"mods":["AchievementEnabler","Act Like it!","BaseMod","Colored Map","Colored Powertips","Friendly Minions","Minty Spire (QoL Compilation)","StSLib","The Animator"],"gold_per_floor":[121,136,165,179,196,196,212,212,239,239,239,294,315,390,390,519,519,533,558,581,681,231,231,268,289,337,337,355,355,355],"floor_reached":29,"language":"DEU","playtime":2536,"items_purged":["Injury"],"score":231,"play_id":"a0bf1616-cde0-4078-baf5-5e41cc6b1b0b","local_time":"20210121023100","is_ascension_mode":false,"campfire_choices":[{"data":"animator:Hakurou","floor":6,"key":"SMITH"},{"data":"animator:Benimaru","floor":8,"key":"SMITH"},{"data":"animator:Shuna","floor":10,"key":"SMITH"},{"floor":15,"key":"REST"},{"floor":23,"key":"REST"},{"floor":27,"key":"REST"}],"circlet_count":0,"master_deck":["animator:Strike_TenSura","animator:Defend_TenSura","animator:Strike","animator:Strike","animator:Strike","animator:Defend","animator:Defend","animator:Defend","animator:Benimaru+1","animator:Shuna+1","animator:Hakurou+1","animator:Eve","animator:GazelDwargon","animator:Raven","animator:Rimuru","animator:Shion","animator:Rimuru","animator:Benimaru","animator:Emonzaemon","animator:Shion+1","animator:Millim","animator:Souei","animator:Guren","animator:Viivi"],"relics":["animator:LivingPicture","animator:TheMissingPiece","Orichalcum","Boot","Golden Idol","Strawberry","SacredBark","Potion Belt","Dream Catcher","Anchor"],"acts_visited":["Exordium","TheCity"],"potions_floor_usage":[12,16,19,20,24,24,28],"damage_taken":[{"damage":0,"enemies":"2 Louse","floor":1,"turns":3},{"damage":0,"enemies":"Cultist","floor":2,"turns":4},{"damage":0,"enemies":"Small Slimes","floor":3,"turns":3},{"damage":3,"enemies":"Exordium Wildlife","floor":4,"turns":4},{"damage":6,"enemies":"Red Slaver","floor":5,"turns":4},{"damage":15,"enemies":"2 Fungi Beasts","floor":7,"turns":5},{"damage":27,"enemies":"3 Sentries","floor":12,"turns":8},{"damage":8,"enemies":"Exordium Thugs","floor":13,"turns":5},{"damage":23,"enemies":"Slime Boss","floor":16,"turns":9},{"damage":20,"enemies":"Spheric Guardian","floor":18,"turns":9},{"damage":16,"enemies":"3 Byrds","floor":19,"turns":5},{"damage":20,"enemies":"Cultist and Chosen","floor":20,"turns":5},{"damage":16,"enemies":"3 Cultists","floor":24,"turns":5},{"damage":12,"enemies":"Snecko","floor":25,"turns":4},{"damage":38,"enemies":"Centurion and Healer","floor":28,"turns":9},{"damage":7,"enemies":"Sentry and Sphere","floor":29,"turns":2}],"seed_played":"-612936038295316477","potions_obtained":[{"floor":2,"key":"Dexterity Potion"},{"floor":4,"key":"ColorlessPotion"},{"floor":5,"key":"SteroidPotion"},{"floor":18,"key":"Swift Potion"},{"floor":19,"key":"EssenceOfSteel"},{"floor":25,"key":"LiquidBronze"}],"is_trial":false,"path_per_floor":["M","M","M","M","M","R","M","R","T","R","?","E","M","?","R","B",null,"M","M","M","?","$","R","M","M","T","R","M","M"],"character_chosen":"THE_ANIMATOR","items_purchased":["Potion Belt","LiquidMemories","Dream Catcher"],"campfire_rested":3,"item_purchase_floors":[22,22,22],"current_hp_per_floor":[66,66,66,64,58,58,44,44,44,44,44,24,17,6,28,5,76,56,40,20,20,20,42,26,16,16,39,1,0,0],"gold":355,"neow_bonus":"RANDOM_COMMON_RELIC","is_daily":false,"chose_seed":false,"campfire_upgraded":3,"win_rate":0.0,"timestamp":1611192660,"path_taken":["M","M","M","M","M","R","M","R","T","R","?","E","M","?","R","BOSS","M","M","M","?","$","R","M","M","T","R","M","M"],"items_purchased_type":["Relic","Potion","Relic"],"build_version":"2020-12-22","purchased_purges":1,"victory":false,"max_hp_per_floor":[66,66,66,67,67,67,68,68,68,68,68,75,76,76,76,76,76,76,76,76,76,76,76,76,78,78,78,78,78,78],"card_choices":[{"not_picked":["animator:Aisha","animator:DolaCouronne"],"picked":"animator:Hakurou","floor":1},{"not_picked":["animator:Chung","animator:DolaCouronne","animator:Shinoa"],"picked":"SKIP","floor":2},{"not_picked":["animator:Chung","animator:SilverFang"],"picked":"animator:Eve","floor":3},{"not_picked":["animator:Benimaru","animator:Shuna"],"picked":"animator:GazelDwargon","floor":4},{"not_picked":["animator:Mikaela","animator:Aisha","animator:Viivi"],"picked":"SKIP","floor":5},{"not_picked":["animator:DolaCouronne","animator:Elsword"],"picked":"animator:Raven","floor":7},{"not_picked":["animator:Shigure","animator:DolaCouronne"],"picked":"animator:Rimuru","floor":12},{"not_picked":["animator:Vesta","animator:Souei"],"picked":"animator:Shion","floor":13},{"not_picked":["animator:Shiro","animator:Elesis"],"picked":"animator:Rimuru","floor":16},{"not_picked":["animator:AcuraAkari","animator:DolaCouronne+1"],"picked":"animator:Benimaru","floor":18},{"not_picked":["animator:CrowleyEusford","animator:Shigure"],"picked":"animator:Emonzaemon","floor":19},{"not_picked":["animator:Mitsuba","animator:Ain","animator:Shinoa"],"picked":"SKIP","floor":20},{"not_picked":["animator:Mitsuba","animator:DolaSchwi"],"picked":"animator:Shion+1","floor":23},{"not_picked":["animator:Benimaru","animator:Shion"],"picked":"animator:Millim","floor":24},{"not_picked":["animator:ChlammyZell","animator:Fredrika"],"picked":"animator:Souei","floor":25},{"not_picked":["animator:DolaSchwi","animator:Shion"],"picked":"animator:Guren","floor":27},{"not_picked":["animator:Shinoa+1","animator:Genos"],"picked":"animator:Viivi","floor":28}],"player_experience":175310,"relics_obtained":[{"floor":9,"key":"Boot"},{"floor":12,"key":"Strawberry"},{"floor":26,"key":"Anchor"}],"event_choices":[{"damage_healed":0,"gold_gain":0,"player_choice":"Take Wound","damage_taken":0,"relics_obtained":["Golden Idol"],"max_hp_gain":0,"max_hp_loss":0,"event_name":"Golden Idol","floor":11,"gold_loss":0,"cards_obtained":["Injury"]},{"damage_healed":0,"gold_gain":75,"player_choice":"Gather Gold","damage_taken":11,"max_hp_gain":0,"max_hp_loss":0,"event_name":"World of Goop","floor":14,"gold_loss":0},{"damage_healed":0,"gold_gain":100,"player_choice":"Pray","damage_taken":0,"max_hp_gain":0,"max_hp_loss":0,"event_name":"Golden Shrine","floor":21,"gold_loss":0}],"is_beta":false,"boss_relics":[{"not_picked":["Pandora\u0027s Box","Fusion Hammer"],"picked":"SacredBark"}],"items_purged_floors":[22],"is_endless":false,"potions_floor_spawned":[2,4,5,18,19,25],"killed_by":"Sentry and Sphere","ascension_level":0}}