{"host":"tq99ucv8ezzqzioe","time":1611243792,"event":{"mods":["BaseMod","Colored Map","Downfall","Highlight Path","Minty Spire (QoL Compilation)","StSLib"],"gold_per_floor":[112,16,33,53,67,67,79,79,103,119,149,149,168,180,180,281,281,299,315,315,415,430,430,430],"floor_reached":23,"language":"ENG","playtime":1073,"items_purged":[],"score":309,"play_id":"6e52a0c5-1929-4164-8efa-ae55c3ef80ae","local_time":"20210121104312","is_ascension_mode":true,"campfire_choices":[{"data":"Searing Blow","floor":6,"key":"SMITH"},{"data":"Searing Blow+1","floor":8,"key":"SMITH"},{"floor":15,"key":"REST"}],"circlet_count":0,"master_deck":["Strike_R","Strike_R","Strike_R","Strike_R","Defend_R","Defend_R","Defend_R","Defend_R","Bash","Bludgeon","Searing Blow+2","True Grit","Whirlwind","Spot Weakness","Sever Soul","Rampage","Impervious","Disarm","Inflame"],"relics":["Burning Blood","Oddly Smooth Stone","Boot","Coffee Dripper"],"acts_visited":["Exordium","TheCity"],"potions_floor_usage":[11,13,18,22,23],"damage_taken":[{"damage":10,"enemies":"2 Louse","floor":1,"turns":3},{"damage":0,"enemies":"Cultist","floor":3,"turns":2},{"damage":12,"enemies":"Jaw Worm","floor":4,"turns":2},{"damage":22,"enemies":"Gremlin Gang","floor":5,"turns":5},{"damage":9,"enemies":"2 Fungi Beasts","floor":7,"turns":3},{"damage":4,"enemies":"Large Slime","floor":10,"turns":5},{"damage":34,"enemies":"Lagavulin","floor":11,"turns":5},{"damage":20,"enemies":"Exordium Thugs","floor":13,"turns":3},{"damage":14,"enemies":"Gremlin Gang","floor":14,"turns":6},{"damage":0,"enemies":"Slime Boss","floor":16,"turns":8},{"damage":11,"enemies":"2 Thieves","floor":18,"turns":4},{"damage":18,"enemies":"Shell Parasite","floor":19,"turns":6},{"damage":12,"enemies":"Snecko","floor":22,"turns":3},{"damage":49,"enemies":"Gremlin Leader","floor":23,"turns":7}],"seed_played":"2908880495064210020","potions_obtained":[{"floor":3,"key":"hexamod:SoulburnPotion"},{"floor":4,"key":"SteroidPotion"},{"floor":7,"key":"GamblersBrew"},{"floor":13,"key":"SteroidPotion"},{"floor":14,"key":"GamblersBrew"},{"floor":16,"key":"LiquidMemories"},{"floor":19,"key":"LiquidMemories"},{"floor":22,"key":"bronze:BurnAndBuffPotion"}],"is_trial":false,"path_per_floor":["M","?","M","M","M","R","M","R","T","M","E","?","M","M","R","B",null,"M","M","?","?","M","E"],"character_chosen":"IRONCLAD","items_purchased":[],"campfire_rested":1,"item_purchase_floors":[],"current_hp_per_floor":[76,76,80,74,58,58,55,55,55,57,29,29,15,7,31,37,69,64,52,52,52,46,0,0],"gold":430,"neow_bonus":"ONE_RANDOM_RARE_CARD","is_daily":false,"chose_seed":false,"campfire_upgraded":2,"win_rate":0.0,"timestamp":1611243792,"path_taken":["M","?","M","M","?","R","M","R","T","M","E","?","M","?","R","BOSS","M","M","?","?","?","E"],"items_purchased_type":[],"build_version":"2020-12-22","purchased_purges":0,"victory":false,"max_hp_per_floor":[80,80,80,80,80,80,80,80,80,80,80,80,80,80,80,80,80,80,80,80,80,80,80,80],"card_choices":[{"not_picked":["Shrug It Off","Armaments"],"picked":"Searing Blow","floor":1},{"not_picked":["Havoc","Cleave","Clothesline"],"picked":"SKIP","floor":3},{"not_picked":["Wild Strike","Flame Barrier"],"picked":"True Grit","floor":4},{"not_picked":["Heavy Blade","Power Through"],"picked":"Whirlwind","floor":5},{"not_picked":["Rupture","Havoc","Combust"],"picked":"SKIP","floor":7},{"not_picked":["Clash","Berserk"],"picked":"Spot Weakness","floor":10},{"not_picked":["Perfected Strike","Anger","Body Slam"],"picked":"SKIP","floor":11},{"not_picked":["Sever Soul","Perfected Strike","Second Wind"],"picked":"SKIP","floor":13},{"not_picked":["Body Slam","Hemokinesis"],"picked":"Rampage","floor":14},{"not_picked":["Bludgeon","Juggernaut"],"picked":"Impervious","floor":16},{"not_picked":["Twin Strike","Clothesline","Shockwave"],"picked":"SKIP","floor":18},{"not_picked":["Iron Wave","Wild Strike"],"picked":"Disarm","floor":19},{"not_picked":["Battle Trance+1","Iron Wave"],"picked":"Inflame","floor":22}],"player_experience":716133,"relics_obtained":[{"floor":11,"key":"Boot"}],"event_choices":[{"damage_healed":0,"gold_gain":0,"player_choice":"Paid Gold","damage_taken":0,"relics_obtained":["Oddly Smooth Stone"],"max_hp_gain":0,"max_hp_loss":0,"event_name":"WeMeetAgain","floor":2,"gold_loss":96},{"damage_healed":0,"gold_gain":0,"cards_transformed":["Strike_R"],"player_choice":"Transformed","damage_taken":0,"max_hp_gain":0,"max_hp_loss":0,"event_name":"Transmorgrifier","floor":12,"gold_loss":0,"cards_obtained":["Sever Soul"]},{"damage_healed":0,"gold_gain":0,"player_choice":"Ignored","damage_taken":0,"max_hp_gain":0,"max_hp_loss":0,"event_name":"Vampires","floor":20,"gold_loss":0},{"damage_healed":0,"gold_gain":100,"player_choice":"Pray","damage_taken":0,"max_hp_gain":0,"max_hp_loss":0,"event_name":"Golden Shrine","floor":21,"gold_loss":0}],"is_beta":false,"boss_relics":[{"not_picked":["Mark of Pain","Cursed Key"],"picked":"Coffee Dripper"}],"items_purged_floors":[],"is_endless":false,"potions_floor_spawned":[3,4,7,13,14,16,19,22],"killed_by":"Gremlin Leader","ascension_level":5}}