{"host":"9n6i2vl93jt4o42q","time":1611253595,"event":{"mods":["BaseMod","Minty Spire (QoL Compilation)","Relic Stats"],"gold_per_floor":[109,109,124,148,198,198,214,214,239,295,322,350,386,398,410,513,525,551,578,505,517,543,555,555],"floor_reached":23,"language":"ENG","playtime":2018,"items_purged":[],"score":415,"play_id":"1cdcba79-4baf-45af-a87f-74c07c80496b","local_time":"20210121192635","is_ascension_mode":true,"campfire_choices":[{"data":"Eruption","floor":6.0,"key":"SMITH"},{"data":"Perseverance","floor":8.0,"key":"SMITH"},{"floor":15.0,"key":"REST"}],"circlet_count":0,"master_deck":["AscendersBane","Defend_P","Defend_P","Defend_P","Eruption+1","Vigilance","FollowUp","FearNoEvil","CutThroughFate","Crescendo","Perseverance+1","ThirdEye","Sanctity","EmptyFist","Scrawl","Adaptation","Bite","Bite","Bite","Bite","Bite","SandsOfTime+1"],"relics":["HolyWater","Golden Idol","MawBank","Bag of Marbles","Happy Flower","Akabeko"],"acts_visited":["Exordium","TheCity"],"potions_floor_usage":[16,22,23],"damage_taken":[{"damage":9.0,"enemies":"2 Louse","floor":1.0,"turns":2.0},{"damage":0.0,"enemies":"Jaw Worm","floor":3.0,"turns":2.0},{"damage":0.0,"enemies":"Cultist","floor":4.0,"turns":2.0},{"damage":21.0,"enemies":"Exordium Wildlife","floor":7.0,"turns":4.0},{"damage":10.0,"enemies":"Lagavulin","floor":10.0,"turns":4.0},{"damage":0.0,"enemies":"Red Slaver","floor":11.0,"turns":2.0},{"damage":0.0,"enemies":"2 Fungi Beasts","floor":12.0,"turns":3.0},{"damage":0.0,"enemies":"Looter","floor":13.0,"turns":3.0},{"damage":20,"enemies":"The Guardian","floor":16,"turns":13},{"damage":15,"enemies":"Shell Parasite","floor":18,"turns":5},{"damage":18,"enemies":"Chosen","floor":19,"turns":6},{"damage":13,"enemies":"Sentry and Sphere","floor":22,"turns":4},{"damage":17,"enemies":"Book of Stabbing","floor":23,"turns":3}],"seed_played":"5549067118419775654","potions_obtained":[{"floor":4.0,"key":"GamblersBrew"},{"floor":7.0,"key":"SkillPotion"},{"floor":13.0,"key":"Weak Potion"},{"floor":16,"key":"Fire Potion"},{"floor":19,"key":"PowerPotion"}],"is_trial":false,"path_per_floor":["M","?","M","M","?","R","M","R","T","E","M","M","M","?","R","B",null,"M","M","?","?","M","E"],"character_chosen":"WATCHER","items_purchased":[],"campfire_rested":1,"item_purchase_floors":[],"current_hp_per_floor":[52,52,52,52,52,52,31,31,31,21,21,21,21,21,39,19,51,36,18,18,18,13,0,0],"gold":555,"neow_bonus":"TRANSFORM_CARD","is_daily":false,"chose_seed":false,"campfire_upgraded":2,"win_rate":0.0,"timestamp":1611253595,"path_taken":["M","?","M","M","?","R","M","R","T","E","M","M","?","?","R","BOSS","M","M","?","?","M","E"],"items_purchased_type":[],"build_version":"2020-12-22","purchased_purges":0,"victory":false,"max_hp_per_floor":[68,62,62,62,62,62,62,62,62,62,62,62,62,62,62,62,62,62,62,62,43,43,43,43],"relic_stats":{"Happy Flower":[10],"counters":[13,53],"Golden Idol":58,"MawBank":168,"obtain_stats":[{"Happy Flower":14,"Golden Idol":2,"HolyWater":17,"Bag of Marbles":10,"PureWater":0,"MawBank":9,"Akabeko":20},{"Happy Flower":8,"Golden Idol":1,"HolyWater":9,"Bag of Marbles":5,"PureWater":0,"MawBank":4,"Akabeko":11},{"Happy Flower":22,"Golden Idol":2,"HolyWater":35,"Bag of Marbles":14,"PureWater":0,"MawBank":10,"Akabeko":46}]},"card_choices":[{"not_picked":["ThirdEye","WindmillStrike"],"picked":"FearNoEvil","floor":1.0},{"not_picked":["FollowUp","InnerPeace"],"picked":"CutThroughFate","floor":3.0},{"not_picked":["Worship","CrushJoints"],"picked":"Crescendo","floor":4.0},{"not_picked":["Vengeance","Protect"],"picked":"Perseverance","floor":7.0},{"not_picked":["Perseverance","Crescendo"],"picked":"ThirdEye","floor":10.0},{"not_picked":["FlyingSleeves","SpiritShield"],"picked":"Sanctity","floor":11.0},{"not_picked":["Crescendo","ThirdEye","PathToVictory"],"picked":"SKIP","floor":12.0},{"not_picked":["Vengeance","JustLucky"],"picked":"EmptyFist","floor":13.0},{"not_picked":["Blasphemy","Devotion"],"picked":"Scrawl","floor":16},{"not_picked":["SignatureMove","FlyingSleeves"],"picked":"Adaptation","floor":18},{"not_picked":["FlyingSleeves+1","EmptyFist","PathToVictory"],"picked":"SKIP","floor":19},{"not_picked":["ClearTheMind","JustLucky"],"picked":"SandsOfTime+1","floor":22}],"player_experience":2205037,"relics_obtained":[{"floor":9.0,"key":"MawBank"},{"floor":10.0,"key":"Bag of Marbles"},{"floor":14.0,"key":"Happy Flower"}],"event_choices":[{"damage_healed":0.0,"max_hp_gain":0.0,"max_hp_loss":6.0,"gold_gain":0.0,"event_name":"Golden Idol","player_choice":"Lose Max HP","floor":2.0,"gold_loss":0.0,"damage_taken":0.0,"relics_obtained":["Golden Idol"]},{"damage_healed":0.0,"max_hp_gain":0.0,"max_hp_loss":0.0,"gold_gain":50.0,"event_name":"Golden Shrine","player_choice":"Pray","floor":5.0,"gold_loss":0.0,"damage_taken":0.0},{"damage_healed":0.0,"max_hp_gain":0.0,"max_hp_loss":0.0,"gold_gain":0.0,"event_name":"Wheel of Change","player_choice":"Relic","floor":14.0,"gold_loss":0.0,"damage_taken":0.0},{"damage_healed":0,"gold_gain":0,"player_choice":"Obtained Relic","damage_taken":0,"relics_obtained":["Akabeko"],"max_hp_gain":0,"max_hp_loss":0,"event_name":"Addict","floor":20,"gold_loss":85},{"damage_healed":0,"gold_gain":0,"player_choice":"Became a vampire","damage_taken":0,"max_hp_gain":0,"max_hp_loss":19,"event_name":"Vampires","floor":21,"gold_loss":0,"cards_obtained":["Bite","Bite","Bite","Bite","Bite"]}],"is_beta":false,"boss_relics":[{"not_picked":["Pandora\u0027s Box","Ectoplasm"],"picked":"HolyWater"}],"items_purged_floors":[],"is_endless":false,"potions_floor_spawned":[4,7,13,16,19],"killed_by":"Book of Stabbing","ascension_level":20}}