{"host":"fbnmuibw0uyiaf00","time":1611229910,"event":{"mods":["BaseMod","Colored Powertips","Lobotomy","LobotomyExtend","Marisa£®ÏF”Í°°ƒß¿Ì…≥£©","Minty Spire (QoL Compilation)","Remilia£®¿Ÿ√◊¿Ú—«£©","UnlockEverythingMod","Youmu£®ªÍ∆«—˝√Œ£©","[IsaacMod]“‘»ˆº‚À˛"],"gold_per_floor":[113,126,138,138,138,182,25,50,75,75,88,88,88,104,104,225,225,238,274,274,189,37,37,73,73,150,150,163,182,182,200,200,200,200],"floor_reached":33,"language":"ZHS","playtime":1437,"items_purged":[],"score":290,"play_id":"4fd19c49-20eb-465f-898e-c9c6cdfdf45d","local_time":"20210121195150","is_ascension_mode":false,"campfire_choices":[{"data":"Infernal Blade","floor":12,"key":"SMITH"},{"floor":15,"key":"REST"},{"floor":23,"key":"REST"},{"floor":25,"key":"REST"},{"data":"Offering","floor":27,"key":"SMITH"},{"floor":32,"key":"REST"}],"circlet_count":0,"master_deck":["Strike_R","Strike_R","Strike_R","Strike_R","Strike_R","Defend_R","Defend_R","Defend_R","Bash","Sword Boomerang","Flex","Hemokinesis","Pummel","Injury","Infernal Blade+1","Headbutt","Disarm","Offering+1","Inflame","Perfected Strike+1","Reckless Charge","Shrug It Off+1","Sword Boomerang","Writhe","Bloodletting"],"relics":["Burning Blood","HushsDoor","D6","Golden Idol","Ancient Tea Set","Membership Card","PreservedInsect","Philosopher\u0027s Stone","GuppysPaw","Red Mask","Centennial Puzzle","EdensBlessing","MealTicket","Mummified Hand","Tiny Chest"],"acts_visited":["Exordium","TheCity"],"potions_floor_usage":[16,16,16,33],"damage_taken":[{"damage":7,"enemies":"2 Louse","floor":1,"turns":3},{"damage":0,"enemies":"Small Slimes","floor":2,"turns":3},{"damage":1,"enemies":"Jaw Worm","floor":3,"turns":4},{"damage":0,"enemies":"3 Sentries","floor":6,"turns":2},{"damage":9,"enemies":"Blue Slaver","floor":8,"turns":2},{"damage":7,"enemies":"Looter","floor":11,"turns":4},{"damage":13,"enemies":"Exordium Wildlife","floor":14,"turns":4},{"damage":48,"enemies":"Hexaghost","floor":16,"turns":8},{"damage":20,"enemies":"Shell Parasite","floor":18,"turns":2},{"damage":25,"enemies":"Masked Bandits","floor":19,"turns":4},{"damage":19,"enemies":"Gremlin Leader","floor":24,"turns":5},{"damage":6,"enemies":"3 Byrds","floor":28,"turns":4},{"damage":8,"enemies":"Snake Plant","floor":29,"turns":2},{"damage":17,"enemies":"Snecko","floor":31,"turns":4},{"damage":75,"enemies":"Collector","floor":33,"turns":5}],"seed_played":"-3207254427959788690","potions_obtained":[{"floor":3,"key":"Ancient Potion"},{"floor":6,"key":"GamblersBrew"},{"floor":8,"key":"PowerPotion"},{"floor":11,"key":"LiquidMemories"},{"floor":19,"key":"Weak Potion"},{"floor":29,"key":"BlessingOfTheForge"}],"is_trial":false,"path_per_floor":["M","M","M","?","?","E","$","M","T","$","M","R","$","M","R","B",null,"M","?","?","?","$","R","E","R","T","R","M","M","?","M","R","B"],"character_chosen":"IRONCLAD","items_purchased":["Membership Card","GuppysPaw","EdensBlessing"],"campfire_rested":4,"item_purchase_floors":[7,17,22],"current_hp_per_floor":[79,80,80,80,80,80,80,77,77,77,76,76,76,69,80,38,70,56,37,37,37,37,58,45,66,66,66,66,64,64,53,70,0,0],"gold":200,"neow_bonus":"THREE_CARDS","is_daily":false,"chose_seed":false,"campfire_upgraded":2,"win_rate":0.0,"timestamp":1611229910,"path_taken":["M","M","M","?","?","E","?","M","T","?","M","R","?","M","R","BOSS","M","?","?","?","$","R","E","R","T","R","?","M","?","M","R","BOSS"],"items_purchased_type":["Relic","Relic","Relic"],"build_version":"2020-12-22","purchased_purges":0,"victory":false,"max_hp_per_floor":[80,80,80,80,80,80,80,80,80,80,80,80,80,80,80,80,70,70,70,70,70,70,70,70,70,70,70,70,70,70,70,70,70,70],"card_choices":[{"not_picked":[],"picked":"ChaosCard","floor":0},{"not_picked":["Pommel Strike","Headbutt"],"picked":"Sword Boomerang","floor":0},{"not_picked":["Iron Wave","Rage"],"picked":"Flex","floor":1},{"not_picked":["Twin Strike","Perfected Strike"],"picked":"Hemokinesis","floor":2},{"not_picked":["Rampage","Headbutt"],"picked":"Pummel","floor":3},{"not_picked":["Fire Breathing","Flex"],"picked":"Infernal Blade","floor":6},{"not_picked":["Body Slam","Hemokinesis"],"picked":"Bomb","floor":8},{"not_picked":["Warcry","Dropkick"],"picked":"Headbutt","floor":11},{"not_picked":["Clash","Heavy Blade"],"picked":"Disarm","floor":14},{"not_picked":["Berserk","Bludgeon"],"picked":"Offering","floor":16},{"not_picked":["Dual Wield","Heavy Blade"],"picked":"Inflame","floor":18},{"not_picked":["Sentinel","Cleave"],"picked":"Perfected Strike+1","floor":19},{"not_picked":["Clash","Twin Strike"],"picked":"Reckless Charge","floor":24},{"not_picked":["Twin Strike+1","Heavy Blade+1"],"picked":"Shrug It Off+1","floor":28},{"not_picked":["Feel No Pain","Havoc"],"picked":"Sword Boomerang","floor":29},{"not_picked":["Pummel","Disarm"],"picked":"Bloodletting","floor":31}],"player_experience":24054,"relics_obtained":[{"floor":6,"key":"Ancient Tea Set"},{"floor":9,"key":"PreservedInsect"},{"floor":19,"key":"Red Mask"},{"floor":24,"key":"MealTicket"},{"floor":26,"key":"Mummified Hand"}],"event_choices":[{"damage_healed":0,"gold_gain":0,"player_choice":"Take Wound","damage_taken":0,"relics_obtained":["Golden Idol"],"max_hp_gain":0,"max_hp_loss":0,"event_name":"Golden Idol","floor":4,"gold_loss":0,"cards_obtained":["Injury"]},{"damage_healed":0,"gold_gain":0,"player_choice":"Ignored","damage_taken":0,"max_hp_gain":0,"max_hp_loss":0,"event_name":"Shining Light","floor":5,"gold_loss":0},{"damage_healed":0,"gold_gain":0,"player_choice":"Fought Bandits","damage_taken":0,"max_hp_gain":0,"max_hp_loss":0,"event_name":"Masked Bandits","floor":19,"gold_loss":0},{"cards_removed":["Defend_R"],"damage_healed":0,"gold_gain":0,"player_choice":"Elegance","damage_taken":0,"max_hp_gain":0,"max_hp_loss":0,"event_name":"Back to Basics","floor":20,"gold_loss":0},{"damage_healed":0,"gold_gain":0,"player_choice":"Obtained Relic","damage_taken":0,"relics_obtained":["Centennial Puzzle"],"max_hp_gain":0,"max_hp_loss":0,"event_name":"Addict","floor":21,"gold_loss":85},{"damage_healed":0,"gold_gain":0,"player_choice":"Opened","damage_taken":0,"relics_obtained":["Tiny Chest"],"max_hp_gain":0,"max_hp_loss":0,"event_name":"The Mausoleum","floor":30,"gold_loss":0,"cards_obtained":["Writhe"]}],"is_beta":false,"boss_relics":[{"not_picked":["Fusion Hammer","Coffee Dripper"],"picked":"Philosopher\u0027s Stone"},{"not_picked":[]}],"items_purged_floors":[],"is_endless":false,"potions_floor_spawned":[3,6,8,11,19,29],"killed_by":"Collector","ascension_level":0}}