{"host":"vumwfieg2b2mnrfl","time":1611204979,"event":{"mods":["AchievementEnabler","BaseMod","Minty Spire (QoL Compilation)","Rare Cards Sparkle","Relic Stats"],"gold_per_floor":[113,113,124,135,154,154,184,184,184,217,217,245,245,270,270,344,344,359,379,412,435,49,49,49,65,65,90,90,90,109,9,9,96,96,119,128,128,147,165,207,207,207,207],"floor_reached":42,"language":"ENG","playtime":1720,"items_purged":["Writhe","Strike_G"],"score":1053,"play_id":"5c7c67db-3f89-4afe-b31d-624a784ae61e","local_time":"20210120225619","is_ascension_mode":true,"campfire_choices":[{"data":"Dash","floor":6.0,"key":"SMITH"},{"floor":8.0,"key":"REST"},{"floor":11.0,"key":"REST"},{"floor":15.0,"key":"REST"},{"floor":24.0,"key":"REST"},{"data":"Caltrops","floor":28.0,"key":"SMITH"},{"floor":32.0,"key":"REST"},{"floor":41,"key":"REST"}],"circlet_count":0,"master_deck":["AscendersBane","Strike_G","Strike_G","Strike_G","Strike_G","Defend_G","Defend_G","Defend_G","Defend_G","Survivor","Neutralize","Leg Sweep+1","Dash+1","Flying Knee","Predator","Prepared","Cloak And Dagger+1","Dodge and Roll+1","Blur+1","Unload","Dash","Terror+1","Dodge and Roll+1","Caltrops+1","Mayhem","Parasite","PiercingWail+1","Corpse Explosion+1","Leg Sweep+1","Concentrate+1","Madness+1","Madness+1","Prepared+1"],"relics":["Ring of the Snake","NeowsBlessing","Centennial Puzzle","Calipers","Toxic Egg 2","Bronze Scales","Tiny Chest","Thread and Needle","Cursed Key","Red Mask","Bag of Preparation","Du-Vu Doll","CeramicFish","Philosopher\u0027s Stone","Oddly Smooth Stone"],"acts_visited":["Exordium","TheCity","TheBeyond"],"potions_floor_usage":[40],"damage_taken":[{"damage":0.0,"enemies":"Cultist","floor":1.0,"turns":1.0},{"damage":0.0,"enemies":"2 Louse","floor":3.0,"turns":1.0},{"damage":0.0,"enemies":"Small Slimes","floor":4.0,"turns":1.0},{"damage":6.0,"enemies":"3 Louse","floor":5.0,"turns":4.0},{"damage":21.0,"enemies":"Lagavulin","floor":7.0,"turns":9.0},{"damage":42.0,"enemies":"Gremlin Nob","floor":10.0,"turns":5.0},{"damage":2.0,"enemies":"3 Sentries","floor":12.0,"turns":12.0},{"damage":20.0,"enemies":"Gremlin Nob","floor":14.0,"turns":5.0},{"damage":21.0,"enemies":"Slime Boss","floor":16.0,"turns":13.0},{"damage":0.0,"enemies":"Shell Parasite","floor":18.0,"turns":6.0},{"damage":0.0,"enemies":"3 Byrds","floor":19.0,"turns":3.0},{"damage":37.0,"enemies":"Masked Bandits","floor":20.0,"turns":6.0},{"damage":0.0,"enemies":"Slavers","floor":23.0,"turns":1.0},{"damage":3.0,"enemies":"Snake Plant","floor":25.0,"turns":5.0},{"damage":1.0,"enemies":"Book of Stabbing","floor":27.0,"turns":5.0},{"damage":8.0,"enemies":"Sentry and Sphere","floor":30.0,"turns":6.0},{"damage":0.0,"enemies":"Collector","floor":33.0,"turns":21.0},{"damage":6.0,"enemies":"3 Darklings","floor":35.0,"turns":6.0},{"damage":0,"enemies":"3 Shapes","floor":38,"turns":3},{"damage":41,"enemies":"Giant Head","floor":40,"turns":10},{"damage":32,"enemies":"Reptomancer","floor":42,"turns":3}],"seed_played":"-4920472736373573616","potions_obtained":[{"floor":1.0,"key":"Swift Potion"},{"floor":4.0,"key":"EntropicBrew"},{"floor":10.0,"key":"Fire Potion"},{"floor":13.0,"key":"GhostInAJar"},{"floor":14.0,"key":"BlessingOfTheForge"},{"floor":18.0,"key":"LiquidBronze"},{"floor":20.0,"key":"Weak Potion"},{"floor":27.0,"key":"Dexterity Potion"},{"floor":35.0,"key":"SkillPotion"}],"is_trial":false,"path_per_floor":["M","?","M","M","M","R","E","R","T","E","R","E","?","E","R","B",null,"M","M","?","T","$","E","R","M","T","E","R","?","M","$","R","B",null,"M","?","T","M","?","E","R","E"],"character_chosen":"THE_SILENT","items_purchased":["Dodge and Roll+1","Caltrops","Mayhem"],"campfire_rested":6,"item_purchase_floors":[22,22,22],"current_hp_per_floor":[59,59,59,59,53,53,32,51,51,9,28,26,26,6,25,4,51,51,51,14,14,14,14,33,30,30,29,29,29,21,21,40,40,60,54,54,54,54,42,1,20,0,0],"gold":207,"neow_bonus":"THREE_ENEMY_KILL","is_daily":false,"chose_seed":false,"campfire_upgraded":2,"win_rate":0.0,"timestamp":1611204979,"path_taken":["M","?","?","?","M","R","E","R","T","E","R","E","?","E","R","BOSS","M","?","?","?","$","E","R","M","T","E","R","?","?","$","R","BOSS","M","?","?","M","?","E","R","E"],"items_purchased_type":["Card","Card","Card"],"build_version":"2020-12-22","purchased_purges":2,"victory":false,"max_hp_per_floor":[66,66,66,66,66,66,66,66,66,66,66,66,66,66,66,66,66,66,66,66,66,66,66,66,66,66,66,66,66,66,66,66,66,66,66,66,66,66,66,66,66,66,66],"relic_stats":{"Centennial Puzzle":[39],"counters":[21,126],"Bronze Scales":[325],"CeramicFish":63,"Tiny Chest":2,"Bag of Preparation":[18],"Cursed Key":2,"obtain_stats":[{"Calipers":7,"NeowsBlessing":0,"CeramicFish":27,"Oddly Smooth Stone":40,"Thread and Needle":14,"Bag of Preparation":21,"Cursed Key":17,"Du-Vu Doll":26,"Centennial Puzzle":2,"Bronze Scales":10,"Tiny Chest":12,"Philosopher\u0027s Stone":34,"Red Mask":20,"Toxic Egg 2":9,"Ring of the Snake":0},{"Calipers":5,"NeowsBlessing":0,"CeramicFish":15,"Oddly Smooth Stone":20,"Thread and Needle":8,"Bag of Preparation":12,"Cursed Key":9,"Du-Vu Doll":14,"Centennial Puzzle":1,"Bronze Scales":6,"Tiny Chest":7,"Philosopher\u0027s Stone":17,"Red Mask":12,"Toxic Egg 2":5,"Ring of the Snake":0},{"Calipers":16,"NeowsBlessing":0,"CeramicFish":77,"Oddly Smooth Stone":123,"Thread and Needle":38,"Bag of Preparation":66,"Cursed Key":51,"Du-Vu Doll":72,"Centennial Puzzle":1,"Bronze Scales":21,"Tiny Chest":33,"Philosopher\u0027s Stone":104,"Red Mask":66,"Toxic Egg 2":16,"Ring of the Snake":0}],"Ring of the Snake":[42]},"card_choices":[{"not_picked":["Acrobatics","Prepared"],"picked":"Leg Sweep","floor":1.0},{"not_picked":["Blade Dance","Deadly Poison"],"picked":"Dash","floor":3.0},{"not_picked":["Dagger Spray","Backflip"],"picked":"Flying Knee","floor":4.0},{"not_picked":["Deflect","Dash"],"picked":"Predator","floor":5.0},{"not_picked":["Underhanded Strike","Envenom"],"picked":"Prepared","floor":7.0},{"not_picked":["Eviscerate","Predator"],"picked":"Cloak And Dagger+1","floor":10.0},{"not_picked":["Prepared+1","Cloak And Dagger+1"],"picked":"Dodge and Roll+1","floor":12.0},{"not_picked":["Underhanded Strike","Flying Knee"],"picked":"Blur+1","floor":14.0},{"not_picked":["After Image","Doppelganger+1"],"picked":"Unload","floor":16.0},{"not_picked":["Dagger Spray","Tactician+1"],"picked":"Dash","floor":18.0},{"not_picked":["Setup+1","Dagger Spray","Sucker Punch+1"],"picked":"SKIP","floor":19.0},{"not_picked":["Escape Plan+1","Predator+1"],"picked":"Terror+1","floor":20.0},{"not_picked":["Flying Knee","Dagger Throw","Catalyst+1"],"picked":"SKIP","floor":25.0},{"not_picked":["Dagger Throw","Quick Slash","Choke"],"picked":"SKIP","floor":27.0},{"not_picked":["Terror+1","Blade Dance+1"],"picked":"PiercingWail+1","floor":30.0},{"not_picked":["After Image","Envenom"],"picked":"Corpse Explosion+1","floor":33.0},{"not_picked":["Expertise+1","Deflect+1"],"picked":"Leg Sweep+1","floor":35.0},{"not_picked":["Dagger Throw","Crippling Poison+1","Poisoned Stab+1"],"picked":"SKIP","floor":38},{"not_picked":["Expertise+1","Quick Slash"],"picked":"Prepared+1","floor":40}],"player_experience":447382,"relics_obtained":[{"floor":2.0,"key":"Centennial Puzzle"},{"floor":7.0,"key":"Calipers"},{"floor":9.0,"key":"Toxic Egg 2"},{"floor":10.0,"key":"Bronze Scales"},{"floor":12.0,"key":"Tiny Chest"},{"floor":14.0,"key":"Thread and Needle"},{"floor":20.0,"key":"Red Mask"},{"floor":21.0,"key":"Bag of Preparation"},{"floor":26.0,"key":"Du-Vu Doll"},{"floor":27.0,"key":"CeramicFish"},{"floor":40,"key":"Oddly Smooth Stone"}],"event_choices":[{"damage_healed":0.0,"max_hp_gain":0.0,"max_hp_loss":0.0,"gold_gain":0.0,"event_name":"Wheel of Change","player_choice":"Relic","floor":2.0,"gold_loss":0.0,"damage_taken":0.0},{"damage_healed":0.0,"max_hp_gain":0.0,"max_hp_loss":0.0,"gold_gain":0.0,"event_name":"Lab","player_choice":"Got Potions","floor":13.0,"gold_loss":0.0,"damage_taken":0.0},{"damage_healed":0.0,"max_hp_gain":0.0,"max_hp_loss":0.0,"gold_gain":0.0,"event_name":"Masked Bandits","player_choice":"Fought Bandits","floor":20.0,"gold_loss":0.0,"damage_taken":0.0},{"damage_healed":0.0,"max_hp_gain":0.0,"max_hp_loss":0.0,"gold_gain":0.0,"event_name":"Upgrade Shrine","player_choice":"Upgraded","floor":29.0,"gold_loss":0.0,"damage_taken":0.0,"cards_upgraded":["Leg Sweep"]},{"damage_healed":0.0,"max_hp_gain":0.0,"max_hp_loss":0.0,"gold_gain":0.0,"cards_transformed":["Defend_G"],"event_name":"Transmorgrifier","player_choice":"Transformed","floor":36.0,"gold_loss":0.0,"damage_taken":0.0,"cards_obtained":["Concentrate"]},{"damage_healed":0,"gold_gain":0,"player_choice":"Embrace Madness","damage_taken":12,"max_hp_gain":0,"max_hp_loss":0,"event_name":"Winding Halls","floor":39,"gold_loss":0,"cards_obtained":["Madness","Madness"]}],"is_beta":false,"boss_relics":[{"not_picked":["Astrolabe","Ring of the Serpent"],"picked":"Cursed Key"},{"not_picked":["Busted Crown","Velvet Choker"],"picked":"Philosopher\u0027s Stone"}],"items_purged_floors":[22,31],"is_endless":false,"potions_floor_spawned":[1,4,5,10,14,18,20,23,27,35],"killed_by":"Reptomancer","ascension_level":19}}