{"host":"u4pncpybdtxxvw4r","time":1611248972,"event":{"mods":["AchievementEnabler","BaseMod","Block Reminder","Colored Powertips","Downfall","Marisa£®ÏF”Í°°ƒß¿Ì…≥£©","Minty Spire (QoL Compilation)","Permanent Neow","Potion Indicator Mod","Rare Cards Sparkle","StSLib","SuperFastMode"],"gold_per_floor":[99,114,132,132,144,164,214,231,231,31,31,61,61,46,59,59,59,59],"floor_reached":16,"language":"ZHS","playtime":1006,"items_purged":[],"score":102,"play_id":"438291f2-f0a9-41b5-a6a7-271e1751a3be","local_time":"20210122010932","is_ascension_mode":false,"campfire_choices":[{"floor":1,"key":"RECALL"},{"floor":10,"key":"REST"}],"circlet_count":0,"master_deck":["Guardian:Strike_Guardian","Guardian:Strike_Guardian","Guardian:Strike_Guardian","Guardian:Defend_Guardian","Guardian:Defend_Guardian","Guardian:Defend_Guardian","Guardian:Defend_Guardian","Guardian:CurlUp","Guardian:TwinSlam","Guardian:Reroute","Guardian:Clone","Guardian:PiercingHide","Guardian:Orbwalk","Guardian:Gem_Blue","Guardian:Gem_Lightblue","Guardian:Gem_Orange","Guardian:Emergency"],"relics":["Guardian:ModeShifter","Ancient Tea Set","HornCleat","downfall:HeartBlessingRed","downfall:HeartBlessingBlue","Smiling Mask","Bag of Marbles","Guardian:PickAxe"],"acts_visited":["Exordium"],"potions_floor_usage":[14],"damage_taken":[{"damage":8,"enemies":"Small Slimes","floor":2,"turns":4},{"damage":1,"enemies":"Cultist","floor":3,"turns":4},{"damage":5,"enemies":"Jaw Worm","floor":5,"turns":5},{"damage":21,"enemies":"Large Slime","floor":6,"turns":9},{"damage":7,"enemies":"Blue Slaver","floor":8,"turns":5},{"damage":28,"enemies":"Lagavulin","floor":12,"turns":10},{"damage":0,"enemies":"Lagavulin","floor":13,"turns":6},{"damage":0,"enemies":"downfall:FleeingMerchant","floor":14,"turns":4},{"damage":3,"enemies":"Lots of Slimes","floor":15,"turns":5},{"damage":74,"enemies":"IC_STATUS_ARCHETYPE","floor":16,"turns":13}],"seed_played":"-7168244899557948084","potions_obtained":[{"floor":8,"key":"ColorlessPotion"},{"floor":15,"key":"FairyPotion"}],"is_trial":false,"path_per_floor":["R","M","M","?","M","M","T","M","T","R","?","E","?","$","M","B"],"character_chosen":"GUARDIAN","items_purchased":[],"campfire_rested":1,"item_purchase_floors":[],"current_hp_per_floor":[80,72,71,71,66,45,45,38,38,75,57,29,29,29,26,0,0,0],"gold":59,"neow_bonus":"RANDOM_COMMON_RELIC","is_daily":false,"chose_seed":false,"campfire_upgraded":0,"win_rate":0.0,"timestamp":1611248972,"path_taken":["R","M","M","?","?","M","T","?","?","R","?","E","?","?","M","BOSS"],"items_purchased_type":[],"build_version":"2020-12-22","purchased_purges":0,"victory":false,"max_hp_per_floor":[80,80,80,80,80,80,80,80,80,90,90,90,90,90,90,90,90,90],"card_choices":[{"not_picked":["Guardian:BodySlam","Guardian:VentSteam"],"picked":"Guardian:Gem_Green","floor":2},{"not_picked":["Guardian:VentSteam","Guardian:RollAttack"],"picked":"Guardian:Reroute","floor":3},{"not_picked":["Guardian:MultiBeam","Guardian:WalkerClaw"],"picked":"Guardian:Clone","floor":5},{"not_picked":["Guardian:DonusPower","Guardian:PolyBeam"],"picked":"Guardian:PiercingHide","floor":6},{"not_picked":["Guardian:ArmoredProtocol","Guardian:Gem_Blue"],"picked":"Guardian:Gem_Cyan","floor":8},{"not_picked":["Guardian:Gem_Purple","Guardian:GuardianWhirl"],"picked":"Guardian:Orbwalk","floor":12},{"not_picked":["Guardian:Gem_Blue","Guardian:SpikerProtocol"],"picked":"Guardian:Emergency","floor":14},{"not_picked":["Guardian:RollAttack","Guardian:WalkerClaw","Guardian:Harden"],"picked":"SKIP","floor":15}],"player_experience":60269,"relics_obtained":[{"floor":9,"key":"HornCleat"},{"floor":12,"key":"Bag of Marbles"}],"event_choices":[{"cards_removed":["Guardian:Strike_Guardian"],"damage_healed":0,"gold_gain":0,"player_choice":"Offered Basic","damage_taken":0,"max_hp_gain":0,"max_hp_loss":0,"event_name":"Bonfire Elementals","floor":4,"gold_loss":0},{"damage_healed":0,"gold_gain":0,"player_choice":"Success","damage_taken":18,"relics_obtained":["Smiling Mask"],"max_hp_gain":0,"max_hp_loss":0,"event_name":"Scrap Ooze","floor":11,"gold_loss":0}],"is_beta":false,"boss_relics":[],"items_purged_floors":[],"is_endless":false,"potions_floor_spawned":[8,13,15],"killed_by":"IC_STATUS_ARCHETYPE","ascension_level":0}}