{"host":"l12hrjjiowxu1z6t","time":1611251598,"event":{"mods":["AchievementEnabler","BaseMod","Colored Map","Colored Powertips","Highlight Path","Minty Spire (QoL Compilation)","Relic Stats"],"gold_per_floor":[110,110,285,301,376,406,406,50,77,90,142,162,174,139,139,240,240,254,64,64,163,163,163,197,197,220,249,49,49,84,98,98,196,196,213,70,85,103,122,156,169,169,169,198,198,198,0,28,28,28,28,28,28,28,28],"floor_reached":54,"language":"ENG","playtime":3347,"items_purged":["Doubt","Writhe"],"score":853,"play_id":"1186965a-e507-44e5-8a2c-62bc55b3500e","local_time":"20210121175318","is_ascension_mode":true,"campfire_choices":[{"floor":7.0,"key":"REST"},{"floor":15.0,"key":"REST"},{"floor":23.0,"key":"REST"},{"data":"Apotheosis","floor":25.0,"key":"SMITH"},{"data":"Venomology","floor":29.0,"key":"SMITH"},{"floor":32.0,"key":"REST"},{"floor":42.0,"key":"REST"},{"floor":49.0,"key":"RECALL"},{"floor":52.0,"key":"REST"}],"circlet_count":0,"master_deck":["Strike_G","Strike_G","Strike_G+1","Strike_G","Defend_G","Defend_G","Defend_G","Defend_G","Defend_G","Survivor","Neutralize","Catalyst","Prepared","Flying Knee","Apotheosis+1","Bandage Up","PiercingWail","Acrobatics","Outmaneuver","Venomology+1","Corpse Explosion","Infinite Blades","Necronomicurse","Poisoned Stab","Underhanded Strike","Catalyst","Backflip+1","Phantasmal Killer","Choke+1","Bouncing Flask+1","Distraction+1"],"relics":["SacredBark","Mercury Hourglass","Bag of Preparation","MealTicket","The Specimen","WristBlade","ClockworkSouvenir","Necronomicon","Juzu Bracelet","Blood Vial","Strawberry","Boot","Gremlin Horn","Fusion Hammer","TwistedFunnel","Mummified Hand","Whetstone","Membership Card","Happy Flower"],"acts_visited":["Exordium","TheCity","TheBeyond","TheEnding"],"potions_floor_usage":[54,54],"damage_taken":[{"damage":1.0,"enemies":"Cultist","floor":1.0,"turns":5.0},{"damage":0.0,"enemies":"2 Louse","floor":4.0,"turns":3.0},{"damage":27.0,"enemies":"3 Sentries","floor":6.0,"turns":7.0},{"damage":6.0,"enemies":"Jaw Worm","floor":10.0,"turns":4.0},{"damage":15.0,"enemies":"Lagavulin","floor":11.0,"turns":4.0},{"damage":0.0,"enemies":"3 Louse","floor":12.0,"turns":3.0},{"damage":11.0,"enemies":"Blue Slaver","floor":13.0,"turns":4.0},{"damage":36.0,"enemies":"The Guardian","floor":16.0,"turns":8.0},{"damage":5.0,"enemies":"3 Byrds","floor":18.0,"turns":2.0},{"damage":19.0,"enemies":"Book of Stabbing","floor":24.0,"turns":7.0},{"damage":23.0,"enemies":"Gremlin Leader","floor":27.0,"turns":4.0},{"damage":31.0,"enemies":"Book of Stabbing","floor":30.0,"turns":7.0},{"damage":12.0,"enemies":"Spheric Guardian","floor":31.0,"turns":4.0},{"damage":9.0,"enemies":"Collector","floor":33.0,"turns":7.0},{"damage":7.0,"enemies":"Orb Walker","floor":35.0,"turns":3.0},{"damage":0.0,"enemies":"3 Darklings","floor":37.0,"turns":1.0},{"damage":0.0,"enemies":"Transient","floor":38.0,"turns":5.0},{"damage":10.0,"enemies":"Writhing Mass","floor":39.0,"turns":4.0},{"damage":45.0,"enemies":"Nemesis","floor":40.0,"turns":5.0},{"damage":3.0,"enemies":"4 Shapes","floor":41.0,"turns":2.0},{"damage":21.0,"enemies":"Reptomancer","floor":44.0,"turns":3.0},{"damage":21.0,"enemies":"Giant Head","floor":48.0,"turns":5.0},{"damage":97.0,"enemies":"Awakened One","floor":50.0,"turns":10.0},{"damage":79,"enemies":"Shield and Spear","floor":54,"turns":4}],"seed_played":"877094353994445813","potions_obtained":[{"floor":6.0,"key":"ColorlessPotion"},{"floor":12.0,"key":"LiquidMemories"},{"floor":16.0,"key":"Strength Potion"},{"floor":18.0,"key":"Block Potion"},{"floor":35.0,"key":"ColorlessPotion"},{"floor":37.0,"key":"Dexterity Potion"},{"floor":39.0,"key":"Strength Potion"}],"is_trial":false,"path_per_floor":["M","?","?","M","?","E","R","$","T","M","E","M","M","?","R","B",null,"M","$","?","?","?","R","E","R","T","E","$","R","E","M","R","B",null,"M","$","M","M","M","E","M","R","T","E","?","?","$","E","R","B",null,"R","$","E"],"character_chosen":"THE_SILENT","items_purchased":["Apotheosis","Bandage Up","Infinite Blades","ClockworkSouvenir","Boot","Underhanded Strike","TwistedFunnel","Membership Card"],"campfire_rested":6,"item_purchase_floors":[8,8,19,19,28,28,36,47],"current_hp_per_floor":[69,57,57,57,46,19,40,40,40,40,29,33,26,43,64,34,70,65,70,54,54,54,70,57,57,57,49,64,64,41,35,58,57,77,70,77,77,77,73,36,35,58,58,39,39,58,73,58,58,32,77,77,77,0,0],"gold":28,"neow_bonus":"BOSS_RELIC","is_daily":false,"chose_seed":false,"campfire_upgraded":2,"win_rate":0.0,"timestamp":1611251598,"path_taken":["M","?","?","?","?","E","R","$","T","M","E","M","M","?","R","BOSS","M","$","?","?","?","R","E","R","T","E","$","R","E","M","R","BOSS","M","$","M","M","M","E","M","R","T","E","?","?","$","E","R","BOSS","R","$","E"],"items_purchased_type":["Card","Card","Card","Relic","Relic","Card","Relic","Relic"],"build_version":"2020-12-22","purchased_purges":2,"victory":false,"max_hp_per_floor":[70,70,70,70,70,70,70,70,70,70,70,70,70,70,70,70,70,70,70,70,70,70,70,70,70,70,77,77,77,77,77,77,77,77,77,77,77,77,77,77,77,77,77,77,77,77,77,77,77,77,77,77,77,77,77],"relic_stats":{"Gremlin Horn":[10,10],"Happy Flower":[4],"counters":[24,110],"Bag of Preparation":[42],"Juzu Bracelet":0,"Whetstone":["Strike_G","Choke"],"Boot":[13],"Mercury Hourglass":[436],"Blood Vial":18,"Mummified Hand":[3],"MealTicket":42,"Necronomicon":[20],"obtain_stats":[{"TwistedFunnel":36,"The Specimen":11,"Gremlin Horn":30,"Happy Flower":48,"SacredBark":0,"Bag of Preparation":6,"Juzu Bracelet":24,"Whetstone":44,"Boot":28,"Mercury Hourglass":2,"ClockworkSouvenir":19,"Blood Vial":26,"WristBlade":17,"Mummified Hand":40,"Strawberry":27,"MealTicket":9,"Fusion Hammer":34,"Necronomicon":20,"Membership Card":47,"Ring of the Snake":0},{"TwistedFunnel":15,"The Specimen":5,"Gremlin Horn":12,"Happy Flower":22,"SacredBark":0,"Bag of Preparation":3,"Juzu Bracelet":10,"Whetstone":21,"Boot":11,"Mercury Hourglass":1,"ClockworkSouvenir":9,"Blood Vial":10,"WristBlade":8,"Mummified Hand":19,"Strawberry":11,"MealTicket":3,"Fusion Hammer":14,"Necronomicon":9,"Membership Card":21,"Ring of the Snake":0},{"TwistedFunnel":71,"The Specimen":22,"Gremlin Horn":57,"Happy Flower":96,"SacredBark":0,"Bag of Preparation":15,"Juzu Bracelet":46,"Whetstone":91,"Boot":50,"Mercury Hourglass":5,"ClockworkSouvenir":39,"Blood Vial":46,"WristBlade":37,"Mummified Hand":86,"Strawberry":50,"MealTicket":15,"Fusion Hammer":68,"Necronomicon":39,"Membership Card":91,"Ring of the Snake":0}]},"card_choices":[{"not_picked":["Cloak And Dagger","Accuracy"],"picked":"Catalyst","floor":1.0},{"not_picked":["Expertise","Eviscerate"],"picked":"Prepared","floor":4.0},{"not_picked":["Underhanded Strike","Slice"],"picked":"Flying Knee","floor":6.0},{"not_picked":["Underhanded Strike","Catalyst"],"picked":"PiercingWail","floor":10.0},{"not_picked":["Flying Knee","Footwork"],"picked":"Acrobatics","floor":11.0},{"not_picked":["Deflect","Eviscerate"],"picked":"Outmaneuver","floor":12.0},{"not_picked":["Dash","Dagger Spray"],"picked":"Venomology","floor":13.0},{"not_picked":["Envenom","Adrenaline"],"picked":"Corpse Explosion","floor":16.0},{"not_picked":["Outmaneuver","Sucker Punch","Dodge and Roll"],"picked":"SKIP","floor":18.0},{"not_picked":["Distraction","Deadly Poison"],"picked":"Poisoned Stab","floor":24.0},{"not_picked":["Setup","Predator","Dodge and Roll"],"picked":"SKIP","floor":27.0},{"not_picked":["Quick Slash","Leg Sweep+1"],"picked":"Catalyst","floor":30.0},{"not_picked":["Infinite Blades","Backstab"],"picked":"Backflip+1","floor":31.0},{"not_picked":["Die Die Die","After Image"],"picked":"Phantasmal Killer","floor":33.0},{"not_picked":["Sucker Punch","Acrobatics"],"picked":"Choke","floor":35.0},{"not_picked":["PiercingWail+1","Well Laid Plans+1"],"picked":"Bouncing Flask+1","floor":37.0},{"not_picked":["Dagger Spray","Acrobatics","Outmaneuver+1"],"picked":"SKIP","floor":38.0},{"not_picked":["Cloak And Dagger+1","Quick Slash","Eviscerate"],"picked":"SKIP","floor":39.0},{"not_picked":["Flechettes+1","Prepared"],"picked":"Distraction+1","floor":40.0},{"not_picked":["Calculated Gamble","Deflect","Outmaneuver+1"],"picked":"SKIP","floor":41.0},{"not_picked":["Slice","Quick Slash","Prepared"],"picked":"SKIP","floor":44.0},{"not_picked":["Doppelganger","A Thousand Cuts","Dagger Throw+1"],"picked":"SKIP","floor":48.0}],"player_experience":86407,"relics_obtained":[{"floor":6.0,"key":"Bag of Preparation"},{"floor":9.0,"key":"MealTicket"},{"floor":11.0,"key":"The Specimen"},{"floor":20.0,"key":"Necronomicon"},{"floor":24.0,"key":"Juzu Bracelet"},{"floor":26.0,"key":"Blood Vial"},{"floor":27.0,"key":"Strawberry"},{"floor":30.0,"key":"Gremlin Horn"},{"floor":40.0,"key":"Mummified Hand"},{"floor":44.0,"key":"Whetstone"},{"floor":48.0,"key":"Happy Flower"}],"event_choices":[{"damage_healed":0.0,"max_hp_gain":0.0,"max_hp_loss":0.0,"gold_gain":0.0,"event_name":"Scrap Ooze","player_choice":"Success","floor":2.0,"gold_loss":0.0,"damage_taken":12.0,"relics_obtained":["Mercury Hourglass"]},{"damage_healed":0.0,"max_hp_gain":0.0,"max_hp_loss":0.0,"gold_gain":175.0,"event_name":"Liars Game","player_choice":"AGREE","floor":3.0,"gold_loss":0.0,"damage_taken":0.0,"cards_obtained":["Doubt"]},{"damage_healed":0.0,"max_hp_gain":0.0,"max_hp_loss":0.0,"gold_gain":75.0,"event_name":"World of Goop","player_choice":"Gather Gold","floor":5.0,"gold_loss":0.0,"damage_taken":11.0},{"damage_healed":17.0,"max_hp_gain":0.0,"max_hp_loss":0.0,"gold_gain":0.0,"event_name":"The Cleric","player_choice":"Healed","floor":14.0,"gold_loss":35.0,"damage_taken":0.0},{"damage_healed":0.0,"max_hp_gain":0.0,"max_hp_loss":0.0,"gold_gain":0.0,"event_name":"Cursed Tome","player_choice":"Obtained Book","floor":20.0,"gold_loss":0.0,"damage_taken":16.0},{"damage_healed":0.0,"max_hp_gain":0.0,"max_hp_loss":0.0,"gold_gain":99.0,"event_name":"Nest","player_choice":"Stole From Cult","floor":21.0,"gold_loss":0.0,"damage_taken":0.0},{"cards_removed":["Strike_G"],"damage_healed":0.0,"max_hp_gain":0.0,"max_hp_loss":0.0,"gold_gain":0.0,"event_name":"Back to Basics","player_choice":"Elegance","floor":22.0,"gold_loss":0.0,"damage_taken":0.0},{"damage_healed":0.0,"max_hp_gain":0.0,"max_hp_loss":0.0,"gold_gain":0.0,"event_name":"Tomb of Lord Red Mask","player_choice":"Ignored","floor":45.0,"gold_loss":0.0,"damage_taken":0.0},{"damage_healed":19.0,"max_hp_gain":0.0,"max_hp_loss":0.0,"gold_gain":0.0,"event_name":"Winding Halls","player_choice":"Writhe","floor":46.0,"gold_loss":0.0,"damage_taken":0.0,"cards_obtained":["Writhe"]}],"is_beta":false,"boss_relics":[{"not_picked":["Runic Dome","Philosopher\u0027s Stone"],"picked":"WristBlade"},{"not_picked":["Coffee Dripper","Busted Crown"],"picked":"Fusion Hammer"}],"items_purged_floors":[8,47],"is_endless":false,"potions_floor_spawned":[6,12,16,18,35,37,39],"killed_by":"Shield and Spear","ascension_level":1}}