{"host":"l60rmjjsfi0fipmi","time":1611269309,"event":{"mods":["BaseMod","Colored Map","DeckTracker","Highlight Path","Minty Spire (QoL Compilation)","StSLib","The Cursed","The Servant 0.9.4"],"gold_per_floor":[111,81,98,115,131,131,160,160,160,160,173,206,129,145,145,241,241,258,183,143,158,173,173,199,216,265,265,265,265,265],"floor_reached":29,"language":"ENG","playtime":2091,"items_purged":["Strike_S"],"score":268,"play_id":"a4fc0ef6-3b66-4e90-ab38-4859787cb101","local_time":"20210121174829","is_ascension_mode":true,"campfire_choices":[{"data":"KidneyShot","floor":6,"key":"SMITH"},{"floor":10,"key":"REST"},{"floor":15,"key":"REST"},{"floor":23,"key":"REST"}],"circlet_count":0,"master_deck":["Strike_S","Strike_S","Defend_S","Defend_S","Defend_S","Defend_S","KidneyShot+1","Exchange+1","Misdirection","Defy","Spin","ShatteredReality","SilverBlades","Foresight","Revamp+1","DoubleEdge","ReturningBlade+1","MurderousAura","ForgedInTime","ShiftingGears","GearUp","FastForward+1"],"relics":["Uniform","Gambling Chip","Turnip","CaptainsWheel","SacredBark","Nunchaku","Vajra","Toxic Egg 2"],"acts_visited":["Exordium","TheCity"],"potions_floor_usage":[24,25],"damage_taken":[{"damage":6,"enemies":"2 Louse","floor":1,"turns":3},{"damage":0,"enemies":"Small Slimes","floor":3,"turns":4},{"damage":0,"enemies":"Cultist","floor":4,"turns":3},{"damage":3,"enemies":"Large Slime","floor":5,"turns":8},{"damage":24,"enemies":"3 Sentries","floor":7,"turns":8},{"damage":4,"enemies":"Red Slaver","floor":11,"turns":3},{"damage":13,"enemies":"Gremlin Nob","floor":12,"turns":5},{"damage":4,"enemies":"2 Fungi Beasts","floor":14,"turns":3},{"damage":15,"enemies":"The Guardian","floor":16,"turns":9},{"damage":5,"enemies":"Chosen","floor":18,"turns":5},{"damage":19,"enemies":"Spheric Guardian","floor":21,"turns":6},{"damage":15,"enemies":"Snake Plant","floor":22,"turns":5},{"damage":30,"enemies":"Book of Stabbing","floor":24,"turns":7},{"damage":7,"enemies":"3 Cultists","floor":25,"turns":5},{"damage":13,"enemies":"Centurion and Healer","floor":29,"turns":2}],"seed_played":"264507012668823113","potions_obtained":[{"floor":3,"key":"SkillPotion"},{"floor":4,"key":"LiquidMemories"},{"floor":7,"key":"GamblersBrew"},{"floor":11,"key":"FearPotion"},{"floor":25,"key":"Dexterity Potion"}],"is_trial":false,"path_per_floor":["M","?","M","M","M","R","E","?","T","R","M","E","$","M","R","B",null,"M","$","?","M","M","R","E","M","T","?","T","M"],"character_chosen":"THE_SERVANT","items_purchased":["ReturningBlade"],"campfire_rested":3,"item_purchase_floors":[13],"current_hp_per_floor":[59,59,59,59,56,56,32,32,32,51,47,34,34,30,49,34,65,60,60,60,41,26,45,15,8,8,8,8,0,0],"gold":265,"neow_bonus":"TRANSFORM_CARD","is_daily":false,"chose_seed":false,"campfire_upgraded":1,"win_rate":0.0,"timestamp":1611269309,"path_taken":["M","?","M","M","M","R","E","?","T","R","M","E","$","?","R","BOSS","M","$","?","M","M","R","E","?","T","?","?","M"],"items_purchased_type":["Card"],"build_version":"2020-12-22","purchased_purges":1,"victory":false,"max_hp_per_floor":[65,65,65,65,65,65,65,65,65,65,65,65,65,65,65,65,65,65,65,65,65,65,65,65,65,65,65,65,65,65],"card_choices":[{"not_picked":["Alleviate","Luminosity"],"picked":"Defy","floor":1},{"not_picked":["ShatteredReality","SpecialFormula"],"picked":"Spin","floor":3},{"not_picked":["ShiftingGears","BottledTime"],"picked":"ShatteredReality","floor":4},{"not_picked":["BottledTime","ShiftingGears"],"picked":"SilverBlades","floor":5},{"not_picked":["Advance","SpecialFormula"],"picked":"Foresight","floor":7},{"not_picked":["KillingDoll","Sabotage"],"picked":"Revamp","floor":11},{"not_picked":["Spin","Defy"],"picked":"DoubleEdge","floor":12},{"not_picked":["StarChef","SurpressingFire"],"picked":"MurderousAura","floor":14},{"not_picked":["Solidify","Sunlight"],"picked":"ForgedInTime","floor":16},{"not_picked":["DoubleEdge+1","Revamp"],"picked":"ShiftingGears","floor":18},{"not_picked":["BottledTime","ShatteredReality","Ricochet"],"picked":"SKIP","floor":21},{"not_picked":["StarChef","ShatteredReality","Shuttle"],"picked":"SKIP","floor":22},{"not_picked":["PendulumOfEternity","Moondial"],"picked":"GearUp","floor":24},{"not_picked":["Defy","Rearm"],"picked":"FastForward+1","floor":25}],"player_experience":535226,"relics_obtained":[{"floor":7,"key":"Gambling Chip"},{"floor":9,"key":"Turnip"},{"floor":12,"key":"CaptainsWheel"},{"floor":24,"key":"Nunchaku"},{"floor":26,"key":"Vajra"},{"floor":28,"key":"Toxic Egg 2"}],"event_choices":[{"damage_healed":0,"gold_gain":0,"player_choice":"Left Gold","damage_taken":0,"max_hp_gain":0,"max_hp_loss":0,"event_name":"World of Goop","floor":2,"gold_loss":30},{"damage_healed":0,"gold_gain":0,"player_choice":"Upgraded","damage_taken":0,"max_hp_gain":0,"max_hp_loss":0,"event_name":"Upgrade Shrine","floor":8,"gold_loss":0,"cards_upgraded":["Exchange"]},{"damage_healed":0,"gold_gain":0,"player_choice":"Upgraded Two","damage_taken":0,"max_hp_gain":0,"max_hp_loss":0,"event_name":"Designer","floor":20,"gold_loss":40,"cards_upgraded":["ReturningBlade","Revamp"]},{"damage_healed":0,"gold_gain":0,"player_choice":"Ignored","damage_taken":0,"max_hp_gain":0,"max_hp_loss":0,"event_name":"Vampires","floor":27,"gold_loss":0}],"is_beta":false,"boss_relics":[{"not_picked":["Pandora\u0027s Box","Snecko Eye"],"picked":"SacredBark"}],"items_purged_floors":[19],"is_endless":false,"potions_floor_spawned":[3,4,7,11,14,25],"killed_by":"Centurion and Healer","ascension_level":1}}