{"host":"njb27ds59h4j3ikk","time":1611263874,"event":{"mods":["AchievementEnabler","BaseMod","Better Altar","Better Match","Better Note","Better Sensory Stone","Better Skull","Better Third Choice","BetterRewards","Downfall","Hermit","Hubris","Minty Spire (QoL Compilation)","Permanent Neow","Quarter Circle Forward PUNCH!","Quick Restart","Rare Cards Sparkle","Shop Mod","StSLib","Trackpad","Transform Curses"],"gold_per_floor":[113,113,113,124,299,299,55,85,85,2,37,52,52,52,52,156,156,190,190,190,209,220,220,220,250,250,250,262,262,58,58,58,63,63],"floor_reached":33,"language":"ENG","playtime":1612,"items_purged":[],"score":461,"play_id":"7ba7cad0-2d78-484f-ada7-3c46d151cd26","local_time":"20210121161754","is_ascension_mode":true,"campfire_choices":[{"data":"hubris:EnhanceAbility","floor":6,"key":"SMITH"},{"data":"hermit:Maintenance","floor":15,"key":"SMITH"},{"floor":23,"key":"REST"},{"floor":27,"key":"REST"},{"data":"hermit:Vantage","floor":29,"key":"SMITH"},{"data":"hermit:Snipe","floor":32,"key":"SMITH"}],"circlet_count":0,"master_deck":["hermit:Strike_Hermit","hermit:Strike_Hermit","hermit:Strike_Hermit","hermit:Strike_Hermit","hermit:Defend_Hermit","hermit:Defend_Hermit","hermit:Defend_Hermit","hermit:Defend_Hermit","hermit:Snapshot","hermit:Covet","hermit:Determination","hermit:WideOpen","hubris:EnhanceAbility+1","hermit:Vantage+1","Dramatic Entrance","hermit:Scavenge","hermit:Gestalt","Discovery","hermit:Headshot","hermit:Maintenance+1","hermit:DeadOrAlive","hermit:Snipe+1","hermit:Determination+1","hermit:Vantage+1","hermit:FlashPowder+1","hermit:TrackingShot"],"relics":["hermit:Momento","hubris:TenFootPole","qcfpunch:Broken_Tusk","HandDrill","Bird Faced Urn","trackpad:RapidFire","Regal Pillow","CaptainsWheel","HornCleat","hermit:RyeStalk","hubris:64BitClover","qcfpunch:Dark_Gi","qcfpunch:Wrestler\u0027s_Cloak","hermit:Spyglass","trackpad:AdjectivePendant","hubris:TinFlute","hubris:Potato","trackpad:BiPhaseBiplane","hubris:BottledHeart"],"acts_visited":["Exordium","TheCity"],"potions_floor_usage":[16,16,22,22,33],"damage_taken":[{"damage":0,"enemies":"2 Louse","floor":1,"turns":3},{"damage":0,"enemies":"Small Slimes","floor":4,"turns":1},{"damage":5,"enemies":"3 Sentries","floor":8,"turns":5},{"damage":3,"enemies":"Lagavulin","floor":11,"turns":4},{"damage":12,"enemies":"Jaw Worm","floor":12,"turns":2},{"damage":2,"enemies":"The Guardian","floor":16,"turns":9},{"damage":0,"enemies":"3 Byrds","floor":18,"turns":5},{"damage":6,"enemies":"Shell Parasite","floor":21,"turns":5},{"damage":7,"enemies":"Snake Plant","floor":22,"turns":3},{"damage":47,"enemies":"Slavers","floor":25,"turns":6},{"damage":11,"enemies":"Centurion and Healer","floor":28,"turns":5},{"damage":1,"enemies":"Collector","floor":33,"turns":7}],"seed_played":"3435653099484012381","potions_obtained":[{"floor":4,"key":"hexamod:SoulburnPotion"},{"floor":8,"key":"hexamod:SoulburnPotion"},{"floor":16,"key":"BlessingOfTheForge"},{"floor":21,"key":"ColorlessPotion"},{"floor":28,"key":"Ancient Potion"}],"is_trial":false,"path_per_floor":["M","?","?","M","?","R","$","E","T","$","E","M","$","$","R","B",null,"M","?","$","M","M","R","?","E","T","R","M","R","$","?","R","B"],"character_chosen":"HERMIT","items_purchased":["hubris:TenFootPole","qcfpunch:Broken_Tusk","HandDrill","hermit:Determination","hermit:WideOpen","trackpad:RapidFire","Regal Pillow","hubris:EnhanceAbility","hermit:Vantage","HornCleat","Discovery","qcfpunch:Wrestler\u0027s_Cloak","hermit:Spyglass","trackpad:AdjectivePendant","trackpad:BiPhaseBiplane","PowerPotion"],"campfire_rested":2,"item_purchase_floors":[0,0,0,0,0,0,0,0,0,7,10,20,20,20,30,30],"current_hp_per_floor":[75,75,78,78,78,78,78,75,75,75,76,66,66,66,66,68,51,51,51,15,14,16,46,46,4,4,34,28,28,28,1,1,0,0],"gold":63,"neow_bonus":"","is_daily":false,"chose_seed":false,"campfire_upgraded":4,"win_rate":0.0,"timestamp":1611263874,"path_taken":["M","?","?","M","?","R","$","E","T","?","E","M","?","$","R","BOSS","M","?","?","M","M","R","?","E","T","R","?","R","$","?","R","BOSS"],"items_purchased_type":["Relic","Relic","Relic","Card","Card","Relic","Relic","Card","Card","Relic","Card","Relic","Relic","Relic","Relic","Potion"],"build_version":"2020-12-22","purchased_purges":0,"victory":false,"max_hp_per_floor":[75,75,78,78,78,78,78,78,78,78,78,78,78,78,78,78,51,51,51,51,51,51,51,51,51,51,51,51,51,51,1,1,1,1],"card_choices":[{"not_picked":["hermit:Malice","hermit:Roulette","hermit:Shortfuse"],"picked":"SKIP","floor":1},{"not_picked":["hubris:Ssssneak","Enlightenment"],"picked":"Dramatic Entrance","floor":2},{"not_picked":["hermit:TrackingShot","hermit:LowProfile"],"picked":"hermit:Scavenge","floor":4},{"not_picked":["hermit:Headshot","hermit:BodyArmor"],"picked":"hermit:Gestalt","floor":8},{"not_picked":["hermit:Adapt","hermit:Malice"],"picked":"hermit:Headshot","floor":11},{"not_picked":["hermit:BodyArmor","hermit:Snipe"],"picked":"hermit:Maintenance","floor":12},{"not_picked":["hermit:Magnum","hermit:Purgatory"],"picked":"hermit:DeadOrAlive","floor":16},{"not_picked":["hermit:TakeCover","hermit:BigShot"],"picked":"hermit:Snipe","floor":18},{"not_picked":["hermit:ItchyTrigger+1","hermit:SprayPray"],"picked":"hermit:Vantage+1","floor":21},{"not_picked":["hermit:TrackingShot","hermit:ItchyTrigger","hermit:Headshot"],"picked":"SKIP","floor":22},{"not_picked":["hermit:Headshot","hermit:GhostlyPresence"],"picked":"hermit:FlashPowder+1","floor":25},{"not_picked":["hermit:HoleUp","hermit:OverwhelmingPower"],"picked":"hermit:TrackingShot","floor":28}],"player_experience":1279680,"relics_obtained":[{"floor":8,"key":"hermit:RyeStalk"},{"floor":11,"key":"hubris:64BitClover"},{"floor":25,"key":"hubris:TinFlute"},{"floor":26,"key":"hubris:Potato"}],"event_choices":[{"damage_healed":0,"gold_gain":1,"player_choice":"1","damage_taken":0,"max_hp_gain":0,"max_hp_loss":0,"event_name":"betterStone:BetterStone","floor":2,"gold_loss":0},{"damage_healed":0,"gold_gain":175,"player_choice":"AGREE","damage_taken":124,"max_hp_gain":0,"max_hp_loss":0,"event_name":"betterThird:BetterSerpent","floor":5,"gold_loss":0},{"cards_removed":["hubris:EnhanceAbility"],"damage_healed":0,"gold_gain":0,"player_choice":"Take \u0026 Give","damage_taken":0,"max_hp_gain":0,"max_hp_loss":0,"event_name":"betterNote:BetterNote","floor":19,"gold_loss":0,"cards_obtained":["hermit:Determination"]},{"cards_removed":["Doubt"],"damage_healed":0,"gold_gain":0,"player_choice":"Purged","damage_taken":0,"max_hp_gain":0,"max_hp_loss":0,"event_name":"Purifier","floor":24,"gold_loss":0}],"is_beta":false,"boss_relics":[{"not_picked":["Empty Cage","Pandora\u0027s Box"],"picked":"qcfpunch:Dark_Gi"}],"items_purged_floors":[],"is_endless":false,"potions_floor_spawned":[4,8,16,21,28],"killed_by":"Collector","ascension_level":5}}