{"host":"dowi7cgbhepuzvpj","time":1611192828,"event":{"mods":["AchievementEnabler","BaseMod","Colored Map","Highlight Path","Keyboard Shortcuts","Minty Spire (QoL Compilation)","Permanent Neow","Quick Restart","StSLib","SuperFastMode"],"gold_per_floor":[125,110,110,126,201,212,212,247,247,297,325,406,406,420,420,420,520,520,530,730,37,52,64,64,99,114,165,165,27,27,127,127,127,226,226,236,536,123,139,156,156,187,187,187,221,221,240,19,35,35,35,35,35,35,64,64,64],"floor_reached":55,"language":"KOR","playtime":1727,"items_purged":["Strike_R","Perfected Strike","Perfected Strike","Doubt"],"score":1152,"play_id":"c92cf761-8a6c-4b26-84c0-9cb3967a0cb8","local_time":"20210121103347","is_ascension_mode":true,"campfire_choices":[{"data":"Apotheosis","floor":6.0,"key":"SMITH"},{"floor":8.0,"key":"REST"},{"data":"Battle Trance","floor":12.0,"key":"SMITH"},{"data":"Pommel Strike","floor":15.0,"key":"SMITH"},{"data":"Limit Break","floor":23.0,"key":"SMITH"},{"data":"Battle Trance","floor":27.0,"key":"SMITH"},{"data":"Limit Break","floor":29.0,"key":"SMITH"},{"data":"Disarm","floor":32.0,"key":"SMITH"},{"floor":40.0,"key":"RECALL"},{"data":"1","floor":42.0,"key":"LIFT"},{"data":"2","floor":49.0,"key":"LIFT"},{"data":"3","floor":52.0,"key":"LIFT"}],"circlet_count":0,"master_deck":["AscendersBane","Strike_R","Strike_R","Strike_R","Defend_R","Defend_R","Defend_R","Defend_R","Bash","Apotheosis+1","Battle Trance+1","Shrug It Off","Pommel Strike+1","Demon Form","Pommel Strike","Limit Break+1","Spot Weakness","Flex","Metallicize+1","Offering","Battle Trance+1","Limit Break+1","Disarm+1","Headbutt+1","Flash of Steel","Heavy Blade","Disarm+1","Ghostly Armor+1","Sword Boomerang","Metallicize+1","Evolve+1"],"relics":["Burning Blood","Happy Flower","Orichalcum","Bag of Marbles","Question Card","Coffee Dripper","Ice Cream","Orrery","Dead Branch","Bird Faced Urn","Frozen Egg 2","StoneCalendar","Sozu","Nunchaku","Girya","Bottled Tornado","Akabeko","Ginger"],"acts_visited":["Exordium","TheCity","TheBeyond","TheEnding"],"potions_floor_usage":[55],"damage_taken":[{"damage":6.0,"enemies":"Small Slimes","floor":1.0,"turns":6.0},{"damage":7.0,"enemies":"2 Louse","floor":3.0,"turns":4.0},{"damage":4.0,"enemies":"Jaw Worm","floor":5.0,"turns":3.0},{"damage":32.0,"enemies":"Gremlin Nob","floor":7.0,"turns":4.0},{"damage":14.0,"enemies":"Lagavulin","floor":10.0,"turns":5.0},{"damage":0.0,"enemies":"2 Fungi Beasts","floor":13.0,"turns":2.0},{"damage":2.0,"enemies":"Slime Boss","floor":16.0,"turns":7.0},{"damage":4.0,"enemies":"Chosen","floor":18.0,"turns":3.0},{"damage":4.0,"enemies":"3 Byrds","floor":21.0,"turns":5.0},{"damage":24.0,"enemies":"Snake Plant","floor":22.0,"turns":3.0},{"damage":9.0,"enemies":"Slavers","floor":24.0,"turns":4.0},{"damage":4.0,"enemies":"Snecko","floor":25.0,"turns":3.0},{"damage":13.0,"enemies":"Colosseum Slavers","floor":30.0,"turns":4.0},{"damage":34.0,"enemies":"Colosseum Nobs","floor":30.0,"turns":4.0},{"damage":8.0,"enemies":"Champ","floor":33.0,"turns":6.0},{"damage":29.0,"enemies":"3 Darklings","floor":35.0,"turns":4.0},{"damage":1.0,"enemies":"Orb Walker","floor":38.0,"turns":3.0},{"damage":15.0,"enemies":"Spire Growth","floor":39.0,"turns":3.0},{"damage":20.0,"enemies":"Reptomancer","floor":41.0,"turns":5.0},{"damage":6.0,"enemies":"Nemesis","floor":44.0,"turns":4.0},{"damage":17.0,"enemies":"3 Darklings","floor":46.0,"turns":4.0},{"damage":13.0,"enemies":"4 Shapes","floor":48.0,"turns":3.0},{"damage":14.0,"enemies":"Awakened One","floor":50.0,"turns":5.0},{"damage":51.0,"enemies":"Shield and Spear","floor":54.0,"turns":6.0},{"damage":70,"enemies":"The Heart","floor":55,"turns":3}],"seed_played":"-7216781434681150205","potions_obtained":[{"floor":3.0,"key":"HeartOfIron"},{"floor":5.0,"key":"GamblersBrew"},{"floor":10.0,"key":"Swift Potion"},{"floor":21.0,"key":"LiquidBronze"},{"floor":33.0,"key":"LiquidMemories"}],"is_trial":false,"path_per_floor":["M","?","M","?","M","R","E","R","T","E","T","R","M","?","R","B",null,"M","?","$","M","M","R","E","M","T","R","$","R","?","T","R","B",null,"M","?","$","M","M","R","E","R","T","E","?","M","$","M","R","B",null,"R","$","E","B"],"character_chosen":"IRONCLAD","items_purchased":["Limit Break","Ice Cream","Orrery","Disarm","Flash of Steel","Heavy Blade","Nunchaku","Metallicize+1"],"campfire_rested":1,"item_purchase_floors":[20,20,20,28,37,37,37,47],"current_hp_per_floor":[4,51,56,55,44,46,46,20,45,45,37,37,37,43,36,36,40,74,76,76,76,78,60,60,57,59,59,59,59,59,24,24,24,26,70,53,53,53,62,57,57,45,45,45,47,85,74,74,71,71,69,81,81,81,40,0,0],"gold":64,"neow_bonus":"RANDOM_COLORLESS_2","is_daily":false,"chose_seed":false,"campfire_upgraded":7,"win_rate":0.0,"timestamp":1611192827,"path_taken":["M","?","M","?","M","R","E","R","T","E","?","R","M","?","R","BOSS","M","?","$","?","M","R","E","M","T","R","$","R","?","?","R","BOSS","M","?","$","?","M","R","E","R","T","E","?","M","$","M","R","BOSS","R","$","E","BOSS"],"items_purchased_type":["Card","Relic","Relic","Card","Card","Card","Relic","Card"],"build_version":"2020-12-22","purchased_purges":4,"victory":false,"max_hp_per_floor":[80,80,85,85,85,85,85,85,85,85,85,85,85,85,85,85,85,85,85,85,85,85,85,85,85,85,85,85,85,85,85,85,85,85,85,85,85,85,85,85,85,85,85,85,85,85,85,85,85,85,85,85,85,85,85,85,85],"card_choices":[{"not_picked":["Thinking Ahead","Secret Technique"],"picked":"Apotheosis","floor":0.0},{"not_picked":["Clothesline","Ghostly Armor"],"picked":"Perfected Strike","floor":1.0},{"not_picked":["Uppercut","Seeing Red"],"picked":"Battle Trance","floor":3.0},{"not_picked":["Havoc","Armaments"],"picked":"Shrug It Off","floor":5.0},{"not_picked":["Barricade","Heavy Blade"],"picked":"Perfected Strike","floor":7.0},{"not_picked":["Havoc","Dark Embrace","Clothesline"],"picked":"SKIP","floor":10.0},{"not_picked":["True Grit","Fire Breathing","Whirlwind"],"picked":"Pommel Strike","floor":13.0},{"not_picked":["Offering","Double Tap","Immolate"],"picked":"Demon Form","floor":16.0},{"not_picked":["Whirlwind","Combust+1","Shrug It Off"],"picked":"Pommel Strike","floor":18.0},{"not_picked":["Reckless Charge","Havoc","Clothesline"],"picked":"Spot Weakness","floor":20.0},{"not_picked":["Thunderclap","Whirlwind+1","Entrench+1"],"picked":"Flex","floor":20.0},{"not_picked":["Intimidate+1","Disarm","Flame Barrier+1"],"picked":"Metallicize+1","floor":20.0},{"not_picked":["Headbutt+1","Perfected Strike+1","Flex"],"picked":"Offering","floor":20.0},{"not_picked":["Pommel Strike+1","Flex","Immolate"],"picked":"Battle Trance","floor":21.0},{"not_picked":["Reckless Charge","Iron Wave","Cleave","Combust+1"],"picked":"SKIP","floor":22.0},{"not_picked":["Ghostly Armor","Anger","Twin Strike"],"picked":"Limit Break","floor":24.0},{"not_picked":["Battle Trance","Armaments","Flex","Cleave"],"picked":"SKIP","floor":25.0},{"not_picked":["Evolve+1","True Grit","Clash"],"picked":"Headbutt+1","floor":30.0},{"not_picked":["Thunderclap+1","Warcry+1","Headbutt","Shrug It Off+1"],"picked":"SKIP","floor":35.0},{"not_picked":["Havoc+1","Whirlwind+1","Pommel Strike","Searing Blow"],"picked":"SKIP","floor":38.0},{"not_picked":["Cleave+1","Flex","Wild Strike+1"],"picked":"Disarm+1","floor":39.0},{"not_picked":["Clash","Armaments","Body Slam+1"],"picked":"Ghostly Armor+1","floor":41.0},{"not_picked":["Heavy Blade+1","Flame Barrier","Clash"],"picked":"Sword Boomerang","floor":44.0},{"not_picked":["Corruption+1","Hemokinesis","True Grit+1","Intimidate+1"],"picked":"SKIP","floor":46.0},{"not_picked":["Anger","Hemokinesis+1","Heavy Blade+1","Fiend Fire"],"picked":"SKIP","floor":48.0},{"not_picked":["Havoc+1","Flex","Dark Embrace+1"],"picked":"Evolve+1","floor":54.0}],"player_experience":834167,"relics_obtained":[{"floor":7.0,"key":"Happy Flower"},{"floor":9.0,"key":"Orichalcum"},{"floor":10.0,"key":"Bag of Marbles"},{"floor":11.0,"key":"Question Card"},{"floor":24.0,"key":"Dead Branch"},{"floor":30.0,"key":"Bird Faced Urn"},{"floor":30.0,"key":"Frozen Egg 2"},{"floor":31.0,"key":"StoneCalendar"},{"floor":41.0,"key":"Girya"},{"floor":43.0,"key":"Bottled Tornado"},{"floor":44.0,"key":"Akabeko"},{"floor":54.0,"key":"Ginger"}],"event_choices":[{"damage_healed":0.0,"max_hp_gain":5.0,"max_hp_loss":0.0,"gold_gain":0.0,"event_name":"Big Fish","player_choice":"Donut","floor":2.0,"gold_loss":0.0,"damage_taken":0.0},{"damage_healed":0.0,"max_hp_gain":0.0,"max_hp_loss":0.0,"gold_gain":75.0,"event_name":"World of Goop","player_choice":"Gather Gold","floor":4.0,"gold_loss":0.0,"damage_taken":11.0},{"cards_removed":["Strike_R"],"damage_healed":0.0,"max_hp_gain":0.0,"max_hp_loss":0.0,"gold_gain":0.0,"event_name":"Golden Wing","player_choice":"Card Removal","floor":14.0,"gold_loss":0.0,"damage_taken":7.0},{"damage_healed":0.0,"max_hp_gain":0.0,"max_hp_loss":0.0,"gold_gain":250.0,"event_name":"The Joust","player_choice":"Bet on Owner","floor":19.0,"gold_loss":50.0,"damage_taken":0.0},{"damage_healed":0.0,"max_hp_gain":0.0,"max_hp_loss":0.0,"gold_gain":0.0,"event_name":"Colosseum","player_choice":"Fight","floor":30.0,"gold_loss":0.0,"damage_taken":0.0},{"damage_healed":0.0,"max_hp_gain":0.0,"max_hp_loss":0.0,"gold_gain":0.0,"event_name":"Colosseum","player_choice":"Fought Nobs","floor":30.0,"gold_loss":0.0,"damage_taken":0.0},{"damage_healed":0.0,"max_hp_gain":0.0,"max_hp_loss":0.0,"gold_gain":300.0,"event_name":"Wheel of Change","player_choice":"Gold","floor":36.0,"gold_loss":0.0,"damage_taken":0.0},{"damage_healed":38.0,"max_hp_gain":0.0,"max_hp_loss":0.0,"gold_gain":0.0,"event_name":"MindBloom","player_choice":"Heal","floor":45.0,"gold_loss":0.0,"damage_taken":0.0,"cards_obtained":["Doubt"]}],"is_beta":false,"boss_relics":[{"not_picked":["Tiny House","Ectoplasm"],"picked":"Coffee Dripper"},{"not_picked":["Empty Cage","Runic Dome"],"picked":"Sozu"}],"items_purged_floors":[20,28,37,47],"is_endless":false,"potions_floor_spawned":[3,5,10,21,30,33,39,44,46],"killed_by":"The Heart","ascension_level":10}}