{"host":"4pckc3u5mqcilakq","time":1611264463,"event":{"mods":["AchievementEnabler","BaseMod","Colored Map","Colored Powertips","Highlight Path","Minty Spire (QoL Compilation)"],"gold_per_floor":[362,373,68,84,101,128,128,153,222,222,222],"floor_reached":10,"language":"ENG","playtime":382,"items_purged":[],"score":90,"play_id":"b038a08f-ad86-4e2b-a6b3-08fb9b9168f9","local_time":"20210122002743","is_ascension_mode":true,"campfire_choices":[{"data":"Static Discharge","floor":7,"key":"SMITH"}],"circlet_count":0,"master_deck":["Strike_B","Strike_B","Strike_B","Strike_B","Defend_B","Defend_B","Defend_B","Defend_B","Zap","Dualcast","Static Discharge","Sweeping Beam","Static Discharge+1","Melter","Self Repair","Storm","Defragment"],"relics":["Cracked Core","Bag of Marbles","Eternal Feather","Prayer Wheel","Meat on the Bone"],"acts_visited":["Exordium"],"potions_floor_usage":[10,10],"damage_taken":[{"damage":0,"enemies":"Cultist","floor":1,"turns":3},{"damage":4,"enemies":"Small Slimes","floor":2,"turns":4},{"damage":0,"enemies":"2 Louse","floor":4,"turns":1},{"damage":16,"enemies":"Lots of Slimes","floor":5,"turns":2},{"damage":32,"enemies":"Gremlin Nob","floor":6,"turns":4},{"damage":30,"enemies":"Lagavulin","floor":8,"turns":4},{"damage":16,"enemies":"3 Sentries","floor":10,"turns":2}],"seed_played":"7443639448890773047","potions_obtained":[{"floor":1,"key":"DuplicationPotion"},{"floor":8,"key":"LiquidMemories"}],"is_trial":false,"path_per_floor":["M","M","$","M","M","E","R","E","T","E"],"character_chosen":"DEFECT","items_purchased":["Bag of Marbles","Static Discharge","Melter"],"campfire_rested":0,"item_purchase_floors":[3,3,3],"current_hp_per_floor":[68,64,64,64,55,30,39,9,9,0,0],"gold":222,"neow_bonus":"TWO_FIFTY_GOLD","is_daily":false,"chose_seed":false,"campfire_upgraded":1,"win_rate":0.0,"timestamp":1611264463,"path_taken":["M","M","$","M","M","E","R","E","T","E"],"items_purchased_type":["Relic","Card","Card"],"build_version":"2020-12-22","purchased_purges":0,"victory":false,"max_hp_per_floor":[68,68,68,68,68,68,68,68,68,68,68],"card_choices":[{"not_picked":["Steam Power","Go for the Eyes"],"picked":"Static Discharge","floor":1},{"not_picked":["Hologram","Turbo"],"picked":"Sweeping Beam","floor":2},{"not_picked":["Coolheaded","Leap"],"picked":"Self Repair","floor":4},{"not_picked":["Rebound","Lockon"],"picked":"Storm","floor":5},{"not_picked":["Go for the Eyes","Streamline","Steam Power"],"picked":"SKIP","floor":6},{"not_picked":["Loop","Darkness"],"picked":"Defragment","floor":8}],"player_experience":175232,"relics_obtained":[{"floor":6,"key":"Eternal Feather"},{"floor":8,"key":"Prayer Wheel"},{"floor":9,"key":"Meat on the Bone"}],"event_choices":[],"is_beta":false,"boss_relics":[],"items_purged_floors":[],"is_endless":false,"potions_floor_spawned":[1,8],"killed_by":"3 Sentries","ascension_level":3}}