{"host":"9slw7l0ws16384qq","time":1611226297,"event":{"mods":["A Penny For Your Troubles","BaseMod","Colored Map","Evolution","Hubris","Minty Spire (QoL Compilation)","Replay The Spire","Shedinja","StS++","StSLib","The Dragon Tamer","The Marked"],"gold_per_floor":[110,162,90,104,19,45,45,45,45,55,68,68,113,26,26,127,127,144,8,26,26,26,26,26,26,75,94,114,140,153,168,168,264,264,277,277,295,54,54,54,82,82,82,82,82,100,14,14,14,14,14],"floor_reached":50,"language":"FRA","playtime":1746,"items_purged":["Strike_G+1","Defend_G"],"score":517,"play_id":"a9f0647d-f973-45f8-963b-cd9291d635c8","local_time":"20210121115137","is_ascension_mode":false,"campfire_choices":[{"data":"Draining Mist","floor":7.0,"key":"SMITH"},{"data":"StSpp:PoisonousPunch","floor":12.0,"key":"SMITH"},{"data":"Neutralize","floor":15.0,"key":"SMITH"},{"data":"StSpp:PoisonousPunch","floor":23.0,"key":"SMITH"},{"data":"StSpp:PoisonousPunch","floor":25.0,"key":"SMITH"},{"data":"StSpp:Cataclysm","floor":40,"key":"SMITH"},{"data":"Dash","floor":45,"key":"SMITH"},{"data":"StSpp:FiercePoison","floor":49,"key":"SMITH"}],"circlet_count":0,"master_deck":["StSpp:PoisonousPunch+1","StSpp:PoisonousPunch+1","StSpp:PoisonousPunch+1","StSpp:PoisonousPunch+1","Defend_G","Defend_G","Defend_G","Defend_G","Survivor","Neutralize+1","Draining Mist+1","Dash+1","AbeCurse","StSpp:Cataclysm+1","StSpp:FiercePoison+1"],"relics":["Ring of the Snake","EVO:Axolotl","Whetstone","Replay:Wax Seal","TwistedFunnel","hubris:TenFootPole","StSpp:TwinEgg","Bronze Scales","ChewingGum","Replay:Mystery Machine","Ancient Tea Set","Philosopher\u0027s Stone","hubris:Towel","Lee\u0027s Waffle","Art of War","Garlic"],"acts_visited":["Exordium","TheCity","TheBeyond"],"potions_floor_usage":[47,50,50],"damage_taken":[{"damage":0.0,"enemies":"Jaw Worm","floor":1.0,"turns":2.0},{"damage":0.0,"enemies":"2 Louse","floor":4.0,"turns":2.0},{"damage":0.0,"enemies":"Cultist","floor":5.0,"turns":2.0},{"damage":21.0,"enemies":"Gremlin Nob","floor":6.0,"turns":4.0},{"damage":0.0,"enemies":"Exordium Thugs","floor":10.0,"turns":3.0},{"damage":0.0,"enemies":"Red Slaver","floor":11.0,"turns":2.0},{"damage":0.0,"enemies":"3 Louse","floor":14.0,"turns":2.0},{"damage":0.0,"enemies":"Hexaghost","floor":16.0,"turns":6.0},{"damage":0.0,"enemies":"Chosen","floor":18.0,"turns":3.0},{"damage":3.0,"enemies":"Shell Parasite","floor":20.0,"turns":3.0},{"damage":0.0,"enemies":"Cultist and Chosen","floor":27.0,"turns":4.0},{"damage":0.0,"enemies":"Snake Plant","floor":28.0,"turns":2.0},{"damage":0.0,"enemies":"Replay:Snechameleon","floor":29.0,"turns":3.0},{"damage":3.0,"enemies":"Centurion and Healer","floor":30.0,"turns":4.0},{"damage":0.0,"enemies":"Snecko","floor":31.0,"turns":4.0},{"damage":56.0,"enemies":"Pondfish","floor":33.0,"turns":11.0},{"damage":6,"enemies":"3 Darklings","floor":35,"turns":3},{"damage":5,"enemies":"3 Shapes","floor":37,"turns":3},{"damage":24,"enemies":"R_Hoarder","floor":41,"turns":6},{"damage":0,"enemies":"3 Darklings","floor":46,"turns":3},{"damage":0,"enemies":"Writhing Mass","floor":47,"turns":3},{"damage":54,"enemies":"Donu and Deca","floor":50,"turns":10}],"seed_played":"5499101386214143679","potions_obtained":[{"floor":6.0,"key":"LifebloodPotion"},{"floor":8.0,"key":"SmokeBomb"},{"floor":8.0,"key":"Block Potion"},{"floor":14.0,"key":"FearPotion"},{"floor":16.0,"key":"Fire Potion"}],"is_trial":false,"path_per_floor":["M","?","$","M","M","E","R","?","T","M","M","R","T","M","R","B",null,"M","$","M","T","?","R","?","R","T","M","M","E","M","M","R_BF","B",null,"M","?","M","$","?","R","E","$","T","?","R","M","M","?","R","B"],"character_chosen":"THE_SILENT","items_purchased":["Replay:Wax Seal","TwistedFunnel","Dash","Lee\u0027s Waffle","StSpp:Cataclysm"],"campfire_rested":0,"item_purchase_floors":[3,3,19,38,38],"current_hp_per_floor":[70,70,70,70,70,49,49,49,49,49,49,49,49,49,49,49,70,70,70,67,67,67,67,67,67,67,67,67,67,64,64,64,8,70,64,64,59,77,77,77,53,53,53,52,52,52,52,52,52,0,0],"gold":14,"neow_bonus":"RANDOM_COMMON_RELIC","is_daily":false,"chose_seed":false,"campfire_upgraded":8,"win_rate":0.0,"timestamp":1611226297,"path_taken":["M","?","$","M","M","E","R","?","T","?","M","R","?","M","R","BOSS","M","$","M","?","?","R","?","R","T","M","M","E","?","?","R_BF","BOSS","BOSS","M","?","M","$","?","R","E","?","T","?","R","?","M","?","R","BOSS"],"items_purchased_type":["Relic","Relic","Card","Relic","Card"],"build_version":"2020-12-22","purchased_purges":2,"victory":false,"max_hp_per_floor":[70,70,70,70,70,70,70,70,70,70,70,70,70,70,70,70,70,70,70,70,70,70,70,70,70,70,70,70,70,70,70,70,70,70,70,70,70,77,77,77,77,77,77,77,77,77,77,77,77,77,77],"card_choices":[{"not_picked":["Prepared","Dagger Throw","Acrobatics"],"picked":"SKIP","floor":1.0},{"not_picked":["Cloak And Dagger","hubris:SlightOfHand","PiercingWail"],"picked":"SKIP","floor":4.0},{"not_picked":["Concentrate","Dagger Throw"],"picked":"Draining Mist","floor":5.0},{"not_picked":["Reflex","Wraith Form v2","PiercingWail"],"picked":"SKIP","floor":6.0},{"not_picked":["Sucker Punch","Outmaneuver","Noxious Fumes"],"picked":"SKIP","floor":10.0},{"not_picked":["Bane","Blade Dance","Hidden Blade"],"picked":"SKIP","floor":11.0},{"not_picked":["Infinite Blades","Bouncing Flask","Dagger Spray"],"picked":"SKIP","floor":14.0},{"not_picked":["Deadly Poison","StSpp:TimeParadox","Backflip"],"picked":"SKIP","floor":18.0},{"not_picked":["Outmaneuver","Tactician","Dagger Spray"],"picked":"SKIP","floor":20.0},{"not_picked":["Outmaneuver","Quick Slash","Grand Finale"],"picked":"SKIP","floor":27.0},{"not_picked":["Backflip","StSpp:PoisonousPunch","Quick Slash"],"picked":"SKIP","floor":28.0},{"not_picked":["Prepared+1","Dagger Spray","Well Laid Plans+1"],"picked":"SKIP","floor":29.0},{"not_picked":["PiercingWail","Bane+1","Replay:Bag of Tricks"],"picked":"SKIP","floor":30.0},{"not_picked":["Deadly Poison","Noxious Fumes","Replay:Poison Smokescreen"],"picked":"SKIP","floor":31.0},{"not_picked":["Underhanded Strike+1","Cloak And Dagger+1","Sucker Punch+1"],"picked":"SKIP","floor":35},{"not_picked":["hubris:TrickCloak+1","Flying Knee+1","Infinite Blades"],"picked":"SKIP","floor":37},{"not_picked":["Underhanded Strike","StSpp:StrikeFirst","Deflect"],"picked":"SKIP","floor":41},{"not_picked":["Terror","Dagger Spray","Blur"],"picked":"SKIP","floor":46},{"not_picked":["Skewer","Noxious Fumes+1","Deflect"],"picked":"SKIP","floor":47}],"player_experience":1641310,"relics_obtained":[{"floor":6.0,"key":"hubris:TenFootPole"},{"floor":9.0,"key":"StSpp:TwinEgg"},{"floor":13.0,"key":"Bronze Scales"},{"floor":26.0,"key":"Replay:Mystery Machine"},{"floor":29.0,"key":"Ancient Tea Set"},{"floor":41,"key":"Art of War"},{"floor":43,"key":"Garlic"}],"event_choices":[{"damage_healed":0.0,"max_hp_gain":0.0,"max_hp_loss":0.0,"gold_gain":0.0,"event_name":"Lab","player_choice":"Got Potions","floor":8.0,"gold_loss":0.0,"damage_taken":0.0},{"damage_healed":0,"gold_gain":0,"player_choice":"Punched","damage_taken":3,"max_hp_gain":0,"max_hp_loss":0,"event_name":"Designer","floor":44,"gold_loss":0}],"is_beta":false,"boss_relics":[{"not_picked":["HoveringKite","StSpp:PileOfSugar"],"picked":"ChewingGum"},{"not_picked":["Velvet Choker","hubris:VirtuousBlindfold"],"picked":"Philosopher\u0027s Stone"}],"items_purged_floors":[3,19],"is_endless":false,"potions_floor_spawned":[6,14,16,18,28,29,31,33,41],"killed_by":"Donu and Deca","ascension_level":0}}