{"host":"0iuhrgzkozzv273x","time":1611200598,"event":{"mods":["2.2 Compatiblity","Astrologer","BaseMod","ChefMod","Colored Map","Curses Come First","Downfall","Hermit","Jorbs\u0027s Wanderer Trilogy","Key Reminder","Minty Spire (QoL Compilation)","Robot Space Explorer","Shade Mod","Spire Arcade","StSLib","The Construct","The Cursed","The Disciple","The Hayseed","The Runesmith","The Showman","TheFirefly","Unceasing Turn Reminder","Wandering Minibosses","thorton"],"gold_per_floor":[154,154,104,104,115,156,12,12,12,53,79,79,79,109,109,223,223,250,255,285,300,306,312,366,373,429,437,39,69,124,126,137,155,155,155],"floor_reached":33,"language":"ENG","playtime":1386,"items_purged":["thethorton:Strike"],"score":377,"play_id":"71886c64-48fc-4915-864c-2c120fe3f2c3","local_time":"20210120224318","is_ascension_mode":true,"campfire_choices":[{"data":"thethorton:Heckle","floor":8,"key":"SMITH"},{"data":"thethorton:PowerUp","floor":13,"key":"SMITH"},{"data":"thethorton:CowardiceForm","floor":15,"key":"SMITH"},{"data":"thethorton:BusinessCard","floor":23,"key":"SMITH"},{"floor":25,"key":"REST"},{"data":"thethorton:BusinessBash","floor":27,"key":"SMITH"},{"floor":32,"key":"REST"}],"circlet_count":0,"master_deck":["thethorton:Strike","thethorton:Strike","thethorton:Defend","thethorton:Defend","thethorton:Defend","thethorton:Defend","thethorton:Heckle+1","thethorton:CreditCard","thethorton:PowerUp+1","thethorton:CashBash","thethorton:HitAhead","thethorton:BusinessBash+1","thethorton:CowardiceForm+1","thethorton:WhirlingBriefcase","thethorton:CompoundInterest","CurseOfTheBell","thethorton:BusinessCard+1","thethorton:MomentaryBreak+1","thethorton:SheetShred","thethorton:BattleTrash","thethorton:FearfulRun","thethorton:SeeingDouble+1"],"relics":["thethorton:CouragePotion","NeowsBlessing","Dream Catcher","Strawberry","keyreminder:keyreminder","Runesmith:Nanobots","The Courier","Calling Bell","Anchor","thethorton:BankDeed","Bird Faced Urn","Juzu Bracelet","CeramicFish","OrangePellets","Torii","FossilizedHelix","Blood Vial","InkBottle"],"acts_visited":["Exordium","TheCity"],"potions_floor_usage":[18,21],"damage_taken":[{"damage":0,"enemies":"Cultist","floor":1,"turns":2},{"damage":0,"enemies":"Jaw Worm","floor":5,"turns":1},{"damage":0,"enemies":"3 Sentries","floor":6,"turns":2},{"damage":14,"enemies":"Lagavulin","floor":10,"turns":5},{"damage":0,"enemies":"2 Louse","floor":11,"turns":5},{"damage":4,"enemies":"Exordium Thugs","floor":14,"turns":3},{"damage":25,"enemies":"Hexaghost","floor":16,"turns":8},{"damage":46,"enemies":"Spheric Guardian","floor":18,"turns":10},{"damage":0,"enemies":"Shell Parasite","floor":21,"turns":2},{"damage":27,"enemies":"Gremlin Leader","floor":24,"turns":7},{"damage":36,"enemies":"Snecko","floor":29,"turns":8},{"damage":20,"enemies":"Book of Stabbing","floor":30,"turns":6},{"damage":83,"enemies":"Automaton","floor":33,"turns":6}],"seed_played":"-7733310878491186147","potions_obtained":[{"floor":1,"key":"SmokeBomb"},{"floor":6,"key":"Dexterity Potion"},{"floor":30,"key":"champ:CounterPotion"}],"is_trial":false,"path_per_floor":["M","?","?","?","M","E","$","R","T","E","M","$","R","M","R","B",null,"M","?","T","M","?","R","E","R","T","R","$","M","E","?","R","B"],"character_chosen":"THE_THORT","items_purchased":["thethorton:BusinessBash","thethorton:BattleTrash","OrangePellets","Torii"],"campfire_rested":2,"item_purchase_floors":[7,28,28,28],"current_hp_per_floor":[68,61,61,61,61,68,68,68,68,54,54,54,54,50,50,25,75,29,54,54,56,56,56,33,55,55,55,55,27,15,15,37,0,0,0],"gold":155,"neow_bonus":"THREE_ENEMY_KILL","is_daily":false,"chose_seed":false,"campfire_upgraded":5,"win_rate":0.0,"timestamp":1611200598,"path_taken":["M","?","?","?","M","E","$","R","T","E","?","$","R","M","R","BOSS","M","?","?","M","?","R","E","R","T","R","?","M","E","?","R","BOSS"],"items_purchased_type":["Card","Card","Relic","Relic"],"build_version":"2020-12-22","purchased_purges":1,"victory":false,"max_hp_per_floor":[68,68,68,68,68,75,75,75,75,75,75,75,75,75,75,75,75,75,75,75,75,75,75,75,75,75,75,75,75,75,75,75,75,75,75],"card_choices":[{"not_picked":["thethorton:CallIn","thethorton:ShoutAndRun"],"picked":"thethorton:PowerUp","floor":1},{"not_picked":["thethorton:RunningKick","thethorton:CannonShot"],"picked":"thethorton:CashBash","floor":5},{"not_picked":["thethorton:WhirlingBriefcase","thethorton:SicklyRun"],"picked":"thethorton:HitAhead","floor":6},{"not_picked":["thethorton:LongTermPayoff","thethorton:CashBash"],"picked":"thethorton:CowardiceForm","floor":10},{"not_picked":["thethorton:RunningFeint","thethorton:ShoutAndRun","thethorton:FearfulRun"],"picked":"SKIP","floor":11},{"not_picked":["thethorton:StumblingSlap","thethorton:ShoutAndRun"],"picked":"thethorton:WhirlingBriefcase","floor":14},{"not_picked":["thethorton:Fish","thethorton:Fortune"],"picked":"thethorton:CompoundInterest","floor":16},{"not_picked":["thethorton:SicklyRun+1","thethorton:ChartProject"],"picked":"thethorton:BusinessCard","floor":18},{"not_picked":["thethorton:ElbowSmash","thethorton:ToxicGreed"],"picked":"thethorton:MomentaryBreak+1","floor":24},{"not_picked":["thethorton:StumblingSlap","thethorton:ChartProject"],"picked":"thethorton:SheetShred","floor":25},{"not_picked":["thethorton:StampSmack","thethorton:ElbowSmash","thethorton:RunningKick"],"picked":"SKIP","floor":29},{"not_picked":["thethorton:RunningKick+1","thethorton:CashBash"],"picked":"thethorton:FearfulRun","floor":30},{"not_picked":["thethorton:AngerMoment","thethorton:ElbowSmash+1"],"picked":"thethorton:SeeingDouble+1","floor":32}],"player_experience":1488710,"relics_obtained":[{"floor":6,"key":"Strawberry"},{"floor":9,"key":"Runesmith:Nanobots"},{"floor":10,"key":"The Courier"},{"floor":17,"key":"Anchor"},{"floor":17,"key":"thethorton:BankDeed"},{"floor":17,"key":"Bird Faced Urn"},{"floor":24,"key":"Juzu Bracelet"},{"floor":26,"key":"CeramicFish"},{"floor":30,"key":"Blood Vial"}],"event_choices":[{"damage_healed":0,"gold_gain":0,"player_choice":"Success","damage_taken":7,"relics_obtained":["Dream Catcher"],"max_hp_gain":0,"max_hp_loss":0,"event_name":"Scrap Ooze","floor":2,"gold_loss":0},{"cards_removed":["Normality"],"damage_healed":0,"gold_gain":0,"player_choice":"Card Removal","damage_taken":0,"max_hp_gain":0,"max_hp_loss":0,"event_name":"The Cleric","floor":3,"gold_loss":50},{"cards_removed":["thethorton:Strike"],"damage_healed":0,"gold_gain":0,"player_choice":"Offered Basic","damage_taken":0,"max_hp_gain":0,"max_hp_loss":0,"event_name":"Bonfire Elementals","floor":4,"gold_loss":0},{"damage_healed":25,"gold_gain":0,"player_choice":"Heal","damage_taken":0,"max_hp_gain":0,"max_hp_loss":0,"event_name":"The Library","floor":19,"gold_loss":0},{"damage_healed":0,"gold_gain":0,"player_choice":"Ignored","damage_taken":0,"max_hp_gain":0,"max_hp_loss":0,"event_name":"Vampires","floor":22,"gold_loss":0},{"damage_healed":0,"gold_gain":0,"player_choice":"Ignored","damage_taken":0,"max_hp_gain":0,"max_hp_loss":0,"event_name":"Cursed Tome","floor":31,"gold_loss":0}],"is_beta":false,"boss_relics":[{"not_picked":["Fusion Hammer","Sozu"],"picked":"Calling Bell"}],"items_purged_floors":[7],"is_endless":false,"potions_floor_spawned":[1,6,30],"killed_by":"Automaton","ascension_level":4}}