{"host":"928gv66myv2vlnsd","time":1611247881,"event":{"mods":["BaseMod","Minty Spire (QoL Compilation)","StSLib"],"gold_per_floor":[113,388,401,189,189,219,219,262,313,313,351,165,203,227,227,227,227],"floor_reached":16,"language":"ENG","playtime":617,"items_purged":["Regret","Strike_G"],"score":214,"play_id":"3ed2fc3c-d004-4147-b229-4af4262f7d3e","local_time":"20210121115121","is_ascension_mode":true,"campfire_choices":[{"floor":10,"key":"REST"},{"data":"1","floor":15,"key":"LIFT"}],"circlet_count":0,"master_deck":["AscendersBane","Strike_G","Strike_G","Strike_G","Strike_G","Defend_G+1","Defend_G","Defend_G","Defend_G","Defend_G","Survivor","Neutralize+1","All Out Attack","Prepared","Infinite Blades","Blade Dance","Dagger Throw","Crippling Poison+1","Dagger Spray","Accuracy","Corpse Explosion"],"relics":["Ring of the Snake","Centennial Puzzle","Regal Pillow","Golden Idol","Oddly Smooth Stone","War Paint","Girya","Omamori"],"acts_visited":["Exordium"],"potions_floor_usage":[6,8,13,13],"damage_taken":[{"damage":0,"enemies":"Small Slimes","floor":1,"turns":6},{"damage":7,"enemies":"Cultist","floor":3,"turns":3},{"damage":11,"enemies":"Lagavulin","floor":6,"turns":7},{"damage":24,"enemies":"3 Sentries","floor":8,"turns":8},{"damage":29,"enemies":"Gremlin Nob","floor":11,"turns":5},{"damage":3,"enemies":"3 Sentries","floor":13,"turns":4},{"damage":5,"enemies":"Jaw Worm","floor":14,"turns":4},{"damage":15,"enemies":"The Guardian","floor":16,"turns":4}],"seed_played":"-7604373440802903506","potions_obtained":[{"floor":3,"key":"Poison Potion"},{"floor":11,"key":"Explosive Potion"}],"is_trial":false,"path_per_floor":["M","?","M","$","?","E","?","E","T","R","E","$","E","M","R","B"],"character_chosen":"THE_SILENT","items_purchased":["Infinite Blades","Blade Dance","Fire Potion","Accuracy","Block Potion"],"campfire_rested":1,"item_purchase_floors":[4,4,4,12,12],"current_hp_per_floor":[59,59,52,52,52,41,41,17,17,50,21,21,18,13,13,0,0],"gold":227,"neow_bonus":"RANDOM_COMMON_RELIC","is_daily":false,"chose_seed":false,"campfire_upgraded":0,"win_rate":0.0,"timestamp":1611247881,"path_taken":["M","?","?","$","?","E","?","E","T","R","E","?","E","M","R","BOSS"],"items_purchased_type":["Card","Card","Potion","Card","Potion"],"build_version":"2020-12-22","purchased_purges":2,"victory":false,"max_hp_per_floor":[66,66,66,66,66,66,61,61,61,61,61,61,61,61,61,61,61],"card_choices":[{"not_picked":["Deadly Poison","Poisoned Stab"],"picked":"All Out Attack","floor":1},{"not_picked":["Cloak And Dagger","Slice"],"picked":"Prepared","floor":3},{"not_picked":["Masterful Stab","Expertise"],"picked":"Dagger Throw","floor":6},{"not_picked":["Prepared","Dagger Throw"],"picked":"Crippling Poison","floor":8},{"not_picked":["All Out Attack","Outmaneuver"],"picked":"Dagger Spray","floor":11},{"not_picked":["Bane","Backstab"],"picked":"Corpse Explosion","floor":13},{"not_picked":["Outmaneuver","Flechettes","Acrobatics"],"picked":"SKIP","floor":14}],"player_experience":1279011,"relics_obtained":[{"floor":6,"key":"Regal Pillow"},{"floor":8,"key":"Oddly Smooth Stone"},{"floor":9,"key":"War Paint"},{"floor":11,"key":"Girya"},{"floor":13,"key":"Omamori"}],"event_choices":[{"damage_healed":0,"gold_gain":275,"player_choice":"Desecrate","damage_taken":0,"max_hp_gain":0,"max_hp_loss":0,"event_name":"Golden Shrine","floor":2,"gold_loss":0,"cards_obtained":["Regret"]},{"damage_healed":0,"gold_gain":0,"player_choice":"Grow","damage_taken":0,"max_hp_gain":0,"max_hp_loss":0,"event_name":"Living Wall","floor":5,"gold_loss":0,"cards_upgraded":["Neutralize"]},{"damage_healed":0,"gold_gain":0,"player_choice":"Lose Max HP","damage_taken":0,"relics_obtained":["Golden Idol"],"max_hp_gain":0,"max_hp_loss":5,"event_name":"Golden Idol","floor":7,"gold_loss":0}],"is_beta":false,"boss_relics":[],"items_purged_floors":[4,12],"is_endless":false,"potions_floor_spawned":[3,11],"killed_by":"The Guardian","ascension_level":14}}