{"host":"haq22x9zdvtvc76a","time":1611196833,"event":{"mods":["BaseMod","Downfall","Minty Spire (QoL Compilation)","StSLib"],"gold_per_floor":[99,110,125,125,138,138,138,156,172,191,208,218,218,243,255,351,351,351,362,362,462,75,75,75,75,86,86,103,117,117,102,112,209,209,209,220,220,237,140,140,163,7,24,36,36,86,86,105,120,120,120,120],"floor_reached":50,"language":"ENG","playtime":3639,"items_purged":["bronze:Deprecate","bronze:Goto"],"score":925,"play_id":"927995e7-c57b-4106-a69e-e2fbfa22642c","local_time":"20210120214033","is_ascension_mode":false,"campfire_choices":[{"data":"bronze:Replicate","floor":1,"key":"SMITH"},{"data":"bronze:Branch","floor":6,"key":"SMITH"},{"data":"bronze:HardenedForm","floor":13,"key":"SMITH"},{"data":"bronze:RecursiveStrike","floor":18,"key":"SMITH"},{"data":"bronze:AlphaBuild","floor":27,"key":"SMITH"},{"data":"bronze:DonuBeam","floor":30,"key":"SMITH"},{"data":"bronze:Format","floor":35,"key":"SMITH"},{"data":"bronze:RecursiveStrike","floor":45,"key":"SMITH"}],"circlet_count":0,"master_deck":["bronze:Replicate+1","bronze:Branch+1","bronze:ClassDefault","bronze:Shell+1","bronze:DelayedGuard","bronze:Branch","bronze:Repair+1","bronze:HardenedForm+1","bronze:DigitalCarnage","bronze:GetLatest","bronze:DelayedGuard","bronze:HyperBeam","bronze:Iterate","bronze:RecursiveStrike+1","bronze:DigitalCarnage","bronze:WhirlingStrike","bronze:FineTuning","bronze:DonuBeam+1","bronze:DecaBeam","bronze:BronzeOrb","bronze:AlphaBuild+1","bronze:ChosenStrike+1","bronze:ForceShield","bronze:ChildClass","bronze:Branch+1","bronze:Format+1","bronze:Boost+1","bronze:GetLatest","bronze:MaxOutput+1","bronze:RecursiveStrike+1","bronze:Repulsor","bronze:BuggyMess"],"relics":["bronze:BronzeCore","Boot","bronze:SilverBullet","Pandora\u0027s Box","Turnip","Eternal Feather","Black Star","Ancient Tea Set","Mummified Hand","Lee\u0027s Waffle","Du-Vu Doll"],"acts_visited":["Exordium","TheCity","TheBeyond"],"potions_floor_usage":[15,15,21,21,21,32,33,33,44,50],"damage_taken":[{"damage":7,"enemies":"Small Slimes","floor":2,"turns":4},{"damage":0,"enemies":"Cultist","floor":3,"turns":3},{"damage":2,"enemies":"Jaw Worm","floor":5,"turns":4},{"damage":2,"enemies":"2 Fungi Beasts","floor":8,"turns":5},{"damage":4,"enemies":"Red Slaver","floor":9,"turns":4},{"damage":0,"enemies":"Blue Slaver","floor":10,"turns":3},{"damage":0,"enemies":"Large Slime","floor":11,"turns":6},{"damage":2,"enemies":"Red Slaver","floor":12,"turns":5},{"damage":5,"enemies":"Lagavulin","floor":14,"turns":5},{"damage":0,"enemies":"3 Louse","floor":15,"turns":2},{"damage":0,"enemies":"SI_SHIV_ARCHETYPE","floor":16,"turns":8},{"damage":0,"enemies":"Spheric Guardian","floor":19,"turns":1},{"damage":8,"enemies":"Spheric Guardian","floor":21,"turns":6},{"damage":0,"enemies":"downfall:FleeingMerchant","floor":22,"turns":4},{"damage":4,"enemies":"3 Byrds","floor":26,"turns":3},{"damage":15,"enemies":"Snake Plant","floor":28,"turns":2},{"damage":9,"enemies":"Cultist and Chosen","floor":29,"turns":8},{"damage":0,"enemies":"downfall:FleeingMerchant","floor":31,"turns":4},{"damage":24,"enemies":"Shelled Parasite and Fungi","floor":32,"turns":4},{"damage":36,"enemies":"DF_ARCHETYPE_CLAW","floor":33,"turns":7},{"damage":44,"enemies":"3 Shapes","floor":36,"turns":6},{"damage":9,"enemies":"3 Darklings","floor":38,"turns":5},{"damage":0,"enemies":"downfall:FleeingMerchant","floor":39,"turns":4},{"damage":0,"enemies":"downfall:FleeingMerchant","floor":42,"turns":1},{"damage":0,"enemies":"Sphere and 2 Shapes","floor":43,"turns":4},{"damage":22,"enemies":"Writhing Mass","floor":44,"turns":6},{"damage":29,"enemies":"Writhing Mass","floor":46,"turns":7},{"damage":53,"enemies":"Maw","floor":48,"turns":11},{"damage":3,"enemies":"Sphere and 2 Shapes","floor":49,"turns":6},{"damage":78,"enemies":"IC_BLOCK_ARCHETYPE","floor":50,"turns":2}],"seed_played":"-2983311519369961747","potions_obtained":[{"floor":5,"key":"ColorlessPotion"},{"floor":8,"key":"AttackPotion"},{"floor":14,"key":"Swift Potion"},{"floor":15,"key":"LiquidMemories"},{"floor":16,"key":"SneckoOil"},{"floor":21,"key":"Block Potion"},{"floor":25,"key":"CultistPotion"},{"floor":26,"key":"Slimebound:ThreeZeroPotion"},{"floor":32,"key":"FearPotion"},{"floor":38,"key":"LiquidMemories"},{"floor":43,"key":"SpeedPotion"},{"floor":46,"key":"DuplicationPotion"}],"is_trial":false,"path_per_floor":["R","M","M","?","M","R","T","M","M","M","M","M","R","E","M","B",null,"R","M","?","?","$","?","T","?","M","R","M","M","R","$","M","B",null,"R","M","?","M","$","?","T","$","M","M","R","?","?","M","M","B"],"character_chosen":"THE_AUTOMATON","items_purchased":["Turnip","bronze:GetLatest","Mummified Hand","Lee\u0027s Waffle"],"campfire_rested":0,"item_purchase_floors":[22,39,42,42],"current_hp_per_floor":[77,70,70,70,68,68,68,66,62,62,69,74,74,76,76,77,77,77,77,77,76,76,76,76,76,72,77,62,53,65,72,48,20,77,77,40,40,41,41,67,67,74,74,52,70,51,51,8,5,0,0,0],"gold":120,"neow_bonus":"TEN_PERCENT_HP_BONUS","is_daily":false,"chose_seed":false,"campfire_upgraded":8,"win_rate":0.0,"timestamp":1611196833,"path_taken":["R","M","M","?","M","R","T","?","M","M","M","M","R","E","M","BOSS","R","M","?","?","$","?","T","?","M","R","M","?","R","$","M","BOSS","R","M","?","?","?","?","T","$","M","M","R","?","?","M","M","BOSS"],"items_purchased_type":["Relic","Card","Relic","Relic"],"build_version":"2020-12-22","purchased_purges":2,"victory":false,"max_hp_per_floor":[77,77,77,77,77,77,77,77,77,77,77,77,77,77,77,77,77,77,77,77,77,77,77,77,77,77,77,77,77,77,77,77,77,77,77,77,77,77,77,67,67,74,74,74,74,74,74,74,74,74,74,74],"card_choices":[{"not_picked":["bronze:BugBarrage","bronze:Deprecate"],"picked":"bronze:Branch","floor":2},{"not_picked":["bronze:Deprecate","bronze:BitShift"],"picked":"bronze:ClassDefault","floor":3},{"not_picked":["bronze:Invalidate","bronze:DarkDash"],"picked":"bronze:Shell","floor":5},{"not_picked":["bronze:Deprecate","bronze:Shield"],"picked":"bronze:DelayedGuard","floor":8},{"not_picked":["bronze:FineTuning","bronze:Shield"],"picked":"bronze:Branch","floor":9},{"not_picked":["bronze:Invalidate","bronze:Safeguard"],"picked":"bronze:Repair","floor":10},{"not_picked":["bronze:OilSpill","bronze:DelayedGuard"],"picked":"bronze:HardenedForm","floor":11},{"not_picked":["bronze:Allocate","bronze:OilSpill"],"picked":"bronze:DigitalCarnage","floor":12},{"not_picked":["bronze:ForceShield","bronze:Branch"],"picked":"bronze:GetLatest","floor":14},{"not_picked":["bronze:Overheat","bronze:Shield"],"picked":"bronze:DelayedGuard","floor":15},{"not_picked":["bronze:Mutator","bronze:SpaghettiCode"],"picked":"bronze:HyperBeam","floor":16},{"not_picked":["bronze:BitShift","bronze:Iterate+1","bronze:WildBeam+1"],"picked":"SKIP","floor":19},{"not_picked":[],"picked":"bronze:DonuBeam","floor":21},{"not_picked":[],"picked":"bronze:DecaBeam","floor":21},{"not_picked":["bronze:Invalidate","bronze:Shield"],"picked":"bronze:BronzeOrb","floor":21},{"not_picked":["bronze:Deprecate","bronze:Turbo+1"],"picked":"bronze:AlphaBuild","floor":22},{"not_picked":["bronze:CutThrough","bronze:Backtrace+1"],"picked":"bronze:ChosenStrike","floor":26},{"not_picked":["bronze:ClassDefault","bronze:DelayedGuard+1","bronze:Iterate"],"picked":"SKIP","floor":28},{"not_picked":["bronze:Turbo","bronze:CutThrough+1"],"picked":"bronze:ForceShield","floor":29},{"not_picked":["bronze:BitShift","bronze:DelayedSlice"],"picked":"bronze:ChildClass","floor":31},{"not_picked":["bronze:Iterate","bronze:Flail"],"picked":"bronze:Branch+1","floor":32},{"not_picked":["bronze:RecursiveStrike","bronze:Mutator"],"picked":"bronze:Format","floor":33},{"not_picked":["bronze:Overheat+1","bronze:Deprecate"],"picked":"bronze:Boost+1","floor":36},{"not_picked":["bronze:Turbo","bronze:NullPointer+1","bronze:Safeguard+1"],"picked":"SKIP","floor":38},{"not_picked":["bronze:Shield","bronze:BugBarrage","bronze:DelayedSlice+1"],"picked":"SKIP","floor":39},{"not_picked":["bronze:Return","bronze:Allocate+1"],"picked":"bronze:MaxOutput+1","floor":42},{"not_picked":["bronze:Overheat","bronze:Invalidate","bronze:WhirlingStrike+1"],"picked":"SKIP","floor":43},{"not_picked":["bronze:Deprecate","bronze:WhirlingStrike"],"picked":"bronze:RecursiveStrike","floor":44},{"not_picked":["bronze:ForceShield","bronze:Deprecate"],"picked":"bronze:Repulsor","floor":46},{"not_picked":["bronze:WildBeam+1","bronze:OilSpill+1","bronze:ChosenStrike+1"],"picked":"SKIP","floor":48},{"not_picked":["bronze:DelayedGuard+1","bronze:Frontload"],"picked":"bronze:BuggyMess","floor":49}],"player_experience":1622157,"relics_obtained":[{"floor":7,"key":"Boot"},{"floor":14,"key":"bronze:SilverBullet"},{"floor":24,"key":"Eternal Feather"},{"floor":41,"key":"Ancient Tea Set"},{"floor":46,"key":"Du-Vu Doll"}],"event_choices":[{"damage_healed":0,"gold_gain":0,"player_choice":"Ignored","damage_taken":0,"max_hp_gain":0,"max_hp_loss":0,"event_name":"Ghosts","floor":23,"gold_loss":0}],"is_beta":false,"boss_relics":[{"not_picked":["Sozu","Busted Crown"],"picked":"Pandora\u0027s Box"},{"not_picked":["Snecko Eye","Velvet Choker"],"picked":"Black Star"}],"items_purged_floors":[22,42],"is_endless":false,"potions_floor_spawned":[5,8,14,15,16,21,26,28,29,32,38,43,46,49],"killed_by":"IC_BLOCK_ARCHETYPE","ascension_level":0}}