{"host":"c3lc60y5x60jlt1y","time":1611236159,"event":{"mods":["AchievementEnabler","BaseMod","Bestiary","Colored Map","Minty Spire (QoL Compilation)","Quick Restart","StSLib","ojb\u0027s Info Mod"],"gold_per_floor":[115,131,131,131,131,162,162,162,162],"floor_reached":8,"language":"ENG","playtime":243,"items_purged":[],"score":92,"play_id":"dbc60e30-6798-4708-87ed-1d51bcd0d2b3","local_time":"20210121153559","is_ascension_mode":true,"campfire_choices":[{"data":"Sweeping Beam","floor":7,"key":"SMITH"}],"circlet_count":0,"master_deck":["AscendersBane","Strike_B","Strike_B","Strike_B","Strike_B","Defend_B","Defend_B","Defend_B","Defend_B","Zap","Dualcast","Cold Snap","Sweeping Beam+1","Barrage"],"relics":["Cracked Core","Bird Faced Urn","Cables","Bronze Scales"],"acts_visited":["Exordium"],"potions_floor_usage":[6,8],"damage_taken":[{"damage":5.0,"enemies":"Small Slimes","floor":1.0,"turns":3.0},{"damage":2.0,"enemies":"2 Louse","floor":2.0,"turns":2.0},{"damage":32,"enemies":"Lagavulin","floor":6,"turns":8},{"damage":34,"enemies":"Gremlin Nob","floor":8,"turns":3}],"seed_played":"-8675873238479424593","potions_obtained":[{"floor":1.0,"key":"Fruit Juice"},{"floor":2.0,"key":"Energy Potion"}],"is_trial":false,"path_per_floor":["M","M","?","?","T","E","R","E"],"character_chosen":"DEFECT","items_purchased":[],"campfire_rested":0,"item_purchase_floors":[],"current_hp_per_floor":[59,57,57,57,57,25,25,0,0],"gold":162,"neow_bonus":"ONE_RARE_RELIC","is_daily":false,"chose_seed":false,"campfire_upgraded":1,"win_rate":0.0,"timestamp":1611236159,"path_taken":["M","M","?","?","?","E","R","E"],"items_purchased_type":[],"build_version":"2020-12-22","purchased_purges":0,"victory":false,"max_hp_per_floor":[71,71,71,71,71,71,71,76,76],"card_choices":[{"not_picked":["Beam Cell","Recycle"],"picked":"Cold Snap","floor":1.0},{"not_picked":["Doom and Gloom","Scrape"],"picked":"Sweeping Beam","floor":2.0},{"not_picked":["Sweeping Beam","Steam Power"],"picked":"Barrage","floor":6}],"player_experience":8271388,"relics_obtained":[{"floor":5.0,"key":"Cables"},{"floor":6,"key":"Bronze Scales"}],"event_choices":[{"damage_healed":0.0,"max_hp_gain":0.0,"max_hp_loss":0.0,"gold_gain":0.0,"event_name":"Liars Game","player_choice":"Ignored","floor":3.0,"gold_loss":0.0,"damage_taken":0.0},{"cards_removed":["Regret"],"damage_healed":0.0,"max_hp_gain":0.0,"max_hp_loss":0.0,"gold_gain":0.0,"event_name":"Living Wall","player_choice":"Forget","floor":4.0,"gold_loss":0.0,"damage_taken":0.0}],"is_beta":false,"boss_relics":[],"items_purged_floors":[],"is_endless":false,"potions_floor_spawned":[1,2],"killed_by":"Gremlin Nob","ascension_level":14}}