{"host":"idjwbq71yrpkph1r","time":1611189943,"event":{"mods":["Alarm Clock","BaseMod","Better Third Choice","Block Reminder","Colored Map","Colored Powertips","Conspire","Hubris","Mimic Mod","Minty Spire (QoL Compilation)","Rare Cards Sparkle","StSLib","The Blue Laboratory","Waifu the Spire","everything is the same but u backflip on backflip"],"gold_per_floor":[99,99,99,99,19,19,19,0,0,0,0,0,0,0,0,0,0,0,0,0,0,0,0,0,0,0,0,0,0,0,0,0,0,0,0,0,0,0,0,0,0,0,0,0,0,0,0,0,0,0,0,0,0,0,0,0],"floor_reached":55,"language":"ENG","playtime":4948,"items_purged":[],"score":904,"play_id":"b3831b3d-faea-4d47-bc71-d564de7f942e","local_time":"20210121014543","is_ascension_mode":true,"campfire_choices":[{"data":"Caltrops","floor":7.0,"key":"SMITH"},{"floor":12.0,"key":"REST"},{"floor":15.0,"key":"REST"},{"floor":24.0,"key":"REST"},{"floor":27.0,"key":"REST"},{"floor":32.0,"key":"REST"},{"floor":41.0,"key":"REST"},{"floor":44.0,"key":"RECALL"},{"data":"hubris:TrickCloak","floor":49.0,"key":"SMITH"},{"data":"Footwork","floor":52.0,"key":"SMITH"}],"circlet_count":0,"master_deck":["Strike_G","Strike_G","Strike_G","Strike_G","Strike_G","Defend_G","Defend_G","Defend_G","Defend_G","Defend_G+1","Survivor","Neutralize","Footwork+1","Caltrops+1","hubris:TrickCloak+1","Underhanded Strike","Slice","Infinite Blades","Slice","Corpse Explosion","Leap","Acrobatics","Conserve Battery+1","Deflect","Calculated Gamble","Blade Dance","hubris:Sniper","Hello World","Phantasmal Killer","CurseOfTheBell","Expertise+1","hubris:Sniper","Outmaneuver+1","Flying Knee+1","PiercingWail","Acrobatics+1","Flying Knee","Creative AI","Glacier","Outmaneuver"],"relics":["Ectoplasm","hubris:Towel","hubris:Icosahedron","hubris:DisguiseKit","Ice Cream","Toy Ornithopter","hubris:SlimyHat","conspire:Dentures","WristBlade","Mummified Hand","hubris:CuriousFeather","Ninja Scroll","conspire:DeflatedDodgeball","FossilizedHelix","Calling Bell","hubris:ToyBattleship","Ornamental Fan","hubris:Zylophone","Shuriken","Bottled Tornado","War Paint","Tingsha","hubris:BundleOfHerbs"],"acts_visited":["Exordium","TheCity","TheBeyond","TheEnding"],"potions_floor_usage":[55,55,55],"damage_taken":[{"damage":0.0,"enemies":"Small Slimes","floor":1.0,"turns":4.0},{"damage":0.0,"enemies":"Jaw Worm","floor":3.0,"turns":4.0},{"damage":23.0,"enemies":"3 Sentries","floor":6.0,"turns":11.0},{"damage":45.0,"enemies":"Gremlin Nob","floor":8.0,"turns":5.0},{"damage":3.0,"enemies":"Cultist","floor":9.0,"turns":19.0},{"damage":0.0,"enemies":"Lagavulin","floor":10.0,"turns":5.0},{"damage":0.0,"enemies":"Cultist","floor":13.0,"turns":4.0},{"damage":9.0,"enemies":"2 Fungi Beasts","floor":14.0,"turns":4.0},{"damage":35.0,"enemies":"Slime Boss","floor":16.0,"turns":12.0},{"damage":22.0,"enemies":"2 Thieves","floor":18.0,"turns":3.0},{"damage":14.0,"enemies":"3 Byrds","floor":20.0,"turns":3.0},{"damage":21.0,"enemies":"Snake Plant","floor":22.0,"turns":5.0},{"damage":14.0,"enemies":"Gremlin Leader","floor":23.0,"turns":9.0},{"damage":4.0,"enemies":"Centurion and Healer","floor":25.0,"turns":3.0},{"damage":13.0,"enemies":"Cultist and Chosen","floor":28.0,"turns":4.0},{"damage":0.0,"enemies":"Sentry and Sphere","floor":29.0,"turns":3.0},{"damage":10.0,"enemies":"Book of Stabbing","floor":31.0,"turns":4.0},{"damage":0.0,"enemies":"Collector","floor":33.0,"turns":7.0},{"damage":0.0,"enemies":"3 Darklings","floor":35.0,"turns":6.0},{"damage":0.0,"enemies":"Orb Walker","floor":36.0,"turns":3.0},{"damage":4.0,"enemies":"Jaw Worm Horde","floor":38.0,"turns":4.0},{"damage":1.0,"enemies":"Writhing Mass","floor":39.0,"turns":6.0},{"damage":49.0,"enemies":"Nemesis","floor":40.0,"turns":9.0},{"damage":6.0,"enemies":"Giant Head","floor":42.0,"turns":6.0},{"damage":0.0,"enemies":"3 Darklings","floor":45.0,"turns":4.0},{"damage":9.0,"enemies":"Spire Growth","floor":46.0,"turns":4.0},{"damage":0.0,"enemies":"2 Orb Walkers","floor":48.0,"turns":2.0},{"damage":31.0,"enemies":"Time Eater","floor":50.0,"turns":5.0},{"damage":47.0,"enemies":"Shield and Spear","floor":54.0,"turns":5.0},{"damage":76,"enemies":"The Heart","floor":55,"turns":6}],"seed_played":"-1154355154367111804","potions_obtained":[{"floor":3.0,"key":"blueLaboratory:FruitPunch"},{"floor":8.0,"key":"Energy Potion"},{"floor":10.0,"key":"Weak Potion"},{"floor":16.0,"key":"blueLaboratory:NullPotion"},{"floor":20.0,"key":"blueLaboratory:HorrorPotion"},{"floor":23.0,"key":"Block Potion"},{"floor":29.0,"key":"blueLaboratory:Moonshine"},{"floor":33.0,"key":"PowerPotion"},{"floor":39.0,"key":"blueLaboratory:HeartbeatPotion"},{"floor":45.0,"key":"blueLaboratory:PyrophylliteBrew"},{"floor":48.0,"key":"blueLaboratory:AbyssPotion"}],"is_trial":false,"path_per_floor":["M","?","M","?","$","E","R","E","MIM","E","$","R","M","M","R","B",null,"M","?","M","?","M","E","R","M","T","R","M","M","T","E","R","B",null,"M","M","?","M","M","E","R","E","T","R","M","M","?","?","R","B",null,"R","$","E","B"],"character_chosen":"THE_SILENT","items_purchased":["Caltrops"],"campfire_rested":6,"item_purchase_floors":[5],"current_hp_per_floor":[70,70,70,70,70,49,49,4,1,11,11,32,32,23,44,9,72,50,50,36,36,20,11,32,28,28,49,36,36,36,31,52,57,72,72,72,72,68,67,23,44,38,38,38,38,29,63,63,63,32,63,63,63,16,0,0],"gold":0,"neow_bonus":"BOSS_RELIC","is_daily":false,"chose_seed":false,"campfire_upgraded":3,"win_rate":0.0,"timestamp":1611189943,"path_taken":["M","?","M","?","?","E","R","E","MIM","E","$","R","?","M","R","BOSS","M","?","M","?","M","E","R","M","T","R","M","M","?","E","R","BOSS","M","?","?","M","?","E","R","E","T","R","M","?","?","?","R","BOSS","R","$","E","BOSS"],"items_purchased_type":["Card"],"build_version":"2020-12-22","purchased_purges":0,"victory":false,"max_hp_per_floor":[70,70,70,70,70,72,72,72,72,72,72,72,72,72,72,72,72,72,72,72,72,72,72,72,72,72,72,72,72,72,72,72,72,72,72,72,72,72,72,72,72,72,72,72,72,72,63,63,63,63,63,63,63,63,63,63],"card_choices":[{"not_picked":["Quick Slash","Calculated Gamble"],"picked":"Footwork","floor":1.0},{"not_picked":["hubris:SlightOfHand","Masterful Stab","Dagger Spray"],"picked":"SKIP","floor":3.0},{"not_picked":["Flying Knee","Bane"],"picked":"hubris:TrickCloak","floor":6.0},{"not_picked":["Bane","Blade Dance","Barrage"],"picked":"Underhanded Strike","floor":8.0},{"not_picked":["Dagger Throw","PiercingWail","Turbo"],"picked":"Slice","floor":9.0},{"not_picked":["Backflip","Cloak And Dagger","Leap"],"picked":"Infinite Blades","floor":10.0},{"not_picked":["hubris:SlightOfHand","Noxious Fumes","Well Laid Plans","Sweeping Beam"],"picked":"SKIP","floor":13.0},{"not_picked":["Bane","Prepared","Redo"],"picked":"Slice","floor":14.0},{"not_picked":["Burst","Adrenaline","Biased Cognition"],"picked":"Corpse Explosion","floor":16.0},{"not_picked":["Bane","Flying Knee","Sucker Punch"],"picked":"Leap","floor":18.0},{"not_picked":["Bane","Flying Knee","Genetic Algorithm"],"picked":"Acrobatics","floor":20.0},{"not_picked":["Finisher","Acrobatics+1","PiercingWail"],"picked":"Conserve Battery","floor":22.0},{"not_picked":["Dagger Throw","Flying Knee","hubris:Ukulele"],"picked":"Deflect","floor":23.0},{"not_picked":["Die Die Die","Underhanded Strike","Steam Power"],"picked":"Calculated Gamble","floor":25.0},{"not_picked":["conspire:PoisonWeapons+1","Underhanded Strike+1","Double Energy"],"picked":"Blade Dance","floor":28.0},{"not_picked":["Poisoned Stab","Escape Plan","Compile Driver"],"picked":"hubris:Sniper","floor":29.0},{"not_picked":["Acrobatics","All Out Attack+1","Deadly Poison"],"picked":"Hello World","floor":31.0},{"not_picked":["Bullet Time","Glass Knife","Fission"],"picked":"Phantasmal Killer","floor":33.0},{"not_picked":["Endless Agony+1","Tactician","Conserve Battery"],"picked":"Expertise+1","floor":35.0},{"not_picked":["Sucker Punch+1","Cloak And Dagger","Coolheaded"],"picked":"hubris:Sniper","floor":36.0},{"not_picked":["Choke+1","Dodge and Roll+1","Steam"],"picked":"Outmaneuver+1","floor":38.0},{"not_picked":["Endless Agony+1","Slice","Storm"],"picked":"Flying Knee+1","floor":39.0},{"not_picked":["Tools of the Trade","Prepared","Streamline"],"picked":"PiercingWail","floor":40.0},{"not_picked":["Distraction","Outmaneuver","Turbo"],"picked":"Acrobatics+1","floor":42.0},{"not_picked":["Underhanded Strike+1","Endless Agony","Steam"],"picked":"Flying Knee","floor":45.0},{"not_picked":["Underhanded Strike","Prepared","All Out Attack"],"picked":"Creative AI","floor":46.0},{"not_picked":["After Image","Acrobatics+1","Predator"],"picked":"Glacier","floor":48.0},{"not_picked":["Sucker Punch+1","Deflect","Streamline"],"picked":"Outmaneuver","floor":54.0}],"player_experience":238478,"relics_obtained":[{"floor":6.0,"key":"hubris:DisguiseKit"},{"floor":8.0,"key":"Ice Cream"},{"floor":9.0,"key":"Toy Ornithopter"},{"floor":9.0,"key":"hubris:SlimyHat"},{"floor":10.0,"key":"conspire:Dentures"},{"floor":23.0,"key":"hubris:CuriousFeather"},{"floor":26.0,"key":"Ninja Scroll"},{"floor":30.0,"key":"conspire:DeflatedDodgeball"},{"floor":31.0,"key":"FossilizedHelix"},{"floor":34.0,"key":"hubris:ToyBattleship"},{"floor":34.0,"key":"Ornamental Fan"},{"floor":34.0,"key":"hubris:Zylophone"},{"floor":40.0,"key":"Shuriken"},{"floor":42.0,"key":"Bottled Tornado"},{"floor":43.0,"key":"War Paint"},{"floor":48.0,"key":"Tingsha"},{"floor":54.0,"key":"hubris:BundleOfHerbs"}],"event_choices":[{"damage_healed":0.0,"max_hp_gain":0.0,"max_hp_loss":0.0,"gold_gain":0.0,"event_name":"Addict","player_choice":"Stole Relic","floor":19.0,"gold_loss":0.0,"damage_taken":0.0,"relics_obtained":["Mummified Hand"],"cards_obtained":["Shame"]},{"damage_healed":0.0,"max_hp_gain":0.0,"max_hp_loss":0.0,"gold_gain":0.0,"event_name":"conspire:Investor","player_choice":"Leave","floor":21.0,"gold_loss":0.0,"damage_taken":0.0},{"cards_removed":["Shame"],"damage_healed":0.0,"max_hp_gain":0.0,"max_hp_loss":0.0,"gold_gain":0.0,"event_name":"Purifier","player_choice":"Purged","floor":37.0,"gold_loss":0.0,"damage_taken":0.0},{"damage_healed":63.0,"max_hp_gain":0.0,"max_hp_loss":9.0,"gold_gain":0.0,"event_name":"The Moai Head","player_choice":"Heal","floor":47.0,"gold_loss":0.0,"damage_taken":0.0},{"damage_healed":0.0,"max_hp_gain":0.0,"max_hp_loss":0.0,"gold_gain":0.0,"event_name":"Mysterious Sphere","player_choice":"Fight","floor":48.0,"gold_loss":0.0,"damage_taken":0.0}],"is_beta":false,"boss_relics":[{"not_picked":["hubris:BlackHole","hubris:ScarierMask"],"picked":"WristBlade"},{"not_picked":["conspire:SlowCooker","hubris:HollowSoul"],"picked":"Calling Bell"}],"items_purged_floors":[],"is_endless":false,"potions_floor_spawned":[3,8,10,16,20,23,29,33,39,45,48,54],"killed_by":"The Heart","ascension_level":1}}