{"host":"nolo0osttpwefhwj","time":1611243939,"event":{"mods":["AchievementEnabler","BaseMod","Bestiary","Colored Powertips","Minty Spire (QoL Compilation)","Permanent Neow","Quick Restart","Relic Stats"],"gold_per_floor":[117,117,292,22,22,351,362,397,397,426,12,12,12,35,35,134,134,145,164,434,448,465,465,465],"floor_reached":23,"language":"ENG","playtime":1523,"items_purged":["Pain"],"score":356,"play_id":"cd49883b-5361-49f7-8f14-898a5baf1c1d","local_time":"20210121164539","is_ascension_mode":true,"campfire_choices":[{"floor":12.0,"key":"REST"},{"floor":15.0,"key":"REST"}],"circlet_count":0,"master_deck":["AscendersBane","Strike_G+1","Defend_G","Defend_G","Defend_G","Defend_G","Survivor","Neutralize","Burst+1","Endless Agony","Deadly Poison","Regret","Doubt","Slice","Deflect","Blade Dance","Cloak And Dagger","Backflip","Backstab","Cloak And Dagger","Dodge and Roll","Tools of the Trade","Slice+1","Poisoned Stab+1","Calculated Gamble+1","Footwork","Backflip","Footwork"],"relics":["Ring of the Snake","Kunai","Oddly Smooth Stone","Old Coin","PreservedInsect","Mummified Hand","Dream Catcher","Calipers","Astrolabe"],"acts_visited":["Exordium","TheCity"],"potions_floor_usage":[23],"damage_taken":[{"damage":9.0,"enemies":"Jaw Worm","floor":1.0,"turns":7.0},{"damage":22.0,"enemies":"Lagavulin","floor":6.0,"turns":9.0},{"damage":0.0,"enemies":"2 Louse","floor":7.0,"turns":2.0},{"damage":40.0,"enemies":"Gremlin Nob","floor":8.0,"turns":6.0},{"damage":15.0,"enemies":"Lagavulin","floor":10.0,"turns":7.0},{"damage":17.0,"enemies":"Hexaghost","floor":16.0,"turns":11.0},{"damage":0.0,"enemies":"3 Byrds","floor":18.0,"turns":5.0},{"damage":9.0,"enemies":"Spheric Guardian","floor":19.0,"turns":5.0},{"damage":7.0,"enemies":"Snake Plant","floor":21.0,"turns":6.0},{"damage":7.0,"enemies":"Shelled Parasite and Fungi","floor":22.0,"turns":13.0},{"damage":2,"enemies":"Gremlin Leader","floor":23,"turns":14}],"seed_played":"-3767923967051200723","potions_obtained":[{"floor":6.0,"key":"Fire Potion"},{"floor":7.0,"key":"FairyPotion"},{"floor":10.0,"key":"Strength Potion"},{"floor":18.0,"key":"ColorlessPotion"},{"floor":19.0,"key":"SpeedPotion"}],"is_trial":false,"path_per_floor":["M","?","?","$","?","E","M","E","T","E","$","R","$","T","R","B",null,"M","M","?","M","M","E"],"character_chosen":"THE_SILENT","items_purchased":["Oddly Smooth Stone","AttackPotion","Calipers","Backflip","Backstab"],"campfire_rested":2,"item_purchase_floors":[4,4,11,11,11],"current_hp_per_floor":[54,54,54,54,40,18,18,21,21,6,6,27,27,27,48,31,60,60,51,24,17,10,8,8],"gold":465,"neow_bonus":"TRANSFORM_TWO_CARDS","is_daily":false,"chose_seed":false,"campfire_upgraded":0,"win_rate":0.0,"timestamp":1611243939,"path_taken":["M","?","?","$","?","E","?","E","T","E","?","R","$","?","R","BOSS","M","M","?","M","M","E"],"items_purchased_type":["Relic","Potion","Relic","Card","Card"],"build_version":"2020-12-22","purchased_purges":1,"victory":false,"max_hp_per_floor":[70,70,70,70,70,70,70,70,70,70,70,70,70,70,70,70,70,70,70,70,70,70,70,70],"relic_stats":{"Dream Catcher":2,"counters":[11,85],"Mummified Hand":[9],"Astrolabe":["Slice","Poisoned Stab","Calculated Gamble"],"PreservedInsect":74,"Kunai":[43],"obtain_stats":[{"Dream Catcher":10,"Calipers":11,"Mummified Hand":9,"Astrolabe":17,"Oddly Smooth Stone":4,"PreservedInsect":8,"Kunai":2,"Ring of the Snake":0,"Old Coin":6},{"Dream Catcher":5,"Calipers":5,"Mummified Hand":4,"Astrolabe":6,"Oddly Smooth Stone":1,"PreservedInsect":4,"Kunai":1,"Ring of the Snake":0,"Old Coin":2},{"Dream Catcher":31,"Calipers":31,"Mummified Hand":24,"Astrolabe":42,"Oddly Smooth Stone":7,"PreservedInsect":24,"Kunai":7,"Ring of the Snake":0,"Old Coin":16}],"Ring of the Snake":[22]},"card_choices":[{"not_picked":["Calculated Gamble","Sucker Punch"],"picked":"Deadly Poison","floor":1.0},{"not_picked":["Flechettes","Prepared"],"picked":"Slice","floor":6.0},{"not_picked":["Crippling Poison","Outmaneuver"],"picked":"Deflect","floor":7.0},{"not_picked":["Night Terror","Accuracy"],"picked":"Blade Dance","floor":8.0},{"not_picked":["Heel Hook","Dagger Throw"],"picked":"Cloak And Dagger","floor":10.0},{"not_picked":["Reflex","Poisoned Stab"],"picked":"Cloak And Dagger","floor":12.0},{"not_picked":["Skewer","Acrobatics"],"picked":"Dodge and Roll","floor":15.0},{"not_picked":["Doppelganger","Night Terror"],"picked":"Tools of the Trade","floor":16.0},{"not_picked":["Sucker Punch+1","Eviscerate"],"picked":"Footwork","floor":18.0},{"not_picked":["Deadly Poison+1","Quick Slash","Outmaneuver"],"picked":"SKIP","floor":19.0},{"not_picked":["All Out Attack","Riddle With Holes+1"],"picked":"Backflip","floor":21.0},{"not_picked":["Crippling Poison","Backflip"],"picked":"Footwork","floor":22.0}],"player_experience":246320,"relics_obtained":[{"floor":6.0,"key":"Old Coin"},{"floor":8.0,"key":"PreservedInsect"},{"floor":9.0,"key":"Mummified Hand"},{"floor":10.0,"key":"Dream Catcher"}],"event_choices":[{"damage_healed":0.0,"max_hp_gain":0.0,"max_hp_loss":0.0,"gold_gain":0.0,"event_name":"Big Fish","player_choice":"Box","floor":2.0,"gold_loss":0.0,"damage_taken":0.0,"relics_obtained":["Kunai"],"cards_obtained":["Regret"]},{"damage_healed":0.0,"max_hp_gain":0.0,"max_hp_loss":0.0,"gold_gain":175.0,"event_name":"Liars Game","player_choice":"AGREE","floor":3.0,"gold_loss":0.0,"damage_taken":0.0,"cards_obtained":["Doubt"]},{"damage_healed":0.0,"max_hp_gain":0.0,"max_hp_loss":0.0,"gold_gain":0.0,"event_name":"Shining Light","player_choice":"Entered Light","floor":5.0,"gold_loss":0.0,"damage_taken":14.0,"cards_upgraded":["Strike_G","Burst"]},{"damage_healed":0.0,"max_hp_gain":0.0,"max_hp_loss":0.0,"gold_gain":270.0,"event_name":"Knowing Skull","player_choice":"GOLD GOLD GOLD ","floor":20.0,"potions_obtained":[],"gold_loss":0.0,"damage_taken":27.0,"cards_obtained":[]}],"is_beta":false,"boss_relics":[{"not_picked":["Ring of the Serpent","Tiny House"],"picked":"Astrolabe"}],"items_purged_floors":[4],"is_endless":false,"potions_floor_spawned":[6,7,10,18,19],"killed_by":"Gremlin Leader","ascension_level":12}}