{"host":"1dhlu4qzehvrzpot","time":1611227568,"event":{"mods":["2.2 Compatiblity","AchievementEnabler","BaseMod","Block Reminder","Minty Spire (QoL Compilation)","Permanent Neow","Quick Restart","Rare Cards Sparkle","Relic Stats","Say the Spire","Slay-I","StSLib","SuperFastMode"],"gold_per_floor":[117,132,132,57,132,132,132,132,132,145,145,164,174,189,189,189,189],"floor_reached":16,"language":"ENG","playtime":347,"items_purged":["Doubt"],"score":129,"play_id":"7186837a-a88b-4b95-86ae-734bbd4a3293","local_time":"20210121121248","is_ascension_mode":true,"campfire_choices":[{"floor":6,"key":"DIG"},{"floor":8,"key":"DIG"},{"floor":11,"key":"DIG"},{"floor":15,"key":"REST"}],"circlet_count":0,"master_deck":["Strike_B","Strike_B","Strike_B","Defend_B","Defend_B","Defend_B","Defend_B","Zap","Dualcast","Leap","Cold Snap","Lockon","Steam","FTL","Doom and Gloom"],"relics":["Cracked Core","Shovel","Lantern","Smiling Mask","Centennial Puzzle","HornCleat","Gremlin Horn"],"acts_visited":["Exordium"],"potions_floor_usage":[12,14,16],"damage_taken":[{"damage":0,"enemies":"Cultist","floor":1,"turns":3},{"damage":7,"enemies":"2 Louse","floor":2,"turns":2},{"damage":7,"enemies":"Small Slimes","floor":10,"turns":3},{"damage":8,"enemies":"Gremlin Gang","floor":12,"turns":4},{"damage":0,"enemies":"Lots of Slimes","floor":13,"turns":4},{"damage":0,"enemies":"Exordium Thugs","floor":14,"turns":4},{"damage":32,"enemies":"The Guardian","floor":16,"turns":9}],"seed_played":"-6595973789540853179","potions_obtained":[{"floor":1,"key":"Block Potion"},{"floor":10,"key":"LiquidBronze"},{"floor":13,"key":"PotionOfCapacity"}],"is_trial":false,"path_per_floor":["M","M","?","$","?","R","?","R","T","M","R","M","M","M","R","B"],"character_chosen":"DEFECT","items_purchased":[],"campfire_rested":1,"item_purchase_floors":[],"current_hp_per_floor":[68,61,36,36,25,25,25,25,25,18,18,10,10,10,32,0,0],"gold":189,"neow_bonus":"ONE_RARE_RELIC","is_daily":false,"chose_seed":false,"campfire_upgraded":0,"win_rate":0.0,"timestamp":1611227568,"path_taken":["M","?","?","$","?","R","?","R","T","M","R","M","?","M","R","BOSS"],"items_purchased_type":[],"build_version":"2020-12-22","purchased_purges":1,"victory":false,"max_hp_per_floor":[75,75,75,75,75,75,75,75,75,75,75,75,75,75,75,75,75],"relic_stats":{"Centennial Puzzle":[9],"Shovel":3,"Gremlin Horn":[8,8],"counters":[7,29],"Smiling Mask":0,"obtain_stats":[{"Lantern":3,"Centennial Puzzle":8,"Shovel":0,"HornCleat":9,"Gremlin Horn":11,"Cracked Core":0,"Smiling Mask":6},{"Lantern":2,"Centennial Puzzle":2,"Shovel":0,"HornCleat":2,"Gremlin Horn":3,"Cracked Core":0,"Smiling Mask":2},{"Lantern":5,"Centennial Puzzle":5,"Shovel":0,"HornCleat":5,"Gremlin Horn":8,"Cracked Core":0,"Smiling Mask":5}]},"card_choices":[{"not_picked":["Stack","Beam Cell"],"picked":"Leap","floor":1},{"not_picked":["Go for the Eyes","Stack"],"picked":"Cold Snap","floor":2},{"not_picked":["Rip and Tear","Reinforced Body","Stack"],"picked":"SKIP","floor":10},{"not_picked":["Gash","Skim"],"picked":"Steam","floor":12},{"not_picked":["Beam Cell","Steam"],"picked":"FTL","floor":13},{"not_picked":["Storm","Cold Snap"],"picked":"Doom and Gloom","floor":14}],"player_experience":531060,"relics_obtained":[{"floor":6,"key":"Smiling Mask"},{"floor":8,"key":"Centennial Puzzle"},{"floor":9,"key":"HornCleat"},{"floor":11,"key":"Gremlin Horn"}],"event_choices":[{"damage_healed":0,"gold_gain":0,"player_choice":"Success","damage_taken":25,"relics_obtained":["Lantern"],"max_hp_gain":0,"max_hp_loss":0,"event_name":"Scrap Ooze","floor":3,"gold_loss":0},{"damage_healed":0,"gold_gain":75,"player_choice":"Gather Gold","damage_taken":11,"max_hp_gain":0,"max_hp_loss":0,"event_name":"World of Goop","floor":5,"gold_loss":0},{"damage_healed":0,"gold_gain":0,"cards_transformed":["Strike_B"],"player_choice":"Transformed","damage_taken":0,"max_hp_gain":0,"max_hp_loss":0,"event_name":"Transmorgrifier","floor":7,"gold_loss":0,"cards_obtained":["Lockon"]}],"is_beta":false,"boss_relics":[],"items_purged_floors":[4],"is_endless":false,"potions_floor_spawned":[1,10,13],"killed_by":"The Guardian","ascension_level":8}}