{"host":"8u7tvcybuv0u72fd","time":1611203509,"event":{"mods":["BaseMod","BetterRewards","Colored Map","Colored Powertips","Minty Spire (QoL Compilation)","Quick Restart","Shop Mod"],"gold_per_floor":[110,110,124,74,149,149,169,198,198,223,398,14,33,68,68,173,173,184,204,216,216,229,229,22,22,22,54,54,144,179,195,195,299,299,309,309,81,81,81,81,112,112,112,34,52,52,52,52],"floor_reached":47,"language":"ENG","playtime":1763,"items_purged":["Doubt"],"score":747,"play_id":"6229ce92-647e-46b8-8df7-7ef6ac23f1d3","local_time":"20210120233148","is_ascension_mode":false,"campfire_choices":[{"data":"Shrug It Off","floor":6.0,"key":"SMITH"},{"data":"Flex","floor":15.0,"key":"SMITH"},{"data":"Defend_R","floor":23.0,"key":"SMITH"},{"data":"Limit Break","floor":25.0,"key":"SMITH"},{"data":"Defend_R","floor":28.0,"key":"SMITH"},{"data":"Seeing Red","floor":32.0,"key":"SMITH"},{"data":"Barricade","floor":40,"key":"SMITH"},{"data":"Entrench","floor":42,"key":"SMITH"}],"circlet_count":0,"master_deck":["Strike_R","Strike_R","Strike_R","Defend_R","Defend_R+1","Defend_R+1","Defend_R+1","Bash+1","Shrug It Off+1","Clash+1","Flex+1","Body Slam+1","Twin Strike+1","Pummel+1","Reaper+1","Sword Boomerang+1","Iron Wave+1","Limit Break+1","Headbutt+1","Seeing Red+1","Berserk","Barricade+1","Rage+1","Madness","Madness","Entrench+1"],"relics":["Burning Blood","Pantograph","PreservedInsect","Sling","Odd Mushroom","Lantern","Red Skull","Omamori","Black Star","MutagenicStrength","MerchantsRug","Ice Cream","Dream Catcher","Letter Opener","Kunai","Bronze Scales","Sozu","Blood Vial","Question Card","Ancient Tea Set"],"acts_visited":["TheCity","TheBeyond"],"potions_floor_usage":[],"damage_taken":[{"damage":0.0,"enemies":"2 Louse","floor":1.0,"turns":3.0},{"damage":6.0,"enemies":"Jaw Worm","floor":3.0,"turns":4.0},{"damage":0.0,"enemies":"Small Slimes","floor":7.0,"turns":3.0},{"damage":18.0,"enemies":"Gremlin Nob","floor":8.0,"turns":4.0},{"damage":8.0,"enemies":"The Mushroom Lair","floor":10.0,"turns":3.0},{"damage":5.0,"enemies":"Looter","floor":13.0,"turns":2.0},{"damage":0.0,"enemies":"3 Sentries","floor":14.0,"turns":2.0},{"damage":47.0,"enemies":"Slime Boss","floor":16.0,"turns":10.0},{"damage":0.0,"enemies":"Chosen","floor":18.0,"turns":4.0},{"damage":5.0,"enemies":"2 Thieves","floor":19.0,"turns":2.0},{"damage":27.0,"enemies":"Snake Plant","floor":20.0,"turns":3.0},{"damage":1.0,"enemies":"Cultist and Chosen","floor":22.0,"turns":4.0},{"damage":14.0,"enemies":"Slavers","floor":27.0,"turns":2.0},{"damage":0.0,"enemies":"Book of Stabbing","floor":30.0,"turns":2.0},{"damage":3.0,"enemies":"Snecko","floor":31.0,"turns":6.0},{"damage":69.0,"enemies":"Collector","floor":33.0,"turns":12.0},{"damage":2.0,"enemies":"3 Shapes","floor":35.0,"turns":2.0},{"damage":43,"enemies":"Nemesis","floor":41,"turns":5},{"damage":18,"enemies":"Orb Walker","floor":45,"turns":3},{"damage":54,"enemies":"Transient","floor":47,"turns":4}],"seed_played":"2220371861052627676","potions_obtained":[{"floor":10.0,"key":"ColorlessPotion"},{"floor":13.0,"key":"Explosive Potion"},{"floor":14.0,"key":"AttackPotion"},{"floor":16.0,"key":"Strength Potion"},{"floor":22.0,"key":"Weak Potion"},{"floor":30.0,"key":"Strength Potion"}],"is_trial":false,"path_per_floor":["M","?","M","?","?","R","M","E","T","?","?","$","M","E","R","B",null,"M","M","M","?","M","R","$","R","T","E","R","?","E","M","R","B",null,"M","?","$","?","?","R","E","R","T","$","M","$","M"],"character_chosen":"IRONCLAD","items_purchased":["Pantograph","PreservedInsect","Sling","Molten Egg 2","Lantern","Red Skull","MerchantsRug","Limit Break","Headbutt+1","Barricade","Rage","Ancient Tea Set"],"campfire_rested":0,"item_purchase_floors":[0,0,0,0,12,12,24,24,24,37,37,44],"current_hp_per_floor":[53,53,53,53,45,45,51,39,39,37,43,43,44,50,50,34,86,86,86,65,65,77,77,77,77,77,69,69,57,63,66,66,35,86,86,86,86,86,75,75,49,49,49,49,39,39,0,0],"gold":52,"neow_bonus":"","is_daily":false,"chose_seed":false,"campfire_upgraded":8,"win_rate":0.0,"timestamp":1611203508,"path_taken":["M","?","M","?","?","R","?","E","T","?","?","?","M","E","R","BOSS","M","?","M","?","M","R","$","R","T","E","R","?","E","?","R","BOSS","M","?","$","?","?","R","E","R","T","$","M","?","?"],"items_purchased_type":["Relic","Relic","Relic","Relic","Relic","Relic","Relic","Card","Card","Card","Card","Relic"],"build_version":"2020-12-22","purchased_purges":1,"victory":false,"max_hp_per_floor":[80,80,80,80,80,80,80,80,80,80,86,86,86,86,86,86,86,86,86,86,86,86,86,86,86,86,86,86,86,86,86,86,86,86,86,86,86,86,86,86,86,86,86,86,86,86,86,86],"card_choices":[{"not_picked":["Sever Soul+1","True Grit"],"picked":"Shrug It Off","floor":1.0},{"not_picked":["Heavy Blade+1","Anger+1"],"picked":"Clash+1","floor":3.0},{"not_picked":["Hemokinesis+1","Whirlwind+1"],"picked":"Flex","floor":7.0},{"not_picked":["Armaments","Infernal Blade"],"picked":"Body Slam+1","floor":8.0},{"not_picked":["Thunderclap+1","Ghostly Armor"],"picked":"Twin Strike+1","floor":10.0},{"not_picked":["Clash+1","Pummel+1","Flex"],"picked":"SKIP","floor":13.0},{"not_picked":["Clash+1","Flex"],"picked":"Pummel+1","floor":13.0},{"not_picked":["Perfected Strike+1","Body Slam+1","Clothesline+1"],"picked":"SKIP","floor":14.0},{"not_picked":["Berserk","Bludgeon+1"],"picked":"Reaper+1","floor":16.0},{"not_picked":["Sever Soul+1","Anger+1","Perfected Strike+1"],"picked":"SKIP","floor":18.0},{"not_picked":["Second Wind","Thunderclap+1"],"picked":"Sword Boomerang+1","floor":19.0},{"not_picked":["Anger+1","Thunderclap+1","Sever Soul+1"],"picked":"SKIP","floor":20.0},{"not_picked":["Thunderclap+1","Burning Pact"],"picked":"Iron Wave+1","floor":22.0},{"not_picked":["Thunderclap+1","Spot Weakness","True Grit"],"picked":"SKIP","floor":27.0},{"not_picked":["Hemokinesis+1","Havoc+1","Iron Wave+1"],"picked":"SKIP","floor":30.0},{"not_picked":["Sever Soul+1","Iron Wave+1"],"picked":"Seeing Red","floor":31.0},{"not_picked":["Fiend Fire+1","Impervious"],"picked":"Berserk","floor":33.0},{"not_picked":["Feel No Pain","Body Slam+1","Carnage+1"],"picked":"SKIP","floor":35.0},{"not_picked":["Twin Strike+1","Fire Breathing"],"picked":"Entrench","floor":41},{"not_picked":["Rupture","Blood for Blood+1","Headbutt+1","Warcry"],"picked":"SKIP","floor":45}],"player_experience":1380549,"relics_obtained":[{"floor":8.0,"key":"Du-Vu Doll"},{"floor":9.0,"key":"Darkstone Periapt"},{"floor":10.0,"key":"Odd Mushroom"},{"floor":14.0,"key":"Omamori"},{"floor":26.0,"key":"Ice Cream"},{"floor":27.0,"key":"Dream Catcher"},{"floor":27.0,"key":"Letter Opener"},{"floor":30.0,"key":"Kunai"},{"floor":30.0,"key":"Bronze Scales"},{"floor":41,"key":"Blood Vial"},{"floor":41,"key":"Question Card"},{"floor":43,"key":"War Paint"}],"event_choices":[{"damage_healed":0.0,"max_hp_gain":0.0,"max_hp_loss":0.0,"gold_gain":0.0,"event_name":"Living Wall","player_choice":"Grow","floor":2.0,"gold_loss":0.0,"damage_taken":0.0,"cards_upgraded":["Bash"]},{"cards_removed":["Strike_R"],"damage_healed":0.0,"max_hp_gain":0.0,"max_hp_loss":0.0,"gold_gain":0.0,"event_name":"The Cleric","player_choice":"Card Removal","floor":4.0,"gold_loss":50.0,"damage_taken":0.0},{"damage_healed":0.0,"max_hp_gain":0.0,"max_hp_loss":0.0,"gold_gain":75.0,"event_name":"FaceTrader","player_choice":"Touch","floor":5.0,"gold_loss":0.0,"damage_taken":8.0},{"damage_healed":0.0,"max_hp_gain":0.0,"max_hp_loss":0.0,"gold_gain":0.0,"event_name":"Mushrooms","player_choice":"Fought Mushrooms","floor":10.0,"gold_loss":0.0,"damage_taken":0.0},{"damage_healed":0.0,"max_hp_gain":0.0,"max_hp_loss":0.0,"gold_gain":175.0,"event_name":"Liars Game","player_choice":"AGREE","floor":11.0,"gold_loss":0.0,"damage_taken":0.0,"cards_obtained":["Doubt"]},{"damage_healed":0.0,"max_hp_gain":0.0,"max_hp_loss":0.0,"gold_gain":0.0,"event_name":"Drug Dealer","player_choice":"Inject Mutagens","floor":21.0,"gold_loss":0.0,"damage_taken":0.0,"relics_obtained":["MutagenicStrength"]},{"damage_healed":0.0,"max_hp_gain":0.0,"max_hp_loss":0.0,"gold_gain":90.0,"event_name":"Knowing Skull","player_choice":"GOLD ","floor":29.0,"potions_obtained":[],"gold_loss":0.0,"damage_taken":12.0,"cards_obtained":[]},{"cards_removed":["Strike_R"],"damage_healed":0.0,"max_hp_gain":0.0,"max_hp_loss":0.0,"gold_gain":0.0,"event_name":"Falling","player_choice":"Removed Attack","floor":36.0,"gold_loss":0.0,"damage_taken":0.0},{"damage_healed":0,"gold_gain":0,"player_choice":"Ignored","damage_taken":0,"max_hp_gain":0,"max_hp_loss":0,"event_name":"Mysterious Sphere","floor":38,"gold_loss":0},{"damage_healed":0,"gold_gain":0,"player_choice":"Embrace Madness","damage_taken":11,"max_hp_gain":0,"max_hp_loss":0,"event_name":"Winding Halls","floor":39,"gold_loss":0,"cards_obtained":["Madness","Madness"]}],"is_beta":false,"boss_relics":[{"not_picked":["Astrolabe","Snecko Eye"],"picked":"Black Star"},{"not_picked":["Mark of Pain","Runic Pyramid"],"picked":"Sozu"}],"items_purged_floors":[12],"is_endless":false,"potions_floor_spawned":[10,13,14,16,18,22,30,41,45],"killed_by":"Transient","ascension_level":0}}