{"host":"7yxt37kap0q16lk4","time":1611198296,"event":{"mods":["2.2 Compatiblity","Act Like it!","BaseMod","Better Third Choice","Better-Laid Plans","Colored Map","Custom Start","Highlight Path","Keyboard Shortcuts","Minty Spire (QoL Compilation)","Quick Restart","Rare Cards Sparkle","Relic Stats","Shop Mod","Slay the Relics Exporter","StSLib","SuperFastMode"],"gold_per_floor":[363,381,381,398,398,398,432,254,254,273,298,298,334,352,352,441,441,459,459,151,178,178,178,192,192,192],"floor_reached":25,"language":"KOR","playtime":642,"items_purged":["Strike_G","Strike_G"],"score":488,"play_id":"7ab4cabe-261c-4897-a5a3-21f201b3a3ef","local_time":"20210121120456","is_ascension_mode":true,"campfire_choices":[{"data":"Neutralize","floor":6,"key":"SMITH"},{"data":"Poisoned Stab","floor":15,"key":"SMITH"},{"floor":23,"key":"REST"}],"circlet_count":0,"master_deck":["AscendersBane","Strike_G","Defend_G","Defend_G","Defend_G","Defend_G","Survivor","Neutralize+1","All Out Attack","Crippling Poison+1","Blur","Infinite Blades","Reflex","Poisoned Stab+1","Crippling Poison","Bane+1","Envenom","Eviscerate+1","Finisher+1","Doppelganger+1","Footwork","PiercingWail"],"relics":["Ring of the Snake","Omamori","The Specimen","Pocketwatch","Molten Egg 2","Tiny Chest","Golden Idol","StoneCalendar","Astrolabe","Oddly Smooth Stone","Potion Belt"],"acts_visited":["Exordium","TheCity"],"potions_floor_usage":[14,16,25,25,25],"damage_taken":[{"damage":6,"enemies":"Cultist","floor":1,"turns":4},{"damage":2,"enemies":"2 Louse","floor":2,"turns":3},{"damage":0,"enemies":"Small Slimes","floor":4,"turns":2},{"damage":31,"enemies":"Lagavulin","floor":7,"turns":8},{"damage":23,"enemies":"Exordium Thugs","floor":10,"turns":3},{"damage":7,"enemies":"3 Sentries","floor":11,"turns":7},{"damage":22,"enemies":"Gremlin Nob","floor":13,"turns":4},{"damage":1,"enemies":"Exordium Wildlife","floor":14,"turns":4},{"damage":30,"enemies":"Slime Boss","floor":16,"turns":7},{"damage":22,"enemies":"2 Thieves","floor":18,"turns":5},{"damage":30,"enemies":"Shell Parasite","floor":24,"turns":5},{"damage":20,"enemies":"Book of Stabbing","floor":25,"turns":3}],"seed_played":"-6638255439211680446","potions_obtained":[{"floor":1,"key":"BlessingOfTheForge"},{"floor":10,"key":"Weak Potion"},{"floor":13,"key":"Block Potion"},{"floor":14,"key":"Swift Potion"},{"floor":16,"key":"DistilledChaos"},{"floor":18,"key":"DuplicationPotion"},{"floor":24,"key":"DistilledChaos"}],"is_trial":false,"path_per_floor":["M","M","?","M","?","R","E","$","T","M","E","?","E","M","R","B",null,"M","?","$","T","?","R","M","E"],"character_chosen":"THE_SILENT","items_purchased":["Reflex","Poisoned Stab","Oddly Smooth Stone","Footwork"],"campfire_rested":1,"item_purchase_floors":[8,8,20,20],"current_hp_per_floor":[38,36,36,36,36,36,5,5,5,12,5,5,13,12,12,12,53,31,31,31,31,31,50,20,0,0],"gold":192,"neow_bonus":"TWO_FIFTY_GOLD","is_daily":false,"chose_seed":false,"campfire_upgraded":2,"win_rate":0.0,"timestamp":1611198296,"path_taken":["M","M","?","M","?","R","E","$","T","?","E","?","E","M","R","BOSS","M","?","?","?","?","R","?","E"],"items_purchased_type":["Card","Card","Relic","Card"],"build_version":"2020-12-22","purchased_purges":2,"victory":false,"max_hp_per_floor":[66,66,66,66,66,66,66,66,66,66,66,66,66,66,66,66,66,66,66,66,66,66,66,66,66,66],"relic_stats":{"counters":[12,55],"Golden Idol":36,"Astrolabe":["Eviscerate","Finisher","Doppelganger"],"Tiny Chest":1,"StoneCalendar":[46],"obtain_stats":[{"Potion Belt":21,"The Specimen":5,"Golden Idol":12,"Astrolabe":17,"Oddly Smooth Stone":20,"Molten Egg 2":9,"Tiny Chest":11,"StoneCalendar":13,"Omamori":1,"Ring of the Snake":0,"Pocketwatch":7},{"Potion Belt":10,"The Specimen":3,"Golden Idol":6,"Astrolabe":9,"Oddly Smooth Stone":10,"Molten Egg 2":4,"Tiny Chest":6,"StoneCalendar":7,"Omamori":1,"Ring of the Snake":0,"Pocketwatch":4},{"Potion Belt":47,"The Specimen":9,"Golden Idol":27,"Astrolabe":42,"Oddly Smooth Stone":47,"Molten Egg 2":17,"Tiny Chest":27,"StoneCalendar":31,"Omamori":2,"Ring of the Snake":0,"Pocketwatch":17}],"Ring of the Snake":[24],"Pocketwatch":[45]},"card_choices":[{"not_picked":["Setup","Outmaneuver"],"picked":"All Out Attack","floor":1},{"not_picked":["Bane","PiercingWail"],"picked":"Crippling Poison","floor":2},{"not_picked":["Dodge and Roll","Choke"],"picked":"Blur","floor":4},{"not_picked":["Endless Agony","Dash"],"picked":"Infinite Blades","floor":7},{"not_picked":["Backflip","Bouncing Flask"],"picked":"Crippling Poison","floor":10},{"not_picked":["Burst","Bouncing Flask"],"picked":"Bane+1","floor":11},{"not_picked":["Deflect","Caltrops","Slice+1"],"picked":"SKIP","floor":13},{"not_picked":["Outmaneuver","Accuracy","Slice+1"],"picked":"SKIP","floor":14},{"not_picked":["Venomology","Grand Finale+1"],"picked":"Envenom","floor":16},{"not_picked":["Sucker Punch+1","Blade Dance","Dash+1"],"picked":"SKIP","floor":18},{"not_picked":["Deflect","Dagger Spray+1"],"picked":"PiercingWail","floor":24}],"player_experience":1049603,"relics_obtained":[{"floor":7,"key":"Pocketwatch"},{"floor":9,"key":"Molten Egg 2"},{"floor":11,"key":"Tiny Chest"},{"floor":13,"key":"StoneCalendar"},{"floor":21,"key":"Potion Belt"}],"event_choices":[{"damage_healed":0,"gold_gain":0,"player_choice":"Grow","damage_taken":0,"max_hp_gain":0,"max_hp_loss":0,"event_name":"Living Wall","floor":3,"gold_loss":0,"cards_upgraded":["Crippling Poison"]},{"damage_healed":0,"gold_gain":0,"player_choice":"Gave Potion","damage_taken":0,"relics_obtained":["The Specimen"],"max_hp_gain":0,"max_hp_loss":0,"event_name":"WeMeetAgain","floor":5,"gold_loss":0},{"damage_healed":0,"gold_gain":0,"player_choice":"Take Wound","damage_taken":0,"relics_obtained":["Golden Idol"],"max_hp_gain":0,"max_hp_loss":0,"event_name":"Golden Idol","floor":12,"gold_loss":0,"cards_obtained":["Injury"]},{"damage_healed":0,"gold_gain":0,"player_choice":"Ignored","damage_taken":0,"max_hp_gain":0,"max_hp_loss":0,"event_name":"N\u0027loth","floor":19,"gold_loss":0},{"damage_healed":0,"gold_gain":0,"player_choice":"Ignored","damage_taken":0,"max_hp_gain":0,"max_hp_loss":0,"event_name":"Cursed Tome","floor":22,"gold_loss":0}],"is_beta":false,"boss_relics":[{"not_picked":["Empty Cage","Runic Dome"],"picked":"Astrolabe"}],"items_purged_floors":[8,20],"is_endless":false,"potions_floor_spawned":[1,10,13,14,16,18,24],"killed_by":"Book of Stabbing","ascension_level":20}}