{"host":"7tvb1em0d2fx72q7","time":1611194836,"event":{"mods":["BaseMod","Challenge The Spire","Minty Spire (QoL Compilation)","StSLib","everything is the same but u backflip on backflip"],"gold_per_floor":[112,15,15,15,32,32,107,132,132,145,156,182,107,125,125,200,200,214,214,230,230,230],"floor_reached":21,"language":"ENG","playtime":1936,"items_purged":[],"score":428,"play_id":"6ac7664c-f553-4fb7-9b70-f327ba18201a","local_time":"20210120210716","is_ascension_mode":true,"campfire_choices":[{"data":"Blade Dance","floor":6.0,"key":"SMITH"},{"floor":15,"key":"REST"}],"circlet_count":0,"master_deck":["AscendersBane","Strike_G","Defend_G","Defend_G","Defend_G","Defend_G","Defend_G","Survivor","Neutralize","Noxious Fumes","Blade Dance+1","Finisher","Deadly Poison","Neutralize","Backstab","Corpse Explosion","A Thousand Cuts+1","Catalyst","Dodge and Roll","Die Die Die","Dash+1","Backflip+1","Choke+1","Prepared+1"],"relics":["Ring of the Snake","NeowsBlessing","Mummified Hand","Paper Crane","Potion Belt","Astrolabe"],"acts_visited":["Exordium","TheCity"],"potions_floor_usage":[12,16,16,18],"damage_taken":[{"damage":0.0,"enemies":"Jaw Worm","floor":1.0,"turns":1.0},{"damage":0.0,"enemies":"Cultist","floor":5.0,"turns":1.0},{"damage":0.0,"enemies":"Lagavulin","floor":8.0,"turns":1.0},{"damage":3.0,"enemies":"2 Louse","floor":10.0,"turns":2.0},{"damage":1.0,"enemies":"Looter","floor":11.0,"turns":3.0},{"damage":13,"enemies":"Gremlin Nob","floor":12,"turns":4},{"damage":15,"enemies":"Large Slime","floor":14,"turns":4},{"damage":9,"enemies":"The Guardian","floor":16,"turns":10},{"damage":16,"enemies":"Spheric Guardian","floor":18,"turns":5},{"damage":29,"enemies":"2 Thieves","floor":20,"turns":3},{"damage":17,"enemies":"Cultist and Chosen","floor":21,"turns":4}],"seed_played":"3968254517341272372","potions_obtained":[{"floor":1.0,"key":"Poison Potion"},{"floor":8.0,"key":"EssenceOfSteel"},{"floor":12,"key":"AttackPotion"},{"floor":14,"key":"Dexterity Potion"}],"is_trial":false,"path_per_floor":["M","$","?","$","M","R","?","E","T","M","M","E","?","M","R","B",null,"M","?","M","M"],"character_chosen":"THE_SILENT","items_purchased":["Blade Dance","Finisher"],"campfire_rested":1,"item_purchase_floors":[2,2],"current_hp_per_floor":[59,59,59,59,59,59,48,48,48,45,44,31,31,16,35,26,56,40,40,11,0,0],"gold":230,"neow_bonus":"THREE_ENEMY_KILL","is_daily":false,"chose_seed":false,"campfire_upgraded":1,"win_rate":0.0,"timestamp":1611194836,"path_taken":["M","$","?","$","?","R","?","E","T","M","M","E","?","M","R","BOSS","M","?","M","?"],"items_purchased_type":["Card","Card"],"build_version":"2020-12-22","purchased_purges":0,"victory":false,"max_hp_per_floor":[66,66,66,66,66,66,66,66,66,66,66,66,66,66,66,66,66,66,66,66,66,66],"card_choices":[{"not_picked":["PiercingWail","Sucker Punch"],"picked":"Noxious Fumes","floor":1.0},{"not_picked":["Well Laid Plans","Dodge and Roll"],"picked":"Backstab","floor":5.0},{"not_picked":["Unload","Slice"],"picked":"Corpse Explosion","floor":8.0},{"not_picked":["Escape Plan","Slice","Prepared"],"picked":"SKIP","floor":10.0},{"not_picked":["Choke","Prepared"],"picked":"A Thousand Cuts","floor":11},{"not_picked":["Quick Slash","Bane"],"picked":"Catalyst","floor":12},{"not_picked":["Reflex","Dagger Spray"],"picked":"Dodge and Roll","floor":14},{"not_picked":["Unload","Bullet Time"],"picked":"Die Die Die","floor":16},{"not_picked":["Eviscerate","Expertise","Tactician+1"],"picked":"SKIP","floor":18},{"not_picked":["Flying Knee","Underhanded Strike"],"picked":"Prepared+1","floor":20}],"player_experience":1943740,"relics_obtained":[{"floor":8.0,"key":"Mummified Hand"},{"floor":9.0,"key":"Paper Crane"},{"floor":12,"key":"Potion Belt"}],"event_choices":[{"damage_healed":0.0,"max_hp_gain":0.0,"max_hp_loss":0.0,"gold_gain":0.0,"event_name":"Match and Keep!","player_choice":"2 cards matched","floor":3.0,"gold_loss":0.0,"damage_taken":0.0,"cards_obtained":["Deadly Poison","Neutralize"]},{"damage_healed":0.0,"max_hp_gain":0.0,"max_hp_loss":0.0,"gold_gain":75.0,"event_name":"World of Goop","player_choice":"Gather Gold","floor":7.0,"gold_loss":0.0,"damage_taken":11.0},{"cards_removed":["Strike_G"],"damage_healed":0,"gold_gain":0,"player_choice":"Card Removal","damage_taken":0,"max_hp_gain":0,"max_hp_loss":0,"event_name":"The Cleric","floor":13,"gold_loss":75},{"damage_healed":0,"gold_gain":0,"player_choice":"Upgraded","damage_taken":0,"max_hp_gain":0,"max_hp_loss":0,"event_name":"Upgrade Shrine","floor":19,"gold_loss":0,"cards_upgraded":["A Thousand Cuts"]}],"is_beta":false,"boss_relics":[{"not_picked":["SacredBark","Fusion Hammer"],"picked":"Astrolabe"}],"items_purged_floors":[],"is_endless":false,"potions_floor_spawned":[1,8,10,12,14],"killed_by":"Cultist and Chosen","ascension_level":20}}