{"host":"78azdv0oxplymbah","time":1611199591,"event":{"mods":["Aspiration","BaseMod","Better Third Choice","BetterRewards","Challenge The Spire","Conspire","Highlight Path","Mimic Mod","Minty Spire (QoL Compilation)","MostiFishMod","Quick Restart","Relic Stats","Remove Card Discount Mod","Replay The Spire","RumiaBox-露米娅的神秘盒子","Spicy Shops","StSLib","TestMod","The Administrix","The Servant 0.9.4","UnlockEverythingMod","Waifu the Spire","vexMod","【功能Mod】混沌之环修复补丁","【遗物卡牌】REMEMod"],"gold_per_floor":[111,111,123,47,47,72,87,104,104,148,174,174,184,214,214,292,292,304,104,144,722,722,766,71,71,116,140,154,154,192,266,266,424,424,451,451,451,451,487,487,538,587,614,80,80,21,21,75,75,108,108,108,108,167,197],"floor_reached":56,"language":"ZHS","playtime":2721,"items_purged":["Decay","Defend_P","Defend_P","Defend_P","Strike_P","Strike_P","Strike_P","conspire:SpireCoStock","Doubt","Pot Of Greed","conspire:SpireCoStock","conspire:SpireCoStock","conspire:SpireCoStock","Replay:Hysterical Blindness","Pain","conspire:NecroticWound","Pride","Vigilance","Eruption","Defend_P","Pot Of Greed","Pot Of Greed","Strike_P","Pride"],"score":1613,"play_id":"097df12e-4724-4226-a4a5-64ef56c74778","local_time":"20210121112631","is_ascension_mode":false,"campfire_choices":[{"floor":15.0,"key":"DIG"},{"floor":25,"key":"RECALL"},{"data":"MostiFishMod:StarWish","floor":32,"key":"SMITH"},{"floor":40,"key":"REST"},{"floor":45,"key":"REST"},{"data":"MostiFishMod:StarWish","floor":47,"key":"SMITH"},{"data":"Alpha","floor":49,"key":"SMITH"},{"data":"Madness","floor":52,"key":"SMITH"}],"circlet_count":0,"master_deck":["Eruption+1","Consecrate+1","ForeignInfluence","Adaptation","MostiFishMod:OutWit+1","ForeignInfluence","Alpha+1","BowlingBash+1","MostiFishMod:Disappear+1","MostiFishMod:Disappear+1","Prostrate+1","Nirvana+1","Wireheading+1","Fasting2+1","MostiFishMod:LegendTransform+1","Pot Of Greed","REME_TwoStrings","MostiFishMod:StarWish+1","MostiFishMod:StarWish+1","CurseOfTheBell","Devotion+1","Pray+1","testmod-TaurusBlackCat+1","REME_FirmDetermination+1","Madness","Madness+1","Fasting2+1","Madness+1","Madness+1","MostiFishMod:Nomercy+1"],"relics":["PureWater","DaveBox","REME_ComplimentaryCards","testmod-TestBox","testmod-FatalChain","Jackal-EndForJourney","NeowsBlessing","SynthV:TestCard","testmod-RainbowHikingShoes","Chemical X","Ring of Fury","Ring of Hypnosis","Strawberry","Simple Rune","Replay:Wax Seal","Frozen Egg 2","Gremlin Food","Grinning Jar","Baka2","SoulBox","Red Mask","testmod-OneHitWonder","Strange Spoon","Onion Ring","Replay:Bandana","Bag of Marbles","REME_HandOfSuture","testmod-TheFather","WarpedTongs","Calling Bell","Vajra","Meat on the Bone","conspire:GiftBox","testmod-TheFather","conspire:DeflatedDodgeball","aspiration:Nostalgia","m_SnakeCloak","Anchor","Pet Ghost","Whetstone","Lee\u0027s Waffle","Ancient Tea Set","vexMod:FocusSash"],"acts_visited":["Exordium","TheCity","TheBeyond","TheEnding"],"potions_floor_usage":[42,42,42,42],"damage_taken":[{"damage":0.0,"enemies":"2 Louse","floor":1.0,"turns":1.0},{"damage":0.0,"enemies":"Cultist","floor":3.0,"turns":1.0},{"damage":0.0,"enemies":"3 Sentries","floor":6.0,"turns":1.0},{"damage":6.0,"enemies":"conspire:RoseBush","floor":7.0,"turns":1.0},{"damage":0.0,"enemies":"3 Louse","floor":8.0,"turns":1.0},{"damage":2.0,"enemies":"Lagavulin","floor":11.0,"turns":1.0},{"damage":5.0,"enemies":"Exordium Thugs","floor":12.0,"turns":2.0},{"damage":0.0,"enemies":"Blue Slaver","floor":13.0,"turns":1.0},{"damage":4.0,"enemies":"Gremlin Nob","floor":14.0,"turns":1.0},{"damage":0.0,"enemies":"Slime Boss","floor":16.0,"turns":2.0},{"damage":0,"enemies":"2 Thieves","floor":18,"turns":2},{"damage":0,"enemies":"conspire:FuzzyDice","floor":20,"turns":2},{"damage":0,"enemies":"Masked Bandits","floor":21,"turns":1},{"damage":0,"enemies":"Slavers","floor":23,"turns":1},{"damage":16,"enemies":"Snake Plant","floor":27,"turns":3},{"damage":0,"enemies":"conspire:Head Lice","floor":28,"turns":3},{"damage":7,"enemies":"Centurion and Healer","floor":30,"turns":3},{"damage":13,"enemies":"3 Cultists","floor":31,"turns":3},{"damage":42,"enemies":"Champ","floor":33,"turns":6},{"damage":7,"enemies":"3 Shapes","floor":35,"turns":1},{"damage":3,"enemies":"3 Darklings","floor":39,"turns":2},{"damage":2,"enemies":"Giant Head","floor":41,"turns":2},{"damage":47,"enemies":"Transient","floor":42,"turns":5},{"damage":0,"enemies":"Reptomancer","floor":48,"turns":1},{"damage":0,"enemies":"conspire:OrnateMirror","floor":50,"turns":3},{"damage":0,"enemies":"Shield and Spear","floor":54,"turns":1},{"damage":73,"enemies":"The Heart","floor":55,"turns":5}],"seed_played":"-8218369468832155194","potions_obtained":[{"floor":6.0,"key":"BottledMiracle"},{"floor":8.0,"key":"SpeedPotion"},{"floor":10.0,"key":"SpeedPotion"},{"floor":11.0,"key":"LiquidMemories"},{"floor":27,"key":"Weak Potion"},{"floor":48,"key":"Reflective Coating"},{"floor":54,"key":"Energy Potion"}],"is_trial":false,"path_per_floor":["M","?","M","$","?","E","M","M","T","?","E","M","M","E","R","B",null,"M","?","M","?","?","E","$","R","T","M","E","?","M","M","R","B",null,"M","?","?","?","M","R","E","M","T","$","R","$","R","E","R","B",null,"R","$","E","B",null],"character_chosen":"WATCHER","items_purchased":["Chemical X","Strange Spoon","Onion Ring","Replay:Bandana","REME_TwoStrings","Bag of Marbles","aspiration:Nostalgia","Anchor","Pet Ghost","Whetstone","Lee\u0027s Waffle"],"campfire_rested":2,"item_purchase_floors":[4,24,24,24,24,24,44,44,44,44,46],"current_hp_per_floor":[72,72,72,72,72,79,73,73,73,73,71,66,66,62,62,62,79,79,79,79,79,79,79,79,79,79,76,76,76,69,56,56,14,76,69,69,64,54,51,73,73,38,38,38,60,83,83,83,83,83,83,83,83,83,22],"gold":197,"neow_bonus":"THREE_ENEMY_KILL","is_daily":false,"chose_seed":false,"campfire_upgraded":4,"win_rate":0.0,"timestamp":1611199591,"path_taken":["M","?","?","$","?","E","M","M","T","?","E","M","M","E","R","BOSS","M","?","M","?","?","E","$","R","T","?","E","?","?","M","R","BOSS","M","?","?","?","M","R","E","M","T","$","R","?","R","E","R","BOSS","R","$","E","BOSS"],"items_purchased_type":["Relic","Relic","Relic","Relic","Card","Relic","Relic","Relic","Relic","Relic","Relic"],"build_version":"2020-12-22","purchased_purges":24,"victory":true,"max_hp_per_floor":[72,72,72,72,72,79,79,79,79,79,79,79,79,79,79,79,79,79,79,79,79,79,79,79,79,79,76,76,76,76,76,76,76,76,76,76,76,76,76,76,76,76,76,76,76,83,83,83,83,83,83,83,83,83,83],"relic_stats":{"Strange Spoon":[73],"Lee\u0027s Waffle":23,"counters":[27,56],"Chemical X":[2],"Whetstone":["Eruption","MostiFishMod:Disappear"],"obtain_stats":[{"DaveBox":0,"Vajra":34,"SoulBox":17,"Whetstone":44,"testmod-RainbowHikingShoes":3,"Ancient Tea Set":48,"Pet Ghost":44,"Baka2":16,"Replay:Bandana":24,"Strawberry":6,"testmod-TheFather":28,"Red Mask":21,"Chemical X":4,"Jackal-EndForJourney":0,"Replay:Wax Seal":10,"Gremlin Food":14,"m_SnakeCloak":44,"Lee\u0027s Waffle":46,"testmod-TestBox":0,"NeowsBlessing":0,"Ring of Hypnosis":5,"aspiration:Nostalgia":44,"testmod-FatalChain":0,"Baka":1,"vexMod:FocusSash":54,"Frozen Egg 2":11,"WarpedTongs":29,"Calling Bell":34,"Strange Spoon":24,"conspire:GiftBox":34,"Anchor":44,"SynthV:TestCard":1,"Ring of Fury":5,"Simple Rune":9,"Onion Ring":24,"REME_HandOfSuture":26,"Bag of Marbles":24,"PureWater":0,"Grinning Jar":15,"conspire:DeflatedDodgeball":41,"testmod-OneHitWonder":23,"REME_ComplimentaryCards":0,"Meat on the Bone":34},{"DaveBox":0,"Vajra":19,"SoulBox":10,"Whetstone":23,"testmod-RainbowHikingShoes":2,"Ancient Tea Set":24,"Pet Ghost":23,"Baka2":10,"Replay:Bandana":14,"Strawberry":3,"testmod-TheFather":16,"Red Mask":13,"Chemical X":2,"Jackal-EndForJourney":0,"Replay:Wax Seal":5,"Gremlin Food":9,"m_SnakeCloak":23,"Lee\u0027s Waffle":23,"testmod-TestBox":0,"NeowsBlessing":0,"Ring of Hypnosis":2,"aspiration:Nostalgia":23,"testmod-FatalChain":0,"Baka":1,"vexMod:FocusSash":26,"Frozen Egg 2":6,"WarpedTongs":16,"Calling Bell":19,"Strange Spoon":14,"conspire:GiftBox":19,"Anchor":23,"SynthV:TestCard":1,"Ring of Fury":2,"Simple Rune":5,"Onion Ring":14,"REME_HandOfSuture":14,"Bag of Marbles":14,"PureWater":0,"Grinning Jar":9,"conspire:DeflatedDodgeball":22,"testmod-OneHitWonder":14,"REME_ComplimentaryCards":0,"Meat on the Bone":19},{"DaveBox":0,"Vajra":36,"SoulBox":12,"Whetstone":46,"testmod-RainbowHikingShoes":2,"Ancient Tea Set":47,"Pet Ghost":46,"Baka2":12,"Replay:Bandana":18,"Strawberry":3,"testmod-TheFather":24,"Red Mask":17,"Chemical X":2,"Jackal-EndForJourney":0,"Replay:Wax Seal":5,"Gremlin Food":10,"m_SnakeCloak":46,"Lee\u0027s Waffle":46,"testmod-TestBox":0,"NeowsBlessing":0,"Ring of Hypnosis":2,"aspiration:Nostalgia":46,"testmod-FatalChain":0,"Baka":1,"vexMod:FocusSash":51,"Frozen Egg 2":6,"WarpedTongs":24,"Calling Bell":36,"Strange Spoon":18,"conspire:GiftBox":36,"Anchor":46,"SynthV:TestCard":1,"Ring of Fury":2,"Simple Rune":5,"Onion Ring":18,"REME_HandOfSuture":18,"Bag of Marbles":18,"PureWater":0,"Grinning Jar":10,"conspire:DeflatedDodgeball":41,"testmod-OneHitWonder":18,"REME_ComplimentaryCards":0,"Meat on the Bone":36}],"WarpedTongs":[32],"Meat on the Bone":24},"card_choices":[{"not_picked":["EmptyFist","Meditate"],"picked":"Consecrate","floor":1.0},{"not_picked":["Halt","Indignation","CrushJoints","WheelKick","WindmillStrike"],"picked":"SKIP","floor":3.0},{"not_picked":["WheelKick","EmptyBody","DeusExMachina","ThirdEye"],"picked":"ForeignInfluence","floor":6.0},{"not_picked":["Fasting2","Crescendo","Study","Protect"],"picked":"Adaptation","floor":7.0},{"not_picked":["MentalFortress","Evaluate","Replay:BluntJabs","SashWhip","TalkToTheHand"],"picked":"SKIP","floor":8.0},{"not_picked":["BowlingBash","Replay:Battleflow","FlyingSleeves","Prostrate"],"picked":"MostiFishMod:OutWit+1","floor":11.0},{"not_picked":["Sanctity","Crescendo","SashWhip","FollowUp"],"picked":"ForeignInfluence","floor":12.0},{"not_picked":["Replay:Vibes","JustLucky","Tantrum","FollowUp"],"picked":"Alpha","floor":13.0},{"not_picked":["Study+1","Sanctity","Consecrate","FlyingSleeves"],"picked":"BowlingBash","floor":14.0},{"not_picked":["MostiFishMod:StarHerder+1","MostiFishMod:StarOceanP","Vault","REME_CRH"],"picked":"MostiFishMod:Disappear","floor":16.0},{"not_picked":["EmptyBody","REME_Repentance","ForeignInfluence","Replay:AtTheReady"],"picked":"Prostrate+1","floor":18},{"not_picked":["FlurryOfBlows","EmptyFist","JustLucky+1","SignatureMove"],"picked":"Nirvana+1","floor":20},{"not_picked":["BattleHymn+1","FlurryOfBlows+1","MentalFortress+1","Swivel"],"picked":"Wireheading+1","floor":21},{"not_picked":["CrushJoints","BowlingBash","Consecrate","CutThroughFate+1"],"picked":"MostiFishMod:LegendTransform+1","floor":23},{"not_picked":["Prostrate","EmptyFist+1","Replay:DivineShield","Replay:BluntJabs+1"],"picked":"MostiFishMod:StarWish","floor":27},{"not_picked":["MostiFishMod:StarHerder+1","EmptyMind","Sanctity","CrushJoints","EmptyBody"],"picked":"SKIP","floor":28},{"not_picked":["Crescendo+1","ClearTheMind","LikeWater+1","CutThroughFate+1","Evaluate"],"picked":"SKIP","floor":30},{"not_picked":["Replay:Vibes","CrushJoints","PathToVictory","SashWhip+1"],"picked":"Pray","floor":31},{"not_picked":["MostiFishMod:StarOceanP","MasterReality+1","SpiritShield","MostiFishMod:CyberBuddha"],"picked":"MostiFishMod:StarWish","floor":33},{"not_picked":["DeusExMachina","REME_EmptyShield"],"picked":"Devotion+1","floor":34},{"not_picked":["Replay:AtTheReady","Consecrate","EmptyBody+1","EmptyMind+1"],"picked":"Pray+1","floor":35},{"not_picked":["Forethought","Panacea","Specialist+1","MostiFishMod:ElfcollectionBox"],"picked":"testmod-TaurusBlackCat+1","floor":37},{"not_picked":["MostiFishMod:JungleRules","Master of Strategy","testmod-Librarian","PanicButton"],"picked":"REME_FirmDetermination+1","floor":37},{"not_picked":["FollowUp","Replay:ManipulateFuture+1","EmptyBody","Crescendo+1","SashWhip+1"],"picked":"SKIP","floor":39},{"not_picked":["Crescendo","REME_MusicOfDeath+1","CarveReality+1","MostiFishMod:ScryFuture+1"],"picked":"Fasting2+1","floor":41},{"not_picked":["REME_Repentance+1","Crescendo+1","WindmillStrike+1","EmptyFist","ThirdEye"],"picked":"SKIP","floor":42},{"not_picked":["REME_Repentance","Dagger Throw","Collect","EmptyMind+1"],"picked":"MostiFishMod:Nomercy+1","floor":48},{"not_picked":["REME_Repentance","MentalFortress+1","FollowUp+1","Evaluate+1","Swivel"],"picked":"SKIP","floor":54}],"player_experience":46495,"relics_obtained":[{"floor":1.0,"key":"Baka"},{"floor":1.0,"key":"SynthV:TestCard"},{"floor":3.0,"key":"testmod-RainbowHikingShoes"},{"floor":5.0,"key":"Ring of Fury"},{"floor":5.0,"key":"Ring of Hypnosis"},{"floor":6.0,"key":"Strawberry"},{"floor":9.0,"key":"Simple Rune"},{"floor":10.0,"key":"Replay:Wax Seal"},{"floor":11.0,"key":"Frozen Egg 2"},{"floor":14.0,"key":"Gremlin Food"},{"floor":15.0,"key":"Grinning Jar"},{"floor":16.0,"key":"Baka2"},{"floor":21,"key":"Red Mask"},{"floor":23,"key":"testmod-OneHitWonder"},{"floor":26,"key":"REME_HandOfSuture"},{"floor":28,"key":"testmod-TheFather"},{"floor":34,"key":"Vajra"},{"floor":34,"key":"Meat on the Bone"},{"floor":34,"key":"conspire:GiftBox"},{"floor":41,"key":"testmod-TheFather"},{"floor":41,"key":"conspire:DeflatedDodgeball"},{"floor":48,"key":"Ancient Tea Set"},{"floor":54,"key":"vexMod:FocusSash"}],"event_choices":[{"damage_healed":0.0,"max_hp_gain":0.0,"max_hp_loss":0.0,"gold_gain":0.0,"event_name":"The Woman in Blue","player_choice":"Bought 0 Potions","floor":2.0,"gold_loss":0.0,"damage_taken":0.0},{"damage_healed":0,"gold_gain":0,"player_choice":"Invest 4","damage_taken":0,"max_hp_gain":0,"max_hp_loss":0,"event_name":"conspire:Investor","floor":19,"gold_loss":0},{"damage_healed":0,"gold_gain":0,"player_choice":"Fought Bandits","damage_taken":0,"max_hp_gain":0,"max_hp_loss":0,"event_name":"Masked Bandits","floor":21,"gold_loss":0},{"damage_healed":0,"gold_gain":0,"player_choice":"Read","damage_taken":0,"max_hp_gain":0,"max_hp_loss":0,"event_name":"The Library","floor":22,"gold_loss":0,"cards_obtained":["Fasting2"]},{"damage_healed":0,"gold_gain":0,"player_choice":"Rummage","damage_taken":0,"relics_obtained":["WarpedTongs"],"max_hp_gain":0,"max_hp_loss":0,"event_name":"Accursed Blacksmith","floor":29,"gold_loss":0,"cards_obtained":["Pain"]},{"cards_removed":["Pray"],"damage_healed":0,"gold_gain":0,"player_choice":"Removed Skill","damage_taken":0,"max_hp_gain":0,"max_hp_loss":0,"event_name":"Falling","floor":36,"gold_loss":0},{"damage_healed":0,"gold_gain":0,"player_choice":"Memory 2","damage_taken":5,"max_hp_gain":0,"max_hp_loss":0,"event_name":"SensoryStone","floor":37,"gold_loss":0},{"damage_healed":0,"gold_gain":0,"player_choice":"Embrace Madness","damage_taken":10,"max_hp_gain":0,"max_hp_loss":0,"event_name":"Winding Halls","floor":38,"gold_loss":0,"cards_obtained":["Madness","Madness"]}],"is_beta":false,"boss_relics":[{"not_picked":["testmod-DreamHouse","BloodWine"],"picked":"SoulBox"},{"not_picked":["REME_ChargedStone","GreenFoldingFan"],"picked":"Calling Bell"}],"items_purged_floors":[4,4,4,4,4,4,4,24,24,24,24,24,44,44,44,44,44,44,44,44,44,44,44,46],"is_endless":false,"potions_floor_spawned":[6,8,11,21,27,28,31,35,41,48,54],"ascension_level":0}}