{"host":"vyjryxuuuxkt43k4","time":1611240526,"event":{"mods":["AchievementEnabler","BaseMod","Colored Map","DeckTracker","Keyboard Shortcuts","Minty Spire (QoL Compilation)","Permanent Neow","Quick Restart","StSLib","SuperFastMode","everything is the same but u backflip on backflip"],"gold_per_floor":[18,32,52,65,82,114,114,139,139,26,45,58,91,110,110,110,110],"floor_reached":16,"language":"KOR","playtime":685,"items_purged":[],"score":264,"play_id":"90410f5e-f083-4add-9d00-494ca195d0db","local_time":"20210121234846","is_ascension_mode":true,"campfire_choices":[{"floor":7.0,"key":"REST"},{"floor":15.0,"key":"REST"}],"circlet_count":0,"master_deck":["AscendersBane","Strike_R","Strike_R","Strike_R","Strike_R","Strike_R","Defend_R","Defend_R","Defend_R","Defend_R","Bash","Feed","Headbutt","Armaments","Cleave","Body Slam","Fiend Fire","Pummel","Feel No Pain","Pommel Strike","Perfected Strike"],"relics":["Burning Blood","Mercury Hourglass","Question Card","TungstenRod","Magic Flower"],"acts_visited":["Exordium"],"potions_floor_usage":[16],"damage_taken":[{"damage":7.0,"enemies":"Jaw Worm","floor":1.0,"turns":3.0},{"damage":17.0,"enemies":"Cultist","floor":2.0,"turns":4.0},{"damage":4.0,"enemies":"2 Louse","floor":3.0,"turns":3.0},{"damage":1.0,"enemies":"Exordium Wildlife","floor":4.0,"turns":4.0},{"damage":11.0,"enemies":"Blue Slaver","floor":5.0,"turns":3.0},{"damage":57.0,"enemies":"3 Sentries","floor":6.0,"turns":15.0},{"damage":46.0,"enemies":"Lagavulin","floor":8.0,"turns":6.0},{"damage":4.0,"enemies":"3 Louse","floor":11.0,"turns":2.0},{"damage":0.0,"enemies":"Gremlin Gang","floor":12.0,"turns":3.0},{"damage":19.0,"enemies":"Gremlin Nob","floor":13.0,"turns":4.0},{"damage":5.0,"enemies":"2 Fungi Beasts","floor":14.0,"turns":3.0},{"damage":46,"enemies":"Hexaghost","floor":16,"turns":9}],"seed_played":"2007232647340088661","potions_obtained":[{"floor":2.0,"key":"Block Potion"},{"floor":11.0,"key":"DuplicationPotion"},{"floor":12.0,"key":"Weak Potion"},{"floor":14.0,"key":"PowerPotion"}],"is_trial":false,"path_per_floor":["M","M","M","M","M","E","R","E","T","$","M","M","E","M","R","B"],"character_chosen":"IRONCLAD","items_purchased":["SneckoOil"],"campfire_rested":2,"item_purchase_floors":[10],"current_hp_per_floor":[70,62,68,77,75,24,51,14,14,14,16,25,12,16,45,0,0],"gold":110,"neow_bonus":"THREE_RARE_CARDS","is_daily":false,"chose_seed":false,"campfire_upgraded":0,"win_rate":0.0,"timestamp":1611240526,"path_taken":["M","M","M","M","M","E","R","E","T","$","M","M","E","M","R","BOSS"],"items_purchased_type":["Potion"],"build_version":"2020-12-22","purchased_purges":0,"victory":false,"max_hp_per_floor":[78,81,85,89,92,92,92,95,95,95,95,98,98,98,98,98,98],"card_choices":[{"not_picked":["Bludgeon","Juggernaut"],"picked":"Feed","floor":0.0},{"not_picked":["Havoc","Clothesline"],"picked":"Headbutt","floor":1.0},{"not_picked":["Clash","Intimidate"],"picked":"Armaments","floor":2.0},{"not_picked":["Flex","Clothesline"],"picked":"Cleave","floor":3.0},{"not_picked":["Clothesline","True Grit"],"picked":"Body Slam","floor":4.0},{"not_picked":["Flex","Perfected Strike"],"picked":"Fiend Fire","floor":5.0},{"not_picked":["Sentinel","Clash"],"picked":"Pummel","floor":6.0},{"not_picked":["Perfected Strike","Cleave"],"picked":"Feel No Pain","floor":8.0},{"not_picked":["Twin Strike","Wild Strike","Disarm"],"picked":"Pommel Strike","floor":11.0},{"not_picked":["Dropkick","True Grit","Twin Strike","Berserk"],"picked":"SKIP","floor":12.0},{"not_picked":["Dropkick","True Grit","Twin Strike","Berserk"],"picked":"SKIP","floor":12.0},{"not_picked":["Heavy Blade","Pommel Strike","Wild Strike"],"picked":"Perfected Strike","floor":13.0},{"not_picked":["Rampage","Reckless Charge","Thunderclap","Pommel Strike"],"picked":"SKIP","floor":14.0}],"player_experience":213174,"relics_obtained":[{"floor":6.0,"key":"Mercury Hourglass"},{"floor":8.0,"key":"Question Card"},{"floor":9.0,"key":"TungstenRod"},{"floor":13.0,"key":"Magic Flower"}],"event_choices":[],"is_beta":false,"boss_relics":[],"items_purged_floors":[],"is_endless":false,"potions_floor_spawned":[2,11,12,14],"killed_by":"Hexaghost","ascension_level":18}}