{"host":"hnrafgucdht3qvsp","time":1611196464,"event":{"mods":["BaseMod","Colored Map","Downfall","Minty Spire (QoL Compilation)","Relic Stats","StSLib"],"gold_per_floor":[99,119,104,104,115,40,40,53,68,68,53,64,49,82,96,197,197,197,197,197,197],"floor_reached":19,"language":"ENG","playtime":1013,"items_purged":[],"score":225,"play_id":"c3e88df7-fab0-4ba3-82fd-709f49dd3c87","local_time":"20210120213424","is_ascension_mode":true,"campfire_choices":[{"floor":1.0,"key":"RECALL"},{"data":"Guardian:TwinSlam","floor":6.0,"key":"SMITH"},{"data":"Guardian:AncientConstruct","floor":18,"key":"SMITH"}],"circlet_count":0,"master_deck":["Guardian:Strike_Guardian","Guardian:Strike_Guardian","Guardian:Defend_Guardian","Guardian:Defend_Guardian","Guardian:Defend_Guardian","Guardian:CurlUp","Guardian:TwinSlam+1","Injury","Guardian:ShieldCharger","Guardian:AncientConstruct+1","Guardian:Repulse","Guardian:SentryBeam","Guardian:StasisField","Guardian:StasisStrike+1","Guardian:BronzeArmor+1","Guardian:PrimingBeam+1"],"relics":["Guardian:ModeShifter","CaptainsWheel","downfall:HeartBlessingRed","Singing Bowl","downfall:BrokenWingStatue","Blood Vial","Astrolabe"],"acts_visited":["TheCity"],"potions_floor_usage":[],"damage_taken":[{"damage":1.0,"enemies":"2 Louse","floor":2.0,"turns":3.0},{"damage":1.0,"enemies":"downfall:FleeingMerchant","floor":3.0,"turns":4.0},{"damage":1.0,"enemies":"Cultist","floor":5.0,"turns":5.0},{"damage":4.0,"enemies":"Small Slimes","floor":8.0,"turns":4.0},{"damage":8.0,"enemies":"Exordium Wildlife","floor":9.0,"turns":5.0},{"damage":0.0,"enemies":"downfall:FleeingMerchant","floor":11.0,"turns":4.0},{"damage":12.0,"enemies":"Lots of Slimes","floor":12.0,"turns":4.0},{"damage":5.0,"enemies":"downfall:FleeingMerchant","floor":13.0,"turns":4.0},{"damage":16.0,"enemies":"Gremlin Nob","floor":14.0,"turns":5.0},{"damage":0.0,"enemies":"Large Slime","floor":15.0,"turns":6.0},{"damage":26.0,"enemies":"downfall:Watcher","floor":16.0,"turns":16.0},{"damage":72,"enemies":"3 Byrds","floor":19,"turns":6}],"seed_played":"-1876766100954146570","potions_obtained":[{"floor":4.0,"key":"downfall:CursedFountainPotion"},{"floor":5.0,"key":"sneckomod:MuddlingPotion"},{"floor":8.0,"key":"Strength Potion"},{"floor":12.0,"key":"champ:CounterPotion"}],"is_trial":false,"path_per_floor":["R","M","$","?","M","R","T","M","M","?","$","M","$","E","M","B",null,"R","M"],"character_chosen":"GUARDIAN","items_purchased":[],"campfire_rested":0,"item_purchase_floors":[],"current_hp_per_floor":[72,71,70,70,69,69,69,65,57,57,57,47,44,28,30,6,65,65,0,0,0],"gold":197,"neow_bonus":"ONE_RARE_RELIC","is_daily":false,"chose_seed":false,"campfire_upgraded":2,"win_rate":0.0,"timestamp":1611196464,"path_taken":["R","M","$","?","?","R","T","M","M","?","?","?","?","E","M","BOSS","R","M"],"items_purchased_type":[],"build_version":"2020-12-22","purchased_purges":0,"victory":false,"max_hp_per_floor":[80,80,80,80,80,80,80,80,80,80,80,82,84,84,84,84,84,84,84,84,84],"relic_stats":{"Blood Vial":6,"Singing Bowl":4,"counters":[12,66],"Astrolabe":["Guardian:StasisStrike","Guardian:BronzeArmor","Guardian:PrimingBeam"],"obtain_stats":[{"Blood Vial":14,"CaptainsWheel":0,"downfall:BrokenWingStatue":10,"downfall:HeartBlessingRed":6,"Singing Bowl":7,"Astrolabe":17,"Guardian:ModeShifter":0},{"Blood Vial":9,"CaptainsWheel":0,"downfall:BrokenWingStatue":5,"downfall:HeartBlessingRed":3,"Singing Bowl":3,"Astrolabe":11,"Guardian:ModeShifter":0},{"Blood Vial":38,"CaptainsWheel":0,"downfall:BrokenWingStatue":21,"downfall:HeartBlessingRed":12,"Singing Bowl":12,"Astrolabe":60,"Guardian:ModeShifter":0}]},"card_choices":[{"not_picked":["Guardian:RollAttack","Guardian:TimeBomb"],"picked":"Guardian:ShieldCharger","floor":2.0},{"not_picked":["Guardian:Gem_Cyan","Guardian:Gem_Lightblue"],"picked":"Guardian:AncientConstruct","floor":3.0},{"not_picked":["Guardian:PiercingHide","Guardian:DecasProtection"],"picked":"Guardian:Repulse","floor":5.0},{"not_picked":["Guardian:Gem_Yellow","Guardian:Planning"],"picked":"Guardian:Gem_Blue","floor":8.0},{"not_picked":["Guardian:CrystalBeam","Guardian:Preprogram"],"picked":"Guardian:SentryBeam","floor":9.0},{"not_picked":["Guardian:Orbwalk","Guardian:Reroute"],"picked":"Guardian:Gem_Orange","floor":11.0},{"not_picked":["Guardian:PiercingHide","Guardian:RollAttack","Guardian:MultiBeam"],"picked":"Singing Bowl","floor":12.0},{"not_picked":["Guardian:Planning","Guardian:Gem_Lightblue","Guardian:FuturePlans"],"picked":"Singing Bowl","floor":13.0},{"not_picked":["Guardian:Planning","Guardian:AncientConstruct"],"picked":"Guardian:Gem_Cyan","floor":14.0},{"not_picked":["Guardian:PrimingBeam","Guardian:TemporalShield"],"picked":"Guardian:Gem_Cyan","floor":15.0},{"not_picked":["Guardian:AncientConstruct","Guardian:FierceBash"],"picked":"Guardian:StasisField","floor":16.0}],"player_experience":622227,"relics_obtained":[{"floor":7.0,"key":"Singing Bowl"},{"floor":14.0,"key":"Blood Vial"}],"event_choices":[],"is_beta":false,"boss_relics":[{"not_picked":["SacredBark","SlaversCollar"],"picked":"Astrolabe"}],"items_purged_floors":[],"is_endless":false,"potions_floor_spawned":[5,8,12,15],"killed_by":"3 Byrds","ascension_level":7}}