{"host":"40gggw0x72bpm5se","time":1611251753,"event":{"mods":["ATMod(°¢èªMod)","Act Like it!","Aspiration","BaseMod","Better Vampires","Colored Map","Conspire","Energized Spire","Friendly Minions","Gensokyo","GungeonMod","GungeonMod Extend","Infinite Spire","Koishi","Library of Ruina","Library of Ruina Extra","Lobotomy","LobotomyExtend","Minty Spire (QoL Compilation)","Quarter Circle Forward PUNCH!","Quick Restart","Reimu£¨²©ÀöÁéÃÎ£©","Relic Stats","Replay The Spire","RumiaBox-Â¶Ã×æ«µÄÉñÃØºÐ×Ó","Shop Mod","Spicy Shops","StSLib","TestMod","The Alterego","UnlockEverythingMod","Waifu the Spire","Youmu£¨»êÆÇÑýÃÎ£©","vexMod","¡¾¹¦ÄÜMod¡¿»ìãçÖ®»·ÐÞ¸´²¹¶¡","¡¾ÒÅÎï¿¨ÅÆ¡¿REMEMod","Ä§½ä"],"gold_per_floor":[113,13,13,113,35,67,67,81,127,146,156,167,208,227,227,340,340,364,373,386,427,427,479,491,491,491,491,491,515,515,515],"floor_reached":30,"language":"ZHS","playtime":1125,"items_purged":["RingOfDestiny:Defend_SF"],"score":362,"play_id":"9a4375ad-32c8-4218-82d3-80c43941d992","local_time":"20210122015553","is_ascension_mode":false,"campfire_choices":[{"data":"AT_MachinaRedman","floor":7.0,"key":"SMITH"},{"data":"AT_FamilyPortrait","floor":15.0,"key":"SMITH"},{"data":"RingOfDestiny:GasBomb","floor":25.0,"key":"SMITH"}],"circlet_count":0,"master_deck":["RingOfDestiny:Defend_SF","RingOfDestiny:Defend_SF","RingOfDestiny:Strike_SF","RingOfDestiny:Strike_SF","RingOfDestiny:Strike_SF","RingOfDestiny:ShadowCard","RingOfDestiny:PoisonedShiv","RingOfDestiny:FallenFlower","RingOfDestiny:RattanBeetle","AT_MachinaRedman+1","AT_FamilyPortrait+1","RingOfDestiny:WristBlade","RingOfDestiny:GasBomb","RingOfDestiny:FrozenDark","RingOfDestiny:GasBomb+1","RingOfDestiny:HexaMudra","RingOfDestiny:Ridicule","RingOfDestiny:ShadowCorrosion","RingOfDestiny:ShadowBlossom","RingOfDestiny:ShadowShackles","RingOfDestiny:UndecMudra","RingOfDestiny:WorldOfFloweringTree","RingOfDestiny:FrozenDark+1","RingOfDestiny:NinjutsuMudra","RingOfDestiny:FireRelease","RingOfDestiny:ShadowCorrosion+1","RingOfDestiny:HeptMudra+1","Decay","RingOfDestiny:DarkLight","RingOfDestiny:DarkProjection"],"relics":["RingOfDestiny:ShadowKunai","REME_ComplimentaryCards","AT_ATBox","testmod-TestBox","testmod-D¨¦j¨¤vu","aspiration:Nostalgia","Koishi:ImaginaryFriend","Baka","LetterFromLob","Chameleon Ring","Cauldron","Regal Pillow","Ccalipers","CeramicFish","Philosopher\u0027s Stone","Du-Vu Doll","vexMod:MemoryStick","AT_EbonyIvory"],"acts_visited":["Gensokyo:Gensokyo","TheCity"],"potions_floor_usage":[],"damage_taken":[{"damage":1.0,"enemies":"Gensokyo:3_Fairies","floor":1.0,"turns":3.0},{"damage":0.0,"enemies":"Gensokyo:Mamizou","floor":6.0,"turns":1.0},{"damage":0.0,"enemies":"Gensokyo:Gryphon","floor":8.0,"turns":2.0},{"damage":0.0,"enemies":"Gensokyo:Python","floor":10.0,"turns":1.0},{"damage":0.0,"enemies":"Gensokyo:VengefulSpirit","floor":11.0,"turns":1.0},{"damage":0.0,"enemies":"Gensokyo:Python_and_Kodama","floor":12.0,"turns":1.0},{"damage":0.0,"enemies":"Gensokyo:Cirno","floor":13.0,"turns":4.0},{"damage":0.0,"enemies":"Gensokyo:5_Fairies","floor":14.0,"turns":5.0},{"damage":6.0,"enemies":"Gensokyo:Kokoro","floor":16.0,"turns":4.0},{"damage":2.0,"enemies":"Chosen","floor":18.0,"turns":1.0},{"damage":0.0,"enemies":"2 Thieves","floor":20.0,"turns":2.0},{"damage":0.0,"enemies":"Shelled Parasite and Fungi","floor":21.0,"turns":2.0},{"damage":0.0,"enemies":"Replay:Snechameleon","floor":23.0,"turns":4.0},{"damage":0.0,"enemies":"Sentry and Sphere","floor":24.0,"turns":3.0},{"damage":1.0,"enemies":"Cultist and Chosen","floor":29.0,"turns":3.0},{"damage":4,"enemies":"Nightmare","floor":30,"turns":5}],"seed_played":"-4644044200927634427","potions_obtained":[{"floor":1.0,"key":"ZuzhouPotion:ReiMu"},{"floor":5.0,"key":"testmod-EscapePotion"},{"floor":5.0,"key":"DemoMod:LeadSkinPotion"},{"floor":8.0,"key":"Swift Potion"},{"floor":13.0,"key":"SteroidPotion"},{"floor":23.0,"key":"Milkshake"},{"floor":29.0,"key":"Fire Potion"}],"is_trial":false,"path_per_floor":["M","?","?","?","$","E","R","M","T","M","M","M","E","M","R","B",null,"M","?","M","M","AVR","E","M","R","T","T","?","M","NM"],"character_chosen":"ShadowFlower","items_purchased":["Cauldron"],"campfire_rested":0,"item_purchase_floors":[5],"current_hp_per_floor":[86,86,86,86,86,86,86,86,86,86,86,86,86,86,86,82,86,86,86,86,86,86,86,86,86,86,86,86,86,85,85],"gold":515,"neow_bonus":"NOSTALGIA","is_daily":false,"chose_seed":false,"campfire_upgraded":3,"win_rate":0.0,"timestamp":1611251753,"path_taken":["M","?","?","?","$","E","R","M","T","M","M","M","E","?","R","BOSS","M","?","M","M","AVR","E","?","R","T","?","?","M","NM"],"items_purchased_type":["Relic"],"build_version":"2020-12-22","purchased_purges":1,"victory":false,"max_hp_per_floor":[86,86,86,86,86,86,86,86,86,86,86,86,86,86,86,86,86,86,86,86,86,86,86,86,86,86,86,86,86,86,86],"relic_stats":{"Regal Pillow":0,"counters":[16,41],"CeramicFish":99,"obtain_stats":[{"Regal Pillow":6,"vexMod:MemoryStick":23,"AT_ATBox":0,"testmod-TestBox":0,"aspiration:Nostalgia":0,"CeramicFish":13,"RingOfDestiny:ShadowKunai":0,"DemoMod:GlassGuonStoneRelic":1,"AT_EbonyIvory":26,"Baka":1,"Du-Vu Doll":22,"Cauldron":5,"Chameleon Ring":2,"Ccalipers":9,"Philosopher\u0027s Stone":17,"testmod-D¨¦j¨¤vu":0,"LetterFromLob":1,"REME_ComplimentaryCards":0,"Koishi:ImaginaryFriend":0},{"Regal Pillow":2,"vexMod:MemoryStick":13,"AT_ATBox":0,"testmod-TestBox":0,"aspiration:Nostalgia":0,"CeramicFish":7,"RingOfDestiny:ShadowKunai":0,"DemoMod:GlassGuonStoneRelic":1,"AT_EbonyIvory":14,"Baka":1,"Du-Vu Doll":12,"Cauldron":1,"Chameleon Ring":1,"Ccalipers":3,"Philosopher\u0027s Stone":9,"testmod-D¨¦j¨¤vu":0,"LetterFromLob":1,"REME_ComplimentaryCards":0,"Koishi:ImaginaryFriend":0},{"Regal Pillow":4,"vexMod:MemoryStick":31,"AT_ATBox":0,"testmod-TestBox":0,"aspiration:Nostalgia":0,"CeramicFish":13,"RingOfDestiny:ShadowKunai":0,"DemoMod:GlassGuonStoneRelic":3,"AT_EbonyIvory":34,"Baka":3,"Du-Vu Doll":27,"Cauldron":3,"Chameleon Ring":3,"Ccalipers":6,"Philosopher\u0027s Stone":22,"testmod-D¨¦j¨¤vu":0,"LetterFromLob":3,"REME_ComplimentaryCards":0,"Koishi:ImaginaryFriend":0}]},"card_choices":[{"not_picked":["RingOfDestiny:ButaMudra","RingOfDestiny:ShadowRose"],"picked":"RingOfDestiny:WristBlade","floor":1.0},{"not_picked":["RingOfDestiny:NonMudra","RingOfDestiny:HeptMudra"],"picked":"RingOfDestiny:GasBomb","floor":3.0},{"not_picked":["RingOfDestiny:ShadowCorrosion","RingOfDestiny:BeeZone"],"picked":"RingOfDestiny:FrozenDark","floor":3.0},{"not_picked":["RingOfDestiny:WoodRelease","RingOfDestiny:FrozenDark"],"picked":"RingOfDestiny:GasBomb","floor":6.0},{"not_picked":["RingOfDestiny:ShurikenFlip","RingOfDestiny:Onikiri"],"picked":"RingOfDestiny:HexaMudra","floor":8.0},{"not_picked":["RingOfDestiny:Makibisi","RingOfDestiny:ShadowStab"],"picked":"RingOfDestiny:Ridicule","floor":10.0},{"not_picked":["RingOfDestiny:WaterRelease","RingOfDestiny:MetalRelease"],"picked":"RingOfDestiny:ShadowCorrosion","floor":11.0},{"not_picked":["RingOfDestiny:HeptMudra","RingOfDestiny:Premeditate"],"picked":"RingOfDestiny:ShadowBlossom","floor":12.0},{"not_picked":["RingOfDestiny:HexaMudra","RingOfDestiny:EarthRelease"],"picked":"RingOfDestiny:ShadowShackles","floor":13.0},{"not_picked":["RingOfDestiny:Ridicule","RingOfDestiny:DarkLight"],"picked":"RingOfDestiny:UndecMudra","floor":14.0},{"not_picked":["RingOfDestiny:PerfectExecution","RingOfDestiny:DarkProjection"],"picked":"RingOfDestiny:WorldOfFloweringTree","floor":16.0},{"not_picked":["RingOfDestiny:ShadowShackles","RingOfDestiny:ButaMudra"],"picked":"RingOfDestiny:FrozenDark+1","floor":18.0},{"not_picked":["RingOfDestiny:ShurikenFlip","RingOfDestiny:Ridicule+1","RingOfDestiny:WoodRelease"],"picked":"SKIP","floor":20.0},{"not_picked":["RingOfDestiny:MetalRelease","RingOfDestiny:Recollection"],"picked":"RingOfDestiny:FireRelease","floor":21.0},{"not_picked":["RingOfDestiny:DeadlyShadow","RingOfDestiny:Agile+1"],"picked":"RingOfDestiny:ShadowCorrosion+1","floor":21.0},{"not_picked":["RingOfDestiny:ButaMudra","RingOfDestiny:ShadowStab"],"picked":"RingOfDestiny:HeptMudra+1","floor":21.0},{"not_picked":["RingOfDestiny:WoodRelease","RingOfDestiny:ButaMudra","RingOfDestiny:ShadowCorrosion"],"picked":"SKIP","floor":21.0},{"not_picked":["RingOfDestiny:WoodRelease+1","RingOfDestiny:Agile"],"picked":"RingOfDestiny:DarkLight","floor":23.0},{"not_picked":["RingOfDestiny:MetalRelease+1","RingOfDestiny:EarthRelease+1","RingOfDestiny:ShadowCorrosion"],"picked":"SKIP","floor":24.0},{"not_picked":["RingOfDestiny:Servicing","RingOfDestiny:ShadowCorrosion"],"picked":"RingOfDestiny:DarkProjection","floor":29.0}],"player_experience":78453,"relics_obtained":[{"floor":1.0,"key":"Baka"},{"floor":1.0,"key":"LetterFromLob"},{"floor":6.0,"key":"Regal Pillow"},{"floor":9.0,"key":"Ccalipers"},{"floor":13.0,"key":"CeramicFish"},{"floor":23.0,"key":"vexMod:MemoryStick"},{"floor":26.0,"key":"AT_EbonyIvory"}],"event_choices":[{"damage_healed":0.0,"max_hp_gain":0.0,"max_hp_loss":0.0,"gold_gain":0.0,"event_name":"Match and Keep!","player_choice":"1 cards matched","floor":19.0,"gold_loss":0.0,"damage_taken":0.0,"cards_obtained":["RingOfDestiny:NinjutsuMudra"]}],"is_beta":false,"boss_relics":[{"not_picked":["ReplayTheSpireMod:SealedPack","testmod-Nine"],"picked":"Philosopher\u0027s Stone"}],"items_purged_floors":[22],"is_endless":false,"potions_floor_spawned":[1,8,13,20,23,29],"killed_by":"Nightmare","ascension_level":0}}