{"host":"ylxam20yo7j5dy26","time":1611208710,"event":{"mods":["ATMod(°¢èªMod)","Act Like it!","Aspiration","BaseMod","BetterRewards","Conspire","Defuse TimeMaze Blight","Energized Spire","Gensokyo","GungeonMod","Hubris","Infinite Spire","Marisa£¨ìFÓê¡¡Ä§ÀíÉ³£©","Minty Spire (QoL Compilation)","MostiFishMod","Quarter Circle Forward PUNCH!","Quick Restart","Reimu£¨²©ÀöÁéÃÎ£©","Remilia£¨ÀÙÃ×ÀòÑÇ£©","Replay The Spire","Robot Space Explorer","RumiaBox-Â¶Ã×æ«µÄÉñÃØºÐ×Ó","Spicy Shops","StSLib","The Runesmith","vexMod","¡¾¹¦ÄÜMod¡¿»ìãçÖ®»·ÐÞ¸´²¹¶¡","¡¾ÒÅÎï¿¨ÅÆ¡¿REMEMod"],"gold_per_floor":[119,175,190,190,205,237,253,253,253,287,287,337,297,331,331,435,435,451,471,284,307,307,342,123,133,159,159,179,243,283,301,301,415,415,431,448,155,146,285,459,459,596,596,596,596,696,696,696,696,896,896,896,744,980,965],"floor_reached":56,"language":"ZHS","playtime":4760,"items_purged":["Normality"],"score":1650,"play_id":"39a54cb4-d079-4689-9ad9-1fbdea06687f","local_time":"20210121135830","is_ascension_mode":false,"campfire_choices":[{"data":"DemoMod:Strike_Huntress","floor":11.0,"key":"PURGE"},{"floor":15.0,"key":"REST"},{"data":"DemoMod:Strike_Huntress","floor":27.0,"key":"PURGE"},{"floor":32.0,"key":"RECALL"},{"data":"DemoMod:TableSutra","floor":41.0,"key":"SMITH"},{"data":"DemoMod:ChanceBullets","floor":41.0,"key":"SMITH"},{"floor":49,"key":"REST"},{"data":"REME_FirmDetermination","floor":52,"key":"SMITH"},{"data":"DemoMod:HardPowerCard","floor":52,"key":"SMITH"}],"circlet_count":0,"master_deck":["DemoMod:Defend_Huntress","DemoMod:Defend_Huntress","DemoMod:Defend_Huntress","DemoMod:Defend_Huntress","DemoMod:Roll","DemoMod:ManualReload","DemoMod:RustySidearm","DemoMod:CrossBow","AT_ShrugMaster","Amplify","DemoMod:HighKaliber","DemoMod:Eureka","DemoMod:LifeOrb","DemoMod:HardPowerCard+1","DemoMod:AbyssalTentacle","DemoMod:BattleInHaste","DemoMod:PracticeMakesPerfect","DemoMod:FinishedGun","DemoMod:SuppressiveFire","DemoMod:FullFirepower","Runesmith:Reinforce","Runesmith:HeatedChisel+1","DemoMod:StickyCrossBow+1","Runesmith:Retool","Runesmith:EarthShield","DemoMod:TableSutra+1","DemoMod:AWP","DemoMod:TableSutra+1","Runesmith:Grindstone","DemoMod:Slinger","DemoMod:ChanceBullets+1","Runesmith:DoubleUp","DemoMod:ShadowBullets","DemoMod:PotionOfGunFriendShip+1","REME_FirmDetermination+1","DemoMod:PotionOfGunFriendShip"],"relics":["DemoMod:Dog","AT_ATBox","DaveBox","REME_ComplimentaryCards","SentryEyes","TentaclePot:ReiMu","SynthV:TestCard","Durian","Durian","Juzu Bracelet","hubris:Towel","DemoMod:ClearGuonStone","Peace Pipe","PaintedHorse:ReiMu","DemoMod:RedGuonStone","aspiration:RunesmithSkillbook","DemoMod:Plus1Bullets","DemoMod:Ammonomicon","infinitespire:Lucky Rock","Blue Doll","hubris:SlimyHat","Replay:Towering Pillar of Hats","Turnip","GodSword5","energizedSpire:RedRose","Baka2","AT_TheCollector","aspiration:Lifesprig","HandDrill","Replay:Arrowhead","hubris:MysteriousPyramids","AT_LudenTempest","ReplayTheSpireMod:Ninjato","Incense Burner","REME_OnlineShoppingPlatform","DemoMod:RatBoots","DemoMod:GlassGuonStoneRelic"],"acts_visited":["Exordium","TheCity","TheBeyond","TheEnding"],"potions_floor_usage":[48,48,55,55,55,55,55,55],"damage_taken":[{"damage":12.0,"enemies":"Small Slimes","floor":1.0,"turns":2.0},{"damage":13.0,"enemies":"conspire:MimicChest","floor":2.0,"turns":3.0},{"damage":0.0,"enemies":"2 Louse","floor":3.0,"turns":1.0},{"damage":0.0,"enemies":"conspire:RoseBush","floor":5.0,"turns":2.0},{"damage":0.0,"enemies":"Replay:BlueRogue","floor":6.0,"turns":6.0},{"damage":0.0,"enemies":"Exordium Thugs","floor":7.0,"turns":2.0},{"damage":0.0,"enemies":"Gremlin Nob","floor":10.0,"turns":3.0},{"damage":3.0,"enemies":"3 Louse","floor":12.0,"turns":2.0},{"damage":16.0,"enemies":"3 Sentries","floor":14.0,"turns":3.0},{"damage":11.0,"enemies":"Slime Boss","floor":16.0,"turns":6.0},{"damage":11.0,"enemies":"2 Thieves","floor":18.0,"turns":2.0},{"damage":0.0,"enemies":"Shell Parasite","floor":19.0,"turns":1.0},{"damage":9.0,"enemies":"3 Cultists","floor":21.0,"turns":3.0},{"damage":0.0,"enemies":"Gremlin Leader","floor":23.0,"turns":2.0},{"damage":0.0,"enemies":"Centurion and Healer","floor":25.0,"turns":2.0},{"damage":0.0,"enemies":"Snake Plant","floor":28.0,"turns":2.0},{"damage":0.0,"enemies":"Cultist and Chosen","floor":29.0,"turns":4.0},{"damage":0.0,"enemies":"Shelled Parasite and Fungi","floor":30.0,"turns":6.0},{"damage":0.0,"enemies":"Shelled Parasite and Fungi","floor":31.0,"turns":2.0},{"damage":9.0,"enemies":"Automaton","floor":33.0,"turns":11.0},{"damage":0.0,"enemies":"3 Shapes","floor":35.0,"turns":3.0},{"damage":0.0,"enemies":"Orb Walker","floor":36.0,"turns":1.0},{"damage":1.0,"enemies":"3 Darklings","floor":38.0,"turns":3.0},{"damage":0.0,"enemies":"Mind Bloom Boss Battle","floor":39.0,"turns":4.0},{"damage":1.0,"enemies":"Giant Head","floor":40.0,"turns":5.0},{"damage":21,"enemies":"R_Hoarder","floor":42,"turns":5},{"damage":24,"enemies":"Reptomancer","floor":46,"turns":4},{"damage":23,"enemies":"infinitespire:Three Voidlings","floor":48,"turns":2},{"damage":34,"enemies":"Donu and Deca","floor":50,"turns":6},{"damage":20,"enemies":"Shield and Spear","floor":54,"turns":3},{"damage":6,"enemies":"The Heart","floor":55,"turns":4}],"seed_played":"-7627447164294136562","potions_obtained":[{"floor":1.0,"key":"FearPotion"},{"floor":6.0,"key":"AttackPotion"},{"floor":7.0,"key":"Adrenaline Potion"},{"floor":23.0,"key":"Adrenaline Potion"},{"floor":25.0,"key":"Fire Potion"},{"floor":33.0,"key":"Explosive Potion"},{"floor":35.0,"key":"REME_GoldPotion"},{"floor":36.0,"key":"PowerPotion"}],"is_trial":false,"path_per_floor":["M","?","M","?","M","E","M","?","T","E","R","M","?","E","R","B",null,"M","M","$","M","?","E","$","M","T","R","M","M","?","M","R","B",null,"M","M","$","M","?","E","R","E","T","?","?","E","?","?","R","B",null,"R","$","E","B",null],"character_chosen":"HUNTRESS","items_purchased":["TentaclePot:ReiMu","DemoMod:Plus1Bullets","DemoMod:StickyCrossBow+1","Blue Doll","aspiration:Lifesprig","HandDrill","REME_OnlineShoppingPlatform"],"campfire_rested":2,"item_purchase_floors":[0,20,20,24,37,37,53],"current_hp_per_floor":[58,55,55,55,55,55,55,55,55,55,55,52,52,36,60,49,80,69,69,69,60,60,60,60,60,60,60,60,60,48,48,48,39,89,89,89,89,89,89,88,88,67,67,45,45,45,45,22,54,20,89,89,89,69,63],"gold":965,"neow_bonus":"","is_daily":false,"chose_seed":false,"campfire_upgraded":4,"win_rate":0.0,"timestamp":1611208710,"path_taken":["M","?","M","?","M","E","M","?","T","E","R","M","?","E","R","BOSS","M","M","$","M","?","E","$","M","T","R","M","M","?","M","R","BOSS","M","M","$","M","?","E","R","E","T","?","?","E","?","?","R","BOSS","R","$","E","BOSS"],"items_purchased_type":["Relic","Relic","Card","Relic","Relic","Relic","Relic"],"build_version":"2020-12-22","purchased_purges":1,"victory":true,"max_hp_per_floor":[70,80,80,80,80,80,80,80,80,80,80,80,80,80,80,80,80,80,80,80,80,80,80,80,80,80,80,80,80,89,89,89,89,89,89,89,89,89,89,89,89,89,89,89,89,89,89,89,89,89,89,89,89,89,89],"card_choices":[{"not_picked":["DemoMod:HuntsMan","DemoMod:GunShield"],"picked":"DemoMod:HighKaliber","floor":1.0},{"not_picked":["DemoMod:SkilledReload","DemoMod:RadGun","DemoMod:CombinedRifle","DemoMod:BattleInHaste"],"picked":"DemoMod:Eureka","floor":2.0},{"not_picked":["DemoMod:AC15","DemoMod:CursedBullets","DemoMod:ZorGun","DemoMod:Rummage"],"picked":"DemoMod:LifeOrb","floor":3.0},{"not_picked":["DemoMod:TeaPot","DemoMod:FastSwitch","DemoMod:ConditionalReflex","DemoMod:Unity"],"picked":"DemoMod:HardPowerCard","floor":5.0},{"not_picked":["DemoMod:AWP","DemoMod:ProbeStrike","DemoMod:Unmoved","DemoMod:HardPowerCard"],"picked":"DemoMod:Purify","floor":6.0},{"not_picked":["DemoMod:MegaHand","DemoMod:Rummage","DemoMod:CursedBullets","DemoMod:GunShield"],"picked":"DemoMod:AbyssalTentacle","floor":7.0},{"not_picked":["DemoMod:ConditionalReflex","DemoMod:DarkMarker","DemoMod:PotionOfGunFriendShip","DemoMod:FortunesFavor"],"picked":"DemoMod:BattleInHaste","floor":10.0},{"not_picked":["DemoMod:MachoBrace","DemoMod:Unmoved","DemoMod:BoxingGlove","DemoMod:CursedBullets"],"picked":"DemoMod:PracticeMakesPerfect","floor":12.0},{"not_picked":["DemoMod:MachoBrace","DemoMod:Eureka","DemoMod:TableSutra","DemoMod:HuntsMan"],"picked":"DemoMod:FinishedGun","floor":14.0},{"not_picked":["DemoMod:FullFirepower","DemoMod:BulletBore","DemoMod:BlackHoleGun","DemoMod:DoubleVision"],"picked":"DemoMod:SuppressiveFire","floor":16.0},{"not_picked":["DemoMod:SuppressiveFire","DemoMod:BSG","DemoMod:Behold!","DemoMod:BlankBullets"],"picked":"DemoMod:FullFirepower","floor":16.0},{"not_picked":["DemoMod:LifeOrb","Runesmith:ChiselStab","DemoMod:SAA","Runesmith:NegativeSpace","Runesmith:CraftProtectio"],"picked":"Runesmith:Reinforce","floor":18.0},{"not_picked":["Runesmith:FrozenChisel+1","Runesmith:PerfectChisel","DemoMod:ConditionalReflex","Runesmith:Firewall","Runesmith:Overpower"],"picked":"Runesmith:HeatedChisel+1","floor":19.0},{"not_picked":["DemoMod:Ejector","Runesmith:NegativeSpace","DemoMod:JK47","Runesmith:UnstableHammer","Runesmith:HeatExchange"],"picked":"Runesmith:Retool","floor":21.0},{"not_picked":["Runesmith:StaticCage+1","Runesmith:RuneHurl","DemoMod:BattleInHaste","Runesmith:WhiteBalance","DemoMod:TripleGun+1"],"picked":"Runesmith:EarthShield","floor":23.0},{"not_picked":["Runesmith:MakeshiftArmor","DemoMod:SAA+1","Runesmith:Retool","DemoMod:GunstockTap+1","Runesmith:UnstableHammer"],"picked":"DemoMod:TableSutra+1","floor":25.0},{"not_picked":["DemoMod:BlackHoleGun","DemoMod:Camera","DemoMod:Unity+1","Runesmith:BackupBattery","Runesmith:UnstableHammer","DemoMod:SAA+1"],"picked":"SKIP","floor":28.0},{"not_picked":["DemoMod:SAA+1","Runesmith:NanitesCloud","DemoMod:TripleGun+1","Runesmith:HeatedChisel","Runesmith:RuneHurl+1"],"picked":"DemoMod:AWP","floor":29.0},{"not_picked":["Runesmith:FissionHammer","Runesmith:BackupBattery","Runesmith:OneForEveryone","DemoMod:PotionOfGunFriendShip","Runesmith:WhiteBalance"],"picked":"DemoMod:TableSutra","floor":30.0},{"not_picked":["DemoMod:MegaHand","Runesmith:HammerThrow+1","Runesmith:Overpower","Runesmith:EarthShield","DemoMod:Unmoved"],"picked":"Runesmith:Grindstone","floor":31.0},{"not_picked":["DemoMod:BalloonGun","Runesmith:UnlimitedPower","DemoMod:BulletBore","Runesmith:Supernova","DemoMod:Eureka"],"picked":"DemoMod:Slinger","floor":33.0},{"not_picked":["Runesmith:MakeshiftArmor","DemoMod:TeaPot","Runesmith:ShiftingStrike+1","Runesmith:HammerThrow+1","Runesmith:Electrocute+1","Runesmith:RuneHurl+1"],"picked":"SKIP","floor":35.0},{"not_picked":["DemoMod:Rummage+1","DemoMod:EasyReloadBullets","DemoMod:ZorGun+1","DemoMod:Ejector","Runesmith:HammerThrow+1","Runesmith:CraftIncendium+1"],"picked":"SKIP","floor":36.0},{"not_picked":["Runesmith:Grindstone+1","Runesmith:CraftIncendium+1","DemoMod:Camera","Runesmith:Reinforce+1","Runesmith:Malloc"],"picked":"DemoMod:ChanceBullets","floor":38.0},{"not_picked":["DemoMod:GunstockTap+1","DemoMod:HuntsMan","DemoMod:StickyCrossBow+1","DemoMod:FastSwitch+1","Runesmith:StaticCage"],"picked":"Runesmith:DoubleUp","floor":39.0},{"not_picked":["DemoMod:Ejector+1","Runesmith:Firewall","DemoMod:AC15+1","Runesmith:Refine+1","Runesmith:CraftMagma+1"],"picked":"DemoMod:ShadowBullets","floor":40.0},{"not_picked":["Runesmith:Superposition+1","Runesmith:Overpower+1","DemoMod:GunstockTap","Runesmith:Empowerment","Runesmith:RuneHurl+1"],"picked":"DemoMod:PotionOfGunFriendShip+1","floor":42},{"not_picked":["Impatience","MostiFishMod:SupremeArchaeology","Dramatic Entrance","DemoMod:Spice","vexMod:StairwayStrike"],"picked":"REME_FirmDetermination","floor":45},{"not_picked":["Runesmith:RuneHurl+1","Runesmith:Prism","DemoMod:ZorGun+1","Runesmith:NegativeSpace+1","DemoMod:HungryBullets","DemoMod:BoxingGlove"],"picked":"SKIP","floor":46},{"not_picked":["Runesmith:EnergizedChisel+1","Runesmith:Overpower","Runesmith:ChargedHammer","DemoMod:GunstockTap","Runesmith:CraftVitae+1"],"picked":"DemoMod:PotionOfGunFriendShip","floor":54}],"player_experience":137705,"relics_obtained":[{"floor":1.0,"key":"SynthV:TestCard"},{"floor":1.0,"key":"Baka"},{"floor":2.0,"key":"Durian"},{"floor":2.0,"key":"Durian"},{"floor":2.0,"key":"Juzu Bracelet"},{"floor":6.0,"key":"DemoMod:ClearGuonStone"},{"floor":10.0,"key":"Peace Pipe"},{"floor":14.0,"key":"DemoMod:RedGuonStone"},{"floor":23.0,"key":"infinitespire:Lucky Rock"},{"floor":26.0,"key":"hubris:SlimyHat"},{"floor":30.0,"key":"Replay:Towering Pillar of Hats"},{"floor":30.0,"key":"Turnip"},{"floor":33.0,"key":"GodSword5"},{"floor":35.0,"key":"Baka2"},{"floor":36.0,"key":"AT_TheCollector"},{"floor":39.0,"key":"Replay:Arrowhead"},{"floor":40.0,"key":"hubris:MysteriousPyramids"},{"floor":42,"key":"AT_LudenTempest"},{"floor":43,"key":"ReplayTheSpireMod:Ninjato"},{"floor":46,"key":"Incense Burner"},{"floor":54,"key":"DemoMod:RatBoots"}],"event_choices":[{"cards_removed":["DemoMod:Strike_Huntress"],"damage_healed":0.0,"max_hp_gain":0.0,"max_hp_loss":0.0,"gold_gain":0.0,"event_name":"Wheel of Change","player_choice":"Card Removal","floor":8.0,"gold_loss":0.0,"damage_taken":0.0},{"damage_healed":0.0,"max_hp_gain":0.0,"max_hp_loss":0.0,"gold_gain":0.0,"event_name":"yidonshenshe","player_choice":"ÈûÇ®","floor":13.0,"gold_loss":40.0,"damage_taken":0.0,"relics_obtained":["PaintedHorse:ReiMu"]},{"damage_healed":0.0,"max_hp_gain":0.0,"max_hp_loss":0.0,"gold_gain":0.0,"event_name":"MindBloom","player_choice":"Fight","floor":39.0,"gold_loss":0.0,"damage_taken":0.0},{"damage_healed":0,"gold_gain":0,"player_choice":"Memory 1","damage_taken":0,"max_hp_gain":0,"max_hp_loss":0,"event_name":"SensoryStone","floor":45,"gold_loss":0},{"damage_healed":0,"gold_gain":0,"player_choice":"Leave","damage_taken":0,"max_hp_gain":0,"max_hp_loss":0,"event_name":"conspire:Investor","floor":47,"gold_loss":0}],"is_beta":false,"boss_relics":[{"not_picked":["hubris:BlackHole","energizedSpire:EnergizedDie"],"picked":"aspiration:RunesmithSkillbook"},{"not_picked":["Honey Jar","NightmareShop"],"picked":"energizedSpire:RedRose"}],"items_purged_floors":[24],"is_endless":false,"potions_floor_spawned":[1,6,7,16,18,23,25,33,35,36,39,42,42,54],"ascension_level":0}}