{"host":"7gewg82ormp6yt4e","time":1611236674,"event":{"mods":["BaseMod","Block Reminder","Colored Map","Colored Powertips","DeckTracker","Highlight Path","Minty Spire (QoL Compilation)","Relic Stats","StSLib","ojb\u0027s Info Mod"],"gold_per_floor":[20,20,38,52,17,17,34,34,57,57,77,106,115,144,144,231,231,258,258,8,17,35,35,77,95,122,122,172,172],"floor_reached":28,"language":"JPN","playtime":1083,"items_purged":["Gash"],"score":455,"play_id":"86235639-5576-48a4-89e5-4b67dec00298","local_time":"20210121224434","is_ascension_mode":true,"campfire_choices":[{"data":"1","floor":6,"key":"LIFT"},{"data":"2","floor":10,"key":"LIFT"},{"floor":15,"key":"REST"},{"floor":23,"key":"REST"}],"circlet_count":0,"master_deck":["AscendersBane","Strike_B","Strike_B","Strike_B","Defend_B","Defend_B","Defend_B","Defend_B","Zap+1","Dualcast","Scrape","Turbo","Streamline","Coolheaded","Barrage","Seek","Ball Lightning","HandOfGreed","Sunder","Fission","Steam Power","Doom and Gloom"],"relics":["Cracked Core","Girya","Art of War","CeramicFish","WarpedTongs","Snecko Eye","Spirit Poop","Shuriken","Lantern","SsserpentHead"],"acts_visited":["Exordium","TheCity"],"potions_floor_usage":[16,16,24],"damage_taken":[{"damage":10,"enemies":"2 Louse","floor":1,"turns":3},{"damage":1,"enemies":"Cultist","floor":3,"turns":3},{"damage":7,"enemies":"Small Slimes","floor":4,"turns":3},{"damage":7,"enemies":"2 Fungi Beasts","floor":7,"turns":3},{"damage":12,"enemies":"Lots of Slimes","floor":11,"turns":3},{"damage":3,"enemies":"3 Louse","floor":12,"turns":3},{"damage":12,"enemies":"Red Slaver","floor":14,"turns":2},{"damage":46,"enemies":"The Guardian","floor":16,"turns":6},{"damage":21,"enemies":"3 Byrds","floor":18,"turns":5},{"damage":43,"enemies":"Book of Stabbing","floor":24,"turns":4},{"damage":6,"enemies":"Spheric Guardian","floor":25,"turns":3},{"damage":16,"enemies":"Snecko","floor":28,"turns":2}],"seed_played":"-9172435293333742188","potions_obtained":[{"floor":1,"key":"SkillPotion"},{"floor":11,"key":"Strength Potion"},{"floor":14,"key":"AttackPotion"},{"floor":18,"key":"GamblersBrew"}],"is_trial":false,"path_per_floor":["M","?","M","M","?","R","M","?","T","R","M","M","?","M","R","B",null,"M","?","$","?","?","R","E","M","T","?","M"],"character_chosen":"DEFECT","items_purchased":["HandOfGreed"],"campfire_rested":2,"item_purchase_floors":[20],"current_hp_per_floor":[54,54,53,46,63,63,56,56,56,56,44,41,41,29,50,4,54,33,33,33,33,33,54,11,5,5,5,0,0],"gold":172,"neow_bonus":"ONE_RARE_RELIC","is_daily":false,"chose_seed":false,"campfire_upgraded":0,"win_rate":0.0,"timestamp":1611236674,"path_taken":["M","?","M","?","?","R","M","?","T","R","M","?","?","?","R","BOSS","M","?","$","?","?","R","E","?","T","?","?"],"items_purchased_type":["Card"],"build_version":"2020-12-22","purchased_purges":1,"victory":false,"max_hp_per_floor":[71,71,71,71,71,71,71,71,71,71,71,71,71,71,71,71,71,71,71,71,71,71,71,71,71,71,71,71,71],"relic_stats":{"SsserpentHead":50,"counters":[12,40],"Shuriken":[1],"CeramicFish":99,"Snecko Eye":[30,30,28,35],"Art of War":[0],"obtain_stats":[{"Girya":0,"SsserpentHead":27,"Lantern":26,"Shuriken":24,"CeramicFish":9,"Snecko Eye":17,"Spirit Poop":19,"Art of War":8,"Cracked Core":0,"WarpedTongs":13},{"Girya":0,"SsserpentHead":11,"Lantern":11,"Shuriken":10,"CeramicFish":4,"Snecko Eye":8,"Spirit Poop":9,"Art of War":4,"Cracked Core":0,"WarpedTongs":6},{"Girya":0,"SsserpentHead":38,"Lantern":38,"Shuriken":35,"CeramicFish":12,"Snecko Eye":26,"Spirit Poop":31,"Art of War":12,"Cracked Core":0,"WarpedTongs":18}],"WarpedTongs":[22]},"card_choices":[{"not_picked":["Aggregate","Hologram"],"picked":"Scrape","floor":1},{"not_picked":["Steam","Barrage"],"picked":"Turbo","floor":3},{"not_picked":["Heatsinks","Compile Driver"],"picked":"Gash","floor":4},{"not_picked":["Fusion","Stack"],"picked":"Streamline","floor":7},{"not_picked":["Streamline","Lockon"],"picked":"Coolheaded","floor":11},{"not_picked":["Lockon","Hologram"],"picked":"Barrage","floor":12},{"not_picked":["Machine Learning","Static Discharge"],"picked":"Steam","floor":14},{"not_picked":["Buffer","Amplify"],"picked":"Seek","floor":16},{"not_picked":["Turbo","Streamline"],"picked":"Ball Lightning","floor":18},{"not_picked":["Sweeping Beam","Rainbow"],"picked":"Doom and Gloom","floor":24},{"not_picked":["Gash","Streamline","Redo+1"],"picked":"SKIP","floor":25}],"player_experience":2644264,"relics_obtained":[{"floor":9,"key":"CeramicFish"},{"floor":24,"key":"Shuriken"},{"floor":26,"key":"Lantern"}],"event_choices":[{"damage_healed":0,"gold_gain":0,"player_choice":"Upgraded","damage_taken":0,"max_hp_gain":0,"max_hp_loss":0,"event_name":"Upgrade Shrine","floor":2,"gold_loss":0,"cards_upgraded":["Zap"]},{"damage_healed":17,"gold_gain":0,"player_choice":"Healed","damage_taken":0,"max_hp_gain":0,"max_hp_loss":0,"event_name":"The Cleric","floor":5,"gold_loss":35},{"damage_healed":0,"gold_gain":0,"player_choice":"Gave Potion","damage_taken":0,"relics_obtained":["Art of War"],"max_hp_gain":0,"max_hp_loss":0,"event_name":"WeMeetAgain","floor":8,"gold_loss":0},{"damage_healed":0,"gold_gain":0,"player_choice":"Rummage","damage_taken":0,"relics_obtained":["WarpedTongs"],"max_hp_gain":0,"max_hp_loss":0,"event_name":"Accursed Blacksmith","floor":13,"gold_loss":0,"cards_obtained":["Pain"]},{"cards_removed":["Pain"],"damage_healed":0,"gold_gain":0,"player_choice":"Offered Curse","damage_taken":0,"relics_obtained":["Spirit Poop"],"max_hp_gain":0,"max_hp_loss":0,"event_name":"Bonfire Elementals","floor":19,"gold_loss":0},{"damage_healed":0,"gold_gain":0,"player_choice":"Read","damage_taken":0,"max_hp_gain":0,"max_hp_loss":0,"event_name":"The Library","floor":21,"gold_loss":0,"cards_obtained":["Sunder"]},{"damage_healed":0,"gold_gain":0,"cards_transformed":["Steam","Strike_B"],"player_choice":"Became Test Subject","damage_taken":0,"max_hp_gain":0,"max_hp_loss":0,"event_name":"Drug Dealer","floor":22,"gold_loss":0,"cards_obtained":["Fission","Steam Power"]},{"damage_healed":0,"gold_gain":0,"player_choice":"Trade","damage_taken":0,"relics_obtained":["SsserpentHead"],"max_hp_gain":0,"max_hp_loss":0,"event_name":"FaceTrader","floor":27,"gold_loss":0}],"is_beta":false,"boss_relics":[{"not_picked":["Nuclear Battery","Inserter"],"picked":"Snecko Eye"}],"items_purged_floors":[20],"is_endless":false,"potions_floor_spawned":[1,11,14,18],"killed_by":"Snecko","ascension_level":20}}