{"host":"4pckc3u5mqcilakq","time":1611262231,"event":{"mods":["AchievementEnabler","BaseMod","Colored Map","Colored Powertips","Highlight Path","Minty Spire (QoL Compilation)"],"gold_per_floor":[117,134,150,250,264,289,289,364,390,422,422,435,465,465,465,465,465],"floor_reached":16,"language":"ENG","playtime":897,"items_purged":[],"score":138,"play_id":"1d1b9634-66db-45a4-881e-20cc7ed6da77","local_time":"20210121235031","is_ascension_mode":true,"campfire_choices":[{"floor":7,"key":"RECALL"},{"floor":11,"key":"REST"},{"data":"Fission","floor":15,"key":"SMITH"}],"circlet_count":0,"master_deck":["Strike_B","Strike_B+1","Strike_B","Strike_B","Defend_B","Defend_B","Defend_B","Defend_B","Zap","Dualcast","Gash","Conserve Battery","Sweeping Beam+1","Fission+1","Self Repair"],"relics":["Cracked Core","NeowsBlessing","Unceasing Top","DataDisk","Whetstone","Gremlin Horn","Orichalcum"],"acts_visited":["Exordium"],"potions_floor_usage":[10,13,13],"damage_taken":[{"damage":0,"enemies":"Cultist","floor":1,"turns":1},{"damage":0,"enemies":"Small Slimes","floor":2,"turns":1},{"damage":0,"enemies":"2 Louse","floor":3,"turns":1},{"damage":7,"enemies":"Looter","floor":5,"turns":3},{"damage":38,"enemies":"Lagavulin","floor":6,"turns":10},{"damage":11,"enemies":"Gremlin Nob","floor":10,"turns":4},{"damage":1,"enemies":"Blue Slaver","floor":12,"turns":4},{"damage":8,"enemies":"3 Sentries","floor":13,"turns":4},{"damage":32,"enemies":"Hexaghost","floor":16,"turns":9}],"seed_played":"6216338305785975854","potions_obtained":[{"floor":1,"key":"PowerPotion"},{"floor":2,"key":"GamblersBrew"},{"floor":5,"key":"Fire Potion"},{"floor":6,"key":"EssenceOfSteel"}],"is_trial":false,"path_per_floor":["M","M","M","?","M","E","R","T","T","E","R","M","E","?","R","B"],"character_chosen":"DEFECT","items_purchased":[],"campfire_rested":1,"item_purchase_floors":[],"current_hp_per_floor":[75,75,75,75,68,30,30,30,30,19,41,40,32,29,29,0,0],"gold":465,"neow_bonus":"THREE_ENEMY_KILL","is_daily":false,"chose_seed":false,"campfire_upgraded":1,"win_rate":0.0,"timestamp":1611262231,"path_taken":["M","M","M","?","?","E","R","?","T","E","R","?","E","?","R","BOSS"],"items_purchased_type":[],"build_version":"2020-12-22","purchased_purges":0,"victory":false,"max_hp_per_floor":[75,75,75,75,75,75,75,75,75,75,75,75,75,75,75,75,75],"card_choices":[{"not_picked":["Double Energy","Force Field"],"picked":"Gash","floor":1},{"not_picked":["Hello World","FTL","Turbo"],"picked":"SKIP","floor":2},{"not_picked":["Hologram","Compile Driver","Steam Power"],"picked":"SKIP","floor":3},{"not_picked":["Compile Driver","Barrage"],"picked":"Conserve Battery","floor":5},{"not_picked":["Multi-Cast","Aggregate"],"picked":"Sweeping Beam","floor":6},{"not_picked":["Turbo","Core Surge"],"picked":"Fission","floor":10},{"not_picked":["Barrage","Streamline","Sweeping Beam"],"picked":"SKIP","floor":12},{"not_picked":["Skim","Static Discharge"],"picked":"Self Repair","floor":13}],"player_experience":172524,"relics_obtained":[{"floor":6,"key":"Unceasing Top"},{"floor":9,"key":"DataDisk"},{"floor":10,"key":"Whetstone"},{"floor":13,"key":"Gremlin Horn"}],"event_choices":[{"damage_healed":0,"gold_gain":100,"player_choice":"Pray","damage_taken":0,"max_hp_gain":0,"max_hp_loss":0,"event_name":"Golden Shrine","floor":4,"gold_loss":0},{"damage_healed":0,"gold_gain":0,"player_choice":"Success","damage_taken":3,"relics_obtained":["Orichalcum"],"max_hp_gain":0,"max_hp_loss":0,"event_name":"Scrap Ooze","floor":14,"gold_loss":0}],"is_beta":false,"boss_relics":[],"items_purged_floors":[],"is_endless":false,"potions_floor_spawned":[1,2,5,6],"killed_by":"Hexaghost","ascension_level":3}}