{"host":"p1xsuo25udtrkbq2","time":1611205673,"event":{"mods":["BaseMod","Colored Map","Highlight Path","Minty Spire (QoL Compilation)","Quick Restart","Rare Cards Sparkle","Relic Stats","Slay the Relics Exporter","StSLib","everything is the same but u backflip on backflip"],"gold_per_floor":[110,30,30,30,40,40,69,81,108,58,88,88,117,136,136,136,136],"floor_reached":16,"language":"ENG","playtime":2754,"items_purged":[],"score":243,"play_id":"aa04f770-107d-48a2-998a-3d14969172c3","local_time":"20210121000753","is_ascension_mode":true,"campfire_choices":[{"data":"Uppercut","floor":6,"key":"SMITH"},{"data":"Bash","floor":12,"key":"SMITH"},{"floor":15,"key":"REST"}],"circlet_count":0,"master_deck":["AscendersBane","Strike_R","Strike_R","Strike_R+1","Defend_R","Defend_R","Defend_R","Defend_R","Bash+1","Cleave","Uppercut+1","Sword Boomerang+1","Combust","Sever Soul","Entrench","Inflame","Flex"],"relics":["Burning Blood","NeowsBlessing","Oddly Smooth Stone","Tiny Chest","Potion Belt","Whetstone","Bag of Preparation"],"acts_visited":["Exordium"],"potions_floor_usage":[16],"damage_taken":[{"damage":0,"enemies":"Small Slimes","floor":1,"turns":1},{"damage":0,"enemies":"2 Louse","floor":5,"turns":1},{"damage":0,"enemies":"3 Sentries","floor":7,"turns":1},{"damage":7,"enemies":"Jaw Worm","floor":8,"turns":3},{"damage":28,"enemies":"Lagavulin","floor":11,"turns":7},{"damage":30,"enemies":"3 Sentries","floor":13,"turns":5},{"damage":2,"enemies":"2 Fungi Beasts","floor":14,"turns":3},{"damage":44,"enemies":"Slime Boss","floor":16,"turns":5}],"seed_played":"2262129393138469483","potions_obtained":[{"floor":7,"key":"Weak Potion"},{"floor":13,"key":"BlessingOfTheForge"}],"is_trial":false,"path_per_floor":["M","$","?","?","M","R","E","M","T","?","E","R","E","M","R","B"],"character_chosen":"IRONCLAD","items_purchased":["Uppercut"],"campfire_rested":1,"item_purchase_floors":[2],"current_hp_per_floor":[74,74,49,49,55,55,61,60,60,60,38,38,14,18,40,0,0],"gold":136,"neow_bonus":"THREE_ENEMY_KILL","is_daily":false,"chose_seed":false,"campfire_upgraded":2,"win_rate":0.0,"timestamp":1611205673,"path_taken":["M","$","?","?","M","R","E","M","T","?","E","R","E","M","R","BOSS"],"items_purchased_type":["Card"],"build_version":"2020-12-22","purchased_purges":0,"victory":false,"max_hp_per_floor":[75,75,75,75,75,75,75,75,75,75,75,75,75,75,75,75,75],"relic_stats":{"counters":[8,26],"Tiny Chest":0,"Bag of Preparation":[4],"Whetstone":["Sword Boomerang","Strike_R"],"obtain_stats":[{"Potion Belt":9,"NeowsBlessing":0,"Oddly Smooth Stone":3,"Tiny Chest":7,"Bag of Preparation":13,"Whetstone":11,"Burning Blood":0},{"Potion Belt":4,"NeowsBlessing":0,"Oddly Smooth Stone":1,"Tiny Chest":3,"Bag of Preparation":6,"Whetstone":5,"Burning Blood":0},{"Potion Belt":6,"NeowsBlessing":0,"Oddly Smooth Stone":1,"Tiny Chest":3,"Bag of Preparation":18,"Whetstone":13,"Burning Blood":0}],"Burning Blood":42},"card_choices":[{"not_picked":["Entrench","Bloodletting"],"picked":"Cleave","floor":1},{"not_picked":["Battle Trance","Anger"],"picked":"Combust","floor":5},{"not_picked":["Pommel Strike","Warcry"],"picked":"Sever Soul","floor":7},{"not_picked":["Anger","Warcry","True Grit"],"picked":"SKIP","floor":8},{"not_picked":["Body Slam","Carnage"],"picked":"Entrench","floor":11},{"not_picked":["Berserk","Havoc"],"picked":"Inflame","floor":13},{"not_picked":["Headbutt","Perfected Strike"],"picked":"Flex","floor":14}],"player_experience":937714,"relics_obtained":[{"floor":7,"key":"Tiny Chest"},{"floor":9,"key":"Potion Belt"},{"floor":11,"key":"Whetstone"},{"floor":13,"key":"Bag of Preparation"}],"event_choices":[{"damage_healed":0,"gold_gain":0,"player_choice":"Success","damage_taken":25,"relics_obtained":["Oddly Smooth Stone"],"max_hp_gain":0,"max_hp_loss":0,"event_name":"Scrap Ooze","floor":3,"gold_loss":0},{"damage_healed":0,"gold_gain":0,"cards_transformed":["Strike_R"],"player_choice":"Change","damage_taken":0,"max_hp_gain":0,"max_hp_loss":0,"event_name":"Living Wall","floor":4,"gold_loss":0,"cards_obtained":["Sword Boomerang"]},{"cards_removed":["Strike_R"],"damage_healed":0,"gold_gain":0,"player_choice":"Card Removal","damage_taken":0,"max_hp_gain":0,"max_hp_loss":0,"event_name":"The Cleric","floor":10,"gold_loss":50}],"is_beta":false,"boss_relics":[],"items_purged_floors":[],"is_endless":false,"potions_floor_spawned":[7,13],"killed_by":"Slime Boss","ascension_level":14}}