{"host":"obplhmlw33xb91v8","time":1611256279,"event":{"mods":["AchievementEnabler","BaseMod","Block Reminder","Curses Come First","Dio Mod","Evolution","Friendly Minions","HololiveMod","Koishi","Minty Spire (QoL Compilation)","Quick Restart","Reimu??????","Relic Stats","Remilia??????","Shop Mod","Spicy Shops","StSLib","The Alterego","The Gatherer","The IronCluck","The Servant 0.9.4","The Wild Card","TheSwordswoman","Uncapped","Waifu the Spire","Yakumo Yukari mod","Yohane!","Youmu??????","Yuyuko","egg"],"gold_per_floor":[84,100,118,71,91,125,143,171,171,57,57,104,123,165,165,314,314,339,372,390,415,448,525,537,549,561,605,617,663,675,147,147,244,244,267,267,267,3,22,61,61,77,156,156,186,186,241,256,256,308,308,308,235,268,294,294],"floor_reached":55,"language":"ENG","playtime":4415,"items_purged":["Decay"],"score":1234,"play_id":"bd96083d-9d78-4b2d-aa5c-f18f49d9969e","local_time":"20210121141119","is_ascension_mode":true,"campfire_choices":[{"data":"Hololive_CallMoonaHoshinova","floor":11,"key":"SMITH"},{"floor":15,"key":"REST"},{"data":"Hololive_DurableLive","floor":24,"key":"SMITH"},{"data":"Hololive_CandyCastle","floor":28,"key":"SMITH"},{"data":"Hololive_Thief","floor":30,"key":"SMITH"},{"data":"Hololive_CocoNews","floor":32,"key":"SMITH"},{"floor":41,"key":"RECALL"},{"data":"Koishi:SubterraneanRose","floor":44,"key":"SMITH"},{"floor":49,"key":"REST"},{"data":"Hololive_CallOzoraSubaru","floor":52,"key":"SMITH"}],"circlet_count":0,"master_deck":["Hololive_RecruitS","Hololive_RecruitS","Hololive_RecruitS","Hololive_RecruitS","Hololive_OvertimeWork","Hololive_CallYukihanaLamy","Hololive_CallOzoraSubaru+1","Hololive_CallSakuraMiko","Hololive_CocoNews","Hololive_CandyCastle+1","Hololive_CallMurasakiShion","Hololive_Thief+1","Hololive_CallKiryuuCoco","Hololive_CallMoonaHoshinova+1","Hololive_CallDoris+1","Hololive_CallSakuraMiko+1","Hololive_CocoNews+1","Hololive_DurableLive+1","CurseOfTheBell","Hololive_CallShiroganeNoel+1","Hololive_CallUruhaRushia+1","Hololive_CallKiryuuCoco+1","Hololive_CallHimemoriLuna+1","Hololive_Trident+1","Hololive_CallOmaruPolka+1","Gatherer:Overflowing","Barrage+1","Hololive_Rebound","Koishi:SubterraneanRose+1","MikOfLucky:ReiMu+1","Koishi:ParalyzingFear","FoulBorder2:ReiMu+1","alterego_mod:MagicResistance+1"],"relics":["Hololive_TheStar","EVO:Axolotl","Hololive_YagooBigFamily","Hololive_FriedShrimpLion","Bottled Tornado","Ice Cream","Frozen Egg 2","Calling Bell","PreservedInsect","Blue Candle","Mango","MawBank","Darkstone Periapt","Matryoshka","PrismaticShard","Mercury Hourglass","Hololive_Finger","Membership Card","RuthlessExorcism:ReiMu","Mastiff:ReiMu","Toy Ornithopter","Dead Branch","Torii","Boot","Eternal Feather"],"acts_visited":["Exordium","TheCity","TheBeyond","TheEnding"],"potions_floor_usage":[39,50,55],"damage_taken":[{"damage":0,"enemies":"Cultist","floor":1,"turns":3},{"damage":0,"enemies":"Small Slimes","floor":2,"turns":4},{"damage":0,"enemies":"Jaw Worm","floor":3,"turns":3},{"damage":0,"enemies":"Blue Slaver","floor":5,"turns":3},{"damage":0,"enemies":"3 Sentries","floor":6,"turns":4},{"damage":0,"enemies":"3 Louse","floor":7,"turns":3},{"damage":5,"enemies":"Exordium Thugs","floor":8,"turns":3},{"damage":0,"enemies":"Gremlin Nob","floor":12,"turns":3},{"damage":0,"enemies":"Looter","floor":13,"turns":3},{"damage":3,"enemies":"Large Slime","floor":14,"turns":3},{"damage":0,"enemies":"The Guardian","floor":16,"turns":5},{"damage":1,"enemies":"2 Thieves","floor":18,"turns":4},{"damage":0,"enemies":"Shell Parasite","floor":19,"turns":4},{"damage":0,"enemies":"Snecko","floor":20,"turns":3},{"damage":0,"enemies":"Snake Plant","floor":22,"turns":2},{"damage":0,"enemies":"Gremlin Leader","floor":23,"turns":5},{"damage":0,"enemies":"Centurion and Healer","floor":27,"turns":3},{"damage":0,"enemies":"3 Cultists","floor":29,"turns":5},{"damage":0,"enemies":"Collector","floor":33,"turns":8},{"damage":0,"enemies":"3 Darklings","floor":35,"turns":4},{"damage":0,"enemies":"3 Shapes","floor":39,"turns":2},{"damage":11,"enemies":"Reptomancer","floor":40,"turns":5},{"damage":0,"enemies":"Jaw Worm Horde","floor":42,"turns":3},{"damage":15,"enemies":"Nemesis","floor":45,"turns":5},{"damage":23,"enemies":"2 Orb Walkers","floor":47,"turns":4},{"damage":0,"enemies":"Writhing Mass","floor":48,"turns":4},{"damage":0,"enemies":"Donu and Deca","floor":50,"turns":9},{"damage":39,"enemies":"Shield and Spear","floor":54,"turns":5},{"damage":47,"enemies":"The Heart","floor":55,"turns":8}],"seed_played":"-7487833831667369940","potions_obtained":[{"floor":3,"key":"DuplicationPotion"},{"floor":5,"key":"MagicPotion:ReiMu"},{"floor":8,"key":"AttackPotion"},{"floor":20,"key":"FairyPotion"},{"floor":40,"key":"LiquidBronze"}],"is_trial":false,"path_per_floor":["M","M","M","$","M","E","M","M","T","$","R","E","M","M","R","B",null,"M","M","M","T","M","E","R","$","T","M","R","M","R","$","R","B",null,"M","?","?","$","M","E","R","M","T","R","E","?","?","M","R","B",null,"R","$","E","B"],"character_chosen":"Hololive_HololiveCharacter","items_purchased":["Hololive_CandyCastle","Ice Cream","Hololive_CallOmaruPolka+1","PrismaticShard","Mercury Hourglass","Membership Card","RuthlessExorcism:ReiMu","Hololive_Rebound","Boot"],"campfire_rested":2,"item_purchase_floors":[4,10,31,31,31,38,38,38,53],"current_hp_per_floor":[36,36,36,36,36,36,36,31,31,31,31,31,31,28,36,36,50,49,49,49,49,49,49,49,49,49,49,49,49,49,49,49,49,50,50,50,50,50,50,39,39,42,42,42,27,27,5,5,20,25,50,50,50,11,0,0],"gold":294,"neow_bonus":"TRANSFORM_CARD","is_daily":false,"chose_seed":false,"campfire_upgraded":7,"win_rate":0.0,"timestamp":1611256279,"path_taken":["M","?","M","$","M","E","M","?","T","$","R","E","?","M","R","BOSS","M","M","?","?","M","E","R","$","T","M","R","M","R","$","R","BOSS","M","?","?","$","M","E","R","?","T","R","E","?","?","M","R","BOSS","R","$","E","BOSS"],"items_purchased_type":["Card","Relic","Card","Relic","Relic","Relic","Relic","Card","Relic"],"build_version":"2020-12-22","purchased_purges":1,"victory":false,"max_hp_per_floor":[36,36,36,36,36,36,36,36,36,36,36,36,36,36,36,36,50,50,50,50,50,50,50,50,50,50,50,50,50,50,50,50,50,50,50,50,50,50,50,50,50,50,50,50,50,50,50,50,50,50,50,50,50,50,50,50],"relic_stats":{"Darkstone Periapt":0,"Torii":16,"counters":[29,120],"Blue Candle":[28],"Dead Branch":[87],"Eternal Feather":0,"PreservedInsect":218,"MawBank":120,"Boot":[62],"obtain_stats":[{"Ice Cream":10,"Darkstone Periapt":23,"Torii":47,"Mango":17,"EVO:Axolotl":0,"Bottled Tornado":9,"PrismaticShard":31,"Boot":53,"Frozen Eye":14,"Matryoshka":26,"Mastiff:ReiMu":40,"Hololive_YagooBigFamily":0,"Hololive_Finger":34,"Blue Candle":17,"Dead Branch":45,"Eternal Feather":54,"PreservedInsect":17,"Frozen Egg 2":12,"MawBank":21,"Mercury Hourglass":31,"Calling Bell":17,"Hololive_TheStar":0,"Hololive_FriedShrimpLion":6,"Membership Card":38,"Toy Ornithopter":43,"RuthlessExorcism:ReiMu":38},{"Ice Cream":7,"Darkstone Periapt":16,"Torii":25,"Mango":11,"EVO:Axolotl":0,"Bottled Tornado":7,"PrismaticShard":18,"Boot":27,"Frozen Eye":10,"Matryoshka":16,"Mastiff:ReiMu":22,"Hololive_YagooBigFamily":0,"Hololive_Finger":19,"Blue Candle":11,"Dead Branch":24,"Eternal Feather":28,"PreservedInsect":11,"Frozen Egg 2":8,"MawBank":14,"Mercury Hourglass":18,"Calling Bell":11,"Hololive_TheStar":0,"Hololive_FriedShrimpLion":5,"Membership Card":20,"Toy Ornithopter":23,"RuthlessExorcism:ReiMu":20},{"Ice Cream":23,"Darkstone Periapt":55,"Torii":94,"Mango":37,"EVO:Axolotl":0,"Bottled Tornado":23,"PrismaticShard":63,"Boot":107,"Frozen Eye":30,"Matryoshka":55,"Mastiff:ReiMu":82,"Hololive_YagooBigFamily":0,"Hololive_Finger":71,"Blue Candle":37,"Dead Branch":90,"Eternal Feather":112,"PreservedInsect":37,"Frozen Egg 2":26,"MawBank":48,"Mercury Hourglass":63,"Calling Bell":37,"Hololive_TheStar":0,"Hololive_FriedShrimpLion":17,"Membership Card":75,"Toy Ornithopter":85,"RuthlessExorcism:ReiMu":75}],"Toy Ornithopter":10,"Mercury Hourglass":[233]},"card_choices":[{"not_picked":["Hololive_HuntDinosaur","Hololive_FlyingPonyTail","Hololive_CocoNews"],"picked":"Hololive_CallOzoraSubaru","floor":1},{"not_picked":["Hololive_Watashimo","Hololive_Sequa","Hololive_CallAiraniIofifteen"],"picked":"Hololive_CallSakuraMiko","floor":2},{"not_picked":["Hololive_Rebound","Hololive_StrengthChampion","Hololive_HuntDinosaur"],"picked":"Hololive_CocoNews","floor":3},{"not_picked":["Hololive_CallShirakamiFubuki","Hololive_Psychosis","Hololive_OvertimeWork"],"picked":"Hololive_CallMurasakiShion","floor":5},{"not_picked":["Hololive_FlyingPonyTail","Hololive_Psychosis","Hololive_Sequa"],"picked":"Hololive_Thief","floor":6},{"not_picked":["Hololive_HuntDinosaur","Hololive_CallManoAloe","Hololive_CallMurasakiShion"],"picked":"Hololive_CallKiryuuCoco","floor":7},{"not_picked":["Hololive_LuckPotion","Hololive_Breathe","Hololive_ScarfAndHalo"],"picked":"Hololive_CallMoonaHoshinova","floor":8},{"not_picked":["Hololive_StrengthChampion","Hololive_Breathe","Hololive_LuckPotion"],"picked":"Hololive_CallDoris+1","floor":12},{"not_picked":["Hololive_Breathe","Hololive_CallShiranuiFlare+1","Hololive_OvertimeWork"],"picked":"Hololive_CallSakuraMiko+1","floor":13},{"not_picked":["Hololive_StrengthChampion","Hololive_Breathe","Hololive_LuckPotion"],"picked":"Hololive_CocoNews","floor":14},{"not_picked":["Hololive_OpenUp","Hololive_Nanodesu","Hololive_FlareMind"],"picked":"Hololive_DurableLive","floor":16},{"not_picked":["Hololive_CallMoonaHoshinova+1","Hololive_FlyingPonyTail+1","Hololive_CocoNews"],"picked":"Hololive_CallShiroganeNoel+1","floor":18},{"not_picked":["Hololive_HuntDinosaur+1","Hololive_CocoNews","Hololive_FlareMind","Hololive_Psychosis"],"picked":"SKIP","floor":19},{"not_picked":["Hololive_DevilCharm","Hololive_CallNatsuiroMatsuri+1","Hololive_FlyingPonyTail"],"picked":"Hololive_CallUruhaRushia+1","floor":20},{"not_picked":["Hololive_StrengthChampion","Hololive_HuntDinosaur+1","Hololive_OvertimeWork"],"picked":"Hololive_CallSpadeEcho+1","floor":22},{"not_picked":["Hololive_CallNakiriAyame+1","Hololive_CallShirakamiFubuki+1","Hololive_CallHoushouMarine+1"],"picked":"Hololive_CallKiryuuCoco+1","floor":23},{"not_picked":["Hololive_CallOkamiMio+1","Hololive_Rebound","Hololive_CocoNews"],"picked":"Hololive_CallHimemoriLuna+1","floor":27},{"not_picked":["Hololive_RevenueBasedLive","Hololive_OvertimeWork","Hololive_CocoNews"],"picked":"Hololive_Trident+1","floor":29},{"not_picked":["Machine Learning+1","Brutality+1","Limit Break"],"picked":"Gatherer:Overflowing","floor":33},{"not_picked":["Anger+1","alterego_mod:HighServant","Yohane:Fallen_Dragon_Phoenix_Hold"],"picked":"Barrage+1","floor":35},{"not_picked":["Ultimatum","Metallicize+1","alterego_mod:PresenceConcealment+1","Umbrella_purple"],"picked":"SKIP","floor":39},{"not_picked":["dioMod:BloodSplash","Outmaneuver","Masterful Stab+1"],"picked":"Koishi:SubterraneanRose","floor":40},{"not_picked":["Gatherer:AromaProtection+1","BlasphemousPunishment+1","Koishi:GrowingPain"],"picked":"MikOfLucky:ReiMu+1","floor":42},{"not_picked":["PayForSelf:ReiMu+1","Know_ledgeAbilityRealm_purple","Gatherer:AcidicSpray+1"],"picked":"Koishi:ParalyzingFear","floor":45},{"not_picked":["Hololive_Drill+1","Hololive_CallRosalyn+1","PositiveMatter_Antimatter_Universe_purple+1"],"picked":"FoulBorder2:ReiMu+1","floor":47},{"not_picked":["theWildCard:EnergyTheft+1","Charmbait_purple","SpiderLilyBurial"],"picked":"alterego_mod:MagicResistance+1","floor":48},{"not_picked":["Prepared","Choke","BloodAndWine+1","Infinite Sin"],"picked":"SKIP","floor":54}],"player_experience":254202,"relics_obtained":[{"floor":6,"key":"Hololive_FriedShrimpLion"},{"floor":9,"key":"Bottled Tornado"},{"floor":12,"key":"Frozen Egg 2"},{"floor":17,"key":"PreservedInsect"},{"floor":17,"key":"Blue Candle"},{"floor":17,"key":"Mango"},{"floor":21,"key":"MawBank"},{"floor":23,"key":"Darkstone Periapt"},{"floor":26,"key":"Matryoshka"},{"floor":40,"key":"Mastiff:ReiMu"},{"floor":43,"key":"Toy Ornithopter"},{"floor":45,"key":"Dead Branch"},{"floor":47,"key":"Torii"},{"floor":54,"key":"Eternal Feather"}],"event_choices":[{"damage_healed":0,"gold_gain":0,"player_choice":"Ignored","damage_taken":0,"max_hp_gain":0,"max_hp_loss":0,"event_name":"Tomb of Lord Red Mask","floor":36,"gold_loss":0},{"damage_healed":0,"gold_gain":0,"player_choice":"Bought 0 Potions","damage_taken":0,"max_hp_gain":0,"max_hp_loss":0,"event_name":"The Woman in Blue","floor":37,"gold_loss":0},{"cards_removed":["Hololive_CallSpadeEcho"],"damage_healed":0,"gold_gain":0,"player_choice":"Removed Power","damage_taken":0,"max_hp_gain":0,"max_hp_loss":0,"event_name":"Falling","floor":46,"gold_loss":0},{"damage_healed":0,"gold_gain":0,"player_choice":"Fight","damage_taken":0,"max_hp_gain":0,"max_hp_loss":0,"event_name":"Mysterious Sphere","floor":47,"gold_loss":0}],"is_beta":false,"boss_relics":[{"not_picked":["Runic Dome","Pandora\u0027s Box"],"picked":"Calling Bell"},{"not_picked":["Snecko Eye","Hololive_TopUpMoneyS"],"picked":"Hololive_Finger"}],"items_purged_floors":[31],"is_endless":false,"potions_floor_spawned":[3,5,8,12,13,18,20,22,27,29,40,42],"killed_by":"The Heart","ascension_level":3}}