{"host":"och2iitg9ibgz06n","time":1611267798,"event":{"mods":["Abigail Mod","AchievementEnabler","Aspiration","BaseMod","Colored Powertips","Dio Mod","Hubris","Hyrulean Relics","Infinite Spire","Minty Spire (QoL Compilation)","Replay The Spire","Small Relic Pack","StSLib","The Animator","The Bug Knight","The Hierophant","The Jungle","The Saiyan","TheHero","Wandering Minibosses","everything is the same but u backflip on backflip","slay the spire mod where everything is the same but ironclad has a cowboy hat","vexMod"],"gold_per_floor":[109,125,125,141,159,191,191,224,272,467,486,486,94,79,79,184,850,860,830,830],"floor_reached":19,"language":"ENG","playtime":782,"items_purged":[],"score":242,"play_id":"f11e1d2b-42cd-4d00-a7e6-93c25637257e","local_time":"20210121162318","is_ascension_mode":true,"campfire_choices":[{"floor":7,"key":"REST"},{"floor":12,"key":"REST"},{"data":"animeID:HowitzerImpact","floor":15,"key":"SMITH"}],"circlet_count":0,"master_deck":["animeID:Deku","animeID:Bakugo","animeID:Smash","animeID:Smash","animeID:Smash","animeID:Smash","animeID:DefendMH","animeID:DefendMH","animeID:DefendMH","animeID:DefendMH","animeID:Kendo","animeID:Tamaki","animeID:Aoyama","animeID:Muscular","animeID:DetroitDelaware","animeID:Iida","animeID:HowitzerImpact+1","animeID:Kirishima","animeID:AllMight","animeID:AllMight","animeID:RecoveryGirl","animeID:Bakugo","animeID:Dabi","animeID:RedRiot","animeID:Tamaki"],"relics":["Mummified Hand","Replay:Wax Seal","Lee\u0027s Waffle","vexMod:RockOfEvil"],"acts_visited":["Exordium","TheCity"],"potions_floor_usage":[19,19],"damage_taken":[{"damage":6,"enemies":"Jaw Worm","floor":1,"turns":4},{"damage":0,"enemies":"2 Louse","floor":2,"turns":2},{"damage":10,"enemies":"Small Slimes","floor":4,"turns":4},{"damage":6,"enemies":"2 Fungi Beasts","floor":5,"turns":4},{"damage":35,"enemies":"Gremlin Nob","floor":6,"turns":4},{"damage":40,"enemies":"3 Sentries","floor":8,"turns":7},{"damage":14,"enemies":"Blue Slaver","floor":11,"turns":4},{"damage":27,"enemies":"Large Slime","floor":14,"turns":6},{"damage":58,"enemies":"Hexaghost","floor":16,"turns":8},{"damage":84,"enemies":"Spheric Guardian","floor":18,"turns":10},{"damage":0,"enemies":"2 Thieves","floor":19,"turns":4}],"seed_played":"1741980859764872709","potions_obtained":[{"floor":1,"key":"Energy Potion"},{"floor":5,"key":"Fire Potion"},{"floor":8,"key":"SkillPotion"}],"is_trial":false,"path_per_floor":["M","M","?","M","M","E","R","E","T","?","M","R","$","M","R","B",null,"M","M"],"character_chosen":"THE_HERO","items_purchased":["Lee\u0027s Waffle","animeID:AllMight","animeID:RecoveryGirl","animeID:Bakugo"],"campfire_rested":2,"item_purchase_floors":[13,13,13,13],"current_hp_per_floor":[78,78,78,70,66,33,57,21,21,21,9,33,89,68,68,14,89,9,13,13],"gold":830,"neow_bonus":"TEN_PERCENT_HP_BONUS","is_daily":false,"chose_seed":false,"campfire_upgraded":1,"win_rate":0.0,"timestamp":1611267798,"path_taken":["M","M","?","M","M","E","R","E","T","?","M","R","$","M","R","BOSS","M","M"],"items_purchased_type":["Relic","Card","Card","Card"],"build_version":"2020-12-22","purchased_purges":0,"victory":false,"max_hp_per_floor":[82,82,82,82,82,82,82,82,82,82,82,82,89,89,89,89,89,89,89,89],"card_choices":[{"not_picked":["animeID:Nomu","animeID:Kurono"],"picked":"animeID:Kendo","floor":1},{"not_picked":["animeID:Aoyama","animeID:Bakugo"],"picked":"animeID:Tamaki","floor":2},{"not_picked":["animeID:Tomura","animeID:Momo"],"picked":"animeID:Aoyama","floor":4},{"not_picked":["animeID:Kaminari","animeID:Mina"],"picked":"animeID:Muscular","floor":5},{"not_picked":["animeID:TetsuTetsu","animeID:Crystallize"],"picked":"animeID:DetroitDelaware","floor":6},{"not_picked":["animeID:TodorokiShoto","animeID:Rei"],"picked":"animeID:Iida","floor":8},{"not_picked":["animeID:Rei","animeID:Hatsume"],"picked":"animeID:HowitzerImpact","floor":10},{"not_picked":["animeID:Tengai","animeID:Kurono"],"picked":"animeID:Kirishima","floor":11},{"not_picked":["animeID:Kaminari","animeID:TetsuTetsu"],"picked":"animeID:Dabi","floor":14},{"not_picked":["animeID:Chisaki","animeID:USA_Smash"],"picked":"animeID:RedRiot","floor":16},{"not_picked":["animeID:Kirishima","animeID:Crystallize"],"picked":"animeID:Tamaki","floor":18}],"player_experience":443365,"relics_obtained":[{"floor":6,"key":"Mummified Hand"},{"floor":8,"key":"Replay:Wax Seal"}],"event_choices":[],"is_beta":false,"boss_relics":[{"not_picked":["aspiration:IroncladSkillbook","relicPack:ShieldShield"],"picked":"vexMod:RockOfEvil"}],"items_purged_floors":[],"is_endless":false,"potions_floor_spawned":[1,5,8,14,18,19],"killed_by":"2 Thieves","ascension_level":4}}