{"host":"0wzx847a4uibrodg","time":1611272584,"event":{"mods":["100% Spire Juice","ATMod(°¢èªMod)","Act Like it!","Aspiration","BaseMod","KomeijiMod","Lobotomy","LobotomyExtend","Minty Spire (QoL Compilation)","Replay The Spire","Spicy Shops","StSLib","The Cursed","UnlockEverythingMod","vexMod","¡¾ÒÅÎï¿¨ÅÆ¡¿REMEMod"],"gold_per_floor":[112,9,9,109,125,153,169,49,74,92,103,103,122,138,138,138,138],"floor_reached":16,"language":"ZHS","playtime":506,"items_purged":[],"score":131,"play_id":"fd0af2ec-5f54-48bd-a82d-2a73d086f68e","local_time":"20210122074304","is_ascension_mode":false,"campfire_choices":[{"data":"Moonworks:NicePresent","floor":8.0,"key":"SMITH"},{"data":"Moonworks:NicePresent","floor":12.0,"key":"SMITH"}],"circlet_count":0,"master_deck":["Moonworks:Strike","Moonworks:Strike","Moonworks:Strike","Moonworks:Defend","Moonworks:Defend","Moonworks:Defend","Moonworks:Defend","Moonworks:Ambush","Moonworks:LongDistanceShot","AT_BodySlamDance","AT_DrawKnifeCut","Regret","Moonworks:IndiscriminateFireSupport","Moonworks:NicePresent+1","Injury","Moonworks:NicePresent+1","Moonworks:NicePresent","Moonworks:LuckyCharm","Moonworks:FullSpeedAlicianrone+1","Moonworks:StiffCrystal","Moonworks:NicePresent","Moonworks:EvilSpyWorkPreparation","Moonworks:StiffCrystal"],"relics":["Moonworks:BrokenBomb","Moonworks:Homemark","AT_ATBox","REME_ComplimentaryCards","Question Card","LetterFromLob","Molten Egg 2","Replay:Towering Pillar of Hats"],"acts_visited":["Exordium"],"potions_floor_usage":[],"damage_taken":[{"damage":6.0,"enemies":"2 Louse","floor":1.0,"turns":3.0},{"damage":4.0,"enemies":"Jaw Worm","floor":2.0,"turns":3.0},{"damage":6.0,"enemies":"Cultist","floor":5.0,"turns":3.0},{"damage":9.0,"enemies":"3 Sentries","floor":6.0,"turns":2.0},{"damage":5.0,"enemies":"2 Fungi Beasts","floor":7.0,"turns":2.0},{"damage":5.0,"enemies":"Exordium Thugs","floor":10.0,"turns":3.0},{"damage":0.0,"enemies":"Red Slaver","floor":11.0,"turns":1.0},{"damage":0.0,"enemies":"Blue Slaver","floor":13.0,"turns":2.0},{"damage":10.0,"enemies":"Gremlin Gang","floor":14.0,"turns":2.0},{"damage":15,"enemies":"The Guardian","floor":16,"turns":3}],"seed_played":"-2817782952574717273","potions_obtained":[{"floor":1.0,"key":"FearPotion"},{"floor":5.0,"key":"Explosive Potion"},{"floor":10.0,"key":"SmokeBomb"}],"is_trial":false,"path_per_floor":["M","M","?","?","M","E","M","R","T","M","M","R","M","M","R","B"],"character_chosen":"THE_STARBREAKER","items_purchased":[],"campfire_rested":0,"item_purchase_floors":[],"current_hp_per_floor":[54,50,50,50,44,35,30,30,30,25,25,25,25,15,15,0,0],"gold":138,"neow_bonus":"RANDOM_EVENT","is_daily":false,"chose_seed":false,"campfire_upgraded":2,"win_rate":0.0,"timestamp":1611272584,"path_taken":["M","M","?","?","M","E","?","R","T","M","M","R","M","M","R","BOSS"],"items_purchased_type":[],"build_version":"2020-12-22","purchased_purges":0,"victory":false,"max_hp_per_floor":[60,60,60,60,60,60,60,60,60,60,60,60,60,60,60,60,60],"card_choices":[{"not_picked":["Moonworks:ImOnFire","Moonworks:JonathanRush","Moonworks:EvilSpyWorkPreparation"],"picked":"Moonworks:IndiscriminateFireSupport","floor":1.0},{"not_picked":["Moonworks:BigBangBell","Moonworks:DeployBits","Moonworks:Poppoformation"],"picked":"Moonworks:NicePresent","floor":2.0},{"not_picked":["Moonworks:ImOnFire","Moonworks:SweetBattle","Moonworks:EvilSpyWorkPreparation"],"picked":"Moonworks:NicePresent","floor":5.0},{"not_picked":["Moonworks:IndiscriminateFireSupport+1","Moonworks:SakisCookie","Moonworks:RagingMadness"],"picked":"Moonworks:NicePresent","floor":6.0},{"not_picked":["Moonworks:Heat300Percent","Moonworks:Gamble+1","Moonworks:SakisCookie"],"picked":"Moonworks:LuckyCharm","floor":7.0},{"not_picked":["Moonworks:LulusLuckyEgg","Moonworks:MiracleWalker","Moonworks:SelfDestruct+1"],"picked":"Moonworks:FullSpeedAlicianrone+1","floor":10.0},{"not_picked":["Moonworks:ImOnFire","Moonworks:UnluckyCharm","Moonworks:JonathanRush+1"],"picked":"Moonworks:StiffCrystal","floor":11.0},{"not_picked":["Moonworks:JonathanRush+1","Moonworks:AngelHand","Moonworks:DeployBits"],"picked":"Moonworks:NicePresent","floor":13.0},{"not_picked":["Moonworks:ImOnFire","Moonworks:LulusLuckyEgg","Moonworks:DeployBits"],"picked":"Moonworks:EvilSpyWorkPreparation","floor":14.0}],"player_experience":77852,"relics_obtained":[{"floor":1.0,"key":"LetterFromLob"},{"floor":6.0,"key":"Replay:Towering Pillar of Hats"}],"event_choices":[{"damage_healed":0.0,"max_hp_gain":0.0,"max_hp_loss":0.0,"gold_gain":0.0,"event_name":"Big Fish","player_choice":"Box","floor":0.0,"gold_loss":0.0,"damage_taken":0.0,"relics_obtained":["Question Card"],"cards_obtained":["Regret"]},{"damage_healed":0.0,"max_hp_gain":0.0,"max_hp_loss":0.0,"gold_gain":100.0,"event_name":"Golden Shrine","player_choice":"Pray","floor":4.0,"gold_loss":0.0,"damage_taken":0.0}],"is_beta":false,"boss_relics":[],"items_purged_floors":[],"is_endless":false,"potions_floor_spawned":[1,5,10],"killed_by":"The Guardian","ascension_level":0}}