{"host":"465m78bh87h7wxsp","time":1611240354,"event":{"mods":["ATMod(阿瑾Mod)","Act Like it!","Alarm Clock","Aspiration","BaseMod","Better Debug","CapriCore","Decade(王小明)","Gensokyo","GungeonMod","Hallownest","Hermit","HololiveMod","Infinite Spire","Jorbs\u0027s Wanderer Trilogy","KinomotoSakuraMod(木之本樱)","Koishi","KomeijiMod","Lobotomy","LobotomyExtend","Marisa（F雨　魔理沙）","Minty Spire (QoL Compilation)","MostiFishMod","Red Circlet Mod","Reimu（博丽灵梦）","Replay The Spire","RumiaBox-露米娅的神秘盒子","Ryuuou龙王","SOS（斯巴达之子）","Shop Mod","Spicy Shops","StSLib","TestMod","The Administrix","The Animator","The Bug Knight","The Cursed","The Hierophant","The Immortal","The Senshi","The Servant 0.9.4","Uncapped","Waifu the Spire","WarShipGirlsR/战舰少女R mod","Yakumo Yukari mod","Youmu（魂魄妖梦）","Yuyuko","[IsaacMod]以撒尖塔","noobMod","vexMod","【功能Mod】混沌之环修复补丁","【功能Mod】聪明的最终Boss","【遗物卡牌】REMEMod"],"gold_per_floor":[39,57,57,68,84,84,116,126,126,126,88,105,105,118,118,417,417,430,447,546,50,150,162,174,56,81,108,124,0,0,0,0,103,103,123,0,0,0,400,432,446,446,592,665,665,665,365,376,403,403,403,403,403,403,403,14,43,43],"floor_reached":59,"language":"ZHS","playtime":2043,"items_purged":["HollowMod:DesolateDive"],"score":1789,"play_id":"8b9b5a5f-755f-4e6c-b0ca-1c5ba89c009d","local_time":"20210121224554","is_ascension_mode":true,"campfire_choices":[{"floor":6,"key":"RECALL"},{"data":"AT_FamilyPortrait","floor":13,"key":"SMITH"},{"data":"Gensokyo:SlitMouthedWoman","floor":15,"key":"SMITH"},{"data":"HollowMod:LordofShades","floor":23,"key":"SMITH"},{"data":"HollowMod:VoidDash","floor":42,"key":"SMITH"},{"data":"HollowMod:SiblingsShadow","floor":51,"key":"SMITH"},{"data":"HollowMod:NewLastStag","floor":55,"key":"SMITH"}],"circlet_count":0,"master_deck":["HollowMod:NailStrikeStart+1","HollowMod:NailStrikeStart+1","HollowMod:NailStrikeStart+1","HollowMod:NailStrikeStart+1","HollowMod:QuickDashStart+1","HollowMod:QuickDashStart+1","HollowMod:QuickDashStart+1","HollowMod:QuickDashStart+1","HollowMod:FocusHealStart","HollowMod:PogoStrike","AT_FamilyPortrait+1","HollowMod:ShadowDash","HollowMod:BlackTendrils","HollowMod:ShadowDash","Gensokyo:CrescentMoonSlash","Gensokyo:SlitMouthedWoman+1","Gensokyo:Doppelganger","HollowMod:DescendingDark+1","HollowMod:WraithStrike","HollowMod:QuickDashStart+1","HollowMod:LordofShades+1","HollowMod:DescendingDark","HollowMod:ShadowDash","HollowMod:DashSlash","HollowMod:VoidDash+1","HollowMod:SharpenedShadows+1","HollowMod:DescendingDark+1","HollowMod:SiblingsShadow+1","HollowMod:ShadowDash+1","HollowMod:DescendingDark+1","HollowMod:SiblingsSouls+1","HollowMod:ShadowDash","HollowMod:NewLastStag+1","HollowMod:VengefulVoid+1","HollowMod:DescendingDark+1","HollowMod:DescendingDark"],"relics":["HollowMod:VesselMask","DaveBox","ice","testmod-TestBox","AT_ATBox","REME_ComplimentaryCards","testmod-SaigiyounoYou","MaYiHuaBei","BirthdayGift-Tetrahedron","SynthV:TestCard","LetterFromLob","infinitespire:CheckeredPen","Juzu Bracelet","testmod-IncinerationGenerator","AT_ArchangelStaff","Prayer Wheel","Gremlin Horn","Bottled Lightning","MerchantsRug","D6","D6","MawBank","aspiration:Nostalgia","m_SnakeCloak","Happy Flower","HollowMod:KingsBrand","REME_HourglassOfDeath","ZombieArmy","Chaos","Quantum Egg","DianDianMeat","testmod-Prudence","Honey Jar","Incense Burner","infinitespire:Lychee Nut","ReplayTheSpireMod:Lightbulb","testmod-ObsoleteBoomerang"],"acts_visited":["Gensokyo:Gensokyo","TheCity","Gensokyo:Gensokyoest","TheEnding"],"potions_floor_usage":[18],"damage_taken":[{"damage":3,"enemies":"Gensokyo:Gryphon","floor":1,"turns":2},{"damage":6,"enemies":"Gensokyo:3_Fairies","floor":2,"turns":2},{"damage":2,"enemies":"Gensokyo:Python","floor":4,"turns":2},{"damage":0,"enemies":"Gensokyo:LivingMonolith","floor":5,"turns":1},{"damage":7,"enemies":"Gensokyo:Cirno","floor":7,"turns":4},{"damage":3,"enemies":"Gensokyo:3_Kodama","floor":8,"turns":2},{"damage":7,"enemies":"Gensokyo:Python_and_Kodama","floor":12,"turns":2},{"damage":0,"enemies":"Gensokyo:2_Rabbits","floor":14,"turns":1},{"damage":13,"enemies":"Gensokyo:Kokoro","floor":16,"turns":4},{"damage":16,"enemies":"Shell Parasite","floor":18,"turns":3},{"damage":0,"enemies":"3 Byrds","floor":19,"turns":1},{"damage":50,"enemies":"Hiden Room Battle","floor":22,"turns":2},{"damage":2,"enemies":"Gremlin Leader","floor":27,"turns":2},{"damage":2,"enemies":"3 Cultists","floor":28,"turns":2},{"damage":6,"enemies":"Collector","floor":33,"turns":4},{"damage":3,"enemies":"Gensokyo:3_Boulders","floor":35,"turns":2},{"damage":4,"enemies":"Gensokyo:Marisa","floor":40,"turns":3},{"damage":0,"enemies":"Gensokyo:3_Bats","floor":41,"turns":1},{"damage":2,"enemies":"Gensokyo:3_Boulders","floor":48,"turns":2},{"damage":14,"enemies":"Gensokyo:Kasen","floor":49,"turns":2},{"damage":10,"enemies":"Gensokyo:Scarlet_Devils","floor":52,"turns":6},{"damage":36,"enemies":"Shield and Spear","floor":57,"turns":2},{"damage":9,"enemies":"The Heart","floor":58,"turns":4}],"seed_played":"3863608258227330974","potions_obtained":[{"floor":4,"key":"LifebloodPotion"},{"floor":7,"key":"Swift Potion"},{"floor":8,"key":"SneckoOil"},{"floor":22,"key":"PowerPotion"},{"floor":27,"key":"PowerPotion"},{"floor":28,"key":"SteroidPotion"},{"floor":29,"key":"RedTea"},{"floor":49,"key":"EssenceOfSteel"},{"floor":57,"key":"PowerPotion"}],"is_trial":false,"path_per_floor":["M","M","?","M","M","R","E","M","T","?","COS","M","R","M","R","B",null,"M","M","?","$","?","R","?","$","T","E","M","?","?","?","R","B",null,"M","COS","?","$","?","E","M","R","T","?","PTL","PTL","?","M","E","T","R","B",null,null,"R","$","E","B",null],"character_chosen":"THE_BUGKNIGHT","items_purchased":["Gremlin Horn","Bottled Lightning","MerchantsRug","aspiration:Nostalgia","infinitespire:Lychee Nut","ReplayTheSpireMod:Lightbulb"],"campfire_rested":0,"item_purchase_floors":[21,21,21,25,56,56],"current_hp_per_floor":[75,75,60,68,75,75,74,75,75,64,64,73,73,75,75,75,75,68,75,75,75,32,32,32,32,32,68,75,75,75,75,75,75,75,75,75,75,75,75,75,75,75,75,45,45,45,46,69,81,81,81,81,81,81,81,60,57,64],"gold":43,"neow_bonus":"RANDOM_EVENT","is_daily":false,"chose_seed":false,"campfire_upgraded":6,"win_rate":0.0,"timestamp":1611240354,"path_taken":["M","M","?","M","M","R","E","M","T","?","COS","M","R","M","R","BOSS","M","M","?","$","?","R","?","?","T","E","M","?","?","?","R","BOSS","M","COS","?","$","?","E","M","R","T","?","PTL","PTL","?","M","E","?","R","BOSS","R","$","E","BOSS"],"items_purchased_type":["Relic","Relic","Relic","Relic","Relic","Relic"],"build_version":"2020-12-22","purchased_purges":1,"victory":true,"max_hp_per_floor":[75,75,75,75,75,75,75,75,75,75,75,75,75,75,75,75,75,75,75,75,75,75,75,75,75,75,75,75,75,75,75,75,75,75,75,75,75,75,75,75,75,75,75,75,75,75,76,78,81,81,81,81,81,81,81,60,64,64],"card_choices":[{"not_picked":["HollowMod:SoulShaman","HollowMod:DreamGate","HollowMod:FallenFury"],"picked":"SKIP","floor":1},{"not_picked":["HollowMod:GoodIntentions","HollowMod:DungDefenderAura","HollowMod:ChannelNail","HollowMod:SharpenedNail","HollowMod:CornifersMapStart"],"picked":"SKIP","floor":2},{"not_picked":["HollowMod:SoulSplash","HollowMod:TaintedHusks","HollowMod:InfectedCysts","HollowMod:CornifersMapStart"],"picked":"HollowMod:ShadowDash","floor":4},{"not_picked":["HollowMod:ChannelNail","HollowMod:CrystalDash","HollowMod:GoodIntentions","HollowMod:SoulStrike"],"picked":"HollowMod:BlackTendrils","floor":5},{"not_picked":["HollowMod:SiblingsSouls","HollowMod:SharpenedNail","HollowMod:InfectionAssault","HollowMod:CoiledNail"],"picked":"HollowMod:ShadowDash","floor":7},{"not_picked":["HollowMod:FastStrike","HollowMod:SoulShaman","HollowMod:MonarchWings","HollowMod:CornifersMapStart","HollowMod:HeavyBlow"],"picked":"SKIP","floor":8},{"not_picked":["HollowMod:InfectionAssault+1","HollowMod:GoodIntentions+1","HollowMod:MonomonsArchive+1","HollowMod:DungDefenderAura+1"],"picked":"HollowMod:DescendingDark+1","floor":12},{"not_picked":["HollowMod:InfectedCysts","HollowMod:GoodIntentions","HollowMod:HerrahsAnger","HollowMod:HowlingWraiths"],"picked":"HollowMod:WraithStrike","floor":12},{"not_picked":["HollowMod:BrokenVessel","HollowMod:DesolateDive","HollowMod:DoubleDash","HollowMod:TaintedHusks","HollowMod:SoulSplash"],"picked":"SKIP","floor":14},{"not_picked":["HollowMod:Hiveblood","HollowMod:VoidDash","HollowMod:ElderbugsWisdom","HollowMod:HerrahsAnger"],"picked":"HollowMod:LordofShades","floor":16},{"not_picked":["HollowMod:SiblingsSouls","HollowMod:InfectedAttack","HollowMod:ChannelNail+1","HollowMod:GreatSlash"],"picked":"HollowMod:DescendingDark","floor":18},{"not_picked":["HollowMod:HeavyBlow+1","HollowMod:GoodIntentions","HollowMod:SoulShaman+1","HollowMod:InfectionAssault+1","HollowMod:InfectedAttack"],"picked":"SKIP","floor":18},{"not_picked":["HollowMod:LordofShades","HollowMod:CornifersMapStart","HollowMod:MothsMistake","HollowMod:NewLittleFool"],"picked":"HollowMod:ShadowDash","floor":19},{"not_picked":["HollowMod:InfectedAttack+1","HollowMod:DashSlash","HollowMod:MantisMark+1","HollowMod:CycloneSlash+1"],"picked":"HollowMod:VengefulVoid","floor":19},{"not_picked":["HollowMod:TaintedHusks","HollowMod:NewLittleFool","HollowMod:RecoilStrike","HollowMod:LuriensSpire"],"picked":"HollowMod:ShadowDash","floor":22},{"not_picked":["HollowMod:HuntersJournal+1","HollowMod:SharpenedNail","HollowMod:Grubsong+1","HollowMod:InfectionAssault"],"picked":"HollowMod:VoidDash","floor":27},{"not_picked":["HollowMod:SharpenedNail","HollowMod:DashSlash+1","HollowMod:SoulSplash","HollowMod:TaintedHusks+1"],"picked":"HollowMod:SharpenedShadows+1","floor":28},{"not_picked":["HollowMod:SharpenedNail","HollowMod:DashSlash","HollowMod:MothsMistake+1","HollowMod:CloakDash"],"picked":"HollowMod:DescendingDark+1","floor":28},{"not_picked":["HollowMod:Grubsong","HollowMod:NewJinnsSoul+1","HollowMod:DreamGate+1","HollowMod:GoodIntentions"],"picked":"HollowMod:SiblingsShadow","floor":29},{"not_picked":["HollowMod:DoubleDash","HollowMod:CornifersMapStart","HollowMod:SoulStrike","HollowMod:SoulEater"],"picked":"HollowMod:ShadowDash+1","floor":35},{"not_picked":["HollowMod:CloakDash","HollowMod:DesolateDive+1","HollowMod:Grubsong+1","HollowMod:SoulStrike","HollowMod:RecoilStrike"],"picked":"SKIP","floor":35},{"not_picked":["HollowMod:DreamGate","HollowMod:SoulStrike","HollowMod:HowlingWraiths","HollowMod:NewInfectedGuardian"],"picked":"HollowMod:DescendingDark+1","floor":40},{"not_picked":["HollowMod:NewLittleFool+1","HollowMod:DungDefenderAura+1","HollowMod:CloakDash+1","HollowMod:TaintedHusks+1"],"picked":"HollowMod:SiblingsSouls+1","floor":41},{"not_picked":["HollowMod:CrystalDash+1","HollowMod:HeavyBlow+1","HollowMod:HowlingWraiths","HollowMod:MonarchWings+1"],"picked":"HollowMod:ShadowDash","floor":41},{"not_picked":["HollowMod:HowlingWraiths+1","HollowMod:PerfectDash","HollowMod:GrimmsGift+1","HollowMod:MidwifesHunger"],"picked":"HollowMod:VengefulVoid+1","floor":48},{"not_picked":["HollowMod:MonomonsArchive+1","HollowMod:GoodIntentions+1","HollowMod:CornifersMapStart+1","HollowMod:FastStrike","HollowMod:CloakDash+1"],"picked":"SKIP","floor":48},{"not_picked":["HollowMod:WraithStrike+1","HollowMod:QuirrelsAssistance","HollowMod:GrimmsGift+1","HollowMod:TaintedHusks"],"picked":"HollowMod:DescendingDark+1","floor":49},{"not_picked":["HollowMod:FastStrike+1","HollowMod:NewGlowingWomb+1","HollowMod:SiblingsSouls+1","HollowMod:CrystalDash+1","HollowMod:VoidDash"],"picked":"HollowMod:DescendingDark","floor":57}],"player_experience":39726,"relics_obtained":[{"floor":1,"key":"SynthV:TestCard"},{"floor":1,"key":"LetterFromLob"},{"floor":7,"key":"Juzu Bracelet"},{"floor":22,"key":"D6"},{"floor":22,"key":"D6"},{"floor":22,"key":"MawBank"},{"floor":26,"key":"Happy Flower"},{"floor":27,"key":"HollowMod:KingsBrand"},{"floor":29,"key":"REME_HourglassOfDeath"},{"floor":40,"key":"Quantum Egg"},{"floor":43,"key":"DianDianMeat"},{"floor":44,"key":"testmod-Prudence"},{"floor":49,"key":"Honey Jar"},{"floor":50,"key":"Incense Burner"},{"floor":57,"key":"testmod-ObsoleteBoomerang"}],"event_choices":[{"damage_healed":0,"gold_gain":99,"player_choice":"Stole From Cult","damage_taken":0,"max_hp_gain":0,"max_hp_loss":0,"event_name":"Nest","floor":20,"gold_loss":0},{"damage_healed":0,"gold_gain":0,"player_choice":"Fight","damage_taken":0,"max_hp_gain":0,"max_hp_loss":0,"event_name":"HidenRoomEvent","floor":22,"gold_loss":0},{"damage_healed":0,"gold_gain":0,"cards_transformed":["HollowMod:ShadowDash","HollowMod:VengefulVoid"],"player_choice":"Became Test Subject","damage_taken":0,"max_hp_gain":0,"max_hp_loss":0,"event_name":"Drug Dealer","floor":24,"gold_loss":0,"cards_obtained":["HollowMod:DesolateDive","HollowMod:DashSlash"]},{"damage_healed":0,"gold_gain":0,"player_choice":"Ignored","damage_taken":0,"max_hp_gain":0,"max_hp_loss":0,"event_name":"给自己的盒子","floor":30,"gold_loss":0},{"damage_healed":0,"gold_gain":0,"player_choice":"Simplicity","damage_taken":0,"max_hp_gain":0,"max_hp_loss":0,"event_name":"Back to Basics","floor":31,"gold_loss":0,"cards_upgraded":["HollowMod:NailStrikeStart","HollowMod:NailStrikeStart","HollowMod:NailStrikeStart","HollowMod:NailStrikeStart","HollowMod:QuickDashStart","HollowMod:QuickDashStart","HollowMod:QuickDashStart","HollowMod:QuickDashStart","HollowMod:QuickDashStart"]},{"damage_healed":0,"gold_gain":400,"player_choice":"Sell","damage_taken":0,"max_hp_gain":0,"max_hp_loss":0,"event_name":"恩洛斯的盘子","floor":39,"relics_lost":["HushsDoor"],"gold_loss":0}],"is_beta":false,"boss_relics":[{"not_picked":["aspiration:FutureDiary","testmod-StringDisintegrator"],"picked":"testmod-IncinerationGenerator"},{"not_picked":[]},{"not_picked":["REME_DuelDisc","Sozu","Velvet Choker"]}],"items_purged_floors":[25],"is_endless":false,"potions_floor_spawned":[4,7,8,12,14,22,27,28,35,49,57],"ascension_level":4}}