{"host":"k5ce38i4ey85p5tz","time":1611236095,"event":{"mods":["BaseMod","Colored Map","Colored Powertips","Downfall","Highlight Path","Marisa£®ÏF”Í°°ƒß¿Ì…≥£©","Minty Spire (QoL Compilation)","Quick Restart","StSLib","Td1madao Mod","The Bug Knight","The Servant 0.9.4","°æ“≈ŒÔø®≈∆°øREMEMod"],"gold_per_floor":[116,44,64,239,239,259,259,83,107,107,136,155,180,191,191,316,316,344,443,472,472,472,526,152,167,190,190,40,40,89,89,89,89,89],"floor_reached":33,"language":"ZHS","playtime":2341,"items_purged":["Doubt"],"score":290,"play_id":"2b1c3d95-0535-4b60-8e36-e748a50bed53","local_time":"20210121213455","is_ascension_mode":false,"campfire_choices":[{"floor":7,"key":"REST"},{"data":"BinaryStars","floor":10,"key":"SMITH"},{"floor":15,"key":"REST"},{"floor":27,"key":"REST"},{"data":"CasketOfStar","floor":29,"key":"SMITH"},{"data":"MysteriousBeam","floor":32,"key":"SMITH"}],"circlet_count":0,"master_deck":["Strike_MRS","Strike_MRS+1","Strike_MRS","Strike_MRS","Defend_MRS+1","Defend_MRS","Defend_MRS","Defend_MRS","MasterSpark","UpSweep+1","hexamod:FifthSeal","hexamod:SixthSeal","WitchOfGreed","OrrerysSun+1","AlicesGift","hexamod:FourthSeal","MysteriousBeam+1","BinaryStars+1","DC","hexamod:ThirdSeal","StarlightTyphoon+1","hexamod:SecondSeal","SprinkleStarSeal","hexamod:FirstSeal","MysteriousBeam+1","AsteroidBelt","GalacticHalo+1","PulseMagic","SuperNova","CasketOfStar+1","ManaConvection","WitchOfGreed","6A+1","GrandCross","EscapeVelocity","Guardian:BronzeOrb","sneckomod:UnknownVulnerable","Intimidate+1","bronze:Return","LuminesStrike","Bouncing Flask+1","Sword Boomerang","HollowMod:SoulStrike","hexamod:SixthSeal","Guardian:RefractedBeam","Writhe"],"relics":["MiniHakkero","REME_ComplimentaryCards","Dream Catcher","Gambling Chip","MealTicket","PreservedInsect","Darkstone Periapt","Philosopher\u0027s Stone","Anchor","PrismaticShard","Bag of Preparation","Boot","Orrery","Question Card"],"acts_visited":["Exordium","TheCity"],"potions_floor_usage":[13,14,16,16,16,17,20,20,30,33,33,33],"damage_taken":[{"damage":6,"enemies":"Cultist","floor":1,"turns":3},{"damage":0,"enemies":"Small Slimes","floor":3,"turns":4},{"damage":11,"enemies":"Jaw Worm","floor":6,"turns":4},{"damage":15,"enemies":"HollowMod:MossKnight","floor":11,"turns":6},{"damage":18,"enemies":"Exordium Wildlife","floor":12,"turns":4},{"damage":17,"enemies":"Exordium Thugs","floor":13,"turns":6},{"damage":1,"enemies":"2 Fungi Beasts","floor":14,"turns":2},{"damage":29,"enemies":"Slime Boss","floor":16,"turns":11},{"damage":26,"enemies":"Shell Parasite","floor":18,"turns":5},{"damage":26,"enemies":"2 Thieves","floor":20,"turns":3},{"damage":70,"enemies":"REME_1_Revenger","floor":23,"turns":4},{"damage":0,"enemies":"Snecko","floor":25,"turns":4},{"damage":15,"enemies":"Cultist and Chosen","floor":30,"turns":6},{"damage":85,"enemies":"Collector","floor":33,"turns":6}],"seed_played":"6480396821610597071","potions_obtained":[{"floor":1,"key":"BottledSpark"},{"floor":6,"key":"SkillPotion"},{"floor":11,"key":"DistilledChaos"},{"floor":12,"key":"LiquidMemories"},{"floor":13,"key":"AttackPotion"},{"floor":14,"key":"DistilledChaos"},{"floor":16,"key":"REME_GoldPotion"},{"floor":18,"key":"bronze:BurnAndBuffPotion"},{"floor":18,"key":"DuplicationPotion"},{"floor":20,"key":"Block Potion"},{"floor":20,"key":"bronze:BurnAndBuffPotion"},{"floor":23,"key":"AttackPotion"},{"floor":23,"key":"SkillPotion"},{"floor":30,"key":"BlessingOfTheForge"}],"is_trial":false,"path_per_floor":["M","$","M","?","?","M","R","$","T","R","E","M","M","M","R","B",null,"M","?","M","?","?","E","$","M","T","R","$","R","M","?","R","B"],"character_chosen":"MARISA","items_purchased":["OrrerysSun","MealTicket","DC","PrismaticShard","Bag of Preparation","Orrery"],"campfire_rested":3,"item_purchase_floors":[2,8,8,24,24,28],"current_hp_per_floor":[69,69,69,69,57,46,68,68,68,68,53,35,18,24,46,24,75,56,56,30,16,80,17,32,39,39,63,78,78,70,76,76,0,0],"gold":89,"neow_bonus":"RANDOM_COMMON_RELIC","is_daily":false,"chose_seed":false,"campfire_upgraded":3,"win_rate":0.0,"timestamp":1611236095,"path_taken":["M","$","?","?","?","M","R","?","T","R","E","?","M","M","R","BOSS","M","?","M","?","?","E","$","M","T","R","$","R","?","?","R","BOSS"],"items_purchased_type":["Card","Relic","Card","Relic","Relic","Relic"],"build_version":"2020-12-22","purchased_purges":1,"victory":false,"max_hp_per_floor":[75,75,75,75,75,75,75,75,75,75,75,75,75,75,75,75,75,75,75,75,80,80,80,80,80,80,80,80,80,80,86,86,86,86],"card_choices":[{"not_picked":["hexamod:FirstSeal","hexamod:FourthSeal"],"picked":"hexamod:SixthSeal","floor":1},{"not_picked":["UnstableBomb","ChargeUpSpray"],"picked":"WitchOfGreed","floor":1},{"not_picked":["6A","MagicAbsorber"],"picked":"AlicesGift","floor":3},{"not_picked":["hexamod:FirstSeal","hexamod:SecondSeal"],"picked":"hexamod:FourthSeal","floor":6},{"not_picked":["DC","MeteoricShower"],"picked":"MysteriousBeam","floor":6},{"not_picked":["SprinkleStarSeal","WitchLeyline"],"picked":"BinaryStars","floor":7},{"not_picked":["hexamod:SixthSeal","hexamod:FourthSeal"],"picked":"hexamod:ThirdSeal","floor":11},{"not_picked":["DeepEcoloBomb","6A"],"picked":"StarlightTyphoon","floor":11},{"not_picked":["hexamod:SixthSeal","hexamod:ThirdSeal"],"picked":"hexamod:SecondSeal","floor":12},{"not_picked":["MysteriousBeam","MilkyWay"],"picked":"SprinkleStarSeal","floor":12},{"not_picked":["hexamod:ThirdSeal","hexamod:FourthSeal"],"picked":"hexamod:FirstSeal","floor":13},{"not_picked":["PowerUp","LuminesStrike"],"picked":"MysteriousBeam","floor":13},{"not_picked":["OrrerysSun","GasGiant"],"picked":"AsteroidBelt","floor":14},{"not_picked":["SprinkleStarSeal","WitchLeyline"],"picked":"GalacticHalo","floor":14},{"not_picked":["OrrerysSun","DoubleSpark"],"picked":"PulseMagic","floor":15},{"not_picked":["UltimateShortwave","BigCrunch"],"picked":"SuperNova","floor":16},{"not_picked":["SuperNova","MillisecondPulsars"],"picked":"CasketOfStar","floor":16},{"not_picked":["DarkMatter","ShootingEcho"],"picked":"ManaConvection","floor":18},{"not_picked":["BlazeAway","UnstableBomb+1"],"picked":"WitchOfGreed","floor":18},{"not_picked":["DoubleSpark","UnstableBomb+1"],"picked":"6A+1","floor":20},{"not_picked":["6A","DoubleSpark+1"],"picked":"GrandCross","floor":20},{"not_picked":["6A+1","StarDustReverie"],"picked":"EscapeVelocity","floor":23},{"not_picked":["bronze:Branch","Dagger Spray"],"picked":"Guardian:BronzeOrb","floor":25},{"not_picked":["Discovery","Guardian:Suspension"],"picked":"sneckomod:UnknownVulnerable","floor":25},{"not_picked":["Swift Strike","Slimebound:ItLooksTasty"],"picked":"Intimidate+1","floor":27},{"not_picked":["GrandCross","Dark Embrace"],"picked":"bronze:Return","floor":28},{"not_picked":["Guardian:ShieldCharger","Ragnarok"],"picked":"LuminesStrike","floor":28},{"not_picked":["champ:CrownThrow","REME_Scribble"],"picked":"Bouncing Flask+1","floor":28},{"not_picked":["Slimebound:LeechEnergy","Slimebound:SlimeSlap"],"picked":"Sword Boomerang","floor":28},{"not_picked":["bronze:ClassDefault","hexamod:FastForward"],"picked":"HollowMod:SoulStrike","floor":28},{"not_picked":["hexamod:ThirdSeal","hexamod:FourthSeal"],"picked":"hexamod:SixthSeal","floor":30},{"not_picked":["Coolheaded","Whirlwind"],"picked":"Guardian:RefractedBeam","floor":30},{"not_picked":["Replace+1","bronze:CutThrough","DarkSpark"],"picked":"SKIP","floor":30},{"not_picked":["Replace+1","bronze:CutThrough","DarkSpark"],"picked":"SKIP","floor":30}],"player_experience":38554,"relics_obtained":[{"floor":9,"key":"PreservedInsect"},{"floor":11,"key":"Darkstone Periapt"},{"floor":23,"key":"Anchor"},{"floor":26,"key":"Boot"}],"event_choices":[{"damage_healed":0,"gold_gain":175,"player_choice":"AGREE","damage_taken":0,"max_hp_gain":0,"max_hp_loss":0,"event_name":"Liars Game","floor":4,"gold_loss":0,"cards_obtained":["Doubt"]},{"damage_healed":0,"gold_gain":0,"player_choice":"Success","damage_taken":12,"relics_obtained":["Gambling Chip"],"max_hp_gain":0,"max_hp_loss":0,"event_name":"Scrap Ooze","floor":5,"gold_loss":0},{"damage_healed":0,"gold_gain":99,"player_choice":"Stole From Cult","damage_taken":0,"max_hp_gain":0,"max_hp_loss":0,"event_name":"Nest","floor":19,"gold_loss":0},{"damage_healed":0,"gold_gain":0,"player_choice":"Shed Blood","damage_taken":19,"max_hp_gain":5,"max_hp_loss":0,"event_name":"Forgotten Altar","floor":21,"gold_loss":0},{"damage_healed":64,"gold_gain":0,"player_choice":"Full Heal","damage_taken":0,"max_hp_gain":0,"max_hp_loss":0,"event_name":"Wheel of Change","floor":22,"gold_loss":0},{"damage_healed":0,"gold_gain":0,"player_choice":"Opened","damage_taken":0,"relics_obtained":["Question Card"],"max_hp_gain":0,"max_hp_loss":0,"event_name":"The Mausoleum","floor":31,"gold_loss":0,"cards_obtained":["Writhe"]}],"is_beta":false,"boss_relics":[{"not_picked":["Tiny House","RampagingMagicTools"],"picked":"Philosopher\u0027s Stone"}],"items_purged_floors":[24],"is_endless":false,"potions_floor_spawned":[1,6,12,14,18,20,23],"killed_by":"Collector","ascension_level":0}}