{"host":"8i58hvcssdezoe94","time":1611220481,"event":{"mods":["Act Like it!","BaseMod","Colored Map","Conspire","Gensokyo","KinomotoSakuraMod(木之本樱)","Marisa（F雨　魔理沙）","Minty Spire (QoL Compilation)","Quick Restart","Remilia（蕾米莉亚）","Replay The Spire","StSLib","The Animator","The Bug Knight","The Construct","The Cursed","The Hierophant","The Jungle","The Servant 0.9.4"],"gold_per_floor":[116,136,4,4,22,48,48,75,101,101,411,428,39,39,39,39,39],"floor_reached":16,"language":"ZHS","playtime":492,"items_purged":[],"score":110,"play_id":"752c0a5a-86a2-4aab-8af2-13d2f3f35b21","local_time":"20210121171441","is_ascension_mode":false,"campfire_choices":[{"floor":10,"key":"RECALL"},{"data":"White Noise","floor":15,"key":"SMITH"}],"circlet_count":0,"master_deck":["Strike_B","Strike_B","Strike_B","Strike_B","Defend_B+1","Defend_B","Defend_B","Defend_B+1","Zap","Dualcast","Defragment","Compile Driver","Hello World","Leap","BootSequence","White Noise+1","Metamorphosis","Conserve Battery+1"],"relics":["Cracked Core","NeowsBlessing","Gensokyo:Mercy","War Paint","Happy Flower","Bronze Scales","Old Coin","PreservedInsect","Gremlin Food"],"acts_visited":["Gensokyo:Gensokyo"],"potions_floor_usage":[],"damage_taken":[{"damage":0,"enemies":"Gensokyo:Gryphon","floor":1,"turns":1},{"damage":0,"enemies":"Gensokyo:Python","floor":2,"turns":1},{"damage":0,"enemies":"Gensokyo:3_Fairies","floor":5,"turns":1},{"damage":15,"enemies":"Gensokyo:Mamizou","floor":6,"turns":7},{"damage":24,"enemies":"Gensokyo:Cirno","floor":8,"turns":7},{"damage":1,"enemies":"Gensokyo:3_Kodama","floor":11,"turns":4},{"damage":0,"enemies":"Gensokyo:VengefulSpirit","floor":12,"turns":4},{"damage":40,"enemies":"Gensokyo:Reimu","floor":16,"turns":4}],"seed_played":"4215451395345216912","potions_obtained":[{"floor":1,"key":"Swift Potion"},{"floor":2,"key":"Energy Potion"},{"floor":6,"key":"AttackPotion"},{"floor":12,"key":"Explosive Potion"}],"is_trial":false,"path_per_floor":["M","M","COS","?","M","E","?","E","T","R","M","M","$","?","R","B"],"character_chosen":"DEFECT","items_purchased":["White Noise","Gremlin Food","Metamorphosis"],"campfire_rested":0,"item_purchase_floors":[13,13,13],"current_hp_per_floor":[75,75,75,75,75,60,60,36,36,36,35,35,35,35,35,0,0],"gold":39,"neow_bonus":"THREE_ENEMY_KILL","is_daily":false,"chose_seed":false,"campfire_upgraded":1,"win_rate":0.0,"timestamp":1611220481,"path_taken":["M","M","COS","?","M","E","?","E","T","R","?","M","$","?","R","BOSS"],"items_purchased_type":["Card","Relic","Card"],"build_version":"2020-12-22","purchased_purges":0,"victory":false,"max_hp_per_floor":[75,75,75,75,75,75,75,75,75,75,75,75,75,75,75,75,75],"card_choices":[{"not_picked":["Fusion","Hologram"],"picked":"Defragment","floor":1},{"not_picked":["Darkness","conspire:SharedLibrary"],"picked":"Go for the Eyes","floor":2},{"not_picked":["Redo","Aggregate"],"picked":"Rebound","floor":5},{"not_picked":["Double Energy","Reboot"],"picked":"Compile Driver","floor":6},{"not_picked":["Rebound","Genetic Algorithm"],"picked":"Hello World","floor":8},{"not_picked":["ReplayTheSpireMod:Calculation Training","Compile Driver"],"picked":"Leap","floor":11},{"not_picked":["Barrage","Melter"],"picked":"BootSequence","floor":12}],"player_experience":70895,"relics_obtained":[{"floor":6,"key":"War Paint"},{"floor":8,"key":"Bronze Scales"}],"event_choices":[],"is_beta":false,"boss_relics":[],"items_purged_floors":[],"is_endless":false,"potions_floor_spawned":[1,2,6,12],"killed_by":"Gensokyo:Reimu","ascension_level":0}}