{"host":"zutuzvv732cf59m3","time":1611252872,"event":{"mods":["BaseMod","Downfall","Marisa????????","Minty Spire (QoL Compilation)","Prisma Mod","Quick Restart","READ ME - Guardian Mod","Shop Mod","StSLib","The Construct","The Cursed","The Disciple","The Senshi","The Servant 0.9.4"],"gold_per_floor":[360,360,360,84,98,132,188,216,216,216,229,241,276,290,290,395,395,407,422,422,440,340,370,370,403,403,418,343,368,368,380,380,482,482,494,494,494,293,304,334,363,363,422,447,447,456,485,520,520,520],"floor_reached":51,"language":"ENG","playtime":3383,"items_purged":["Regret","Strike_R","downfall:Malfunctioning"],"score":1308,"play_id":"4c58f4d5-c6de-407f-80b0-2e396bcb7a4c","local_time":"20210122011432","is_ascension_mode":true,"campfire_choices":[{"data":"Armaments","floor":10.0,"key":"SMITH"},{"data":"expansioncontent:StudyTheSpire","floor":15.0,"key":"SMITH"},{"data":"Flame Barrier","floor":24.0,"key":"SMITH"},{"data":"Whirlwind","floor":30.0,"key":"SMITH"},{"data":"Heavy Blade","floor":32,"key":"SMITH"},{"data":"Seeing Red","floor":42,"key":"SMITH"},{"data":"Metallicize","floor":45,"key":"SMITH"},{"data":"Inflame","floor":49,"key":"SMITH"}],"circlet_count":0,"master_deck":["Strike_R","Strike_R","Strike_R","Defend_R","Defend_R","Defend_R","Bash","Heavy Blade+1","expansioncontent:StudyTheSpire+1","Armaments+1","Inflame+1","Whirlwind+1","Metallicize+1","Spot Weakness","Thunderclap","Seeing Red+1","Double Tap","Warcry+1","Inflame+1","Flame Barrier+1","Ghostly Armor+1","Metallicize+1","Berserk+1","True Grit+1","Reaper","Disarm+1","downfall:Malfunctioning","Reckless Charge","Pommel Strike+1","Warcry+1","Bloodletting+1"],"relics":["Burning Blood","FossilizedHelix","Shuriken","Matryoshka","Question Card","Pocketwatch","Kunai","Prayer Wheel","Ice Cream","Cursed Key","White Beast Statue","Art of War","Singing Bowl","Bag of Marbles","Eternal Feather","Frozen Egg 2","Coffee Dripper","CeramicFish","Red Skull","StoneCalendar","Mummified Hand"],"acts_visited":["Exordium","TheCity","TheBeyond"],"potions_floor_usage":[40,50,50,50],"damage_taken":[{"damage":9.0,"enemies":"Jaw Worm","floor":1.0,"turns":5.0},{"damage":7.0,"enemies":"Small Slimes","floor":5.0,"turns":4.0},{"damage":0.0,"enemies":"Lagavulin","floor":6.0,"turns":6.0},{"damage":35.0,"enemies":"3 Sentries","floor":7.0,"turns":9.0},{"damage":25.0,"enemies":"3 Sentries","floor":8.0,"turns":9.0},{"damage":0.0,"enemies":"2 Louse","floor":11.0,"turns":2.0},{"damage":0.0,"enemies":"Red Slaver","floor":12.0,"turns":3.0},{"damage":0.0,"enemies":"Lagavulin","floor":13.0,"turns":5.0},{"damage":0.0,"enemies":"3 Louse","floor":14.0,"turns":1.0},{"damage":15.0,"enemies":"Hexaghost","floor":16.0,"turns":7.0},{"damage":12.0,"enemies":"3 Byrds","floor":18.0,"turns":4.0},{"damage":0.0,"enemies":"Chosen","floor":19.0,"turns":4.0},{"damage":8.0,"enemies":"Centurion and Healer","floor":21.0,"turns":4.0},{"damage":0.0,"enemies":"Gremlin Leader","floor":23.0,"turns":5.0},{"damage":4.0,"enemies":"Book of Stabbing","floor":25.0,"turns":6.0},{"damage":15.0,"enemies":"Snecko","floor":27.0,"turns":4.0},{"damage":16.0,"enemies":"Slavers","floor":29.0,"turns":4.0},{"damage":6,"enemies":"Shelled Parasite and Fungi","floor":31,"turns":2},{"damage":16,"enemies":"Champ","floor":33,"turns":7},{"damage":36,"enemies":"3 Darklings","floor":35,"turns":5},{"damage":2,"enemies":"3 Shapes","floor":39,"turns":5},{"damage":50,"enemies":"Reptomancer","floor":40,"turns":6},{"damage":13,"enemies":"3 Darklings","floor":41,"turns":4},{"damage":0,"enemies":"Nemesis","floor":44,"turns":5},{"damage":24,"enemies":"Spire Growth","floor":47,"turns":4},{"damage":0,"enemies":"Giant Head","floor":48,"turns":6},{"damage":67,"enemies":"Awakened One","floor":50,"turns":8}],"seed_played":"-3337649652300692425","potions_obtained":[{"floor":8.0,"key":"EssenceOfSteel"},{"floor":11.0,"key":"AttackPotion"},{"floor":13.0,"key":"LiquidBronze"},{"floor":21.0,"key":"construct:ShiftPotion"},{"floor":23.0,"key":"LiquidMemories"},{"floor":25.0,"key":"Fruit Juice"},{"floor":27.0,"key":"HeartOfIron"},{"floor":29.0,"key":"Explosive Potion"},{"floor":35,"key":"hexamod:SoulburnPotion"},{"floor":40,"key":"AttackPotion"},{"floor":44,"key":"Weak Potion"}],"is_trial":false,"path_per_floor":["M","?","?","$","M","E","?","E","T","R","M","M","E","M","R","B",null,"M","M","?","M","$","E","R","E","T","M","?","E","R","M","R","B",null,"M","?","?","$","M","E","M","R","T","E","R","?","M","E","R","B",null],"character_chosen":"IRONCLAD","items_purchased":["expansioncontent:StudyTheSpire","Armaments","Reaper"],"campfire_rested":0,"item_purchase_floors":[4,4,38],"current_hp_per_floor":[69,69,62,62,61,67,38,19,19,19,25,31,37,43,43,34,63,57,63,63,61,61,67,67,76,76,69,69,61,73,75,85,75,83,55,57,57,57,93,75,97,97,97,99,99,99,81,99,99,47],"gold":520,"neow_bonus":"TWO_FIFTY_GOLD","is_daily":false,"chose_seed":false,"campfire_upgraded":8,"win_rate":0.0,"timestamp":1611252872,"path_taken":["M","?","?","$","M","E","?","E","T","R","M","M","E","M","R","BOSS","M","M","?","?","$","E","R","E","T","M","?","E","R","M","R","BOSS","M","?","?","$","M","E","M","R","T","E","R","?","?","E","R","BOSS"],"items_purchased_type":["Card","Card","Card"],"build_version":"2020-12-22","purchased_purges":3,"victory":true,"max_hp_per_floor":[72,72,72,72,72,72,72,72,72,72,72,72,72,72,72,72,72,72,72,72,72,72,72,72,79,79,81,81,83,83,85,85,85,85,87,89,89,89,93,95,97,97,97,99,99,99,99,99,99,99],"card_choices":[{"not_picked":["Havoc","Twin Strike"],"picked":"Heavy Blade","floor":1.0},{"not_picked":["Iron Wave","True Grit"],"picked":"Inflame","floor":5.0},{"not_picked":["Disarm","Rage","Clash"],"picked":"SKIP","floor":6.0},{"not_picked":["Clothesline","Ghostly Armor"],"picked":"Whirlwind","floor":7.0},{"not_picked":["Shrug It Off","Entrench","Heavy Blade","True Grit"],"picked":"SKIP","floor":8.0},{"not_picked":["Warcry","Evolve","Sword Boomerang"],"picked":"Flex","floor":11.0},{"not_picked":["Blood for Blood","Sever Soul","Perfected Strike"],"picked":"Metallicize","floor":11.0},{"not_picked":["Cleave","Armaments","Sever Soul"],"picked":"Spot Weakness","floor":12.0},{"not_picked":["Havoc","Headbutt","Fiend Fire"],"picked":"Thunderclap","floor":12.0},{"not_picked":["Rage","Anger","Dropkick","Body Slam"],"picked":"SKIP","floor":13.0},{"not_picked":["Second Wind","True Grit","Armaments"],"picked":"Seeing Red","floor":14.0},{"not_picked":["Perfected Strike","Shrug It Off","Cleave","Sword Boomerang"],"picked":"SKIP","floor":14.0},{"not_picked":["Feed","Fiend Fire","Juggernaut"],"picked":"Double Tap","floor":16.0},{"not_picked":["Uppercut","Cleave+1","Perfected Strike"],"picked":"Warcry+1","floor":18.0},{"not_picked":["Clash","Headbutt","Havoc+1","Cleave+1"],"picked":"SKIP","floor":18.0},{"not_picked":["Sever Soul","Cleave","Searing Blow+1","Armaments"],"picked":"SKIP","floor":19.0},{"not_picked":["Brutality","Shrug It Off","Hemokinesis","True Grit+1"],"picked":"SKIP","floor":19.0},{"not_picked":["Shrug It Off","Rampage","Clothesline"],"picked":"Inflame+1","floor":21.0},{"not_picked":["Searing Blow+1","Body Slam+1","Thunderclap+1","Twin Strike"],"picked":"SKIP","floor":21.0},{"not_picked":["Thunderclap+1","Cleave","Headbutt"],"picked":"Flame Barrier","floor":23.0},{"not_picked":["Evolve","Iron Wave+1","Feel No Pain","Searing Blow"],"picked":"Singing Bowl","floor":25.0},{"not_picked":["Immolate","Iron Wave","Wild Strike","Headbutt"],"picked":"Singing Bowl","floor":27.0},{"not_picked":["Perfected Strike+1","Armaments","Wild Strike"],"picked":"Ghostly Armor+1","floor":27.0},{"not_picked":["Evolve+1","Sever Soul","Reckless Charge","Perfected Strike"],"picked":"Singing Bowl","floor":29.0},{"not_picked":["Headbutt","Heavy Blade","Iron Wave","Searing Blow+1"],"picked":"Singing Bowl","floor":31},{"not_picked":["Dark Embrace+1","Sword Boomerang","Pommel Strike"],"picked":"Metallicize+1","floor":31},{"not_picked":["Brutality+1","Offering","Double Tap"],"picked":"Berserk+1","floor":33},{"not_picked":["Perfected Strike+1","Uppercut","Dark Embrace+1","Clash"],"picked":"Singing Bowl","floor":35},{"not_picked":["Thunderclap+1","Havoc+1","Iron Wave+1"],"picked":"True Grit+1","floor":35},{"not_picked":["Chrysalis","Dramatic Entrance","Trip","Jack Of All Trades"],"picked":"Singing Bowl","floor":36},{"not_picked":["Clothesline+1","Heavy Blade","Bloodletting","Havoc+1"],"picked":"Singing Bowl","floor":39},{"not_picked":["Perfected Strike+1","Infernal Blade","Clash","Havoc+1"],"picked":"Singing Bowl","floor":39},{"not_picked":["Clash","Headbutt+1","Clothesline","True Grit"],"picked":"Singing Bowl","floor":40},{"not_picked":["Armaments+1","Rage","Searing Blow"],"picked":"Disarm+1","floor":41},{"not_picked":["Pommel Strike+1","Armaments","Fire Breathing+1","Dropkick+1"],"picked":"Singing Bowl","floor":41},{"not_picked":["Clothesline+1","True Grit","Havoc","Whirlwind"],"picked":"Singing Bowl","floor":44},{"not_picked":["Headbutt+1","Body Slam+1","Bludgeon"],"picked":"Pommel Strike+1","floor":47},{"not_picked":["Pommel Strike+1","Twin Strike","Havoc"],"picked":"Warcry+1","floor":47},{"not_picked":["Searing Blow","Iron Wave","Entrench+1"],"picked":"Bloodletting+1","floor":48}],"player_experience":1787883,"relics_obtained":[{"floor":6.0,"key":"Matryoshka"},{"floor":7.0,"key":"Question Card"},{"floor":8.0,"key":"Pocketwatch"},{"floor":9.0,"key":"Kunai"},{"floor":9.0,"key":"Prayer Wheel"},{"floor":13.0,"key":"Ice Cream"},{"floor":23.0,"key":"Art of War"},{"floor":25.0,"key":"Singing Bowl"},{"floor":26.0,"key":"Bag of Marbles"},{"floor":26.0,"key":"Eternal Feather"},{"floor":29.0,"key":"Frozen Egg 2"},{"floor":40,"key":"CeramicFish"},{"floor":43,"key":"Red Skull"},{"floor":44,"key":"StoneCalendar"},{"floor":48,"key":"Mummified Hand"}],"event_choices":[{"damage_healed":0.0,"max_hp_gain":0.0,"max_hp_loss":0.0,"gold_gain":0.0,"event_name":"Big Fish","player_choice":"Box","floor":2.0,"gold_loss":0.0,"damage_taken":0.0,"relics_obtained":["FossilizedHelix"],"cards_obtained":["Regret"]},{"damage_healed":0.0,"max_hp_gain":0.0,"max_hp_loss":0.0,"gold_gain":0.0,"event_name":"Scrap Ooze","player_choice":"Success","floor":3.0,"gold_loss":0.0,"damage_taken":7.0,"relics_obtained":["Shuriken"]},{"damage_healed":0.0,"max_hp_gain":0.0,"max_hp_loss":0.0,"gold_gain":30.0,"event_name":"Dead Adventurer","player_choice":"Searched \u00272\u0027 times","floor":7.0,"gold_loss":0.0,"damage_taken":0.0},{"cards_removed":["Flex"],"damage_healed":0.0,"max_hp_gain":0.0,"max_hp_loss":0.0,"gold_gain":0.0,"event_name":"WeMeetAgain","player_choice":"Gave Card","floor":20.0,"gold_loss":0.0,"damage_taken":0.0,"relics_obtained":["White Beast Statue"]},{"cards_removed":["Defend_R"],"damage_healed":0.0,"max_hp_gain":0.0,"max_hp_loss":0.0,"gold_gain":0.0,"event_name":"Beggar","player_choice":"Gave Gold","floor":28.0,"gold_loss":75.0,"damage_taken":0.0},{"damage_healed":0,"gold_gain":0,"player_choice":"Memory 1","damage_taken":0,"max_hp_gain":0,"max_hp_loss":0,"event_name":"SensoryStone","floor":36,"gold_loss":0},{"damage_healed":0,"gold_gain":0,"player_choice":"Ignored","damage_taken":0,"max_hp_gain":0,"max_hp_loss":0,"event_name":"Tomb of Lord Red Mask","floor":37,"gold_loss":0},{"damage_healed":0,"gold_gain":0,"cards_transformed":["Strike_R"],"player_choice":"Transformed","damage_taken":0,"max_hp_gain":0,"max_hp_loss":0,"event_name":"Transmorgrifier","floor":46,"gold_loss":0,"cards_obtained":["Reckless Charge"]}],"is_beta":false,"boss_relics":[{"not_picked":["Ectoplasm","Tiny House"],"picked":"Cursed Key"},{"not_picked":["SlaversCollar","Sozu"],"picked":"Coffee Dripper"}],"items_purged_floors":[4,22,38],"is_endless":false,"potions_floor_spawned":[8,11,13,21,23,25,27,29,31,33,35,39,40,41,44,47,48],"ascension_level":7}}