{"host":"qrec1pgksm53712r","time":1611202915,"event":{"mods":["Act Like it!","BaseMod","CapriCore","Downfall","Energized Spire","Hubris","Hyrulean Relics","Minty Spire (QoL Compilation)","StSLib"],"gold_per_floor":[99,116,136,136,136,167,192,192,202,235,235,23,23,38,56,158,158,158,171,171,171,171,185,208,208,235,245,245,279,299,318,330,433,433,433,448,458,458,477,497,521,521,534,551,551,551,551],"floor_reached":45,"language":"ENG","playtime":2152,"items_purged":[],"score":544,"play_id":"c9abb0f8-0167-4644-9ce3-4b09fd9fe523","local_time":"20210120222155","is_ascension_mode":false,"campfire_choices":[{"data":"Slimebound:CorrosiveSpit","floor":1,"key":"SMITH"},{"floor":8,"key":"REST"},{"floor":11,"key":"REST"},{"floor":13,"key":"REST"},{"data":"Slimebound:GoopSpray","floor":18,"key":"SMITH"},{"data":"Slimebound:RainOfGoop","floor":25,"key":"SMITH"},{"data":"Slimebound:Prepare","floor":28,"key":"SMITH"},{"data":"Slimebound:OneTwoCombo","floor":35,"key":"SMITH"}],"circlet_count":0,"master_deck":["Slimebound:Tackle","Slimebound:Split+1","Slimebound:CorrosiveSpit+1","Slimebound:RainOfGoop+1","Slimebound:AcidTongue+1","Slimebound:LivingWall","Slimebound:SplitMire+1","Slimebound:Prepare+1","Slimebound:LeechingTouch","Slimebound:Schlurp","Slimebound:GoopSpray+1","Slimebound:LeechLife","CurseOfTheBell","Slimebound:Grow+1","Slimebound:ViciousTackle","Slimebound:OneTwoCombo","Slimebound:Replication","Slimebound:LeechLife","Slimebound:OneTwoCombo+1","Slimebound:Gluttony","Slimebound:DisruptingSlam","Slimebound:MinionMaster","Slimebound:LivingWall+1","Parasite"],"relics":["energizedSpire:OgreHead","hubris:SphereOfDissonance","Blood Vial","StoneCalendar","War Paint","Calling Bell","Toy Ornithopter","Sundial","Mango","hubris:TenFootPole","hubris:ToyBattleship","hubris:Potato","Pandora\u0027s Box","Strawberry"],"acts_visited":["Exordium","TheCity","TheBeyond"],"potions_floor_usage":[33],"damage_taken":[{"damage":0,"enemies":"Jaw Worm","floor":2,"turns":4},{"damage":3,"enemies":"2 Louse","floor":3,"turns":2},{"damage":33,"enemies":"Gremlin Nob","floor":6,"turns":4},{"damage":0,"enemies":"Cultist","floor":9,"turns":2},{"damage":26,"enemies":"3 Sentries","floor":10,"turns":8},{"damage":8,"enemies":"downfall:FleeingMerchant","floor":12,"turns":4},{"damage":6,"enemies":"Gremlin Gang","floor":14,"turns":3},{"damage":0,"enemies":"3 Louse","floor":15,"turns":2},{"damage":8,"enemies":"DF_ARCHETYPE_STREAMLINE","floor":16,"turns":7},{"damage":0,"enemies":"3 Byrds","floor":19,"turns":5},{"damage":12,"enemies":"Shell Parasite","floor":23,"turns":5},{"damage":32,"enemies":"Slavers","floor":26,"turns":6},{"damage":10,"enemies":"Snake Plant","floor":27,"turns":5},{"damage":0,"enemies":"Book of Stabbing","floor":29,"turns":7},{"damage":0,"enemies":"Snecko","floor":30,"turns":5},{"damage":12,"enemies":"Chosen and Byrds","floor":31,"turns":7},{"damage":9,"enemies":"Centurion and Healer","floor":32,"turns":6},{"damage":5,"enemies":"WA_ARCHETYPE_CALM","floor":33,"turns":7},{"damage":17,"enemies":"3 Shapes","floor":36,"turns":4},{"damage":15,"enemies":"Orb Walker","floor":37,"turns":4},{"damage":3,"enemies":"Maw","floor":39,"turns":6},{"damage":11,"enemies":"Writhing Mass","floor":40,"turns":5},{"damage":34,"enemies":"Sphere and 2 Shapes","floor":43,"turns":6},{"damage":82,"enemies":"4 Shapes","floor":44,"turns":4},{"damage":34,"enemies":"Transient","floor":45,"turns":2}],"seed_played":"7355238526526743183","potions_obtained":[{"floor":2,"key":"Weak Potion"},{"floor":5,"key":"Explosive Potion"},{"floor":5,"key":"DuplicationPotion"},{"floor":5,"key":"GamblersBrew"},{"floor":14,"key":"FairyPotion"},{"floor":32,"key":"Slimebound:SlimyTonguePotion"},{"floor":37,"key":"Slimebound:SlimyTonguePotion"}],"is_trial":false,"path_per_floor":["R","M","M","?","?","E","T","R","M","E","R","$","R","M","M","B",null,"R","M","$","?","?","M","T","R","E","M","R","E","M","M","M","B",null,"R","M","M","?","M","M","T","?","M","M","M"],"character_chosen":"SLIMEBOUND","items_purchased":["Slimebound:LeechingTouch","War Paint"],"campfire_rested":3,"item_purchase_floors":[12,12],"current_hp_per_floor":[65,65,62,62,62,29,29,48,50,26,45,39,58,54,56,50,79,79,79,79,79,79,79,79,79,47,61,61,79,79,79,77,74,79,79,62,73,73,79,79,86,86,69,25,0,0,0],"gold":551,"neow_bonus":"BOSS_RELIC","is_daily":false,"chose_seed":false,"campfire_upgraded":5,"win_rate":0.0,"timestamp":1611202915,"path_taken":["R","M","M","?","?","E","T","R","M","E","R","$","R","M","M","BOSS","R","M","?","?","?","M","T","R","E","?","R","E","M","M","M","BOSS","R","M","M","?","?","M","T","?","M","?","?"],"items_purchased_type":["Card","Relic"],"build_version":"2020-12-22","purchased_purges":0,"victory":false,"max_hp_per_floor":[65,65,65,65,65,65,65,65,65,65,65,65,65,65,65,65,79,79,79,79,79,79,79,79,79,79,79,79,79,79,79,79,79,79,79,79,79,79,79,79,86,86,86,86,86,86,86],"card_choices":[{"not_picked":["Slimebound:SpikyOuterGoop","Slimebound:LevelUp"],"picked":"Slimebound:RainOfGoop","floor":2},{"not_picked":["Slimebound:SplitMire","Slimebound:Nibble"],"picked":"Slimebound:AcidTongue","floor":3},{"not_picked":["Slimebound:FinishingTackle","Slimebound:Gluttony","Slimebound:Chomp"],"picked":"SKIP","floor":6},{"not_picked":["Slimebound:Gluttony","Slimebound:SplitMire"],"picked":"Slimebound:LivingWall","floor":9},{"not_picked":["Slimebound:LeadByExample","Slimebound:LivingWall"],"picked":"Slimebound:SplitMire","floor":10},{"not_picked":["Slimebound:LeadByExample","Slimebound:AcidTongue"],"picked":"Slimebound:Prepare","floor":12},{"not_picked":["Slimebound:GrowthPunch","Slimebound:TongueLash"],"picked":"Slimebound:Schlurp","floor":14},{"not_picked":["Slimebound:SplitLeeching","Slimebound:Replication"],"picked":"Slimebound:GoopSpray","floor":15},{"not_picked":["Slimebound:OneTwoCombo","Slimebound:PrepareCrush"],"picked":"Slimebound:LeechLife","floor":16},{"not_picked":["Slimebound:SlimeSpikes","Slimebound:ItLooksTasty+1"],"picked":"Slimebound:Grow+1","floor":19},{"not_picked":["Slimebound:Replication","Slimebound:LeechingTouch","Slimebound:FlameTackle"],"picked":"SKIP","floor":23},{"not_picked":["Slimebound:SamplingLick+1","Slimebound:LeechingTouch+1","Slimebound:Replication"],"picked":"SKIP","floor":26},{"not_picked":["Slimebound:ComboTackle+1","Slimebound:DisruptingSlam","Slimebound:LeechingTouch"],"picked":"SKIP","floor":27},{"not_picked":["Slimebound:SplitBruiser","Slimebound:SpikyOuterGoop","Slimebound:GoopSpray"],"picked":"SKIP","floor":29},{"not_picked":["Slimebound:SplitMire+1","Slimebound:RejuvenatingLick"],"picked":"Slimebound:ViciousTackle","floor":30},{"not_picked":["Slimebound:Replication","Slimebound:FinishingTackle","Slimebound:LeechEnergy"],"picked":"SKIP","floor":31},{"not_picked":["Slimebound:FormOfPuddle","Slimebound:SplitBruiser","Slimebound:GrowthPunch"],"picked":"SKIP","floor":32},{"not_picked":["Slimebound:FinishingTackle","Slimebound:LivingWall+1","Slimebound:RollThrough+1"],"picked":"SKIP","floor":36},{"not_picked":["Slimebound:Schlurp","Slimebound:LeechEnergy","Slimebound:FinishingTackle"],"picked":"SKIP","floor":37},{"not_picked":["Slimebound:Schlurp+1","Slimebound:LeechingTouch+1"],"picked":"Slimebound:LivingWall+1","floor":39},{"not_picked":["Slimebound:AcidTongue+1","Slimebound:GrowthPunch+1","Slimebound:PressTheAttack"],"picked":"SKIP","floor":40},{"not_picked":["Slimebound:LeadByExample+1","Slimebound:MegaLick","Slimebound:Equalize+1"],"picked":"SKIP","floor":43},{"not_picked":["Slimebound:RollThrough+1","Slimebound:SamplingLick+1","Slimebound:SpikyOuterGoop"],"picked":"SKIP","floor":44}],"player_experience":187920,"relics_obtained":[{"floor":6,"key":"hubris:SphereOfDissonance"},{"floor":7,"key":"Blood Vial"},{"floor":10,"key":"StoneCalendar"},{"floor":17,"key":"Toy Ornithopter"},{"floor":17,"key":"Sundial"},{"floor":17,"key":"Mango"},{"floor":24,"key":"hubris:TenFootPole"},{"floor":26,"key":"hubris:ToyBattleship"},{"floor":29,"key":"hubris:Potato"},{"floor":41,"key":"Strawberry"}],"event_choices":[{"damage_healed":0,"gold_gain":0,"player_choice":"Got Potions","damage_taken":0,"max_hp_gain":0,"max_hp_loss":0,"event_name":"Lab","floor":5,"gold_loss":0},{"damage_healed":0,"gold_gain":0,"player_choice":"Ignored","damage_taken":0,"max_hp_gain":0,"max_hp_loss":0,"event_name":"NoteForYourself","floor":22,"gold_loss":0}],"is_beta":false,"boss_relics":[{"not_picked":["energizedSpire:MagnifyingGlass","Black Star"],"picked":"Calling Bell"},{"not_picked":["SacredBark","Sozu"],"picked":"Pandora\u0027s Box"}],"items_purged_floors":[],"is_endless":false,"potions_floor_spawned":[2,14,15,19,26,27,32,37,40,43],"killed_by":"Transient","ascension_level":0}}