{"host":"n4fty02wqqi95laq","time":1611233755,"event":{"mods":["BaseMod","Highlight Path","Minty Spire (QoL Compilation)","Quick Restart","Rare Cards Sparkle","StSLib"],"gold_per_floor":[129,159,188,219,231,270,282,294,358,380,392,415,442,79,79,153,153,163,181,181,106,106,106,139,139,163,175,175,175],"floor_reached":28,"language":"ZHS","playtime":726,"items_purged":["Pain"],"score":584,"play_id":"0273cbe7-7a03-4860-8ccb-4c8e74f93618","local_time":"20210121205555","is_ascension_mode":true,"campfire_choices":[{"data":"Eruption","floor":7.0,"key":"SMITH"},{"floor":11.0,"key":"REST"},{"data":"Meditate","floor":15.0,"key":"SMITH"},{"floor":23.0,"key":"REST"},{"data":"Wallop","floor":25.0,"key":"SMITH"}],"circlet_count":0,"master_deck":["AscendersBane","Eruption+1","Vigilance","BattleHymn","FlurryOfBlows","MentalFortress+1","MasterReality","FearNoEvil","Wallop+1","Meditate+1","Tantrum","Establishment","FlyingSleeves","Halt","FearNoEvil","EmptyFist","Ragnarok","FearNoEvil","ConjureBlade","Evaluate","ThirdEye+1"],"relics":["PureWater","MawBank","Bottled Tornado","WarpedTongs","Damaru","Potion Belt","Pandora\u0027s Box","Toxic Egg 2"],"acts_visited":["Exordium","TheCity"],"potions_floor_usage":[27],"damage_taken":[{"damage":2.0,"enemies":"Small Slimes","floor":1.0,"turns":4.0},{"damage":0.0,"enemies":"Cultist","floor":2.0,"turns":2.0},{"damage":7.0,"enemies":"Jaw Worm","floor":3.0,"turns":2.0},{"damage":4.0,"enemies":"Looter","floor":4.0,"turns":3.0},{"damage":0.0,"enemies":"Gremlin Gang","floor":5.0,"turns":1.0},{"damage":34.0,"enemies":"3 Sentries","floor":6.0,"turns":5.0},{"damage":6.0,"enemies":"Large Slime","floor":10.0,"turns":3.0},{"damage":3.0,"enemies":"3 Louse","floor":12.0,"turns":4.0},{"damage":0.0,"enemies":"Blue Slaver","floor":13.0,"turns":3.0},{"damage":0.0,"enemies":"Slime Boss","floor":16.0,"turns":5.0},{"damage":18.0,"enemies":"3 Byrds","floor":18.0,"turns":3.0},{"damage":16.0,"enemies":"Shell Parasite","floor":19.0,"turns":4.0},{"damage":7.0,"enemies":"Gremlin Leader","floor":24.0,"turns":5.0},{"damage":17,"enemies":"Shelled Parasite and Fungi","floor":27,"turns":3},{"damage":0,"enemies":"Snake Plant","floor":28,"turns":1}],"seed_played":"9034448816543219604","potions_obtained":[{"floor":2.0,"key":"SmokeBomb"},{"floor":3.0,"key":"StancePotion"},{"floor":10.0,"key":"LiquidBronze"},{"floor":12.0,"key":"EssenceOfSteel"},{"floor":19.0,"key":"SteroidPotion"}],"is_trial":false,"path_per_floor":["M","M","M","M","M","E","R","?","T","M","R","M","M","$","R","B",null,"M","M","?","?","?","R","E","R","T","M","M"],"character_chosen":"WATCHER","items_purchased":["Meditate","Tantrum","Potion Belt"],"campfire_rested":2,"item_purchase_floors":[14,14,14],"current_hp_per_floor":[59,59,52,48,48,14,14,14,14,8,28,25,25,25,25,25,57,39,23,4,4,4,25,18,18,18,1,1,1],"gold":175,"neow_bonus":"RANDOM_COMMON_RELIC","is_daily":false,"chose_seed":false,"campfire_upgraded":3,"win_rate":0.0,"timestamp":1611233755,"path_taken":["M","M","M","M","M","E","R","?","T","M","R","M","?","$","R","BOSS","M","M","?","?","?","R","E","R","T","M","M"],"items_purchased_type":["Card","Card","Relic"],"build_version":"2020-12-22","purchased_purges":1,"victory":false,"max_hp_per_floor":[68,68,68,68,68,68,68,68,68,68,68,68,68,68,68,68,68,68,68,73,73,73,73,73,73,73,73,73,73],"card_choices":[{"not_picked":["Halt","CutThroughFate","Evaluate"],"picked":"SKIP","floor":1.0},{"not_picked":["FollowUp","JustLucky"],"picked":"BattleHymn","floor":2.0},{"not_picked":["FlurryOfBlows","EmptyBody","Evaluate"],"picked":"SKIP","floor":3.0},{"not_picked":["EmptyBody","Evaluate"],"picked":"FlurryOfBlows","floor":3.0},{"not_picked":["CarveReality","JustLucky"],"picked":"MentalFortress","floor":4.0},{"not_picked":["CutThroughFate","Protect"],"picked":"MasterReality","floor":6.0},{"not_picked":["EmptyFist","EmptyBody"],"picked":"FearNoEvil","floor":10.0},{"not_picked":["Indignation","CarveReality"],"picked":"Wallop","floor":12.0},{"not_picked":["Consecrate","FollowUp","WreathOfFlame"],"picked":"SKIP","floor":13.0},{"not_picked":["DevaForm","MasterReality"],"picked":"Establishment","floor":16.0},{"not_picked":["BowlingBash","EmptyBody+1"],"picked":"Evaluate","floor":18.0},{"not_picked":["Perseverance","CarveReality","CrushJoints"],"picked":"SKIP","floor":19.0},{"not_picked":["ThirdEye+1","WaveOfTheHand+1","Judgement+1"],"picked":"SKIP","floor":24.0},{"not_picked":["WaveOfTheHand+1","Judgement+1"],"picked":"ThirdEye+1","floor":24.0},{"not_picked":["BowlingBash","FollowUp+1","Consecrate"],"picked":"SKIP","floor":27}],"player_experience":683007,"relics_obtained":[{"floor":6.0,"key":"Bottled Tornado"},{"floor":9.0,"key":"Damaru"},{"floor":24.0,"key":"Toxic Egg 2"}],"event_choices":[{"damage_healed":0.0,"max_hp_gain":0.0,"max_hp_loss":0.0,"gold_gain":0.0,"event_name":"Accursed Blacksmith","player_choice":"Rummage","floor":8.0,"gold_loss":0.0,"damage_taken":0.0,"relics_obtained":["WarpedTongs"],"cards_obtained":["Pain"]},{"damage_healed":0.0,"max_hp_gain":5.0,"max_hp_loss":0.0,"gold_gain":0.0,"event_name":"Forgotten Altar","player_choice":"Shed Blood","floor":20.0,"gold_loss":0.0,"damage_taken":24.0},{"cards_removed":["Consecrate"],"damage_healed":0.0,"max_hp_gain":0.0,"max_hp_loss":0.0,"gold_gain":0.0,"event_name":"Beggar","player_choice":"Gave Gold","floor":21.0,"gold_loss":75.0,"damage_taken":0.0},{"damage_healed":0.0,"max_hp_gain":0.0,"max_hp_loss":0.0,"gold_gain":0.0,"event_name":"Upgrade Shrine","player_choice":"Upgraded","floor":22.0,"gold_loss":0.0,"damage_taken":0.0,"cards_upgraded":["MentalFortress"]}],"is_beta":false,"boss_relics":[{"not_picked":["Sozu","Cursed Key"],"picked":"Pandora\u0027s Box"}],"items_purged_floors":[14],"is_endless":false,"potions_floor_spawned":[2,3,10,12,19],"killed_by":"Snake Plant","ascension_level":20}}