{"host":"qgrlfjrqk9z96gfi","time":1611194209,"event":{"mods":["BaseMod","Block Reminder","Colored Map","Custom Start","DeckTracker","Minty Spire (QoL Compilation)"],"gold_per_floor":[99,99,99,22,0,0,0,0,0,0,0,0,0,0,0,0,0,0,0,0,0,0,0,0,0,0,0,0,0,0,0,0,0,0,0,0,0,0,0,0,0,0,0,0,0,0,0,0,0,0,0],"floor_reached":50,"language":"ENG","playtime":2243,"items_purged":[],"score":1180,"play_id":"5f14e838-9936-437d-9804-0c5d15723b6a","local_time":"20210120155649","is_ascension_mode":true,"campfire_choices":[{"data":"Wraith Form v2","floor":8.0,"key":"SMITH"},{"data":"Deadly Poison","floor":11.0,"key":"SMITH"},{"data":"Bane","floor":15.0,"key":"SMITH"},{"floor":24.0,"key":"REST"},{"floor":29.0,"key":"REST"},{"data":"Deadly Poison","floor":32.0,"key":"SMITH"},{"floor":40.0,"key":"REST"},{"floor":42,"key":"REST"},{"data":"Well Laid Plans","floor":44,"key":"SMITH"},{"floor":49,"key":"REST"}],"circlet_count":0,"master_deck":["AscendersBane","Defend_G","Defend_G","Defend_G","Defend_G","Defend_G","Survivor","Neutralize","Deadly Poison+1","Wraith Form v2+1","Poisoned Stab","Bane+1","PiercingWail","Crippling Poison+1","A Thousand Cuts+1","Bullet Time+1","Tools of the Trade","PiercingWail","Dash","RitualDagger","All Out Attack+1","Malaise","Deadly Poison+1","Finesse","Well Laid Plans+1","Catalyst"],"relics":["Ectoplasm","Meat on the Bone","Letter Opener","Regal Pillow","Astrolabe","Molten Egg 2","Ninja Scroll","Dream Catcher","Nilry\u0027s Codex","Calipers","MealTicket","Busted Crown","Singing Bowl","Blue Candle"],"acts_visited":["Exordium","TheCity","TheBeyond"],"potions_floor_usage":[41,41,46,50],"damage_taken":[{"damage":4.0,"enemies":"Jaw Worm","floor":1.0,"turns":5.0},{"damage":0.0,"enemies":"Cultist","floor":3.0,"turns":4.0},{"damage":16.0,"enemies":"Lagavulin","floor":6.0,"turns":6.0},{"damage":4.0,"enemies":"2 Louse","floor":7.0,"turns":2.0},{"damage":29.0,"enemies":"3 Sentries","floor":12.0,"turns":10.0},{"damage":2.0,"enemies":"Large Slime","floor":13.0,"turns":6.0},{"damage":6.0,"enemies":"Looter","floor":14.0,"turns":3.0},{"damage":27.0,"enemies":"Hexaghost","floor":16.0,"turns":13.0},{"damage":8.0,"enemies":"2 Thieves","floor":18.0,"turns":4.0},{"damage":1.0,"enemies":"Shell Parasite","floor":19.0,"turns":5.0},{"damage":18.0,"enemies":"Sentry and Sphere","floor":21.0,"turns":5.0},{"damage":5.0,"enemies":"Book of Stabbing","floor":23.0,"turns":6.0},{"damage":0.0,"enemies":"Gremlin Leader","floor":25.0,"turns":6.0},{"damage":9.0,"enemies":"Slavers","floor":28.0,"turns":4.0},{"damage":15.0,"enemies":"Snecko","floor":31.0,"turns":5.0},{"damage":17.0,"enemies":"Champ","floor":33.0,"turns":12.0},{"damage":12.0,"enemies":"3 Darklings","floor":35.0,"turns":5.0},{"damage":3.0,"enemies":"3 Shapes","floor":38.0,"turns":6.0},{"damage":11.0,"enemies":"3 Darklings","floor":39.0,"turns":3.0},{"damage":56,"enemies":"Reptomancer","floor":41,"turns":7},{"damage":3,"enemies":"Jaw Worm Horde","floor":45,"turns":4},{"damage":49,"enemies":"Transient","floor":46,"turns":6},{"damage":20,"enemies":"4 Shapes","floor":48,"turns":6},{"damage":57,"enemies":"Awakened One","floor":50,"turns":3}],"seed_played":"-7608269312679633193","potions_obtained":[{"floor":3.0,"key":"Strength Potion"},{"floor":6.0,"key":"SteroidPotion"},{"floor":14.0,"key":"Dexterity Potion"},{"floor":18.0,"key":"GhostInAJar"},{"floor":33.0,"key":"PowerPotion"},{"floor":45,"key":"FearPotion"},{"floor":48,"key":"GamblersBrew"}],"is_trial":false,"path_per_floor":["M","?","M","$","?","E","M","R","T","?","R","E","M","M","R","B",null,"M","M","?","M","?","E","R","E","T","?","E","R","T","M","R","B",null,"M","?","?","M","M","R","E","R","T","R","M","M","?","M","R","B"],"character_chosen":"THE_SILENT","items_purchased":["Poisoned Stab","Bane"],"campfire_rested":5,"item_purchase_floors":[4,4],"current_hp_per_floor":[55,55,55,55,55,39,35,35,35,40,40,23,33,39,39,24,59,51,50,50,44,38,45,71,71,71,50,41,71,71,56,56,39,63,51,46,46,43,44,67,23,60,60,60,59,22,22,16,54,0,0],"gold":0,"neow_bonus":"BOSS_RELIC","is_daily":false,"chose_seed":false,"campfire_upgraded":5,"win_rate":0.0,"timestamp":1611194209,"path_taken":["M","?","?","$","?","E","M","R","T","?","R","E","M","M","R","BOSS","M","M","?","M","?","E","R","E","T","?","E","R","?","?","R","BOSS","M","?","?","M","M","R","E","R","T","R","M","M","?","M","R","BOSS"],"items_purchased_type":["Card","Card"],"build_version":"2020-12-22","purchased_purges":0,"victory":false,"max_hp_per_floor":[66,66,66,66,66,66,66,66,66,71,71,71,71,71,71,71,71,71,71,71,71,71,71,71,71,71,71,71,71,71,71,71,71,71,71,71,67,67,67,67,67,69,69,69,71,71,71,73,75,75,75],"card_choices":[{"not_picked":["Prepared","Deflect"],"picked":"Deadly Poison","floor":1.0},{"not_picked":["Deflect","Terror"],"picked":"Wraith Form v2","floor":3.0},{"not_picked":["Sucker Punch","Cloak And Dagger"],"picked":"PiercingWail","floor":6.0},{"not_picked":["Infinite Blades","Finisher","Sucker Punch"],"picked":"SKIP","floor":7.0},{"not_picked":["Deadly Poison","Masterful Stab"],"picked":"Dagger Spray","floor":12.0},{"not_picked":["Distraction","Eviscerate","Underhanded Strike"],"picked":"SKIP","floor":13.0},{"not_picked":["Outmaneuver","Bane","Distraction"],"picked":"SKIP","floor":14.0},{"not_picked":["After Image","Grand Finale"],"picked":"Bullet Time","floor":16.0},{"not_picked":["Slice","Terror","Expertise"],"picked":"SKIP","floor":18.0},{"not_picked":["Sucker Punch","Cloak And Dagger","Prepared"],"picked":"SKIP","floor":19.0},{"not_picked":["Bane","Blade Dance"],"picked":"Dash","floor":21.0},{"not_picked":["Sucker Punch+1","Blade Dance"],"picked":"All Out Attack+1","floor":23.0},{"not_picked":["Flechettes+1","Flying Knee+1"],"picked":"Malaise","floor":25.0},{"not_picked":["Infinite Blades","Quick Slash+1"],"picked":"Deadly Poison","floor":28.0},{"not_picked":["Heel Hook+1","Quick Slash+1","Skewer+1"],"picked":"SKIP","floor":31.0},{"not_picked":["Blade Dance"],"picked":"SKIP","floor":35.0},{"not_picked":[],"picked":"Finesse","floor":36.0},{"not_picked":["Sucker Punch+1"],"picked":"SKIP","floor":38.0},{"not_picked":["Sucker Punch+1"],"picked":"SKIP","floor":39.0},{"not_picked":[],"picked":"Well Laid Plans","floor":41},{"not_picked":["Dagger Spray+1"],"picked":"Singing Bowl","floor":42},{"not_picked":["Deflect"],"picked":"Singing Bowl","floor":45},{"not_picked":[],"picked":"Catalyst","floor":46},{"not_picked":["Deflect"],"picked":"Singing Bowl","floor":48},{"not_picked":["Blade Dance"],"picked":"Singing Bowl","floor":49}],"player_experience":1035860,"relics_obtained":[{"floor":6.0,"key":"Meat on the Bone"},{"floor":9.0,"key":"Letter Opener"},{"floor":12.0,"key":"Regal Pillow"},{"floor":23.0,"key":"Molten Egg 2"},{"floor":25.0,"key":"Ninja Scroll"},{"floor":26.0,"key":"Dream Catcher"},{"floor":27.0,"key":"Nilry\u0027s Codex"},{"floor":28.0,"key":"Calipers"},{"floor":30.0,"key":"MealTicket"},{"floor":41,"key":"Singing Bowl"},{"floor":43,"key":"Blue Candle"}],"event_choices":[{"cards_removed":["Strike_G"],"damage_healed":0.0,"max_hp_gain":0.0,"max_hp_loss":0.0,"gold_gain":0.0,"event_name":"Purifier","player_choice":"Purged","floor":2.0,"gold_loss":0.0,"damage_taken":0.0},{"damage_healed":0.0,"max_hp_gain":0.0,"max_hp_loss":0.0,"gold_gain":0.0,"event_name":"World of Goop","player_choice":"Left Gold","floor":5.0,"gold_loss":22.0,"damage_taken":0.0},{"damage_healed":0.0,"max_hp_gain":5.0,"max_hp_loss":0.0,"gold_gain":0.0,"event_name":"Big Fish","player_choice":"Donut","floor":10.0,"gold_loss":0.0,"damage_taken":0.0},{"damage_healed":0.0,"max_hp_gain":0.0,"max_hp_loss":0.0,"gold_gain":0.0,"cards_transformed":["Strike_G","Bullet Time"],"event_name":"Drug Dealer","player_choice":"Became Test Subject","floor":20.0,"gold_loss":0.0,"damage_taken":0.0,"cards_obtained":["Tools of the Trade","PiercingWail"]},{"damage_healed":0.0,"max_hp_gain":0.0,"max_hp_loss":0.0,"gold_gain":0.0,"event_name":"Nest","player_choice":"Joined the Cult","floor":22.0,"gold_loss":0.0,"damage_taken":6.0,"cards_obtained":["RitualDagger"]},{"damage_healed":0.0,"max_hp_gain":0.0,"max_hp_loss":0.0,"gold_gain":0.0,"event_name":"Cursed Tome","player_choice":"Obtained Book","floor":27.0,"gold_loss":0.0,"damage_taken":21.0},{"damage_healed":0.0,"max_hp_gain":0.0,"max_hp_loss":0.0,"gold_gain":0.0,"event_name":"SensoryStone","player_choice":"Memory 2","floor":36.0,"gold_loss":0.0,"damage_taken":5.0},{"damage_healed":0.0,"max_hp_gain":0.0,"max_hp_loss":4.0,"gold_gain":0.0,"event_name":"Winding Halls","player_choice":"Max HP","floor":37.0,"gold_loss":0.0,"damage_taken":0.0},{"cards_removed":["Dagger Spray"],"damage_healed":0,"gold_gain":0,"player_choice":"Removed Attack","damage_taken":0,"max_hp_gain":0,"max_hp_loss":0,"event_name":"Falling","floor":47,"gold_loss":0}],"is_beta":false,"boss_relics":[{"not_picked":["Pandora\u0027s Box","Sozu"],"picked":"Astrolabe"},{"not_picked":["Coffee Dripper","Runic Dome"],"picked":"Busted Crown"}],"items_purged_floors":[],"is_endless":false,"potions_floor_spawned":[3,6,14,18,19,33,38,45,48],"killed_by":"Awakened One","ascension_level":20}}