{"host":"wcqwttj5v9rz3xmq","time":1611271006,"event":{"mods":["BaseMod","Colored Map","Downfall","Minty Spire (QoL Compilation)","StSLib"],"gold_per_floor":[99,111,121,46,46,65,88,98,98,98,131,149,175,190,202,307,307,257,271,301,318,318,168,168,194,28,60,72,105,121,140,156,253,253,203,221,237,315,334,347,374,389,339,371,121,133,83,323,335,335,335,370,68,18,18,18],"floor_reached":57,"language":"ENG","playtime":7686,"items_purged":["Slimebound:Strike_Slimebound"],"score":1260,"play_id":"b02adfc1-5283-4461-93dd-9a40065f4d23","local_time":"20210121181646","is_ascension_mode":false,"campfire_choices":[{"data":"Slimebound:Split","floor":1,"key":"SMITH"},{"data":"Slimebound:SlimeBarrage","floor":18,"key":"SMITH"},{"data":"Slimebound:CorrosiveSpit","floor":23,"key":"SMITH"},{"data":"Slimebound:Repurpose","floor":35,"key":"SMITH"},{"floor":43,"key":"RECALL"},{"data":"Slimebound:LeadByExample","floor":45,"key":"SMITH"},{"data":"Slimebound:MinionMaster","floor":47,"key":"SMITH"},{"data":"Slimebound:PressTheAttack","floor":54,"key":"SMITH"}],"circlet_count":0,"master_deck":["Slimebound:Strike_Slimebound","Slimebound:Strike_Slimebound","Slimebound:Tackle","Slimebound:Defend_Slimebound","Slimebound:Defend_Slimebound","Slimebound:Defend_Slimebound","Slimebound:Defend_Slimebound+1","Slimebound:Split+1","Slimebound:CorrosiveSpit+1","Slimebound:LeechEnergy","Slimebound:SplitBruiser+1","Slimebound:LivingWall+1","Slimebound:SlimeSpikes","Iron Wave","Slimebound:Prepare","Slimebound:Repurpose+1","Slimebound:MinionMaster","Slimebound:SlimeBarrage+1","Slimebound:PressTheAttack+1","Slimebound:MinionMaster+1","Slimebound:HauntingLick","Slimebound:LeadByExample+1","Slimebound:SpikyOuterGoop","Slimebound:SamplingLick","Slimebound:HauntingLick","Slimebound:Equalize+1","Slimebound:Equalize+1","Slimebound:SplitAcid","Slimebound:Equalize+1","Slimebound:LevelUp+1","Slimebound:MassFeed+1","Slimebound:MegaLick","Slimebound:SlimeTap+1","Slimebound:OneTwoCombo+1","Slimebound:SlimeTap+1","Slimebound:ForwardTackle+1"],"relics":["Slimebound:AbsorbEndCombat","Torii","Slimebound:GreedOozeRelic","Orichalcum","Mercury Hourglass","Tiny Chest","SlaversCollar","Red Mask","downfall:HeartBlessingGreen","Bottled Lightning","Molten Egg 2","Lantern","Slimebound:MaxSlimesRelic","Pear","Philosopher\u0027s Stone","Ancient Tea Set","Potion Belt","downfall:HeartBlessingRed","downfall:HeartBlessingBlue","Toy Ornithopter","Art of War","Happy Flower"],"acts_visited":["Exordium","TheCity","TheBeyond","TheEnding"],"potions_floor_usage":[13,20,21,39,44,50,56],"damage_taken":[{"damage":0,"enemies":"2 Louse","floor":2,"turns":2},{"damage":2,"enemies":"Jaw Worm","floor":3,"turns":4},{"damage":7,"enemies":"Small Slimes","floor":6,"turns":3},{"damage":1,"enemies":"Red Slaver","floor":8,"turns":3},{"damage":10,"enemies":"Gremlin Nob","floor":11,"turns":5},{"damage":0,"enemies":"Exordium Wildlife","floor":12,"turns":3},{"damage":1,"enemies":"Lagavulin","floor":13,"turns":6},{"damage":1,"enemies":"3 Louse","floor":14,"turns":2},{"damage":11,"enemies":"Gremlin Gang","floor":15,"turns":4},{"damage":32,"enemies":"WA_ARCHETYPE_RETAIN","floor":16,"turns":7},{"damage":2,"enemies":"Shell Parasite","floor":19,"turns":5},{"damage":18,"enemies":"Masked Bandits","floor":20,"turns":4},{"damage":0,"enemies":"Spheric Guardian","floor":21,"turns":3},{"damage":12,"enemies":"Book of Stabbing","floor":25,"turns":4},{"damage":0,"enemies":"downfall:FleeingMerchant","floor":26,"turns":4},{"damage":11,"enemies":"Slavers","floor":27,"turns":4},{"damage":2,"enemies":"Snake Plant","floor":28,"turns":3},{"damage":7,"enemies":"Book of Stabbing","floor":29,"turns":4},{"damage":6,"enemies":"Centurion and Healer","floor":30,"turns":4},{"damage":0,"enemies":"Cultist and Chosen","floor":31,"turns":4},{"damage":2,"enemies":"Shelled Parasite and Fungi","floor":32,"turns":3},{"damage":40,"enemies":"SI_MIRROR_ARCHETYPE","floor":33,"turns":9},{"damage":9,"enemies":"3 Shapes","floor":36,"turns":4},{"damage":1,"enemies":"Orb Walker","floor":37,"turns":2},{"damage":16,"enemies":"3 Darklings","floor":39,"turns":4},{"damage":9,"enemies":"Jaw Worm Horde","floor":40,"turns":3},{"damage":28,"enemies":"Maw","floor":42,"turns":7},{"damage":14,"enemies":"Reptomancer","floor":44,"turns":5},{"damage":7,"enemies":"Writhing Mass","floor":46,"turns":4},{"damage":0,"enemies":"downfall:FleeingMerchant","floor":48,"turns":4},{"damage":6,"enemies":"Spire Growth","floor":49,"turns":4},{"damage":35,"enemies":"IC_BLOCK_ARCHETYPE","floor":50,"turns":9},{"damage":29,"enemies":"downfall:CharBossMerchant","floor":52,"turns":6},{"damage":17,"enemies":"downfall:NeowBoss","floor":55,"turns":12},{"damage":124,"enemies":"downfall:NeowBossFinal","floor":56,"turns":9}],"seed_played":"-142548633088375276","potions_obtained":[{"floor":8,"key":"SteroidPotion"},{"floor":11,"key":"DuplicationPotion"},{"floor":12,"key":"SteroidPotion"},{"floor":13,"key":"FairyPotion"},{"floor":16,"key":"DistilledChaos"},{"floor":19,"key":"Fire Potion"},{"floor":20,"key":"DistilledChaos"},{"floor":25,"key":"Explosive Potion"},{"floor":28,"key":"Energy Potion"},{"floor":39,"key":"Ancient Potion"},{"floor":44,"key":"ColorlessPotion"},{"floor":49,"key":"Slimebound:SlimedPotion"},{"floor":52,"key":"SmokeBomb"}],"is_trial":false,"path_per_floor":["R","M","M","?","?","M","T","M","?","?","E","M","E","M","M","B",null,"R","M","?","M","?","R","T","E","$","E","M","E","M","M","M","B",null,"R","M","M","T","M","M","T","M","R","E","R","M","R","$","M","B",null,"E","$","R","B","B",null],"character_chosen":"SLIMEBOUND","items_purchased":["Lantern","Art of War","Happy Flower"],"campfire_rested":0,"item_purchase_floors":[26,53,53],"current_hp_per_floor":[65,65,64,64,64,59,59,60,60,60,56,58,61,60,51,21,65,65,65,47,49,49,49,49,39,45,38,50,67,73,75,75,56,75,75,66,69,69,59,66,66,52,52,60,70,85,85,89,89,77,89,84,84,84,83,1],"gold":18,"neow_bonus":"ONE_RARE_RELIC","is_daily":false,"chose_seed":false,"campfire_upgraded":7,"win_rate":0.0,"timestamp":1611271006,"path_taken":["R","M","M","?","?","M","T","?","?","?","E","M","E","?","M","BOSS","R","M","?","M","?","R","T","E","$","E","M","E","M","M","M","BOSS","R","M","M","?","?","M","T","M","R","E","R","M","R","$","M","BOSS","E","$","R","BOSS","BOSS"],"items_purchased_type":["Relic","Relic","Relic"],"build_version":"2020-12-22","purchased_purges":1,"victory":true,"max_hp_per_floor":[65,65,65,65,65,65,65,65,65,65,65,65,65,65,65,65,65,65,65,65,65,65,65,65,65,65,65,65,75,75,75,75,75,75,75,75,75,75,75,75,75,75,75,75,85,89,89,89,89,89,89,89,89,89,89,89],"card_choices":[{"not_picked":["Slimebound:RollThrough","Slimebound:Prepare"],"picked":"Slimebound:LeechEnergy","floor":2},{"not_picked":["Slimebound:Nibble","Slimebound:FormOfPuddle"],"picked":"Slimebound:SplitBruiser","floor":3},{"not_picked":["Slimebound:BestDefense","Slimebound:ItLooksTasty"],"picked":"Slimebound:LivingWall","floor":6},{"not_picked":["Slimebound:SplitBruiser","Slimebound:Teamwork"],"picked":"Slimebound:SlimeSpikes","floor":8},{"not_picked":["Slimebound:OozeBath","Slimebound:FlameTackle"],"picked":"Slimebound:Prepare","floor":11},{"not_picked":["Slimebound:ItLooksTasty","Slimebound:HauntingLick"],"picked":"Slimebound:Repurpose","floor":12},{"not_picked":["Slimebound:ItLooksTasty","Slimebound:Prepare"],"picked":"Slimebound:MinionMaster","floor":13},{"not_picked":["Slimebound:ComboTackle","Slimebound:GoopTackle"],"picked":"Slimebound:SlimeBarrage","floor":14},{"not_picked":["Slimebound:ItLooksTasty","Slimebound:ProtectTheBoss"],"picked":"Slimebound:PressTheAttack","floor":15},{"not_picked":["Slimebound:SlimeSlap","Slimebound:OozeBath"],"picked":"Slimebound:MinionMaster","floor":16},{"not_picked":["Slimebound:Schlurp","Slimebound:LivingWall"],"picked":"Slimebound:HauntingLick","floor":19},{"not_picked":["Slimebound:FormOfPuddle+1","Slimebound:SplitBruiser"],"picked":"Slimebound:LeadByExample","floor":20},{"not_picked":["Slimebound:FlameTackle","Slimebound:ForwardTackle"],"picked":"Slimebound:SpikyOuterGoop","floor":21},{"not_picked":["Slimebound:ItLooksTasty+1","Slimebound:SlimeSpikes"],"picked":"Slimebound:SamplingLick","floor":25},{"not_picked":["Slimebound:BestDefense","Slimebound:GrowthPunch+1"],"picked":"Slimebound:HauntingLick","floor":26},{"not_picked":["Slimebound:SelfFormingGoo","Slimebound:SlimeTap"],"picked":"Slimebound:Equalize+1","floor":27},{"not_picked":["Slimebound:LeechEnergy+1","Slimebound:Dissolve"],"picked":"Slimebound:Equalize+1","floor":28},{"not_picked":["Slimebound:ProtectTheBoss+1","Slimebound:SplitMire"],"picked":"Slimebound:SplitAcid","floor":29},{"not_picked":["Slimebound:Prepare","Slimebound:AcidTongue"],"picked":"Slimebound:Equalize+1","floor":30},{"not_picked":["Slimebound:Schlurp","Slimebound:LeechEnergy+1","Slimebound:LeechingTouch+1"],"picked":"SKIP","floor":31},{"not_picked":["Slimebound:Overexert","Slimebound:HauntingLick"],"picked":"Slimebound:LevelUp+1","floor":32},{"not_picked":["Slimebound:MinionMaster","Slimebound:Teamwork"],"picked":"Slimebound:MassFeed+1","floor":33},{"not_picked":["Slimebound:RollThrough+1","Slimebound:LeechingTouch+1","Slimebound:SplitMire"],"picked":"SKIP","floor":36},{"not_picked":["Slimebound:Chomp+1","Slimebound:SplitLeeching+1"],"picked":"Slimebound:MegaLick","floor":37},{"not_picked":["Slimebound:ProtectTheBoss","Slimebound:BestDefense"],"picked":"Slimebound:SlimeTap+1","floor":39},{"not_picked":["Slimebound:SlimeSpikes","Slimebound:ComboTackle+1","Slimebound:Schlurp+1"],"picked":"SKIP","floor":40},{"not_picked":["Slimebound:Nibble+1","Slimebound:Grow","Slimebound:FlameTackle+1"],"picked":"SKIP","floor":42},{"not_picked":["Slimebound:PressTheAttack+1","Slimebound:Gluttony"],"picked":"Slimebound:OneTwoCombo+1","floor":44},{"not_picked":["Slimebound:Grow","Slimebound:SplitBruiser"],"picked":"Slimebound:SlimeTap+1","floor":46},{"not_picked":["Slimebound:Grow","Slimebound:PressTheAttack+1","Slimebound:RollThrough+1"],"picked":"SKIP","floor":48},{"not_picked":["Slimebound:MegaLick","Slimebound:LeechingTouch+1"],"picked":"Slimebound:ForwardTackle+1","floor":49},{"not_picked":["Slimebound:ComboTackle+1","Slimebound:GrowthPunch+1","Slimebound:FormOfPuddle+1"],"picked":"SKIP","floor":52}],"player_experience":109517,"relics_obtained":[{"floor":7,"key":"Orichalcum"},{"floor":11,"key":"Mercury Hourglass"},{"floor":13,"key":"Tiny Chest"},{"floor":20,"key":"Red Mask"},{"floor":24,"key":"Bottled Lightning"},{"floor":25,"key":"Molten Egg 2"},{"floor":27,"key":"Slimebound:MaxSlimesRelic"},{"floor":29,"key":"Pear"},{"floor":41,"key":"Ancient Tea Set"},{"floor":44,"key":"Potion Belt"},{"floor":52,"key":"Toy Ornithopter"}],"event_choices":[{"cards_removed":["Injury"],"damage_healed":0,"gold_gain":0,"player_choice":"Card Removal","damage_taken":0,"max_hp_gain":0,"max_hp_loss":0,"event_name":"The Cleric","floor":5,"gold_loss":0},{"cards_removed":["downfall:Malfunctioning"],"damage_healed":0,"gold_gain":0,"player_choice":"Took Card","damage_taken":0,"max_hp_gain":0,"max_hp_loss":0,"event_name":"NoteForYourself","floor":10,"gold_loss":0,"cards_obtained":["Iron Wave"]},{"damage_healed":0,"gold_gain":0,"player_choice":"Fought Bandits","damage_taken":0,"max_hp_gain":0,"max_hp_loss":0,"event_name":"Masked Bandits","floor":20,"gold_loss":0},{"damage_healed":0,"gold_gain":0,"player_choice":"Ignored","damage_taken":0,"max_hp_gain":0,"max_hp_loss":0,"event_name":"Vampires","floor":22,"gold_loss":0}],"is_beta":false,"boss_relics":[{"not_picked":["Cursed Key","Coffee Dripper"],"picked":"SlaversCollar"},{"not_picked":["Fusion Hammer","bronze:MakeshiftBattery"],"picked":"Philosopher\u0027s Stone"}],"items_purged_floors":[48],"is_endless":false,"potions_floor_spawned":[8,11,12,13,16,19,20,25,28,31,33,36,39,44,49,52],"ascension_level":0}}