{"host":"2se5dq1do2gp0x9k","time":1611200748,"event":{"mods":["AchievementEnabler","BaseMod","Block Reminder","Colored Map","Colored Powertips","Minty Spire (QoL Compilation)","Relic Stats","StSLib","SuperFastMode"],"gold_per_floor":[118,130,130,141,157,157,190,190,266,279,279,299,24,50,50,129,129,145,159,159,159,159,159],"floor_reached":22,"language":"ENG","playtime":1146,"items_purged":["Strike_P"],"score":372,"play_id":"c61da721-3fe0-478c-b73a-6b3599917bd5","local_time":"20210120194548","is_ascension_mode":true,"campfire_choices":[{"data":"Prostrate","floor":6.0,"key":"SMITH"},{"data":"TalkToTheHand","floor":8.0,"key":"SMITH"},{"floor":11.0,"key":"REST"},{"data":"Scrawl","floor":15.0,"key":"SMITH"}],"circlet_count":0,"master_deck":["AscendersBane","Strike_P","Strike_P+1","Strike_P","Defend_P","Defend_P+1","Defend_P","Defend_P","Eruption","Vigilance","LessonLearned","Prostrate+1","Worship+1","Brilliance","Weave","Prostrate+1","TalkToTheHand+1","FearNoEvil","Wireheading","Nirvana","Adaptation+1","Scrawl+1","Brilliance","Meditate+1"],"relics":["PureWater","CloakClasp","Sundial","OrangePellets","Potion Belt","Fusion Hammer","Enchiridion"],"acts_visited":["Exordium","TheCity"],"potions_floor_usage":[],"damage_taken":[{"damage":4.0,"enemies":"Cultist","floor":1.0,"turns":5.0},{"damage":4.0,"enemies":"Small Slimes","floor":2.0,"turns":4.0},{"damage":0.0,"enemies":"2 Louse","floor":4.0,"turns":1.0},{"damage":10.0,"enemies":"Exordium Thugs","floor":5.0,"turns":5.0},{"damage":17.0,"enemies":"Lagavulin","floor":7.0,"turns":8.0},{"damage":7.0,"enemies":"Large Slime","floor":10.0,"turns":7.0},{"damage":16.0,"enemies":"Lots of Slimes","floor":12.0,"turns":6.0},{"damage":13.0,"enemies":"3 Sentries","floor":14.0,"turns":8.0},{"damage":6.0,"enemies":"Hexaghost","floor":16.0,"turns":6.0},{"damage":1.0,"enemies":"Shell Parasite","floor":18.0,"turns":3.0},{"damage":1.0,"enemies":"3 Byrds","floor":19.0,"turns":7.0},{"damage":24,"enemies":"Centurion and Healer","floor":22,"turns":2}],"seed_played":"-8615650288751664061","potions_obtained":[{"floor":1.0,"key":"AttackPotion"},{"floor":4.0,"key":"CultistPotion"},{"floor":7.0,"key":"Explosive Potion"},{"floor":12.0,"key":"DuplicationPotion"}],"is_trial":false,"path_per_floor":["M","M","?","M","M","R","E","R","T","M","R","M","$","E","R","B",null,"M","M","?","?","M"],"character_chosen":"WATCHER","items_purchased":["OrangePellets","Adaptation"],"campfire_rested":1,"item_purchase_floors":[13,13],"current_hp_per_floor":[57,53,53,53,43,43,26,26,26,19,37,21,21,8,8,2,47,46,45,24,24,0,0],"gold":159,"neow_bonus":"THREE_RARE_CARDS","is_daily":false,"chose_seed":false,"campfire_upgraded":3,"win_rate":0.0,"timestamp":1611200748,"path_taken":["M","M","?","M","?","R","E","R","T","M","R","M","$","E","R","BOSS","M","M","?","?","M"],"items_purchased_type":["Relic","Card"],"build_version":"2020-12-22","purchased_purges":1,"victory":false,"max_hp_per_floor":[62,62,62,62,62,62,62,62,62,62,62,62,62,62,62,62,62,62,62,62,62,62,62],"relic_stats":{"OrangePellets":[2],"counters":[12,62],"Sundial":[6],"CloakClasp":[79],"obtain_stats":[{"Potion Belt":14,"OrangePellets":13,"Sundial":9,"Enchiridion":20,"Fusion Hammer":17,"CloakClasp":7,"PureWater":0},{"Potion Belt":8,"OrangePellets":7,"Sundial":5,"Enchiridion":11,"Fusion Hammer":9,"CloakClasp":5,"PureWater":0},{"Potion Belt":44,"OrangePellets":36,"Sundial":23,"Enchiridion":60,"Fusion Hammer":50,"CloakClasp":23,"PureWater":0}]},"card_choices":[{"not_picked":["Wish","Alpha"],"picked":"LessonLearned","floor":0.0},{"not_picked":["Indignation","Swivel"],"picked":"Prostrate","floor":1.0},{"not_picked":["DeceiveReality","FlyingSleeves"],"picked":"Worship","floor":2.0},{"not_picked":["Sanctity","Protect"],"picked":"Prostrate","floor":4.0},{"not_picked":["FlurryOfBlows","Pray"],"picked":"TalkToTheHand","floor":5.0},{"not_picked":["Pray","Evaluate"],"picked":"FearNoEvil","floor":7.0},{"not_picked":["Crescendo","EmptyFist"],"picked":"Wireheading","floor":10.0},{"not_picked":["Consecrate","FollowUp"],"picked":"Nirvana","floor":12.0},{"not_picked":["Meditate","Halt"],"picked":"Scrawl","floor":14.0},{"not_picked":["Scrawl","Alpha"],"picked":"Brilliance","floor":16.0},{"not_picked":["Consecrate","WheelKick"],"picked":"Meditate","floor":18.0},{"not_picked":["Perseverance","Meditate","Halt"],"picked":"SKIP","floor":19.0}],"player_experience":3922171,"relics_obtained":[{"floor":7.0,"key":"CloakClasp"},{"floor":9.0,"key":"Sundial"},{"floor":14.0,"key":"Potion Belt"},{"floor":20,"key":"Enchiridion"}],"event_choices":[{"damage_healed":0.0,"max_hp_gain":0.0,"max_hp_loss":0.0,"gold_gain":0.0,"event_name":"Match and Keep!","player_choice":"2 cards matched","floor":3.0,"gold_loss":0.0,"damage_taken":0.0,"cards_obtained":["Brilliance","Weave"]},{"damage_healed":0.0,"max_hp_gain":0.0,"max_hp_loss":0.0,"gold_gain":0.0,"event_name":"Match and Keep!","player_choice":"2 cards matched","floor":3.0,"gold_loss":0.0,"damage_taken":0.0,"cards_obtained":["Brilliance","Weave"]},{"damage_healed":0,"gold_gain":0,"player_choice":"Obtained Book","damage_taken":21,"max_hp_gain":0,"max_hp_loss":0,"event_name":"Cursed Tome","floor":20,"gold_loss":0},{"damage_healed":0,"gold_gain":0,"player_choice":"Ignored","damage_taken":0,"max_hp_gain":0,"max_hp_loss":0,"event_name":"The Mausoleum","floor":21,"gold_loss":0}],"is_beta":false,"boss_relics":[{"not_picked":["SacredBark","Coffee Dripper"],"picked":"Fusion Hammer"}],"items_purged_floors":[13],"is_endless":false,"potions_floor_spawned":[1,4,7,12],"killed_by":"Centurion and Healer","ascension_level":18}}