{"host":"px2oznrenyeljk7o","time":1611266695,"event":{"mods":["100% Spire Juice","A Magickal Journey","A Penny For Your Troubles","AchievementEnabler","Arknights The Spire","BaseMod","Better Altar","Better Match","Better Note","Better Sensory Stone","Better Third Choice","ChefMod","Colored Map","Conspire","Curses Come First","Evolution","GifTheSpireLib","GungeonMod","Hermit","KinomotoSakuraMod(????)","Koishi","Lobotomy","LobotomyExtend","Marisa????????","Minty Spire (QoL Compilation)","Nova Terra(??·??)","Poor People Problems","Potionbrewer","Random Character Button","Rare Cards Sparkle","Reimu??????","Replay The Spire","Robot Space Explorer","Small Relic Pack","Somnambulant","Spicy Shops","StSLib","Stuff the Spire","The Administrix","The Alterego","The Animator","The Blackbeard","The Blue Laboratory","The Bug Knight","The Construct","The Cursed","The Disciple","The Gatherer","The Hayseed","The Hierophant","The Jungle","The Marked","The Runesmith","The Servant 0.9.4","TheWitcher","Yakumo Yukari mod","Yuri Mod","everything is the same but u backflip on backflip","slay the spire mod where everything is the same but ironclad has a cowboy hat","??????REMEMod"],"gold_per_floor":[117,42,59,71,71,104,120,140,140,140,156,156,9,9,9,111,111,121,134,64,81,81,81,101,120,120,120,147,164,164,174,174,269,269,286,303,353,14,14,14,30,44,71,82,42,42,42,56,56,59],"floor_reached":51,"language":"ENG","playtime":6732,"items_purged":[],"score":673,"play_id":"63c17245-d9ab-4ddb-856f-61bdf3ebd029","local_time":"20210121230455","is_ascension_mode":false,"campfire_choices":[{"floor":12.0,"key":"REST"},{"data":"Hello World","floor":15.0,"key":"SMITH"},{"floor":23,"key":"REST"},{"floor":30,"key":"REST"},{"floor":32,"key":"REST"},{"floor":40,"key":"REST"},{"floor":46,"key":"REST"},{"floor":49,"key":"REST"}],"circlet_count":0,"master_deck":["Cold Snap","Cold Snap","Strike_B","Defend_B","Defend_B","Defend_B","Defend_B","Zap","Dualcast","SnafuTest:LastWish+1","Conserve Battery","ReplaySolidLightProjector+1","ReplayTheSpireMod:Repulse+1","BootSequence+1","Streamline","Hello World+1","Blizzard","Go for the Eyes","Stack","Steam","Sunder+1","Auto Shields","Electrodynamics","ReplayGash","Rip and Tear","Static Discharge","Redo","Thunder Strike","Defragment","Sweeping Beam","Gash+1","BootSequence+1","Buffer+1","Chill+1","Melter+1","Compile Driver","Rebound","Double Energy+1","Stack+1","Beam Cell+1","FTL"],"relics":["Cracked Core","EVO:Axolotl","REME_ComplimentaryCards","LetterFromLob","NlothsMask","potionbrewer:Torch","potionbrewer:BhaskarasWheel","REME_HandOfSuture","Replay:Wax Seal","construct:ClawGrip","Ginger","Incense Burner","Mastiff:ReiMu","DemoMod:ClearGuonStone"],"acts_visited":["Exordium","TheCity","TheBeyond"],"potions_floor_usage":[21,24,25,28,33,41,50,50],"damage_taken":[{"damage":0.0,"enemies":"2 Louse","floor":1.0,"turns":3.0},{"damage":0.0,"enemies":"Cultist","floor":3.0,"turns":3.0},{"damage":0.0,"enemies":"Small Slimes","floor":4.0,"turns":3.0},{"damage":20.0,"enemies":"Gremlin Nob","floor":6.0,"turns":4.0},{"damage":0.0,"enemies":"Red Slaver","floor":7.0,"turns":2.0},{"damage":0.0,"enemies":"Blue Slaver","floor":8.0,"turns":2.0},{"damage":0.0,"enemies":"3 Louse","floor":11.0,"turns":2.0},{"damage":5.0,"enemies":"The Guardian","floor":16.0,"turns":9.0},{"damage":11,"enemies":"Shell Parasite","floor":18,"turns":8},{"damage":0,"enemies":"conspire:FuzzyDice","floor":19,"turns":9},{"damage":21,"enemies":"3 Cultists","floor":21,"turns":4},{"damage":21,"enemies":"Shelled Parasite and Fungi","floor":24,"turns":4},{"damage":3,"enemies":"Centurion and Healer","floor":25,"turns":4},{"damage":15,"enemies":"HollowMod:Nosk","floor":28,"turns":9},{"damage":9,"enemies":"Cultist and Chosen","floor":29,"turns":5},{"damage":2,"enemies":"Snake Plant","floor":31,"turns":5},{"damage":35,"enemies":"conspire:MysteriousRune","floor":33,"turns":14},{"damage":43,"enemies":"3 Shapes","floor":35,"turns":5},{"damage":4,"enemies":"3 Darklings","floor":36,"turns":7},{"damage":0,"enemies":"Mind Bloom Boss Battle","floor":37,"turns":7},{"damage":12,"enemies":"Transient","floor":41,"turns":5},{"damage":2,"enemies":"3 Darklings","floor":42,"turns":4},{"damage":0,"enemies":"Spire Growth","floor":44,"turns":6},{"damage":0,"enemies":"4 Shapes","floor":48,"turns":4},{"damage":60,"enemies":"conspire:OrnateMirror","floor":50,"turns":14}],"seed_played":"8521976517851059737","potions_obtained":[{"floor":7.0,"key":"potionbrewer:AcidPotion"},{"floor":19,"key":"blueLaboratory:Moonshine"},{"floor":21,"key":"DuplicationPotion"},{"floor":22,"key":"potionbrewer:AcidPotion"},{"floor":22,"key":"Milkshake"},{"floor":29,"key":"Block Potion"},{"floor":36,"key":"Dexterity Potion"},{"floor":37,"key":"BlessingOfTheForge"},{"floor":44,"key":"Venom Potion"},{"floor":48,"key":"Swift Potion"}],"is_trial":false,"path_per_floor":["M","?","M","M","?","E","M","M","T","?","M","R","$","?","R_BF","B",null,"M","M","$","M","?","R","M","M","T","?","E","M","R","M","R","B",null,"M","M","?","$","?","R","M","M","T","M","?","R","$","M","R","B",null],"character_chosen":"DEFECT","items_purchased":["Sunder","Auto Shields","Static Discharge","Incense Burner","Rebound"],"campfire_rested":7,"item_purchase_floors":[13,13,20,38,38],"current_hp_per_floor":[75,75,75,75,75,55,55,55,55,63,63,75,75,75,75,70,75,64,64,64,43,43,65,44,41,41,41,26,17,39,37,59,24,75,32,28,28,28,28,50,38,36,36,36,36,58,58,58,75,15],"gold":59,"neow_bonus":"UPGRADE_CARD","is_daily":false,"chose_seed":false,"campfire_upgraded":1,"win_rate":0.0,"timestamp":1611266695,"path_taken":["M","?","M","M","?","E","M","?","T","?","M","R","$","?","R_BF","BOSS","M","M","$","?","?","R","M","M","T","?","E","?","R","M","R","BOSS","M","?","?","$","?","R","?","M","T","M","?","R","?","M","R","BOSS"],"items_purchased_type":["Card","Card","Card","Relic","Card"],"build_version":"2020-12-22","purchased_purges":0,"victory":true,"max_hp_per_floor":[75,75,75,75,75,75,75,75,75,75,75,75,75,75,75,75,75,75,75,75,75,75,75,75,75,75,75,75,75,75,75,75,75,75,75,75,75,75,75,75,75,75,75,75,75,75,75,75,75,75],"card_choices":[{"not_picked":["Redo","Tempest"],"picked":"Conserve Battery","floor":1.0},{"not_picked":["Recycle+1","StuffTheSpire:SnapShoot+1"],"picked":"ReplaySolidLightProjector+1","floor":2.0},{"not_picked":["Skim+1","conspire:Rain+1"],"picked":"ReplayTheSpireMod:Repulse+1","floor":2.0},{"not_picked":["Loop+1","Reprogram+1"],"picked":"BootSequence+1","floor":2.0},{"not_picked":["Barrage","Aggregate"],"picked":"Streamline","floor":3.0},{"not_picked":["Loop","Ball Lightning"],"picked":"Hello World","floor":4.0},{"not_picked":["StuffTheSpire:ForEach","Echo Form"],"picked":"Blizzard","floor":6.0},{"not_picked":["Cold Snap","Leap"],"picked":"Go for the Eyes","floor":7.0},{"not_picked":["Hologram","Go for the Eyes"],"picked":"Stack","floor":8.0},{"not_picked":["Fusion","ReplaySort"],"picked":"Steam","floor":11.0},{"not_picked":["StuffTheSpire:Purify","Amplify"],"picked":"Electrodynamics","floor":16.0},{"not_picked":["Blizzard+1","conspire:Rain"],"picked":"ReplayGash","floor":18},{"not_picked":["Scrape","Barrage"],"picked":"Rip and Tear","floor":19},{"not_picked":["ReplaySort","Lockon"],"picked":"Redo","floor":21},{"not_picked":["StuffTheSpire:GlassShard+1","BootSequence"],"picked":"Thunder Strike","floor":24},{"not_picked":["Sweeping Beam","Crystallizer+1"],"picked":"Defragment","floor":25},{"not_picked":["Reboot","Lockon"],"picked":"Sweeping Beam","floor":28},{"not_picked":["StuffTheSpire:Plugnplay+1","ReplayTheSpireMod:Dual Polarity"],"picked":"Gash+1","floor":29},{"not_picked":["Cold Snap","Gash+1"],"picked":"BootSequence+1","floor":31},{"not_picked":["Fission","Meteor Strike"],"picked":"Buffer","floor":33},{"not_picked":["Coolheaded+1","Reinforced Body+1"],"picked":"Chill+1","floor":35},{"not_picked":["Go for the Eyes","StuffTheSpire:GlassShard+1"],"picked":"Melter+1","floor":36},{"not_picked":["Hologram","BasicCrystalCard+1"],"picked":"Compile Driver","floor":37},{"not_picked":["StuffTheSpire:SnapShoot","BasicCrystalCard"],"picked":"Double Energy+1","floor":41},{"not_picked":["Double Energy","Cold Snap"],"picked":"Stack+1","floor":42},{"not_picked":["Gash","Sunder"],"picked":"Beam Cell+1","floor":44},{"not_picked":["StuffTheSpire:Plugnplay+1","Tempest"],"picked":"FTL","floor":48}],"player_experience":509744,"relics_obtained":[{"floor":1.0,"key":"LetterFromLob"},{"floor":6.0,"key":"potionbrewer:Torch"},{"floor":26,"key":"REME_HandOfSuture"},{"floor":28,"key":"Replay:Wax Seal"},{"floor":37,"key":"Ginger"},{"floor":43,"key":"DemoMod:ClearGuonStone"}],"event_choices":[{"damage_healed":0.0,"max_hp_gain":0.0,"max_hp_loss":0.0,"gold_gain":0.0,"event_name":"betterMatch:BetterMatch","player_choice":"3","floor":2.0,"gold_loss":0.0,"damage_taken":0.0,"cards_obtained":["betterMatch:UncommonCard"]},{"damage_healed":0.0,"max_hp_gain":0.0,"max_hp_loss":0.0,"gold_gain":0.0,"event_name":"FaceTrader","player_choice":"Trade","floor":5.0,"gold_loss":0.0,"damage_taken":0.0,"relics_obtained":["NlothsMask"]},{"cards_removed":["Cold Snap"],"damage_healed":5.0,"max_hp_gain":0.0,"max_hp_loss":0.0,"gold_gain":0.0,"event_name":"Bonfire Elementals","player_choice":"Offered Common","floor":14.0,"gold_loss":0.0,"damage_taken":0.0},{"cards_removed":["Cold Snap"],"damage_healed":5.0,"max_hp_gain":0.0,"max_hp_loss":0.0,"gold_gain":0.0,"event_name":"Bonfire Elementals","player_choice":"Offered Special","floor":14.0,"gold_loss":0.0,"damage_taken":0.0},{"damage_healed":0,"gold_gain":0,"player_choice":"Got Potions","damage_taken":0,"max_hp_gain":0,"max_hp_loss":0,"event_name":"Lab","floor":22,"gold_loss":0},{"damage_healed":0,"gold_gain":0,"player_choice":"Upgraded","damage_taken":0,"max_hp_gain":0,"max_hp_loss":0,"event_name":"Upgrade Shrine","floor":27,"gold_loss":0,"cards_upgraded":["Sunder"]},{"damage_healed":0,"gold_gain":0,"player_choice":"Fight","damage_taken":0,"max_hp_gain":0,"max_hp_loss":0,"event_name":"MindBloom","floor":37,"gold_loss":0},{"damage_healed":0,"gold_gain":0,"player_choice":"Gave Potion","damage_taken":0,"relics_obtained":["Mastiff:ReiMu"],"max_hp_gain":0,"max_hp_loss":0,"event_name":"WeMeetAgain","floor":39,"gold_loss":0},{"damage_healed":0,"gold_gain":0,"player_choice":"Upgrade","damage_taken":0,"max_hp_gain":0,"max_hp_loss":0,"event_name":"Designer","floor":45,"gold_loss":40,"cards_upgraded":["Buffer"]}],"is_beta":false,"boss_relics":[{"not_picked":["relicPack:StarArrow","Velvet Choker"],"picked":"potionbrewer:BhaskarasWheel"},{"not_picked":["Replay:Drink Me","StuffTheSpire:RunicHypercube"],"picked":"construct:ClawGrip"}],"items_purged_floors":[],"is_endless":false,"potions_floor_spawned":[6,7,19,21,29,36,37,44,48],"ascension_level":0}}