{"host":"l8k579n63ej0vska","time":1611219064,"event":{"mods":["BaseMod","Colored Map","Infinite Spire","Minty Spire (QoL Compilation)","Replay The Spire","StSLib","The Bug Knight"],"gold_per_floor":[117,133,133,133,152,152,166,177,257,330,330,356,356,375,375,375,375],"floor_reached":16,"language":"ENG","playtime":1159,"items_purged":[],"score":153,"play_id":"ab63e1d9-3f6d-4875-9f8b-d6e234f2d962","local_time":"20210121095104","is_ascension_mode":true,"campfire_choices":[{"data":"Blur","floor":6,"key":"SMITH"},{"data":"Neutralize","floor":11,"key":"SMITH"},{"data":"Hidden Blade","floor":13,"key":"SMITH"},{"data":"Survivor","floor":15,"key":"SMITH"}],"circlet_count":0,"master_deck":["AscendersBane","Strike_G","Strike_G","Strike_G","Strike_G","Defend_G","Defend_G","Defend_G","Defend_G","Defend_G","Survivor+1","Neutralize+1","Slice","Dodge and Roll+1","Blur+1","Blade Dance+1","Hidden Blade+1","Flying Knee"],"relics":["Ring of the Snake","Replay:Bottled Eggs","Replay:Bottled Snecko","Turnip"],"acts_visited":["Exordium"],"potions_floor_usage":[8,16],"damage_taken":[{"damage":0,"enemies":"Cultist","floor":1,"turns":5},{"damage":3,"enemies":"Jaw Worm","floor":2,"turns":6},{"damage":0,"enemies":"2 Louse","floor":5,"turns":3},{"damage":4,"enemies":"Red Slaver","floor":7,"turns":5},{"damage":3,"enemies":"Exordium Thugs","floor":8,"turns":6},{"damage":11,"enemies":"3 Sentries","floor":12,"turns":13},{"damage":1,"enemies":"2 Fungi Beasts","floor":14,"turns":4},{"damage":56,"enemies":"Fading Forest","floor":16,"turns":10}],"seed_played":"-8932267222785825022","potions_obtained":[{"floor":5,"key":"Languid Potion"},{"floor":7,"key":"PowerPotion"},{"floor":12,"key":"DistilledChaos"}],"is_trial":false,"path_per_floor":["M","M","?","?","M","R","M","M","T","T","R","E","R","M","R","B"],"character_chosen":"THE_SILENT","items_purchased":[],"campfire_rested":0,"item_purchase_floors":[],"current_hp_per_floor":[70,67,67,67,67,67,63,60,60,60,60,49,49,48,48,0,0],"gold":375,"neow_bonus":"TEN_PERCENT_HP_BONUS","is_daily":false,"chose_seed":false,"campfire_upgraded":4,"win_rate":0.0,"timestamp":1611219064,"path_taken":["M","?","?","?","?","R","M","M","T","?","R","E","R","M","R","BOSS"],"items_purchased_type":[],"build_version":"2020-12-22","purchased_purges":0,"victory":false,"max_hp_per_floor":[77,77,77,77,77,77,77,77,77,77,77,77,77,77,77,77,77],"card_choices":[{"not_picked":["Dagger Throw","Prepared"],"picked":"Slice","floor":1},{"not_picked":["Caltrops","Prepared"],"picked":"Dodge and Roll","floor":2},{"not_picked":["Bane","Dagger Throw"],"picked":"Blur","floor":5},{"not_picked":["Malaise","Hidden Blade"],"picked":"Blade Dance","floor":7},{"not_picked":["Bane","Dash"],"picked":"Hidden Blade","floor":8},{"not_picked":["ReplayTheSpireMod:Tripwire","Draining Mist"],"picked":"Flying Knee","floor":12},{"not_picked":["Dagger Throw","Underhanded Strike","All Out Attack"],"picked":"SKIP","floor":14}],"player_experience":1653643,"relics_obtained":[{"floor":9,"key":"Replay:Bottled Eggs"},{"floor":10,"key":"Replay:Bottled Snecko"},{"floor":12,"key":"Turnip"}],"event_choices":[{"damage_healed":0,"gold_gain":0,"player_choice":"Upgraded","damage_taken":0,"max_hp_gain":0,"max_hp_loss":0,"event_name":"Upgrade Shrine","floor":4,"gold_loss":0,"cards_upgraded":["Dodge and Roll"]}],"is_beta":false,"boss_relics":[],"items_purged_floors":[],"is_endless":false,"potions_floor_spawned":[5,7,12],"killed_by":"Fading Forest","ascension_level":10}}