{"host":"jscggscbx0p7706o","time":1611242726,"event":{"mods":["AchievementEnabler","BaseMod","Block Reminder","Colored Powertips","Filter the Spire","Minty Spire (QoL Compilation)","Permanent Neow","Quick Restart","StSLib"],"gold_per_floor":[365,185,360,375,375,375,391,431,457,457,457,471,492,12,12,12,12,12],"floor_reached":17,"language":"ENG","playtime":650,"items_purged":["Strike_G","Doubt"],"score":105,"play_id":"fad7b6f3-6afb-4177-9a2f-d3c74d6bf3bf","local_time":"20210121232526","is_ascension_mode":false,"campfire_choices":[{"data":"Neutralize","floor":6,"key":"SMITH"},{"data":"Infinite Blades","floor":10,"key":"SMITH"},{"data":"Dagger Spray","floor":15,"key":"SMITH"},{"floor":16,"key":"REST"}],"circlet_count":0,"master_deck":["Strike_G","Strike_G","Strike_G","Defend_G","Defend_G","Defend_G","Defend_G","Defend_G","Survivor","Neutralize+1","Blur","Infinite Blades+1","Backflip","Deflect","Backstab","Dagger Spray+1","Blur"],"relics":["Ring of the Snake","Golden Idol","Toy Ornithopter","Regal Pillow","Paper Crane"],"acts_visited":["Exordium"],"potions_floor_usage":[8,17],"damage_taken":[{"damage":0,"enemies":"2 Louse","floor":1,"turns":5},{"damage":0,"enemies":"Jaw Worm","floor":4,"turns":6},{"damage":0,"enemies":"Small Slimes","floor":7,"turns":4},{"damage":16,"enemies":"3 Sentries","floor":8,"turns":8},{"damage":4,"enemies":"3 Louse","floor":12,"turns":6},{"damage":0,"enemies":"Red Slaver","floor":13,"turns":5},{"damage":61,"enemies":"Hexaghost","floor":17,"turns":21}],"seed_played":"8353792218533653761","potions_obtained":[{"floor":7,"key":"AttackPotion"},{"floor":12,"key":"GhostInAJar"}],"is_trial":false,"path_per_floor":["M","$","?","M","?","R","M","E","T","R","?","M","M","$","R","R","B"],"character_chosen":"THE_SILENT","items_purchased":["Infinite Blades","Backflip","Paper Crane","Dagger Spray","Blur"],"campfire_rested":1,"item_purchase_floors":[2,2,14,14,14],"current_hp_per_floor":[49,49,49,49,49,49,49,33,33,33,26,22,22,22,22,56,0,0],"gold":12,"neow_bonus":"TWO_FIFTY_GOLD","is_daily":false,"chose_seed":false,"campfire_upgraded":3,"win_rate":0.0,"timestamp":1611242726,"path_taken":["M","$","?","M","?","R","M","E","T","R","?","M","M","$","R","R","BOSS"],"items_purchased_type":["Card","Card","Relic","Card","Card"],"build_version":"2020-12-22","purchased_purges":2,"victory":false,"max_hp_per_floor":[70,70,70,70,65,65,65,65,65,65,65,65,65,65,65,65,65,65],"card_choices":[{"not_picked":["Bane","Dodge and Roll"],"picked":"Blur","floor":1},{"not_picked":["Bane","Terror","Underhanded Strike"],"picked":"SKIP","floor":4},{"not_picked":["Calculated Gamble","Quick Slash"],"picked":"Deflect","floor":7},{"not_picked":["Setup","Crippling Poison","Acrobatics"],"picked":"SKIP","floor":8},{"not_picked":["Bouncing Flask","Sucker Punch"],"picked":"Backstab","floor":12},{"not_picked":["Acrobatics","Caltrops","Deflect"],"picked":"SKIP","floor":13}],"player_experience":334857,"relics_obtained":[{"floor":8,"key":"Toy Ornithopter"},{"floor":9,"key":"Regal Pillow"}],"event_choices":[{"damage_healed":0,"gold_gain":175,"player_choice":"AGREE","damage_taken":0,"max_hp_gain":0,"max_hp_loss":0,"event_name":"Liars Game","floor":3,"gold_loss":0,"cards_obtained":["Doubt"]},{"damage_healed":0,"gold_gain":0,"player_choice":"Lose Max HP","damage_taken":0,"relics_obtained":["Golden Idol"],"max_hp_gain":0,"max_hp_loss":5,"event_name":"Golden Idol","floor":5,"gold_loss":0},{"cards_removed":["Strike_G"],"damage_healed":0,"gold_gain":0,"player_choice":"Card Removal","damage_taken":7,"max_hp_gain":0,"max_hp_loss":0,"event_name":"Golden Wing","floor":11,"gold_loss":0}],"is_beta":false,"boss_relics":[],"items_purged_floors":[2,14],"is_endless":false,"potions_floor_spawned":[7,12],"killed_by":"Hexaghost","ascension_level":0}}