{"host":"dhyczjm99amxd3qx","time":1611189470,"event":{"mods":["BaseMod","Colored Map","Googly Eyes","Highlight Path","Minty Spire (QoL Compilation)","Quick Restart","StSLib"],"gold_per_floor":[118,135,0,10,21,21,53,72,72,100,115,115,148,148,148,250,250,261,261,278,278,55,88,106,131,154,180,29,29,43,62,62,162,162,181,194,211,221,237,271,271,271,271],"floor_reached":42,"language":"ENG","playtime":5735,"items_purged":["Defend_B"],"score":725,"play_id":"9bda65b6-6f1f-4e94-8dfa-f0c6839f629d","local_time":"20210120193750","is_ascension_mode":true,"campfire_choices":[{"data":"Defragment","floor":6.0,"key":"SMITH"},{"floor":12.0,"key":"REST"},{"data":"Genetic Algorithm","floor":15,"key":"SMITH"},{"data":"Redo","floor":29,"key":"SMITH"},{"floor":32,"key":"REST"},{"floor":41,"key":"REST"}],"circlet_count":0,"master_deck":["Strike_B","Strike_B","Strike_B","Strike_B","Defend_B","Defend_B","Defend_B","Zap+1","Dualcast","Darkness+1","Defragment+1","FTL","Compile Driver","Cold Snap","Ball Lightning","Glacier","Genetic Algorithm+1","Thunder Strike+1","Redo+1","Conserve Battery+1","FTL+1","Consume+1","Conserve Battery+1","Skim+1","Electrodynamics","Parasite","Blizzard+1"],"relics":["FrozenCore","Anchor","Molten Egg 2","Gremlin Horn","Kunai","Sozu","Enchiridion","Blood Vial","Toxic Egg 2","Dream Catcher","Toy Ornithopter","Darkstone Periapt","Runic Capacitor","Ginger"],"acts_visited":["Exordium","TheCity","TheBeyond"],"potions_floor_usage":[14,16,16,16],"damage_taken":[{"damage":0.0,"enemies":"Cultist","floor":1.0,"turns":3.0},{"damage":1.0,"enemies":"2 Louse","floor":2.0,"turns":2.0},{"damage":4.0,"enemies":"Small Slimes","floor":4.0,"turns":3.0},{"damage":4.0,"enemies":"3 Louse","floor":5.0,"turns":2.0},{"damage":16.0,"enemies":"Gremlin Nob","floor":7.0,"turns":3.0},{"damage":1.0,"enemies":"Large Slime","floor":8.0,"turns":4.0},{"damage":7.0,"enemies":"3 Sentries","floor":10.0,"turns":4.0},{"damage":10.0,"enemies":"Exordium Thugs","floor":11.0,"turns":4.0},{"damage":16.0,"enemies":"Lagavulin","floor":13.0,"turns":4.0},{"damage":6,"enemies":"The Guardian","floor":16,"turns":9},{"damage":10,"enemies":"3 Byrds","floor":18,"turns":4},{"damage":0,"enemies":"Chosen","floor":20,"turns":6},{"damage":3,"enemies":"Slavers","floor":23,"turns":3},{"damage":9,"enemies":"Shelled Parasite and Fungi","floor":24,"turns":5},{"damage":2,"enemies":"Book of Stabbing","floor":25,"turns":5},{"damage":20,"enemies":"Slavers","floor":27,"turns":6},{"damage":0,"enemies":"Cultist and Chosen","floor":30,"turns":4},{"damage":6,"enemies":"Sentry and Sphere","floor":31,"turns":4},{"damage":14,"enemies":"Automaton","floor":33,"turns":11},{"damage":5,"enemies":"3 Shapes","floor":35,"turns":4},{"damage":1,"enemies":"3 Darklings","floor":36,"turns":4},{"damage":0,"enemies":"Spire Growth","floor":37,"turns":6},{"damage":64,"enemies":"Writhing Mass","floor":38,"turns":7},{"damage":12,"enemies":"4 Shapes","floor":39,"turns":3},{"damage":0,"enemies":"Reptomancer","floor":40,"turns":6},{"damage":38,"enemies":"Giant Head","floor":42,"turns":9}],"seed_played":"1320532637222572778","potions_obtained":[{"floor":1.0,"key":"AttackPotion"},{"floor":5.0,"key":"AttackPotion"},{"floor":7.0,"key":"SneckoOil"},{"floor":8.0,"key":"Swift Potion"},{"floor":13.0,"key":"AttackPotion"},{"floor":14,"key":"Fruit Juice"},{"floor":14,"key":"Regen Potion"},{"floor":14,"key":"Regen Potion"}],"is_trial":false,"path_per_floor":["M","M","$","M","M","R","E","M","T","E","M","R","E","?","R","B",null,"M","?","M","?","$","E","M","E","T","E","$","R","M","M","R","B",null,"M","M","M","M","M","E","R","E"],"character_chosen":"DEFECT","items_purchased":["Defragment","FTL","Blood Vial","Runic Capacitor"],"campfire_rested":3,"item_purchase_floors":[3,3,22,28],"current_hp_per_floor":[68,67,67,63,59,59,43,42,42,35,25,47,31,36,36,80,80,70,70,70,54,54,53,46,46,46,28,28,28,30,26,50,38,70,67,68,70,14,4,6,31,0,0],"gold":271,"neow_bonus":"UPGRADE_CARD","is_daily":false,"chose_seed":false,"campfire_upgraded":3,"win_rate":0.0,"timestamp":1611189470,"path_taken":["M","M","?","M","?","R","E","M","T","E","M","R","E","?","R","BOSS","M","?","?","?","$","E","M","E","T","E","$","R","M","M","R","BOSS","M","M","M","M","M","E","R","E"],"items_purchased_type":["Card","Card","Relic","Relic"],"build_version":"2020-12-22","purchased_purges":1,"victory":false,"max_hp_per_floor":[75,75,75,75,75,75,75,75,75,75,75,75,75,80,80,80,80,80,80,80,80,80,80,80,80,80,80,80,80,80,80,80,80,80,80,80,80,86,86,86,86,86,86],"card_choices":[{"not_picked":["BootSequence","Reprogram","Rebound"],"picked":"SKIP","floor":1.0},{"not_picked":["Barrage","Heatsinks"],"picked":"Darkness","floor":2.0},{"not_picked":["Force Field","Turbo","Rebound"],"picked":"SKIP","floor":4.0},{"not_picked":["White Noise","Leap"],"picked":"Compile Driver","floor":5.0},{"not_picked":["Tempest","Scrape"],"picked":"Cold Snap","floor":7.0},{"not_picked":["Coolheaded","Barrage"],"picked":"Ball Lightning","floor":8.0},{"not_picked":["White Noise","Hologram","BootSequence"],"picked":"SKIP","floor":10.0},{"not_picked":["Beam Cell+1","Steam"],"picked":"Glacier","floor":11.0},{"not_picked":["Storm","Hyperbeam+1"],"picked":"Genetic Algorithm","floor":13.0},{"not_picked":["Reboot","Multi-Cast"],"picked":"Thunder Strike+1","floor":16},{"not_picked":["Gash+1","Auto Shields","Steam"],"picked":"SKIP","floor":18},{"not_picked":["Recycle","Hologram"],"picked":"Redo","floor":20},{"not_picked":["Auto Shields+1","Stack+1"],"picked":"Conserve Battery+1","floor":23},{"not_picked":["Self Repair","Stack+1"],"picked":"FTL+1","floor":24},{"not_picked":["Self Repair","Loop"],"picked":"Consume+1","floor":25},{"not_picked":["Rebound+1","Turbo+1","Creative AI"],"picked":"SKIP","floor":27},{"not_picked":["Consume+1","Rebound+1"],"picked":"Conserve Battery+1","floor":30},{"not_picked":["Double Energy+1","Conserve Battery+1","Streamline+1"],"picked":"SKIP","floor":31},{"not_picked":["Sweeping Beam+1","Rebound+1"],"picked":"Skim+1","floor":32},{"not_picked":["Buffer","Meteor Strike+1"],"picked":"Electrodynamics","floor":33},{"not_picked":["Melter+1","Static Discharge","Beam Cell+1"],"picked":"SKIP","floor":35},{"not_picked":["Leap+1","Gash+1","Rebound+1"],"picked":"SKIP","floor":36},{"not_picked":["Sweeping Beam+1","Beam Cell+1","Streamline+1"],"picked":"SKIP","floor":37},{"not_picked":["Storm","Stack+1","Sweeping Beam+1"],"picked":"SKIP","floor":38},{"not_picked":["Cold Snap+1","Ball Lightning+1"],"picked":"Blizzard+1","floor":39},{"not_picked":["Lockon+1","White Noise+1","Rip and Tear+1"],"picked":"SKIP","floor":40}],"player_experience":343704,"relics_obtained":[{"floor":7.0,"key":"Anchor"},{"floor":9.0,"key":"Molten Egg 2"},{"floor":10.0,"key":"Gremlin Horn"},{"floor":13.0,"key":"Kunai"},{"floor":21,"key":"Enchiridion"},{"floor":23,"key":"Toxic Egg 2"},{"floor":25,"key":"Dream Catcher"},{"floor":26,"key":"Toy Ornithopter"},{"floor":27,"key":"Darkstone Periapt"},{"floor":40,"key":"Ginger"}],"event_choices":[{"damage_healed":0,"gold_gain":0,"player_choice":"Got Potions","damage_taken":0,"max_hp_gain":0,"max_hp_loss":0,"event_name":"Lab","floor":14,"gold_loss":0},{"damage_healed":0,"gold_gain":0,"player_choice":"Upgraded","damage_taken":0,"max_hp_gain":0,"max_hp_loss":0,"event_name":"Upgrade Shrine","floor":19,"gold_loss":0,"cards_upgraded":["Darkness"]},{"damage_healed":0,"gold_gain":0,"player_choice":"Obtained Book","damage_taken":16,"max_hp_gain":0,"max_hp_loss":0,"event_name":"Cursed Tome","floor":21,"gold_loss":0}],"is_beta":false,"boss_relics":[{"not_picked":["Calling Bell","Busted Crown"],"picked":"Sozu"},{"not_picked":["Runic Pyramid","Snecko Eye"],"picked":"FrozenCore"}],"items_purged_floors":[22],"is_endless":false,"potions_floor_spawned":[1,5,7,8,13,18,23,33,39,40],"killed_by":"Giant Head","ascension_level":7}}