{"host":"v3mpq6flurzldi5g","time":1611201306,"event":{"mods":["AchievementEnabler","BaseMod","Colored Powertips","Highlight Path","Jorbs\u0027s Wanderer Trilogy","Minty Spire (QoL Compilation)","StSLib"],"gold_per_floor":[219,238,250,260,19,19,19,19,70,70,70,102,102,112,112,209,209,225,225,225,225],"floor_reached":20,"language":"ENG","playtime":822,"items_purged":[],"score":261,"play_id":"5b2cb6fb-95da-4c50-bbd7-71b4a4bc8b4e","local_time":"20210120225506","is_ascension_mode":true,"campfire_choices":[{"floor":6,"key":"REST"},{"data":"Capacitor","floor":8,"key":"SMITH"},{"data":"Barrage","floor":10,"key":"SMITH"},{"floor":15,"key":"REST"}],"circlet_count":0,"master_deck":["AscendersBane","Strike_B","Strike_B","Strike_B","Strike_B","Defend_B","Defend_B","Defend_B","Defend_B+1","Zap","Dualcast","Barrage+1","Capacitor+1","Core Surge","Leap","Electrodynamics","Double Energy"],"relics":["Cracked Core","Cables","MealTicket","Oddly Smooth Stone","Inserter"],"acts_visited":["Exordium","TheCity"],"potions_floor_usage":[12,16,19],"damage_taken":[{"damage":11,"enemies":"Small Slimes","floor":1,"turns":4},{"damage":7,"enemies":"Jaw Worm","floor":2,"turns":3},{"damage":1,"enemies":"Cultist","floor":3,"turns":4},{"damage":13,"enemies":"Exordium Wildlife","floor":4,"turns":5},{"damage":24,"enemies":"Gremlin Nob","floor":12,"turns":4},{"damage":6,"enemies":"Exordium Thugs","floor":14,"turns":5},{"damage":45,"enemies":"The Guardian","floor":16,"turns":13},{"damage":22,"enemies":"Shell Parasite","floor":18,"turns":6},{"damage":0,"enemies":"2 Thieves","floor":19,"turns":1},{"damage":45,"enemies":"3 Cultists","floor":20,"turns":4}],"seed_played":"2080980498645371167","potions_obtained":[{"floor":2,"key":"SmokeBomb"},{"floor":3,"key":"Fire Potion"},{"floor":4,"key":"BlessingOfTheForge"}],"is_trial":false,"path_per_floor":["M","M","M","M","$","R","?","R","T","R","$","E","?","M","R","B",null,"M","M","M"],"character_chosen":"DEFECT","items_purchased":["Cables"],"campfire_rested":2,"item_purchase_floors":[5],"current_hp_per_floor":[57,50,49,36,36,58,63,63,63,63,78,54,54,48,72,27,67,45,45,0,0],"gold":225,"neow_bonus":"HUNDRED_GOLD","is_daily":false,"chose_seed":false,"campfire_upgraded":2,"win_rate":0.0,"timestamp":1611201306,"path_taken":["M","M","M","M","$","R","?","R","T","R","$","E","?","M","R","BOSS","M","M","?"],"items_purchased_type":["Relic"],"build_version":"2020-12-22","purchased_purges":0,"victory":false,"max_hp_per_floor":[75,75,75,75,75,75,80,80,80,80,80,80,80,80,80,80,80,80,80,80,80],"card_choices":[{"not_picked":["Redo","Sweeping Beam"],"picked":"Barrage","floor":1},{"not_picked":["Barrage","Rebound","FTL"],"picked":"SKIP","floor":2},{"not_picked":["FTL","Skim","Recycle"],"picked":"SKIP","floor":3},{"not_picked":["Stack","Blizzard"],"picked":"Capacitor","floor":4},{"not_picked":["Heatsinks","Cold Snap"],"picked":"Core Surge","floor":12},{"not_picked":["Consume","Self Repair"],"picked":"Leap","floor":14},{"not_picked":["Echo Form","Buffer"],"picked":"Electrodynamics","floor":16},{"not_picked":["Streamline","Stack"],"picked":"Double Energy","floor":18}],"player_experience":988233,"relics_obtained":[{"floor":9,"key":"MealTicket"},{"floor":12,"key":"Oddly Smooth Stone"}],"event_choices":[{"damage_healed":0,"gold_gain":0,"player_choice":"Donut","damage_taken":0,"max_hp_gain":5,"max_hp_loss":0,"event_name":"Big Fish","floor":7,"gold_loss":0},{"damage_healed":0,"gold_gain":0,"player_choice":"Forge","damage_taken":0,"max_hp_gain":0,"max_hp_loss":0,"event_name":"Accursed Blacksmith","floor":13,"gold_loss":0,"cards_upgraded":["Defend_B"]}],"is_beta":false,"boss_relics":[{"not_picked":["SacredBark","FrozenCore"],"picked":"Inserter"}],"items_purged_floors":[],"is_endless":false,"potions_floor_spawned":[2,3,4],"killed_by":"3 Cultists","ascension_level":10}}