{"host":"l84l8xigz5v5foa2","time":1611244566,"event":{"mods":["2.2 Compatiblity","AchievementEnabler","BaseMod","Better Note","Better Vampires","Card Filter","Colored Map","DeckTracker","Gremlin Skip","Hermit","Highlight Path","Keyboard Shortcuts","Minty Spire (QoL Compilation)","Permanent Neow","Quick Restart","Relic Filter","Relic Stats","Shop Mod","StSLib","SuperFastMode","Transform Curses","Unknown Chances"],"gold_per_floor":[119,119,136,153,78,78,115,115,138,169,169,190,207,230,230,336,336,354,354,61,80,85,85],"floor_reached":22,"language":"KOR","playtime":868,"items_purged":["hermit:Strike_Hermit","hermit:Defend_Hermit"],"score":235,"play_id":"e7b78047-994c-4135-9246-04026873870d","local_time":"20210122005606","is_ascension_mode":true,"campfire_choices":[{"data":"hermit:GhostlyPresence","floor":6.0,"key":"SMITH"},{"data":"hermit:PistolWhip","floor":8.0,"key":"SMITH"},{"data":"hermit:TakeAim","floor":11.0,"key":"SMITH"},{"data":"hermit:Brawl","floor":15.0,"key":"SMITH"}],"circlet_count":0,"master_deck":["hermit:Strike_Hermit","hermit:Strike_Hermit","hermit:Defend_Hermit","hermit:Defend_Hermit","hermit:Snapshot","hermit:Covet","hermit:Determination","hermit:NoHoldsBarred","hermit:GhostlyPresence+1","hermit:Scavenge","hermit:TakeAim+1","hermit:PistolWhip+1","hermit:Dive","hermit:Vantage","hermit:Brawl+1","hermit:Gambit","CurseOfTheBell","hermit:CalledShot+1"],"relics":["hermit:Momento","Centennial Puzzle","InkBottle","Anchor","Calling Bell","Smiling Mask","Question Card","Ice Cream","Nloth\u0027s Gift","White Beast Statue"],"acts_visited":["Exordium","TheCity"],"potions_floor_usage":[18],"damage_taken":[{"damage":1.0,"enemies":"Cultist","floor":1.0,"turns":3.0},{"damage":0.0,"enemies":"2 Louse","floor":3.0,"turns":2.0},{"damage":0.0,"enemies":"Jaw Worm","floor":4.0,"turns":3.0},{"damage":25.0,"enemies":"Gremlin Nob","floor":7.0,"turns":4.0},{"damage":18.0,"enemies":"3 Sentries","floor":10.0,"turns":9.0},{"damage":5.0,"enemies":"Looter","floor":12.0,"turns":4.0},{"damage":0.0,"enemies":"3 Louse","floor":13.0,"turns":3.0},{"damage":0.0,"enemies":"Large Slime","floor":14.0,"turns":5.0},{"damage":2.0,"enemies":"Hexaghost","floor":16.0,"turns":9.0},{"damage":31,"enemies":"3 Byrds","floor":18,"turns":3},{"damage":13,"enemies":"2 Thieves","floor":21,"turns":4},{"damage":34,"enemies":"Snecko","floor":22,"turns":4}],"seed_played":"-6170825543200444800","potions_obtained":[{"floor":1.0,"key":"SteroidPotion"},{"floor":4.0,"key":"Swift Potion"},{"floor":7.0,"key":"LiquidBronze"},{"floor":12.0,"key":"LiquidBronze"},{"floor":21,"key":"FearPotion"}],"is_trial":false,"path_per_floor":["M","T","M","M","$","R","E","R","T","E","R","M","M","M","R","B",null,"M","?","$","M","M"],"character_chosen":"HERMIT","items_purchased":["White Beast Statue"],"campfire_rested":0,"item_purchase_floors":[20],"current_hp_per_floor":[67,67,67,67,67,67,42,42,42,24,24,19,19,19,19,17,68,37,37,37,24,0,0],"gold":85,"neow_bonus":"TRANSFORM_TWO_CARDS","is_daily":false,"chose_seed":false,"campfire_upgraded":4,"win_rate":0.0,"timestamp":1611244566,"path_taken":["M","?","?","M","$","R","E","R","T","E","R","M","M","M","R","BOSS","M","?","$","M","M"],"items_purchased_type":["Relic"],"build_version":"2020-12-22","purchased_purges":2,"victory":false,"max_hp_per_floor":[68,68,68,68,68,68,68,68,68,68,68,68,68,68,68,68,68,68,68,68,68,68,68],"relic_stats":{"Centennial Puzzle":[21],"counters":[12,53],"Nloth\u0027s Gift":1,"Smiling Mask":50,"Question Card":2,"obtain_stats":[{"Calling Bell":17,"Ice Cream":17,"Centennial Puzzle":2,"Anchor":10,"Juzu Bracelet":9,"Nloth\u0027s Gift":19,"Smiling Mask":17,"Question Card":17,"hermit:Momento":0,"InkBottle":7,"White Beast Statue":20},{"Calling Bell":9,"Ice Cream":9,"Centennial Puzzle":1,"Anchor":5,"Juzu Bracelet":4,"Nloth\u0027s Gift":10,"Smiling Mask":9,"Question Card":9,"hermit:Momento":0,"InkBottle":4,"White Beast Statue":10},{"Calling Bell":42,"Ice Cream":42,"Centennial Puzzle":3,"Anchor":21,"Juzu Bracelet":12,"Nloth\u0027s Gift":45,"Smiling Mask":42,"Question Card":42,"hermit:Momento":0,"InkBottle":12,"White Beast Statue":45}],"InkBottle":[12]},"card_choices":[{"not_picked":["hermit:WideOpen","hermit:Headshot"],"picked":"hermit:GhostlyPresence","floor":1.0},{"not_picked":["hermit:Vantage","hermit:Cheat"],"picked":"hermit:Scavenge","floor":3.0},{"not_picked":["hermit:Deadeye","hermit:Virtue"],"picked":"hermit:TakeAim","floor":4.0},{"not_picked":["hermit:Glare","hermit:TakeAim"],"picked":"hermit:PistolWhip","floor":7.0},{"not_picked":["hermit:NoHoldsBarred","hermit:CursedWeapon"],"picked":"hermit:Dive","floor":10.0},{"not_picked":["hermit:Determination","hermit:Desperado"],"picked":"hermit:Vantage","floor":12.0},{"not_picked":["hermit:WideOpen","hermit:HoleUp"],"picked":"hermit:Brawl","floor":13.0},{"not_picked":["hermit:Roulette","hermit:HoleUp","hermit:Headshot"],"picked":"SKIP","floor":14.0},{"not_picked":["hermit:Dissolve","hermit:FromBeyond"],"picked":"hermit:Gambit","floor":16.0},{"not_picked":["hermit:Desperado","hermit:LowProfile","hermit:ShadowCloak"],"picked":"hermit:CalledShot+1","floor":18},{"not_picked":["hermit:Feint","hermit:Ricochet","hermit:FatalDesire","hermit:Snipe"],"picked":"SKIP","floor":21}],"player_experience":1440807,"relics_obtained":[{"floor":2.0,"key":"Centennial Puzzle"},{"floor":7.0,"key":"InkBottle"},{"floor":9.0,"key":"Juzu Bracelet"},{"floor":10.0,"key":"Anchor"},{"floor":17.0,"key":"Smiling Mask"},{"floor":17.0,"key":"Question Card"},{"floor":17.0,"key":"Ice Cream"}],"event_choices":[{"damage_healed":0,"gold_gain":0,"player_choice":"Traded Relic","damage_taken":0,"relics_obtained":["Nloth\u0027s Gift"],"max_hp_gain":0,"max_hp_loss":0,"event_name":"N\u0027loth","floor":19,"relics_lost":["Juzu Bracelet"],"gold_loss":0}],"is_beta":false,"boss_relics":[{"not_picked":["Cursed Key","Empty Cage"],"picked":"Calling Bell"}],"items_purged_floors":[5,20],"is_endless":false,"potions_floor_spawned":[1,4,7,12,21],"killed_by":"Snecko","ascension_level":4}}