{"host":"u7lm8z2rvb4dg2oo","time":1611237905,"event":{"mods":["AchievementEnabler","BaseMod","Bestiary","Block Reminder","Colored Map","Colored Powertips","Curses Come First","DeckTracker","Googly Eyes","Highlight Path","Minty Spire (QoL Compilation)","Quick Restart","StSLib"],"gold_per_floor":[114,12,29,47,59,88,88,108,108,136,136,153,167,201,201,201,201],"floor_reached":16,"language":"ENG","playtime":996,"items_purged":["Doubt"],"score":165,"play_id":"d70f5530-2e3c-49b4-8bd2-2c56f49e480a","local_time":"20210121090505","is_ascension_mode":true,"campfire_choices":[{"data":"Choke","floor":7.0,"key":"SMITH"},{"data":"Blade Dance","floor":11.0,"key":"SMITH"},{"floor":15.0,"key":"REST"}],"circlet_count":0,"master_deck":["Strike_G","Strike_G","Strike_G","Strike_G","Strike_G","Defend_G","Defend_G","Defend_G","Defend_G","Defend_G","Survivor","Neutralize","Choke+1","PiercingWail","Blade Dance+1","Dash","Night Terror","Backflip","Outmaneuver"],"relics":["Ring of the Snake","Juzu Bracelet","Pantograph","Odd Mushroom","Bottled Flame"],"acts_visited":["Exordium"],"potions_floor_usage":[],"damage_taken":[{"damage":1.0,"enemies":"Cultist","floor":1.0,"turns":5.0},{"damage":0.0,"enemies":"Jaw Worm","floor":3.0,"turns":4.0},{"damage":1.0,"enemies":"Small Slimes","floor":4.0,"turns":4.0},{"damage":1.0,"enemies":"3 Louse","floor":5.0,"turns":3.0},{"damage":27.0,"enemies":"Gremlin Nob","floor":6.0,"turns":5.0},{"damage":0.0,"enemies":"Large Slime","floor":8.0,"turns":6.0},{"damage":7.0,"enemies":"The Mushroom Lair","floor":10.0,"turns":4.0},{"damage":1.0,"enemies":"2 Fungi Beasts","floor":12.0,"turns":4.0},{"damage":14.0,"enemies":"Exordium Thugs","floor":13.0,"turns":5.0},{"damage":22.0,"enemies":"3 Sentries","floor":14.0,"turns":12.0},{"damage":54,"enemies":"Hexaghost","floor":16,"turns":11}],"seed_played":"5355210941690220088","potions_obtained":[{"floor":6.0,"key":"GamblersBrew"},{"floor":8.0,"key":"GhostInAJar"},{"floor":10.0,"key":"Dexterity Potion"}],"is_trial":false,"path_per_floor":["M","$","M","M","M","E","R","M","T","?","R","M","M","E","R","B"],"character_chosen":"THE_SILENT","items_purchased":["PiercingWail"],"campfire_rested":1,"item_purchase_floors":[2],"current_hp_per_floor":[76,76,76,75,74,47,47,47,47,40,40,39,25,3,28,0,0],"gold":201,"neow_bonus":"TWENTY_PERCENT_HP_BONUS","is_daily":false,"chose_seed":false,"campfire_upgraded":2,"win_rate":0.0,"timestamp":1611237905,"path_taken":["M","$","M","M","M","E","R","M","T","?","R","M","M","E","R","BOSS"],"items_purchased_type":["Card"],"build_version":"2020-12-22","purchased_purges":1,"victory":false,"max_hp_per_floor":[84,84,84,84,84,84,84,84,84,84,84,84,84,84,84,84,84],"card_choices":[{"not_picked":["Setup","Dagger Spray"],"picked":"Choke","floor":1.0},{"not_picked":["Dagger Throw","Prepared","Expertise"],"picked":"SKIP","floor":3.0},{"not_picked":["Deflect","Cloak And Dagger"],"picked":"Blade Dance","floor":4.0},{"not_picked":["Catalyst","Reflex","Dagger Throw"],"picked":"SKIP","floor":5.0},{"not_picked":["Deflect","Acrobatics"],"picked":"Dash","floor":6.0},{"not_picked":["Dagger Throw","Catalyst"],"picked":"Night Terror","floor":8.0},{"not_picked":["Quick Slash","PiercingWail"],"picked":"Backflip","floor":10.0},{"not_picked":["Prepared","Tactician"],"picked":"Outmaneuver","floor":12.0},{"not_picked":["Deadly Poison","Dagger Throw","Dodge and Roll"],"picked":"SKIP","floor":13.0},{"not_picked":["Dodge and Roll","Slice","Deadly Poison"],"picked":"SKIP","floor":14.0}],"player_experience":1024127,"relics_obtained":[{"floor":6.0,"key":"Juzu Bracelet"},{"floor":9.0,"key":"Pantograph"},{"floor":10.0,"key":"Odd Mushroom"},{"floor":14.0,"key":"Bottled Flame"}],"event_choices":[{"damage_healed":0.0,"max_hp_gain":0.0,"max_hp_loss":0.0,"gold_gain":0.0,"event_name":"Mushrooms","player_choice":"Fought Mushrooms","floor":10.0,"gold_loss":0.0,"damage_taken":0.0}],"is_beta":false,"boss_relics":[],"items_purged_floors":[2],"is_endless":false,"potions_floor_spawned":[6,8,10],"killed_by":"Hexaghost","ascension_level":9}}