{"host":"yb2vosf5gpvgythe","time":1611208790,"event":{"mods":["BaseMod","Downfall","Minty Spire (QoL Compilation)","StSLib","egg"],"gold_per_floor":[99,114,114,131,149,149,149,164,164,33,46,61,61,92,104,203,203,203,223,13,113,127,137,160,153,172,172,172,201,218,229,243,345,345,345,363,376,392,412,458,458,558,558,558,558],"floor_reached":43,"language":"ENG","playtime":3274,"items_purged":["champ:Strike","champ:Strike"],"score":631,"play_id":"554448dd-99f7-4fc6-a025-c6c14815cfa2","local_time":"20210121005950","is_ascension_mode":false,"campfire_choices":[{"data":"champ:Taunt","floor":1,"key":"SMITH"},{"data":"champ:PreciseThrust","floor":6,"key":"SMITH"},{"data":"champ:GutPunch","floor":9,"key":"SMITH"},{"data":"champ:PreciseThrust","floor":13,"key":"SMITH"},{"data":"champ:GutPunch","floor":18,"key":"SMITH"},{"floor":28,"key":"REST"},{"data":"champ:IronFortress","floor":35,"key":"SMITH"}],"circlet_count":0,"master_deck":["champ:Strike+1","champ:Strike+1","champ:Defend","champ:Defend","champ:Defend","champ:Defend","champ:Execute","champ:Taunt+1","champ:PreciseThrust+1","champ:PreciseThrust+1","champ:VampiricStrike","champ:GutPunch+1","champ:BringItOn","champ:DeathBlow","champ:PreciseThrust+1","champ:ShieldWall","champ:HoldFirm","champ:GutPunch+1","champ:Improvising","champ:BerserkersShout+1","champ:StanceDance","Finesse","champ:BringItOn","champ:FancyFootwork","champ:FlashCut+1","champ:IronFortress+1","champ:Shatter+1","champ:Haymaker","champ:HoldFirm","champ:IronFortress","champ:FancyFootwork+1","champ:StanceDance","downfall:Malfunctioning","Decay","Clumsy","downfall:Malfunctioning","champ:UltimateStance","Parasite"],"relics":["champ:ChampionCrown","The Courier","PreservedInsect","Sozu","champ:BlackKnightHelmet","Letter Opener","Whetstone","Blood Vial","Ornamental Fan","Pear","SlaversCollar","Girya","Centennial Puzzle","Du-Vu Doll"],"acts_visited":["Exordium","TheCity","TheBeyond"],"potions_floor_usage":[14,16,16,16,20,25,33],"damage_taken":[{"damage":10,"enemies":"2 Louse","floor":2,"turns":3},{"damage":11,"enemies":"Cultist","floor":4,"turns":3},{"damage":3,"enemies":"Small Slimes","floor":5,"turns":3},{"damage":12,"enemies":"Blue Slaver","floor":8,"turns":4},{"damage":20,"enemies":"downfall:FleeingMerchant","floor":10,"turns":4},{"damage":10,"enemies":"Gremlin Gang","floor":11,"turns":3},{"damage":21,"enemies":"Lots of Slimes","floor":12,"turns":3},{"damage":49,"enemies":"3 Sentries","floor":14,"turns":7},{"damage":5,"enemies":"Exordium Wildlife","floor":15,"turns":4},{"damage":44,"enemies":"WA_ARCHETYPE_RETAIN","floor":16,"turns":6},{"damage":20,"enemies":"3 Byrds","floor":19,"turns":4},{"damage":28,"enemies":"downfall:FleeingMerchant","floor":20,"turns":4},{"damage":17,"enemies":"downfall:FleeingMerchant","floor":21,"turns":6},{"damage":23,"enemies":"Shell Parasite","floor":22,"turns":3},{"damage":28,"enemies":"Snake Plant","floor":23,"turns":3},{"damage":15,"enemies":"downfall:FleeingMerchant","floor":25,"turns":4},{"damage":25,"enemies":"Chosen and Byrds","floor":26,"turns":4},{"damage":10,"enemies":"Book of Stabbing","floor":29,"turns":3},{"damage":21,"enemies":"Cultist and Chosen","floor":30,"turns":5},{"damage":25,"enemies":"Snecko","floor":31,"turns":4},{"damage":14,"enemies":"3 Cultists","floor":32,"turns":5},{"damage":51,"enemies":"SI_MIRROR_ARCHETYPE","floor":33,"turns":10},{"damage":24,"enemies":"3 Darklings","floor":36,"turns":5},{"damage":10,"enemies":"Orb Walker","floor":37,"turns":4},{"damage":11,"enemies":"Transient","floor":38,"turns":5},{"damage":40,"enemies":"Writhing Mass","floor":39,"turns":6},{"damage":61,"enemies":"2 Orb Walkers","floor":40,"turns":6},{"damage":48,"enemies":"Spire Growth","floor":43,"turns":3}],"seed_played":"4390029542576779184","potions_obtained":[{"floor":8,"key":"EntropicBrew"},{"floor":11,"key":"champ:TechniquePotion"},{"floor":14,"key":"AttackPotion"},{"floor":16,"key":"hexamod:SoulburnPotion"}],"is_trial":false,"path_per_floor":["R","M","?","M","M","R","T","M","R","$","M","M","R","E","M","B",null,"R","M","$","?","M","M","T","$","M","?","R","E","M","M","M","B",null,"R","M","M","M","M","?","T","?","M"],"character_chosen":"THE_CHAMP","items_purchased":["champ:DeathBlow","champ:StanceDance","Finesse","champ:IronFortress","Blood Vial","Ornamental Fan"],"campfire_rested":1,"item_purchase_floors":[10,20,20,25,25,25],"current_hp_per_floor":[99,99,99,98,95,95,95,93,93,88,88,77,77,53,53,14,99,99,94,86,84,81,63,63,63,65,30,59,71,72,74,72,63,109,109,95,87,83,60,25,25,30,0,0,0],"gold":558,"neow_bonus":"TEN_PERCENT_HP_BONUS","is_daily":false,"chose_seed":false,"campfire_upgraded":6,"win_rate":0.0,"timestamp":1611208790,"path_taken":["R","M","?","?","M","R","T","M","R","?","M","M","R","E","M","BOSS","R","M","$","?","M","M","T","$","M","?","R","E","?","?","M","BOSS","R","M","M","M","M","?","T","?","M"],"items_purchased_type":["Card","Card","Card","Card","Relic","Relic"],"build_version":"2020-12-22","purchased_purges":2,"victory":false,"max_hp_per_floor":[99,99,99,99,99,99,99,99,99,99,99,99,99,99,99,99,99,99,99,99,99,99,99,99,99,99,99,99,109,109,109,109,109,109,109,109,109,109,109,109,109,114,114,114,114],"card_choices":[{"not_picked":["champ:Circumvent","champ:PerfectedStrike"],"picked":"champ:PreciseThrust","floor":2},{"not_picked":["champ:FlashCut","champ:GutPunch"],"picked":"champ:PreciseThrust","floor":4},{"not_picked":["champ:RapidStrikes","champ:StanceDance"],"picked":"champ:VampiricStrike","floor":5},{"not_picked":["champ:Haymaker","champ:PerfectedStrike"],"picked":"champ:GutPunch","floor":8},{"not_picked":["champ:PerfectedStrike","champ:RisingSlash"],"picked":"champ:BringItOn","floor":10},{"not_picked":["champ:GladiatorStyle","champ:AdrenalArmor"],"picked":"champ:PreciseThrust","floor":11},{"not_picked":["champ:SetATrap","champ:FlashCut"],"picked":"champ:ShieldWall","floor":12},{"not_picked":["champ:PreciseThrust","champ:FaceSlap"],"picked":"champ:HoldFirm","floor":14},{"not_picked":["champ:PreciseThrust","champ:FocusedBerserking"],"picked":"champ:GutPunch","floor":15},{"not_picked":["champ:ShieldThrow","champ:GladiatorForm"],"picked":"champ:Improvising","floor":16},{"not_picked":["champ:PerfectedStrike+1","champ:CrookedStrike","champ:Duel"],"picked":"SKIP","floor":19},{"not_picked":["champ:RisingSlash","champ:Encircle+1"],"picked":"champ:BerserkersShout+1","floor":20},{"not_picked":["champ:PreciseThrust","champ:FocusedBerserking+1"],"picked":"champ:BringItOn","floor":21},{"not_picked":["champ:ShieldSlam","champ:PerfectedStrike+1"],"picked":"champ:FancyFootwork","floor":22},{"not_picked":["champ:GladiatorStyle+1","champ:DefensiveShout","champ:Backstep"],"picked":"SKIP","floor":23},{"not_picked":["champ:Improvising","champ:FancyFootwork"],"picked":"champ:FlashCut+1","floor":25},{"not_picked":["champ:EnGarde","champ:BerserkersShout"],"picked":"champ:Shatter+1","floor":26},{"not_picked":["champ:PerfectedStrike","champ:CrownThrow","champ:Circumvent"],"picked":"SKIP","floor":29},{"not_picked":["champ:BerserkersShout+1","champ:EnGarde","champ:Duel"],"picked":"SKIP","floor":30},{"not_picked":["champ:ShieldSlam","champ:Duel","champ:SkillfulDodge"],"picked":"SKIP","floor":31},{"not_picked":["champ:PreciseThrust","champ:ShieldSlam"],"picked":"champ:Haymaker","floor":32},{"not_picked":["champ:CheapShot","champ:SwordThrow"],"picked":"champ:HoldFirm","floor":33},{"not_picked":["champ:Haymaker","champ:AdrenalArmor"],"picked":"champ:IronFortress","floor":36},{"not_picked":["champ:GutPunch","champ:AdrenalArmor+1","champ:BringItOn+1"],"picked":"SKIP","floor":37},{"not_picked":["champ:FocusedDefense+1","champ:Shatter"],"picked":"champ:FancyFootwork+1","floor":38},{"not_picked":["champ:FanOfKnives","champ:FlashCut"],"picked":"champ:StanceDance","floor":39}],"player_experience":433593,"relics_obtained":[{"floor":7,"key":"The Courier"},{"floor":14,"key":"PreservedInsect"},{"floor":21,"key":"champ:BlackKnightHelmet"},{"floor":21,"key":"Letter Opener"},{"floor":24,"key":"Whetstone"},{"floor":29,"key":"Pear"},{"floor":40,"key":"Girya"},{"floor":41,"key":"Centennial Puzzle"}],"event_choices":[{"damage_healed":0,"gold_gain":0,"player_choice":"Fight","damage_taken":0,"max_hp_gain":0,"max_hp_loss":0,"event_name":"Mysterious Sphere","floor":40,"gold_loss":0}],"is_beta":false,"boss_relics":[{"not_picked":["Fusion Hammer","Cursed Key"],"picked":"Sozu"},{"not_picked":["Snecko Eye","SacredBark"],"picked":"SlaversCollar"}],"items_purged_floors":[10,20],"is_endless":false,"potions_floor_spawned":[8,11,14,16,19,21,22,23,31,32,33,36,38,39],"killed_by":"Spire Growth","ascension_level":0}}