{"host":"vb9tx51ayxprrw9u","time":1611273186,"event":{"mods":["AchievementEnabler","BaseMod","Colored Map","Colored Powertips","Highlight Path","Minty Spire (QoL Compilation)","StSLib"],"gold_per_floor":[116,132,207,177,197,197,211,242,267,104,104,129,142,157,157,255,255,274,291,291,19,35,61,61,73,97,126,141,141,174,192,192,294,294,312,328,378,393,393,393,411,426,450,29,29,29,29,62,62,62],"floor_reached":51,"language":"ENG","playtime":5357,"items_purged":["Strike_R","Searing Blow","Double Tap"],"score":813,"play_id":"461d7e9c-e62f-42e3-b225-d53fc052c70c","local_time":"20210121175306","is_ascension_mode":true,"campfire_choices":[{"data":"Seeing Red","floor":6,"key":"SMITH"},{"data":"Burning Pact","floor":15,"key":"SMITH"},{"floor":24,"key":"REST"},{"data":"Warcry","floor":29,"key":"SMITH"},{"floor":32,"key":"REST"},{"data":"Havoc","floor":40,"key":"SMITH"},{"data":"Exhume","floor":45,"key":"SMITH"},{"data":"Dark Embrace","floor":49,"key":"SMITH"}],"circlet_count":0,"master_deck":["Bash","Burning Pact+1","Seeing Red+1","Feel No Pain","Havoc+1","Exhume+1","Anger","Warcry+1","Clash","Demon Form","Sever Soul","Flame Barrier","Power Through","Thunderclap","Intimidate+1","Shockwave","True Grit","Reckless Charge+1","Evolve","Dark Embrace+1","Fire Breathing","Ghostly Armor","Immolate","Pummel+1","Armaments+1","Reckless Charge+1","Sadistic Nature","Dramatic Entrance"],"relics":["Burning Blood","Happy Flower","PreservedInsect","Blood Vial","Vajra","Pandora\u0027s Box","Bag of Preparation","Boot","Potion Belt","Toy Ornithopter","Regal Pillow","Philosopher\u0027s Stone","Champion Belt","Pen Nib","Lantern","Charon\u0027s Ashes"],"acts_visited":["Exordium","TheCity","TheBeyond"],"potions_floor_usage":[7,8,8,12,16,18,28,35,42,48,50,50,50,50,50],"damage_taken":[{"damage":5,"enemies":"Jaw Worm","floor":1,"turns":4},{"damage":0,"enemies":"Small Slimes","floor":2,"turns":3},{"damage":0,"enemies":"Cultist","floor":5,"turns":3},{"damage":0,"enemies":"Large Slime","floor":7,"turns":3},{"damage":49,"enemies":"Lagavulin","floor":8,"turns":11},{"damage":17,"enemies":"Gremlin Nob","floor":12,"turns":4},{"damage":17,"enemies":"Exordium Thugs","floor":13,"turns":4},{"damage":9,"enemies":"2 Fungi Beasts","floor":14,"turns":4},{"damage":0,"enemies":"Slime Boss","floor":16,"turns":6},{"damage":11,"enemies":"Chosen","floor":18,"turns":6},{"damage":20,"enemies":"2 Thieves","floor":19,"turns":4},{"damage":17,"enemies":"Snecko","floor":22,"turns":5},{"damage":51,"enemies":"Gremlin Leader","floor":23,"turns":8},{"damage":4,"enemies":"Centurion and Healer","floor":25,"turns":6},{"damage":18,"enemies":"Book of Stabbing","floor":27,"turns":5},{"damage":14,"enemies":"Cultist and Chosen","floor":28,"turns":5},{"damage":33,"enemies":"Slavers","floor":30,"turns":4},{"damage":0,"enemies":"Shelled Parasite and Fungi","floor":31,"turns":6},{"damage":39,"enemies":"Champ","floor":33,"turns":11},{"damage":2,"enemies":"Orb Walker","floor":35,"turns":4},{"damage":3,"enemies":"3 Shapes","floor":36,"turns":4},{"damage":0,"enemies":"Mind Bloom Boss Battle","floor":37,"turns":7},{"damage":21,"enemies":"3 Darklings","floor":38,"turns":6},{"damage":24,"enemies":"Spire Growth","floor":41,"turns":4},{"damage":4,"enemies":"Maw","floor":42,"turns":6},{"damage":10,"enemies":"Giant Head","floor":48,"turns":4},{"damage":32,"enemies":"Time Eater","floor":50,"turns":7}],"seed_played":"3202438945433058352","potions_obtained":[{"floor":4,"key":"Weak Potion"},{"floor":4,"key":"LiquidMemories"},{"floor":5,"key":"Fire Potion"},{"floor":7,"key":"Block Potion"},{"floor":14,"key":"LiquidMemories"},{"floor":16,"key":"Regen Potion"},{"floor":18,"key":"Dexterity Potion"},{"floor":23,"key":"CultistPotion"},{"floor":27,"key":"Regen Potion"},{"floor":31,"key":"Block Potion"},{"floor":41,"key":"Energy Potion"},{"floor":42,"key":"SkillPotion"},{"floor":48,"key":"Swift Potion"}],"is_trial":false,"path_per_floor":["M","M","?","?","M","R","M","E","T","$","?","E","M","M","R","B",null,"M","M","?","$","M","E","R","M","T","E","M","R","E","M","R","B",null,"M","M","?","M","?","R","M","M","T","$","R","?","?","E","R","B",null],"character_chosen":"IRONCLAD","items_purchased":["Anger","Inflame","Bag of Preparation","True Grit","Lantern","BloodPotion","EntropicBrew"],"campfire_rested":2,"item_purchase_floors":[10,10,21,21,44,44,44],"current_hp_per_floor":[80,80,69,69,75,75,80,37,37,37,37,28,19,18,18,26,80,80,66,66,66,57,14,38,42,42,32,45,45,20,28,67,36,80,80,80,80,65,60,60,44,53,53,53,53,53,53,71,71,72],"gold":62,"neow_bonus":"RANDOM_COMMON_RELIC","is_daily":false,"chose_seed":false,"campfire_upgraded":6,"win_rate":0.0,"timestamp":1611273186,"path_taken":["M","M","?","?","?","R","M","E","T","$","?","E","M","M","R","BOSS","M","M","?","$","M","E","R","M","T","E","M","R","E","M","R","BOSS","M","M","?","M","?","R","M","M","T","$","R","?","?","E","R","BOSS"],"items_purchased_type":["Card","Card","Relic","Card","Relic","Potion","Potion"],"build_version":"2020-12-22","purchased_purges":3,"victory":true,"max_hp_per_floor":[80,80,80,80,80,80,80,80,80,80,80,80,80,80,80,80,80,80,80,80,80,80,80,80,80,80,80,80,80,80,80,80,80,80,80,80,80,80,80,80,80,80,80,80,80,76,76,76,76,76],"card_choices":[{"not_picked":["Cleave","Dual Wield"],"picked":"Burning Pact","floor":1},{"not_picked":["Ghostly Armor","Fire Breathing"],"picked":"Seeing Red","floor":2},{"not_picked":["Havoc","Flex"],"picked":"Feel No Pain","floor":5},{"not_picked":["Heavy Blade","Pummel"],"picked":"Havoc","floor":7},{"not_picked":["Ghostly Armor","Flex"],"picked":"Exhume","floor":8},{"not_picked":["Body Slam","Clash","Iron Wave"],"picked":"SKIP","floor":12},{"not_picked":["Iron Wave","Pommel Strike"],"picked":"Warcry","floor":13},{"not_picked":["Thunderclap","Cleave"],"picked":"Clash","floor":14},{"not_picked":["Juggernaut","Bludgeon"],"picked":"Demon Form","floor":16},{"not_picked":["Entrench","Clash"],"picked":"Intimidate+1","floor":18},{"not_picked":["Sword Boomerang","Infernal Blade"],"picked":"Shockwave","floor":19},{"not_picked":["Blood for Blood","Sword Boomerang"],"picked":"Reckless Charge+1","floor":22},{"not_picked":["Perfected Strike","Uppercut"],"picked":"Evolve","floor":23},{"not_picked":["Pummel+1","Havoc","Iron Wave+1"],"picked":"SKIP","floor":25},{"not_picked":["Cleave","Pommel Strike"],"picked":"Dark Embrace","floor":27},{"not_picked":["Cleave","Inflame+1"],"picked":"Fire Breathing","floor":28},{"not_picked":["Double Tap","Headbutt"],"picked":"Ghostly Armor","floor":30},{"not_picked":["Iron Wave","Rage","Clothesline"],"picked":"SKIP","floor":31},{"not_picked":["Brutality","Berserk"],"picked":"Immolate","floor":33},{"not_picked":["Body Slam","Rage+1","Thunderclap+1"],"picked":"SKIP","floor":35},{"not_picked":["Rupture+1","Heavy Blade+1"],"picked":"Pummel+1","floor":36},{"not_picked":["Clothesline+1","Thunderclap+1"],"picked":"Armaments+1","floor":37},{"not_picked":["Intimidate","Flex+1"],"picked":"Reckless Charge+1","floor":38},{"not_picked":["Dark Shackles","Thinking Ahead"],"picked":"Sadistic Nature","floor":39},{"not_picked":["Flash of Steel","Secret Weapon"],"picked":"Dramatic Entrance","floor":39},{"not_picked":["Twin Strike","Perfected Strike+1","Iron Wave+1"],"picked":"SKIP","floor":41},{"not_picked":["Iron Wave+1","Clothesline+1","Shockwave"],"picked":"SKIP","floor":42},{"not_picked":["Battle Trance","True Grit","Twin Strike"],"picked":"SKIP","floor":48}],"player_experience":150576,"relics_obtained":[{"floor":8,"key":"PreservedInsect"},{"floor":9,"key":"Blood Vial"},{"floor":12,"key":"Vajra"},{"floor":23,"key":"Boot"},{"floor":26,"key":"Potion Belt"},{"floor":27,"key":"Toy Ornithopter"},{"floor":30,"key":"Regal Pillow"},{"floor":37,"key":"Champion Belt"},{"floor":43,"key":"Pen Nib"},{"floor":48,"key":"Charon\u0027s Ashes"}],"event_choices":[{"damage_healed":0,"gold_gain":75,"player_choice":"Gather Gold","damage_taken":11,"max_hp_gain":0,"max_hp_loss":0,"event_name":"World of Goop","floor":3,"gold_loss":0},{"damage_healed":0,"gold_gain":0,"player_choice":"Bought 2 Potions","damage_taken":0,"max_hp_gain":0,"max_hp_loss":0,"event_name":"The Woman in Blue","floor":4,"gold_loss":0},{"cards_removed":["Defend_R"],"damage_healed":0,"gold_gain":0,"player_choice":"Purged","damage_taken":0,"max_hp_gain":0,"max_hp_loss":0,"event_name":"Purifier","floor":11,"gold_loss":0},{"cards_removed":["Brutality"],"damage_healed":0,"gold_gain":0,"player_choice":"Elegance","damage_taken":0,"max_hp_gain":0,"max_hp_loss":0,"event_name":"Back to Basics","floor":20,"gold_loss":0},{"damage_healed":0,"gold_gain":0,"player_choice":"Fight","damage_taken":0,"max_hp_gain":0,"max_hp_loss":0,"event_name":"MindBloom","floor":37,"gold_loss":0},{"damage_healed":0,"gold_gain":0,"player_choice":"Memory 2","damage_taken":5,"max_hp_gain":0,"max_hp_loss":0,"event_name":"SensoryStone","floor":39,"gold_loss":0},{"damage_healed":0,"gold_gain":0,"player_choice":"Max HP","damage_taken":0,"max_hp_gain":0,"max_hp_loss":4,"event_name":"Winding Halls","floor":46,"gold_loss":0},{"cards_removed":["Inflame"],"damage_healed":0,"gold_gain":0,"player_choice":"Removed Power","damage_taken":0,"max_hp_gain":0,"max_hp_loss":0,"event_name":"Falling","floor":47,"gold_loss":0}],"is_beta":false,"boss_relics":[{"not_picked":["Coffee Dripper","Cursed Key"],"picked":"Pandora\u0027s Box"},{"not_picked":["Busted Crown","Black Blood"],"picked":"Philosopher\u0027s Stone"}],"items_purged_floors":[10,21,44],"is_endless":false,"potions_floor_spawned":[5,7,14,16,18,23,27,31,41,42,48],"ascension_level":1}}