{"host":"pkysykycfg9bua8p","time":1611220864,"event":{"mods":["AchievementEnabler","BaseMod","Better Third Choice","Filter the Spire","Minty Spire (QoL Compilation)","StSLib"],"gold_per_floor":[111,36,36,9,9,38,38,73,73,104,122,122,46,63,63,168,168,180,180,212,212,226,251,251,99,148,167,167,167,180,180,180,180,180],"floor_reached":33,"language":"ENG","playtime":1151,"items_purged":["Strike_G","Strike_G"],"score":387,"play_id":"53942526-e5aa-4dea-a931-eaec401c6766","local_time":"20210121222104","is_ascension_mode":true,"campfire_choices":[{"data":"Cloak And Dagger","floor":7,"key":"SMITH"},{"data":"Glass Knife","floor":12,"key":"SMITH"},{"data":"Endless Agony","floor":15,"key":"SMITH"},{"floor":24,"key":"REST"},{"data":"Infinite Blades","floor":28,"key":"SMITH"},{"data":"Die Die Die","floor":32,"key":"SMITH"}],"circlet_count":0,"master_deck":["Strike_G","Strike_G","Strike_G","Defend_G","Defend_G","Defend_G","Defend_G","Defend_G","Survivor","Neutralize","Cloak And Dagger+1","Cloak And Dagger+1","All Out Attack","Glass Knife+1","Deflect","Endless Agony+1","Dagger Spray","Die Die Die+1","Blade Dance","Endless Agony","Endless Agony","Blade Dance","Infinite Blades+1","Deflect"],"relics":["Ring of the Snake","NeowsBlessing","Pen Nib","Omamori","Gremlin Horn","Anchor","Boot","Calling Bell","Strawberry","Ninja Scroll","Thread and Needle","Red Mask","Necronomicon","Snake Skull","Smiling Mask","Molten Egg 2"],"acts_visited":["Exordium","TheCity"],"potions_floor_usage":[14,16,33,33],"damage_taken":[{"damage":0,"enemies":"2 Louse","floor":1,"turns":1},{"damage":0,"enemies":"Lagavulin","floor":6,"turns":1},{"damage":0,"enemies":"3 Sentries","floor":8,"turns":1},{"damage":15,"enemies":"Lagavulin","floor":10,"turns":8},{"damage":0,"enemies":"Cultist","floor":11,"turns":2},{"damage":0,"enemies":"Jaw Worm","floor":14,"turns":2},{"damage":51,"enemies":"Hexaghost","floor":16,"turns":11},{"damage":7,"enemies":"Shell Parasite","floor":18,"turns":3},{"damage":0,"enemies":"Masked Bandits","floor":20,"turns":2},{"damage":0,"enemies":"3 Byrds","floor":22,"turns":1},{"damage":8,"enemies":"Book of Stabbing","floor":23,"turns":3},{"damage":0,"enemies":"3 Cultists","floor":27,"turns":2},{"damage":15,"enemies":"Snake Plant","floor":30,"turns":3},{"damage":76,"enemies":"Collector","floor":33,"turns":8}],"seed_played":"-3593536494863824694","potions_obtained":[{"floor":10,"key":"AttackPotion"},{"floor":14,"key":"Fruit Juice"},{"floor":23,"key":"AttackPotion"},{"floor":27,"key":"GamblersBrew"}],"is_trial":false,"path_per_floor":["M","$","?","$","T","E","R","E","T","E","M","R","$","M","R","B",null,"M","?","?","?","M","E","R","$","T","M","R","T","M","?","R","B"],"character_chosen":"THE_SILENT","items_purchased":["Cloak And Dagger","Endless Agony","Blade Dance"],"campfire_rested":1,"item_purchase_floors":[4,13,25],"current_hp_per_floor":[70,70,70,70,70,70,70,70,70,55,55,55,55,60,60,9,82,75,59,59,43,43,35,61,61,61,61,61,61,46,75,75,0,0],"gold":180,"neow_bonus":"THREE_ENEMY_KILL","is_daily":false,"chose_seed":false,"campfire_upgraded":5,"win_rate":0.0,"timestamp":1611220864,"path_taken":["M","$","?","?","?","E","R","E","T","E","M","R","$","?","R","BOSS","M","?","?","?","?","E","R","$","T","M","R","?","M","?","R","BOSS"],"items_purchased_type":["Card","Card","Card"],"build_version":"2020-12-22","purchased_purges":2,"victory":false,"max_hp_per_floor":[70,70,70,70,70,70,70,70,70,70,70,70,70,75,75,75,82,82,87,87,87,87,87,87,87,87,87,87,87,87,87,87,87,87],"card_choices":[{"not_picked":["Prepared","Flying Knee"],"picked":"Cloak And Dagger","floor":1},{"not_picked":["Leg Sweep","Prepared","Backflip"],"picked":"SKIP","floor":6},{"not_picked":["Bane","Backflip"],"picked":"All Out Attack","floor":8},{"not_picked":["Skewer","Bouncing Flask"],"picked":"Glass Knife","floor":10},{"not_picked":["Underhanded Strike","Dash"],"picked":"Deflect","floor":11},{"not_picked":["Deflect","Acrobatics"],"picked":"Dagger Spray","floor":14},{"not_picked":["Malaise","Phantasmal Killer"],"picked":"Die Die Die","floor":16},{"not_picked":["Acrobatics","Eviscerate"],"picked":"Blade Dance","floor":18},{"not_picked":["Dagger Spray","Deadly Poison"],"picked":"Endless Agony","floor":20},{"not_picked":["Bane+1","Sucker Punch","Predator"],"picked":"SKIP","floor":22},{"not_picked":["PiercingWail","Deflect+1"],"picked":"Endless Agony","floor":23},{"not_picked":["Flying Knee","Predator"],"picked":"Infinite Blades","floor":27},{"not_picked":["Flechettes+1","Corpse Explosion"],"picked":"Deflect","floor":30}],"player_experience":70861,"relics_obtained":[{"floor":5,"key":"Pen Nib"},{"floor":6,"key":"Omamori"},{"floor":8,"key":"Gremlin Horn"},{"floor":9,"key":"Anchor"},{"floor":10,"key":"Boot"},{"floor":17,"key":"Strawberry"},{"floor":17,"key":"Ninja Scroll"},{"floor":17,"key":"Thread and Needle"},{"floor":20,"key":"Red Mask"},{"floor":21,"key":"Necronomicon"},{"floor":23,"key":"Snake Skull"},{"floor":26,"key":"Smiling Mask"},{"floor":29,"key":"Molten Egg 2"}],"event_choices":[{"damage_healed":0,"gold_gain":0,"player_choice":"Upgraded","damage_taken":0,"max_hp_gain":0,"max_hp_loss":0,"event_name":"Upgrade Shrine","floor":3,"gold_loss":0,"cards_upgraded":["Cloak And Dagger"]},{"damage_healed":0,"gold_gain":0,"player_choice":"Shed Blood","damage_taken":21,"max_hp_gain":5,"max_hp_loss":0,"event_name":"Forgotten Altar","floor":19,"gold_loss":0},{"damage_healed":0,"gold_gain":0,"player_choice":"Fought Bandits","damage_taken":0,"max_hp_gain":0,"max_hp_loss":0,"event_name":"Masked Bandits","floor":20,"gold_loss":0},{"damage_healed":0,"gold_gain":0,"player_choice":"Obtained Book","damage_taken":16,"max_hp_gain":0,"max_hp_loss":0,"event_name":"Cursed Tome","floor":21,"gold_loss":0},{"damage_healed":29,"gold_gain":0,"player_choice":"Heal","damage_taken":0,"max_hp_gain":0,"max_hp_loss":0,"event_name":"The Library","floor":31,"gold_loss":0}],"is_beta":false,"boss_relics":[{"not_picked":["Astrolabe","Ectoplasm"],"picked":"Calling Bell"}],"items_purged_floors":[2,25],"is_endless":false,"potions_floor_spawned":[10,14,23,27],"killed_by":"Collector","ascension_level":2}}