{"host":"r53pw7z744tg3fxg","time":1611258553,"event":{"mods":["AchievementEnabler","BaseMod","Colored Map","Colored Powertips","Highlight Path","Minty Spire (QoL Compilation)","Quick Restart","Transform Curses"],"gold_per_floor":[109,126,143,143,158,187,199,199,225,67,67,84,110,35,35,108,108,60,76,76,92,92,92,126,137,187,187,187,219,219,238,238,238,238],"floor_reached":33,"language":"ENG","playtime":1290,"items_purged":[],"score":596,"play_id":"e03fcc76-9084-47f8-9e6a-e290d73543cd","local_time":"20210121124913","is_ascension_mode":true,"campfire_choices":[{"data":"Eruption","floor":8.0,"key":"SMITH"},{"data":"SpiritShield","floor":11.0,"key":"SMITH"},{"floor":15.0,"key":"REST"},{"floor":23.0,"key":"REST"},{"floor":28.0,"key":"REST"},{"floor":30.0,"key":"REST"},{"floor":32.0,"key":"REST"}],"circlet_count":0,"master_deck":["AscendersBane","Strike_P+1","Strike_P+1","Strike_P+1","Defend_P+1","Defend_P+1","Defend_P+1","Defend_P+1","Eruption+1","Vigilance","SpiritShield+1","WheelKick","ReachHeaven+1","FlurryOfBlows","ThirdEye","Consecrate","Halt","DeceiveReality","SashWhip+1","CarveReality","DevaForm","EmptyBody+1","Conclude+1","Prostrate","Wallop","Pray","Prostrate+1"],"relics":["PureWater","Centennial Puzzle","Strawberry","Bag of Marbles","Oddly Smooth Stone","Boot","Black Star","Peace Pipe","Art of War","Whetstone","Blood Vial","Regal Pillow"],"acts_visited":["Exordium","TheCity"],"potions_floor_usage":[33],"damage_taken":[{"damage":3.0,"enemies":"2 Louse","floor":1.0,"turns":4.0},{"damage":0.0,"enemies":"Cultist","floor":2.0,"turns":3.0},{"damage":0.0,"enemies":"Jaw Worm","floor":3.0,"turns":3.0},{"damage":6.0,"enemies":"3 Louse","floor":5.0,"turns":3.0},{"damage":0.0,"enemies":"Lagavulin","floor":6.0,"turns":3.0},{"damage":3.0,"enemies":"2 Fungi Beasts","floor":7.0,"turns":4.0},{"damage":0.0,"enemies":"Blue Slaver","floor":12.0,"turns":2.0},{"damage":18.0,"enemies":"3 Sentries","floor":13.0,"turns":4.0},{"damage":15.0,"enemies":"Slime Boss","floor":16.0,"turns":9.0},{"damage":19.0,"enemies":"2 Thieves","floor":18.0,"turns":5.0},{"damage":1.0,"enemies":"Chosen","floor":19.0,"turns":4.0},{"damage":9.0,"enemies":"3 Cultists","floor":21.0,"turns":4.0},{"damage":43.0,"enemies":"Book of Stabbing","floor":24.0,"turns":9.0},{"damage":13.0,"enemies":"Centurion and Healer","floor":25.0,"turns":6.0},{"damage":17.0,"enemies":"Gremlin Leader","floor":29.0,"turns":5.0},{"damage":9.0,"enemies":"Snecko","floor":31.0,"turns":5.0},{"damage":103,"enemies":"Champ","floor":33,"turns":9}],"seed_played":"-6208343728232048656","potions_obtained":[{"floor":1.0,"key":"Fire Potion"},{"floor":5.0,"key":"ColorlessPotion"},{"floor":7.0,"key":"SkillPotion"},{"floor":13.0,"key":"SteroidPotion"},{"floor":16.0,"key":"BottledMiracle"},{"floor":18.0,"key":"FairyPotion"},{"floor":25.0,"key":"SkillPotion"},{"floor":29.0,"key":"ColorlessPotion"}],"is_trial":false,"path_per_floor":["M","M","M","?","M","E","M","R","T","$","R","M","E","$","R","B",null,"M","M","?","M","?","R","E","M","T","?","R","E","R","M","R","B"],"character_chosen":"WATCHER","items_purchased":["Oddly Smooth Stone","CarveReality"],"campfire_rested":5,"item_purchase_floors":[10,14],"current_hp_per_floor":[58,58,58,58,52,59,56,56,56,56,56,56,38,38,60,45,68,49,48,48,39,39,61,18,5,5,5,27,10,47,40,75,0,0],"gold":238,"neow_bonus":"TRANSFORM_CARD","is_daily":false,"chose_seed":false,"campfire_upgraded":2,"win_rate":0.0,"timestamp":1611258553,"path_taken":["M","M","M","?","M","E","M","R","T","$","R","?","E","$","R","BOSS","M","M","?","M","?","R","E","M","T","?","R","E","R","M","R","BOSS"],"items_purchased_type":["Relic","Card"],"build_version":"2020-12-22","purchased_purges":0,"victory":false,"max_hp_per_floor":[68,68,68,68,68,75,75,75,75,75,75,75,75,75,75,75,75,75,75,75,75,75,75,75,75,75,75,75,75,75,75,75,75,75],"card_choices":[{"not_picked":["ClearTheMind","FollowUp"],"picked":"WheelKick","floor":1.0},{"not_picked":["Swivel","Pray"],"picked":"ReachHeaven","floor":2.0},{"not_picked":["Wireheading","Crescendo"],"picked":"FlurryOfBlows","floor":3.0},{"not_picked":["JustLucky","EmptyFist"],"picked":"ThirdEye","floor":5.0},{"not_picked":["Sanctity","Fasting2"],"picked":"Consecrate","floor":6.0},{"not_picked":["FlyingSleeves","CutThroughFate"],"picked":"Halt","floor":7.0},{"not_picked":["Weave","CutThroughFate"],"picked":"DeceiveReality","floor":12.0},{"not_picked":["Omniscience","Indignation"],"picked":"SashWhip","floor":13.0},{"not_picked":["Wish","Ragnarok"],"picked":"DevaForm","floor":16.0},{"not_picked":["PathToVictory","TalkToTheHand"],"picked":"EmptyBody+1","floor":18.0},{"not_picked":["Meditate","Halt","JustLucky"],"picked":"SKIP","floor":19.0},{"not_picked":["Fasting2","Crescendo"],"picked":"Conclude+1","floor":21.0},{"not_picked":["WheelKick","EmptyMind"],"picked":"Prostrate","floor":24.0},{"not_picked":["CrushJoints","InnerPeace"],"picked":"Wallop","floor":25.0},{"not_picked":["Meditate","FlyingSleeves"],"picked":"Pray","floor":29.0},{"not_picked":["EmptyFist+1","CutThroughFate"],"picked":"Prostrate+1","floor":31.0}],"player_experience":1334014,"relics_obtained":[{"floor":6.0,"key":"Strawberry"},{"floor":9.0,"key":"Bag of Marbles"},{"floor":13.0,"key":"Boot"},{"floor":24.0,"key":"Peace Pipe"},{"floor":24.0,"key":"Art of War"},{"floor":26.0,"key":"Whetstone"},{"floor":29.0,"key":"Blood Vial"},{"floor":29.0,"key":"Regal Pillow"}],"event_choices":[{"damage_healed":0.0,"max_hp_gain":0.0,"max_hp_loss":0.0,"gold_gain":0.0,"event_name":"WeMeetAgain","player_choice":"Gave Potion","floor":4.0,"gold_loss":0.0,"damage_taken":0.0,"relics_obtained":["Centennial Puzzle"]},{"damage_healed":0.0,"max_hp_gain":0.0,"max_hp_loss":0.0,"gold_gain":0.0,"event_name":"Vampires","player_choice":"Ignored","floor":20.0,"gold_loss":0.0,"damage_taken":0.0},{"damage_healed":0.0,"max_hp_gain":0.0,"max_hp_loss":0.0,"gold_gain":0.0,"event_name":"Beggar","player_choice":"Ignored","floor":22.0,"gold_loss":0.0,"damage_taken":0.0},{"damage_healed":0.0,"max_hp_gain":0.0,"max_hp_loss":0.0,"gold_gain":0.0,"event_name":"Back to Basics","player_choice":"Simplicity","floor":27.0,"gold_loss":0.0,"damage_taken":0.0,"cards_upgraded":["Strike_P","Strike_P","Strike_P","Defend_P","Defend_P","Defend_P","Defend_P"]}],"is_beta":false,"boss_relics":[{"not_picked":["Sozu","Cursed Key"],"picked":"Black Star"}],"items_purged_floors":[],"is_endless":false,"potions_floor_spawned":[1,5,7,13,16,18,19,25,29],"killed_by":"Champ","ascension_level":17}}