{"host":"t6r1isv2bex5ovch","time":1611251899,"event":{"mods":["AchievementEnabler","Act Like it!","Aspiration","BaseMod","Better Altar","Better Match","Better Note","Better Sensory Stone","Better Skull","Better Third Choice","Better Vampires","Colored Powertips","Displayed Cursed Tome","Evolution","Fox Events","Hubris","Minty Spire (QoL Compilation)","StS++","StSLib","The Jungle"],"gold_per_floor":[111,128,128,151,166,207,207,242,269,269,289,289,289,88,88,88,88],"floor_reached":16,"language":"ENG","playtime":1045,"items_purged":["Strike_G"],"score":127,"play_id":"77beb9bb-04ab-46ca-b7c1-d69b63a7df83","local_time":"20210122035819","is_ascension_mode":true,"campfire_choices":[{"floor":7,"key":"RECALL"},{"data":"Strike_G","floor":10,"key":"PURGE"},{"data":"Strike_G","floor":12,"key":"PURGE"},{"data":"StSpp:TimeParadox","floor":15,"key":"SMITH"}],"circlet_count":0,"master_deck":["Sucker Punch","Sucker Punch","Defend_G","Defend_G","Defend_G","Defend_G","Survivor","Neutralize","Poisoned Stab","Well Laid Plans","Backstab","StSpp:TimeParadox+1","Poisoned Stab"],"relics":["Ring of the Snake","EVO:Axolotl","Golden Idol","Lantern","Peace Pipe"],"acts_visited":["Exordium"],"potions_floor_usage":[8,11,14,16],"damage_taken":[{"damage":1,"enemies":"2 Louse","floor":1,"turns":2},{"damage":1,"enemies":"Jaw Worm","floor":2,"turns":3},{"damage":0,"enemies":"Cultist","floor":4,"turns":3},{"damage":0,"enemies":"Exordium Thugs","floor":5,"turns":4},{"damage":38,"enemies":"3 Sentries","floor":6,"turns":12},{"damage":7,"enemies":"Lagavulin","floor":8,"turns":5},{"damage":0,"enemies":"Lots of Slimes","floor":11,"turns":4},{"damage":22,"enemies":"The Guardian","floor":16,"turns":6}],"seed_played":"370124277211550133","potions_obtained":[{"floor":6,"key":"BlessingOfTheForge"},{"floor":8,"key":"Swift Potion"},{"floor":11,"key":"Weak Potion"}],"is_trial":false,"path_per_floor":["M","M","?","M","M","E","R","E","T","R","M","R","?","$","R","B"],"character_chosen":"THE_SILENT","items_purchased":["Fruit Juice","Poisoned Stab"],"campfire_rested":0,"item_purchase_floors":[14,14],"current_hp_per_floor":[69,68,51,51,51,13,13,6,6,6,6,6,6,11,11,0,0],"gold":88,"neow_bonus":"REMOVE_CARD","is_daily":false,"chose_seed":false,"campfire_upgraded":1,"win_rate":0.0,"timestamp":1611251899,"path_taken":["M","M","?","M","M","E","R","E","T","R","M","R","?","$","R","BOSS"],"items_purchased_type":["Potion","Card"],"build_version":"2020-12-22","purchased_purges":1,"victory":false,"max_hp_per_floor":[70,70,70,70,70,70,70,70,70,70,70,70,70,75,75,75,75],"card_choices":[{"not_picked":["Backflip","Deflect"],"picked":"Poisoned Stab","floor":1},{"not_picked":["Prepared","Deflect","StSpp:ChainedTrap"],"picked":"SKIP","floor":2},{"not_picked":["Cloak And Dagger","hubris:SlightOfHand"],"picked":"Well Laid Plans","floor":4},{"not_picked":["hubris:SlightOfHand","Underhanded Strike"],"picked":"Backstab","floor":5},{"not_picked":["Unload","Blade Dance","Choke"],"picked":"SKIP","floor":6},{"not_picked":["Calculated Gamble","Blade Dance","Dodge and Roll"],"picked":"SKIP","floor":8},{"not_picked":["Quick Slash","Underhanded Strike"],"picked":"StSpp:TimeParadox","floor":11}],"player_experience":357438,"relics_obtained":[{"floor":6,"key":"Lantern"},{"floor":8,"key":"Peace Pipe"}],"event_choices":[{"damage_healed":0,"gold_gain":0,"player_choice":"Take Damage","damage_taken":17,"relics_obtained":["Golden Idol"],"max_hp_gain":0,"max_hp_loss":0,"event_name":"Golden Idol","floor":3,"gold_loss":0},{"damage_healed":6,"gold_gain":0,"player_choice":"Leave","damage_taken":0,"max_hp_gain":0,"max_hp_loss":70,"event_name":"betterThird:BetterShining","floor":13,"gold_loss":0}],"is_beta":false,"boss_relics":[],"items_purged_floors":[14],"is_endless":false,"potions_floor_spawned":[6,8,11],"killed_by":"The Guardian","ascension_level":3}}