{"host":"wj6vwlg8bkoql3lv","time":1611245241,"event":{"mods":["AchievementEnabler","Bard","Bartender","BaseMod","Colored Map","Decade(???)","Friendly Minions","Hermit","Hubris","Infinite Spire","JesterMod","Jorbs\u0027s Wanderer Trilogy","KinomotoSakuraMod(????)","Marisa????????","Minty Spire (QoL Compilation)","Potionbrewer","Quick Restart","Replay The Spire","Robot Space Explorer","SIMod","Shade Mod","StSLib","The Blue Laboratory","The Bug Knight","The Construct","The Cursed","The Death Knight","The Disciple","The Forsaken","The Gatherer","The Hayseed","The Hierophant","The Jungle","The Marked","The Mystic","The Runesmith","The Saiyan","The Senshi","The Servant 0.9.4","TheFirefly","TheVacant","Transform Curses"],"gold_per_floor":[119,119,132,202,218,218,218],"floor_reached":6,"language":"ENG","playtime":408,"items_purged":[],"score":36,"play_id":"a9bc91e8-ccd2-4489-9586-7d46f9be2d14","local_time":"20210121160721","is_ascension_mode":false,"campfire_choices":[],"circlet_count":0,"master_deck":["Strike_AJ","Strike_TS","Strike_RR","Strike_RD","Defend_TS","Defend_PP","Defend_FS","Defend_AJ","ConcertedEfforts","HarmonyShield","Return_To_Past","Honesty","FriendOfNature","RashStunts","Celebrities","KillingWithKindness"],"relics":["The_element_of_harmony","NeowsBlessing","infinitespire:Broken Mirror"],"acts_visited":["Exordium"],"potions_floor_usage":[],"damage_taken":[{"damage":0,"enemies":"2 Louse","floor":1,"turns":1},{"damage":0,"enemies":"Cultist","floor":3,"turns":1},{"damage":0,"enemies":"Small Slimes","floor":5,"turns":2},{"damage":64,"enemies":"Lagavulin","floor":6,"turns":11}],"seed_played":"220072702501122626","potions_obtained":[],"is_trial":false,"path_per_floor":["M","?","M","T","M","E"],"character_chosen":"TWI_CLASS","items_purchased":[],"campfire_rested":0,"item_purchase_floors":[],"current_hp_per_floor":[82,87,87,87,87,29,29],"gold":218,"neow_bonus":"THREE_ENEMY_KILL","is_daily":false,"chose_seed":false,"campfire_upgraded":0,"win_rate":0.0,"timestamp":1611245241,"path_taken":["M","?","M","?","?","E"],"items_purchased_type":[],"build_version":"2020-12-22","purchased_purges":0,"victory":false,"max_hp_per_floor":[82,87,87,87,87,87,87],"card_choices":[{"not_picked":["RunningOfTheLeaves"],"picked":"Return_To_Past","floor":1},{"not_picked":["Magic"],"picked":"Honesty","floor":1},{"not_picked":["BehindTheScene"],"picked":"FriendOfNature","floor":3},{"not_picked":["Winterwrapup"],"picked":"RashStunts","floor":3},{"not_picked":["RashStunts"],"picked":"Celebrities","floor":5},{"not_picked":["Louder"],"picked":"KillingWithKindness","floor":5}],"player_experience":120416,"relics_obtained":[{"floor":4,"key":"infinitespire:Broken Mirror"}],"event_choices":[{"damage_healed":0,"gold_gain":0,"player_choice":"Donut","damage_taken":0,"max_hp_gain":5,"max_hp_loss":0,"event_name":"Big Fish","floor":2,"gold_loss":0}],"is_beta":false,"boss_relics":[],"items_purged_floors":[],"is_endless":false,"potions_floor_spawned":[],"killed_by":"Lagavulin","ascension_level":0}}