{"host":"3ui03y3mxa3ndqsx","time":1611236779,"event":{"mods":["Act Like it!","BaseMod","Downfall","Minty Spire (QoL Compilation)","Quick Restart","StSLib"],"gold_per_floor":[99,110,120,136,154,185,185,185,85,70,70,70,87,100,117,217,217,217,217,217,217,236,262,262,262,247,263,248,267,167,183,195,195,195,195],"floor_reached":33,"language":"ZHS","playtime":1805,"items_purged":[],"score":269,"play_id":"136b6a7a-9c02-49a3-baf5-ffaef73a6d84","local_time":"20210121214619","is_ascension_mode":false,"campfire_choices":[{"floor":1.0,"key":"RECALL"},{"floor":9.0,"key":"REST"},{"data":"Guardian:WalkerClaw","floor":18.0,"key":"SMITH"},{"floor":30,"key":"REST"}],"circlet_count":0,"master_deck":["Guardian:Defend_Guardian","Guardian:Defend_Guardian","Guardian:Defend_Guardian","Guardian:CurlUp+1","Guardian:TwinSlam","Guardian:FastForward+1","Guardian:WalkerClaw+1","Guardian:SentryBeam","Guardian:Gem_Blue","Guardian:Harden","Guardian:SpikerProtocol","Guardian:TimeBomb","Slimebound:Tackle+1","Slimebound:Tackle+1","Slimebound:Tackle+1","Guardian:StasisStrike","Guardian:DonusPower","Guardian:Incinerate+1","Guardian:Gem_Red","Guardian:PrimingBeam+1","Guardian:RollAttack"],"relics":["Guardian:ModeShifter","War Paint","Guardian:PickAxe","downfall:HeartBlessingRed","SlaversCollar","Ornamental Fan","Centennial Puzzle","downfall:HeartBlessingBlue"],"acts_visited":["Exordium","TheCity"],"potions_floor_usage":[33,33,33],"damage_taken":[{"damage":6.0,"enemies":"Cultist","floor":2.0,"turns":5.0},{"damage":6.0,"enemies":"Jaw Worm","floor":3.0,"turns":3.0},{"damage":1.0,"enemies":"2 Louse","floor":4.0,"turns":3.0},{"damage":12.0,"enemies":"Exordium Thugs","floor":5.0,"turns":6.0},{"damage":34.0,"enemies":"Gremlin Nob","floor":6.0,"turns":5.0},{"damage":10.0,"enemies":"downfall:FleeingMerchant","floor":10.0,"turns":4.0},{"damage":0.0,"enemies":"Large Slime","floor":13.0,"turns":4.0},{"damage":2.0,"enemies":"3 Louse","floor":14.0,"turns":3.0},{"damage":8.0,"enemies":"Exordium Wildlife","floor":15.0,"turns":3.0},{"damage":14.0,"enemies":"SI_SHIV_ARCHETYPE","floor":16.0,"turns":5.0},{"damage":10.0,"enemies":"Shell Parasite","floor":22.0,"turns":3.0},{"damage":16.0,"enemies":"Book of Stabbing","floor":23.0,"turns":4.0},{"damage":8.0,"enemies":"downfall:FleeingMerchant","floor":26.0,"turns":4.0},{"damage":5,"enemies":"Centurion and Healer","floor":27,"turns":5},{"damage":14,"enemies":"downfall:FleeingMerchant","floor":28,"turns":4},{"damage":19,"enemies":"Snake Plant","floor":29,"turns":4},{"damage":27,"enemies":"Chosen and Byrds","floor":31,"turns":6},{"damage":4,"enemies":"Centurion and Healer","floor":32,"turns":4},{"damage":20,"enemies":"WA_ARCHETYPE_CALM","floor":33,"turns":5}],"seed_played":"-7661621991923105661","potions_obtained":[{"floor":3.0,"key":"Regen Potion"},{"floor":5.0,"key":"Guardian:BlockOnCardUsePotion"},{"floor":6.0,"key":"Strength Potion"},{"floor":13.0,"key":"SpeedPotion"},{"floor":14.0,"key":"Fire Potion"},{"floor":16.0,"key":"Ancient Potion"},{"floor":22.0,"key":"Strength Potion"}],"is_trial":false,"path_per_floor":["R","M","M","M","M","E","T","?","R","$","R","?","M","M","M","B",null,"R","?","?","?","M","E","T","T","$","M","$","M","R","M","M","B"],"character_chosen":"GUARDIAN","items_purchased":[],"campfire_rested":2,"item_purchase_floors":[],"current_hp_per_floor":[80,74,68,67,55,35,35,35,59,49,49,49,49,47,39,25,80,80,80,80,80,70,54,54,54,46,41,27,8,45,18,14,0,0,0],"gold":195,"neow_bonus":"ONE_RANDOM_RARE_CARD","is_daily":false,"chose_seed":false,"campfire_upgraded":1,"win_rate":0.0,"timestamp":1611236779,"path_taken":["R","M","M","M","?","E","T","?","R","$","R","?","M","M","M","BOSS","R","?","?","?","M","E","T","?","?","?","$","?","R","?","M","BOSS"],"items_purchased_type":[],"build_version":"2020-12-22","purchased_purges":0,"victory":false,"max_hp_per_floor":[80,80,80,80,80,80,80,80,80,80,80,80,80,80,80,80,80,80,80,80,80,80,80,80,80,80,80,80,80,90,90,90,90,90,90],"card_choices":[{"not_picked":["Guardian:Gem_Lightblue","Guardian:Gem_Red"],"picked":"Guardian:WalkerClaw","floor":2.0},{"not_picked":["Guardian:PiercingHide","Guardian:Reroute"],"picked":"Guardian:Gem_Crimson","floor":3.0},{"not_picked":["Guardian:ShieldCharger","Guardian:Reroute"],"picked":"Guardian:Gem_Cyan","floor":4.0},{"not_picked":["Guardian:Gem_Red","Guardian:ChargeCore"],"picked":"Guardian:Gem_Fragmented","floor":5.0},{"not_picked":["Guardian:Gem_White","Guardian:Recover"],"picked":"Guardian:SentryBeam","floor":6.0},{"not_picked":["Guardian:SpikerProtocol","Guardian:GuardianWhirl"],"picked":"Guardian:Gem_Red","floor":10.0},{"not_picked":["Guardian:Suspension","Guardian:Gem_Green"],"picked":"Guardian:Harden","floor":13.0},{"not_picked":["Guardian:DecasProtection","Guardian:GuardianWhirl"],"picked":"Guardian:SpikerProtocol","floor":14.0},{"not_picked":["Guardian:ConstructionForm","Guardian:RollAttack"],"picked":"Guardian:TimeBomb","floor":15.0},{"not_picked":["Guardian:Reroute","Guardian:TemporalShield","Guardian:ShieldCharger"],"picked":"SKIP","floor":22.0},{"not_picked":["Guardian:CrystalBeam","Guardian:FloatingOrbs"],"picked":"Guardian:StasisStrike","floor":23.0},{"not_picked":["Guardian:ShieldSpikes","Guardian:RefractedBeam"],"picked":"Guardian:DonusPower","floor":26.0},{"not_picked":["Guardian:Gem_Cyan","Guardian:PiercingHide"],"picked":"Guardian:Incinerate+1","floor":27},{"not_picked":["Guardian:Planning","Guardian:PrimingBeam","Guardian:DonusPower"],"picked":"SKIP","floor":28},{"not_picked":["Guardian:Reroute+1","Guardian:VentSteam"],"picked":"Guardian:Gem_Red","floor":29},{"not_picked":["Guardian:BronzeOrb","Guardian:Gem_Crimson"],"picked":"Guardian:PrimingBeam+1","floor":31},{"not_picked":["Guardian:DonusPower","Guardian:RefractedBeam"],"picked":"Guardian:RollAttack","floor":32}],"player_experience":219684,"relics_obtained":[{"floor":6.0,"key":"War Paint"},{"floor":7.0,"key":"Guardian:PickAxe"},{"floor":23.0,"key":"Ornamental Fan"},{"floor":25.0,"key":"Centennial Puzzle"}],"event_choices":[{"cards_removed":["Guardian:Defend_Guardian"],"damage_healed":0.0,"max_hp_gain":0.0,"max_hp_loss":0.0,"gold_gain":0.0,"event_name":"Living Wall","player_choice":"Forget","floor":12.0,"gold_loss":0.0,"damage_taken":0.0}],"is_beta":false,"boss_relics":[{"not_picked":["Velvet Choker","Black Star"],"picked":"SlaversCollar"}],"items_purged_floors":[],"is_endless":false,"potions_floor_spawned":[3,5,6,13,14,16,22,27,29],"killed_by":"WA_ARCHETYPE_CALM","ascension_level":0}}