{"host":"5gfra4hjb6stk8c2","time":1611257669,"event":{"mods":["BaseMod","Minty Spire (QoL Compilation)","Quick Restart","SuperFastMode"],"gold_per_floor":[112,187,362,312,323,356,356,382,405,41,41,75,75,86,86,188,238,252,278,293,243,243,269,269,269],"floor_reached":24,"language":"ENG","playtime":455,"items_purged":["Strike_P","Strike_P"],"score":332,"play_id":"34bdfd7c-78e9-463b-8f51-174502e0ab21","local_time":"20210121163429","is_ascension_mode":true,"campfire_choices":[{"floor":7,"key":"RECALL"},{"floor":11,"key":"REST"},{"floor":13,"key":"REST"},{"floor":15,"key":"REST"}],"circlet_count":0,"master_deck":["Strike_P","Strike_P","Defend_P+1","Defend_P","Defend_P","Defend_P","Eruption","Vigilance","Conclude","Fasting2","Halt","Consecrate","Consecrate","CrushJoints","DevaForm","TalkToTheHand","Worship","Pain"],"relics":["Fusion Hammer","Oddly Smooth Stone","Smiling Mask","Happy Flower","Bottled Tornado","PreservedInsect","Tiny House","Red Mask","WarpedTongs","Ornamental Fan"],"acts_visited":["Exordium","TheCity"],"potions_floor_usage":[6,6,8,18,18],"damage_taken":[{"damage":0,"enemies":"Small Slimes","floor":1,"turns":3},{"damage":0,"enemies":"2 Louse","floor":5,"turns":2},{"damage":0,"enemies":"Lagavulin","floor":6,"turns":3},{"damage":1,"enemies":"3 Sentries","floor":8,"turns":4},{"damage":22,"enemies":"Gremlin Nob","floor":12,"turns":3},{"damage":3,"enemies":"Jaw Worm","floor":14,"turns":3},{"damage":49,"enemies":"Hexaghost","floor":16,"turns":7},{"damage":9,"enemies":"Chosen","floor":18,"turns":5},{"damage":22,"enemies":"Masked Bandits","floor":19,"turns":3},{"damage":9,"enemies":"2 Thieves","floor":20,"turns":4},{"damage":21,"enemies":"Book of Stabbing","floor":23,"turns":5},{"damage":4,"enemies":"Snecko","floor":24,"turns":3}],"seed_played":"3733875294736593731","potions_obtained":[{"floor":1,"key":"Explosive Potion"},{"floor":5,"key":"SteroidPotion"},{"floor":6,"key":"Fire Potion"},{"floor":16,"key":"LiquidMemories"},{"floor":17,"key":"Energy Potion"},{"floor":20,"key":"Fire Potion"}],"is_trial":false,"path_per_floor":["M","?","?","?","M","E","R","E","T","$","R","E","R","M","R","B",null,"M","?","M","$","?","E","M"],"character_chosen":"WATCHER","items_purchased":["Bottled Tornado","Consecrate"],"campfire_rested":3,"item_purchase_floors":[10,10],"current_hp_per_floor":[65,54,54,54,54,54,54,53,53,53,72,50,71,68,72,23,65,56,34,25,25,25,4,0,0],"gold":269,"neow_bonus":"BOSS_RELIC","is_daily":false,"chose_seed":false,"campfire_upgraded":0,"win_rate":0.0,"timestamp":1611257669,"path_taken":["M","?","?","?","M","E","R","E","T","?","R","E","R","M","R","BOSS","M","?","M","$","?","E","?"],"items_purchased_type":["Relic","Card"],"build_version":"2020-12-22","purchased_purges":2,"victory":false,"max_hp_per_floor":[72,72,72,72,72,72,72,72,72,72,72,72,72,72,72,72,77,77,77,77,77,77,77,77,77],"card_choices":[{"not_picked":["Wallop","DeceiveReality"],"picked":"Conclude","floor":1},{"not_picked":["WheelKick","ClearTheMind"],"picked":"Fasting2","floor":5},{"not_picked":["MentalFortress","FlyingSleeves"],"picked":"Halt","floor":6},{"not_picked":["SpiritShield","BowlingBash"],"picked":"Consecrate","floor":8},{"not_picked":["Protect","Crescendo"],"picked":"CrushJoints","floor":12},{"not_picked":["FlyingSleeves","Meditate","EmptyBody"],"picked":"SKIP","floor":14},{"not_picked":["SpiritShield","DeusExMachina"],"picked":"DevaForm","floor":16},{"not_picked":["JustLucky","BowlingBash"],"picked":"TalkToTheHand","floor":17},{"not_picked":["Weave","CutThroughFate","ReachHeaven"],"picked":"SKIP","floor":18},{"not_picked":["FlyingSleeves","EmptyBody"],"picked":"Worship","floor":19},{"not_picked":["Adaptation","FlyingSleeves","Vengeance+1"],"picked":"SKIP","floor":20},{"not_picked":["ReachHeaven","PathToVictory","SashWhip"],"picked":"SKIP","floor":23}],"player_experience":178598,"relics_obtained":[{"floor":6,"key":"Oddly Smooth Stone"},{"floor":8,"key":"Smiling Mask"},{"floor":9,"key":"Happy Flower"},{"floor":12,"key":"PreservedInsect"},{"floor":19,"key":"Red Mask"},{"floor":23,"key":"Ornamental Fan"}],"event_choices":[{"damage_healed":0,"gold_gain":75,"player_choice":"Gather Gold","damage_taken":11,"max_hp_gain":0,"max_hp_loss":0,"event_name":"World of Goop","floor":2,"gold_loss":0},{"damage_healed":0,"gold_gain":175,"player_choice":"AGREE","damage_taken":0,"max_hp_gain":0,"max_hp_loss":0,"event_name":"Liars Game","floor":3,"gold_loss":0,"cards_obtained":["Doubt"]},{"cards_removed":["Doubt"],"damage_healed":0,"gold_gain":0,"player_choice":"Card Removal","damage_taken":0,"max_hp_gain":0,"max_hp_loss":0,"event_name":"The Cleric","floor":4,"gold_loss":50},{"damage_healed":0,"gold_gain":0,"player_choice":"Fought Bandits","damage_taken":0,"max_hp_gain":0,"max_hp_loss":0,"event_name":"Masked Bandits","floor":19,"gold_loss":0},{"damage_healed":0,"gold_gain":0,"player_choice":"Rummage","damage_taken":0,"relics_obtained":["WarpedTongs"],"max_hp_gain":0,"max_hp_loss":0,"event_name":"Accursed Blacksmith","floor":22,"gold_loss":0,"cards_obtained":["Pain"]}],"is_beta":false,"boss_relics":[{"not_picked":["Busted Crown","Philosopher\u0027s Stone"],"picked":"Tiny House"}],"items_purged_floors":[10,21],"is_endless":false,"potions_floor_spawned":[1,5,6,16,20],"killed_by":"Snecko","ascension_level":6}}