{"host":"290egjt91b2tngam","time":1611234111,"event":{"mods":["BaseMod","Colored Map","Colored Powertips","Hubris","Infinite Spire","Marisa????????","Minty Spire (QoL Compilation)","Replay The Spire","StSLib","The Bug Knight","The Cursed","The Servant 0.9.4"],"gold_per_floor":[113,113,125,50,63,94,94,123,148,148,161,161,195,214,214,314,314,328,328,346,357,371,396,396,428,505,505,516,543,562,532,532,637,637,652,349,349,449,465,498,498,516,586,604,633,633,683,683,683,778,778,784,790,793,525,534,515,515,519,546,474,492,502,502,512,512,590,590,601,594,583,583,587,614,620,634,634,634,645,653,671,664,664,706,706,716,710,738,675,675,687,687,687,687],"floor_reached":93,"language":"ENG","playtime":5827,"items_purged":["Pain","Parasite","Writhe"],"score":1920,"play_id":"61119e1a-cb59-490f-82f0-79c672b7eece","local_time":"20210121200151","is_ascension_mode":true,"campfire_choices":[{"data":"LightFlow","floor":7.0,"key":"SMITH"},{"data":"SoulSculpture","floor":10.0,"key":"SMITH"},{"data":"SoulSculpture","floor":15.0,"key":"SMITH"},{"data":"Initiator","floor":24.0,"key":"SMITH"},{"floor":27.0,"key":"REST"},{"data":"FloweringNight","floor":41.0,"key":"SMITH"},{"floor":46.0,"key":"REST"},{"floor":49.0,"key":"REST"},{"floor":58.0,"key":"REST"},{"data":"infinitespire:UltimateForm","floor":66.0,"key":"SMITH"},{"data":"SoulSculpture","floor":83.0,"key":"SMITH"},{"data":"infinitespire:Collect","floor":92.0,"key":"SMITH"}],"circlet_count":1,"master_deck":["Strike_S","Strike_S","Strike_S+1","Strike_S","Defend_S","Defend_S","Defend_S","Defend_S+1","KidneyShot","Exchange","SoulSculpture+1","Starlight","Reset","Rewind","LightFlow+1","SoulSculpture+1","BestPractice","Defy","Initiator","Alleviate","Advance+1","Potential+1","Initiator+1","FloweringNight+1","Potential+1","Defy","Dilation","Barrier+1","Potential","Revamp+1","Rearm+1","Potential+1","BottledTime+1","Advance+1","MurderousAura","DualDimension","Replace","infinitespire:UltimateForm+1","SoulSculpture+1","SoulSculpture","Deadline+1","infinitespire:UltimateForm+1","TheWorld","Replace+1","infinitespire:FutureSight","Defy+1","PendulumOfEternity","FlawlessForm","Reset+1","SoulSculpture","infinitespire:Collect+1","Contraction+1"],"relics":["SplendidAttire","WarpedTongs","Pantograph","Akabeko","Pet Ghost","PaperSwan","Incense Burner","Ring of Chaos","hubris:Icosahedron","Du-Vu Doll","infinitespire:Beetle Shell","HollowMod:LifeEnderRelic","Onion Ring","Potion Belt","hubris:EmptyBottle","Replay:Wanted Poster","Regal Pillow","HornCleat","infinitespire:Lucky Rock","infinitespire:FocusingShard","StoneMask","Membership Card","Simple Rune","Pen Nib","PreservedInsect","ReplayTheSpireMod:TigerMarble","Omamori","Painkiller Herb","ReplayTheSpireMod:Shallot","Replay:Bronze Core","Kunai","Replay:Mystery Machine","Replay:WaspNest","hubris:Backtick","hubris:Potato","Happy Flower","Replay:Ancient Bell","ReplayTheSpireMod:Lightbulb","Ornamental Fan","PocketWatch","Orichalcum","Circlet"],"acts_visited":["Exordium","TheCity","TheBeyond","TheCity","TheBeyond"],"potions_floor_usage":[],"damage_taken":[{"damage":8.0,"enemies":"Small Slimes","floor":1.0,"turns":3.0},{"damage":2.0,"enemies":"infinitespire:Voidling","floor":3.0,"turns":2.0},{"damage":0.0,"enemies":"2 Louse","floor":5.0,"turns":2.0},{"damage":17.0,"enemies":"Replay:BlueRogue","floor":6.0,"turns":10.0},{"damage":7.0,"enemies":"3 Sentries","floor":8.0,"turns":6.0},{"damage":0.0,"enemies":"Exordium Wildlife","floor":11.0,"turns":1.0},{"damage":0.0,"enemies":"HollowMod:MossKnight","floor":13.0,"turns":1.0},{"damage":0.0,"enemies":"Looter","floor":14.0,"turns":1.0},{"damage":19.0,"enemies":"Fading Forest","floor":16.0,"turns":11.0},{"damage":4.0,"enemies":"Shell Parasite","floor":18.0,"turns":3.0},{"damage":0.0,"enemies":"Spheric Guardian","floor":20.0,"turns":3.0},{"damage":7.0,"enemies":"Snake Plant","floor":21.0,"turns":2.0},{"damage":11.0,"enemies":"Centurion and Healer","floor":22.0,"turns":3.0},{"damage":20.0,"enemies":"Nightmare","floor":23.0,"turns":7.0},{"damage":19.0,"enemies":"Gremlin Leader","floor":25.0,"turns":5.0},{"damage":2.0,"enemies":"Cultist and Chosen","floor":28.0,"turns":4.0},{"damage":7.0,"enemies":"Book of Stabbing","floor":29.0,"turns":5.0},{"damage":13.0,"enemies":"Shelled Parasite and Fungi","floor":30.0,"turns":2.0},{"damage":0.0,"enemies":"Snecko","floor":31.0,"turns":2.0},{"damage":17.0,"enemies":"Champ","floor":33.0,"turns":11.0},{"damage":0.0,"enemies":"Orb Walker","floor":35.0,"turns":1.0},{"damage":9.0,"enemies":"3 Darklings","floor":39.0,"turns":6.0},{"damage":0.0,"enemies":"Nemesis","floor":40.0,"turns":7.0},{"damage":2.0,"enemies":"Writhing Mass","floor":42.0,"turns":6.0},{"damage":8.0,"enemies":"4 Shapes","floor":44.0,"turns":4.0},{"damage":0.0,"enemies":"Reptomancer","floor":45.0,"turns":6.0},{"damage":48.0,"enemies":"Replay:Hell Engine","floor":50.0,"turns":7.0},{"damage":0.0,"enemies":"Small Slimes","floor":52.0,"turns":2.0},{"damage":0.0,"enemies":"2 Louse","floor":53.0,"turns":1.0},{"damage":0.0,"enemies":"Cultist","floor":54.0,"turns":1.0},{"damage":0.0,"enemies":"Blue Slaver","floor":56.0,"turns":1.0},{"damage":60.0,"enemies":"Nightmare","floor":57.0,"turns":7.0},{"damage":0.0,"enemies":"2 Fungi Beasts","floor":59.0,"turns":1.0},{"damage":0.0,"enemies":"Lagavulin","floor":62.0,"turns":1.0},{"damage":0.0,"enemies":"Gremlin Gang","floor":63.0,"turns":1.0},{"damage":0.0,"enemies":"Looter","floor":65.0,"turns":1.0},{"damage":3.0,"enemies":"Hexaghost","floor":67.0,"turns":5.0},{"damage":0.0,"enemies":"Shell Parasite","floor":69.0,"turns":1.0},{"damage":0.0,"enemies":"2 Thieves","floor":70.0,"turns":1.0},{"damage":0.0,"enemies":"Centurion and Healer","floor":71.0,"turns":3.0},{"damage":0.0,"enemies":"Shelled Parasite and Fungi","floor":73.0,"turns":1.0},{"damage":0.0,"enemies":"Replay:Snechameleon","floor":74.0,"turns":1.0},{"damage":0.0,"enemies":"Snake Plant","floor":75.0,"turns":1.0},{"damage":0.0,"enemies":"Slavers","floor":76.0,"turns":1.0},{"damage":0.0,"enemies":"Cultist and Chosen","floor":79.0,"turns":1.0},{"damage":0.0,"enemies":"Snecko","floor":80.0,"turns":1.0},{"damage":0.0,"enemies":"Book of Stabbing","floor":81.0,"turns":1.0},{"damage":0.0,"enemies":"Sentry and Sphere","floor":82.0,"turns":2.0},{"damage":0.0,"enemies":"Champ","floor":84.0,"turns":7.0},{"damage":0.0,"enemies":"Orb Walker","floor":86.0,"turns":1.0},{"damage":0.0,"enemies":"3 Darklings","floor":87.0,"turns":2.0},{"damage":0.0,"enemies":"Mind Bloom Boss Battle","floor":88.0,"turns":3.0},{"damage":0.0,"enemies":"Nightmare","floor":91.0,"turns":3.0},{"damage":0,"enemies":"Jaw Worm Horde","floor":93,"turns":1}],"seed_played":"5842148152036827437","potions_obtained":[{"floor":5.0,"key":"FairyPotion"},{"floor":6.0,"key":"Venom Potion"},{"floor":8.0,"key":"BlessingOfTheForge"},{"floor":23.0,"key":"Languid Potion"},{"floor":29.0,"key":"LiquidBronze"},{"floor":33.0,"key":"Reflective Coating"},{"floor":35.0,"key":"AttackPotion"},{"floor":40.0,"key":"Swift Potion"},{"floor":42.0,"key":"Dexterity Potion"},{"floor":47.0,"key":"EntropicBrew"},{"floor":50.0,"key":"Venom Potion"},{"floor":57.0,"key":"Swift Potion"},{"floor":67.0,"key":"LiquidMemories"},{"floor":75.0,"key":"Adrenaline Potion"}],"is_trial":false,"path_per_floor":["M","?","M","$","M","E","R","E","T","R","M","?","E","M","R","B",null,"M","?","M","M","M","NM","R","E","T","R","M","E","M","M","R_BF","B",null,"M","$","?","AVR","M","E","R","M","T","M","E","R","?","?","R","B",null,"M","M","M","$","M","NM","R","M","T","$","E","M","AVR","?","T","B",null,"?","?","?","?","?","E","?","E","T","AVR","?","?","E","?","T","B",null,"?","?","?","T","?","NM","T","?"],"character_chosen":"THE_SERVANT","items_purchased":["Potion Belt","hubris:EmptyBottle","Membership Card","Simple Rune","ReplayTheSpireMod:TigerMarble"],"campfire_rested":4,"item_purchase_floors":[36,36,55,55,61],"current_hp_per_floor":[57,57,55,55,55,38,38,31,31,31,31,31,31,31,31,56,65,61,61,61,54,43,45,45,26,26,45,43,36,23,23,42,48,65,65,65,65,65,56,56,56,54,54,46,46,65,49,49,65,17,65,67,69,70,67,68,11,46,52,52,52,55,67,67,70,70,77,78,79,81,83,83,85,86,87,90,90,90,92,93,94,96,96,97,97,98,99,100,100,75,78,78,78,78],"gold":687,"neow_bonus":"ONE_RANDOM_RARE_CARD","is_daily":false,"chose_seed":false,"campfire_upgraded":8,"win_rate":0.0,"timestamp":1611234111,"path_taken":["M","?","M","$","?","E","R","E","T","R","M","?","E","M","R","BOSS","M","?","M","M","M","NM","R","E","T","R","M","E","M","M","R_BF","BOSS","M","$","?","AVR","M","E","R","M","T","M","E","R","?","?","R","BOSS","M","M","M","$","M","NM","R","M","T","$","E","M","AVR","?","T","BOSS","?","?","?","?","?","E","?","E","T","AVR","?","?","E","?","T","BOSS","?","?","?","T","?","NM","T","?"],"items_purchased_type":["Relic","Relic","Relic","Relic","Relic"],"build_version":"2020-12-22","purchased_purges":3,"victory":false,"max_hp_per_floor":[65,65,65,65,65,65,65,65,65,65,65,65,65,65,65,65,65,65,65,65,65,65,65,65,65,65,65,65,65,65,65,65,65,65,65,65,65,65,65,65,65,65,65,65,65,65,65,65,65,65,65,67,69,70,67,68,69,69,71,71,71,72,76,76,77,77,78,78,79,81,83,83,85,86,87,90,90,90,92,93,94,96,96,97,97,98,99,100,100,100,101,101,101,101],"card_choices":[{"not_picked":["BottledTime","Misdirection"],"picked":"Starlight","floor":1.0},{"not_picked":["Revamp","StarChef"],"picked":"Reset","floor":3.0},{"not_picked":["Read","TimeTheft"],"picked":"Rewind","floor":5.0},{"not_picked":["Rearm","ShatteredReality"],"picked":"LightFlow","floor":6.0},{"not_picked":["DoubleEdge","Rewind"],"picked":"SoulSculpture","floor":8.0},{"not_picked":["StarChef","TimeWarp"],"picked":"BestPractice","floor":11.0},{"not_picked":["Comet","Rewind","Moondial"],"picked":"SKIP","floor":13.0},{"not_picked":["FastForward","Moonlight"],"picked":"Defy","floor":14.0},{"not_picked":["PendulumOfEternity","FlawlessForm"],"picked":"Initiator","floor":16.0},{"not_picked":["Rearm","Rewind"],"picked":"Alleviate","floor":18.0},{"not_picked":["SurpressingFire","ShiftingGears"],"picked":"Advance+1","floor":20.0},{"not_picked":["Revamp","BottledTime+1"],"picked":"Potential+1","floor":21.0},{"not_picked":["FastForward","Starlight"],"picked":"Initiator","floor":22.0},{"not_picked":["TimeWarp","ReturningBlade","RealityMarble"],"picked":"SKIP","floor":23.0},{"not_picked":["TimeWarp","ReturningBlade","RealityMarble"],"picked":"SKIP","floor":23.0},{"not_picked":["Starlight+1","FastForward"],"picked":"FloweringNight","floor":25.0},{"not_picked":["Revamp","ReturningBlade","Hightail"],"picked":"SKIP","floor":28.0},{"not_picked":["WasteNot","KillingDoll"],"picked":"Potential","floor":29.0},{"not_picked":["Deadline","Misdirection+1","BottledTime"],"picked":"SKIP","floor":30.0},{"not_picked":["Rewind+1","BottledTime"],"picked":"Defy","floor":31.0},{"not_picked":["Sunlight","TrueSight"],"picked":"Dilation","floor":33.0},{"not_picked":["ShiftingGears","Spin"],"picked":"Barrier+1","floor":35.0},{"not_picked":["StarChef","DoubleEdge+1"],"picked":"Revamp+1","floor":39.0},{"not_picked":["Defy+1","Misdirection"],"picked":"Rearm+1","floor":40.0},{"not_picked":["Alleviate","Misdirection+1"],"picked":"Potential+1","floor":42.0},{"not_picked":["Gouge","Rewind"],"picked":"BottledTime+1","floor":44.0},{"not_picked":["Comet","BestPractice","Gouge"],"picked":"SKIP","floor":45.0},{"not_picked":["FlawlessForm","LightFlow"],"picked":"MurderousAura","floor":50.0},{"not_picked":["Read","Rearm"],"picked":"DualDimension","floor":52.0},{"not_picked":["StarChef","Alleviate","ShatteredReality"],"picked":"SKIP","floor":53.0},{"not_picked":["DualDimension","SurpressingFire","Moonlight"],"picked":"SKIP","floor":54.0},{"not_picked":["TimeWarp","DoubleEdge"],"picked":"Replace","floor":56.0},{"not_picked":["infinitespire:SevenWalls","ReplayTheSpireMod:Black Plague"],"picked":"infinitespire:UltimateForm","floor":57.0},{"not_picked":["Comet","TimeWarp","Collapse"],"picked":"SKIP","floor":57.0},{"not_picked":["FanOfKnives","Collapse","Starlight"],"picked":"SKIP","floor":59.0},{"not_picked":["FastForward","Potential"],"picked":"SoulSculpture","floor":62.0},{"not_picked":["TimeTheft","DoubleEdge","Rearm"],"picked":"SKIP","floor":63.0},{"not_picked":["Rewind","Read","SpecialFormula"],"picked":"SKIP","floor":65.0},{"not_picked":["LightFlow","TrueSight"],"picked":"SoulSculpture","floor":67.0},{"not_picked":["Replace+1","Ricochet+1","DoubleEdge"],"picked":"SKIP","floor":69.0},{"not_picked":["BottledTime","TimeWarp+1","Revamp"],"picked":"SKIP","floor":70.0},{"not_picked":["Ricochet+1","TimeWarp"],"picked":"Deadline+1","floor":71.0},{"not_picked":["Starlight","Replace+1"],"picked":"TheWorld","floor":73.0},{"not_picked":["Gouge","Unruled","Rewind+1"],"picked":"SKIP","floor":74.0},{"not_picked":["WasteNot","Alleviate+1"],"picked":"Replace+1","floor":75.0},{"not_picked":["infinitespire:Punishment","infinitespire:DeathsTouch"],"picked":"infinitespire:FutureSight","floor":75.0},{"not_picked":["Desolation","Manipulate","Contraction+1"],"picked":"SKIP","floor":76.0},{"not_picked":["TimeWarp+1","Replace+1"],"picked":"Defy+1","floor":79.0},{"not_picked":["GearUp","Luminosity+1","FanOfKnives"],"picked":"SKIP","floor":80.0},{"not_picked":["Rewind","Ricochet"],"picked":"PendulumOfEternity","floor":81.0},{"not_picked":["Rearm","Spin","Starlight"],"picked":"SKIP","floor":82.0},{"not_picked":["Solidify","LightFlow"],"picked":"FlawlessForm","floor":84.0},{"not_picked":["hubris:Sloth","Spreading Infection"],"picked":"Delirium","floor":85.0},{"not_picked":["Normality","Replay:Sluggish"],"picked":"Clumsy","floor":85.0},{"not_picked":["hubris:Greed","Sickly"],"picked":"Writhe","floor":85.0},{"not_picked":["TimeWarp","ShiftingGears"],"picked":"Reset+1","floor":86.0},{"not_picked":["Gouge+1","Comet"],"picked":"SoulSculpture","floor":87.0},{"not_picked":["ReplayTheSpireMod:Black Plague","infinitespire:Fortify"],"picked":"infinitespire:Collect","floor":90.0},{"not_picked":["ShatteredReality+1","Desolation"],"picked":"Contraction+1","floor":91.0}],"player_experience":724272,"relics_obtained":[{"floor":6.0,"key":"Pantograph"},{"floor":8.0,"key":"Akabeko"},{"floor":9.0,"key":"Pet Ghost"},{"floor":12.0,"key":"PaperSwan"},{"floor":13.0,"key":"Incense Burner"},{"floor":23.0,"key":"Du-Vu Doll"},{"floor":25.0,"key":"infinitespire:Beetle Shell"},{"floor":26.0,"key":"HollowMod:LifeEnderRelic"},{"floor":29.0,"key":"Onion Ring"},{"floor":40.0,"key":"Regal Pillow"},{"floor":43.0,"key":"HornCleat"},{"floor":45.0,"key":"infinitespire:Lucky Rock"},{"floor":47.0,"key":"infinitespire:FocusingShard"},{"floor":57.0,"key":"Pen Nib"},{"floor":60.0,"key":"PreservedInsect"},{"floor":62.0,"key":"Omamori"},{"floor":74.0,"key":"Kunai"},{"floor":76.0,"key":"Replay:Mystery Machine"},{"floor":77.0,"key":"Replay:WaspNest"},{"floor":81.0,"key":"Happy Flower"},{"floor":88.0,"key":"Dead Branch"},{"floor":91.0,"key":"Orichalcum"}],"event_choices":[{"damage_healed":0.0,"max_hp_gain":0.0,"max_hp_loss":0.0,"gold_gain":0.0,"event_name":"Accursed Blacksmith","player_choice":"Rummage","floor":2.0,"gold_loss":0.0,"damage_taken":0.0,"relics_obtained":["WarpedTongs"],"cards_obtained":["Pain"]},{"damage_healed":0.0,"max_hp_gain":0.0,"max_hp_loss":0.0,"gold_gain":0.0,"event_name":"Duplicator","player_choice":"Copied","floor":48.0,"gold_loss":0.0,"damage_taken":0.0,"cards_obtained":["Advance"]},{"damage_healed":0.0,"max_hp_gain":0.0,"max_hp_loss":0.0,"gold_gain":0.0,"event_name":"Duplicator","player_choice":"Copied","floor":72.0,"gold_loss":0.0,"damage_taken":0.0,"cards_obtained":["infinitespire:UltimateForm"]},{"damage_healed":0.0,"max_hp_gain":0.0,"max_hp_loss":0.0,"gold_gain":0.0,"event_name":"MindBloom","player_choice":"Fight","floor":88.0,"gold_loss":0.0,"damage_taken":0.0}],"is_beta":false,"boss_relics":[{"not_picked":["Philosopher\u0027s Stone","Sozu"],"picked":"Ring of Chaos"},{"not_picked":["hubris:Backtick","hubris:BlackHole"],"picked":"SplendidAttire"},{"not_picked":["hubris:CrackedHourglass","Replay:Ancient Bell"],"picked":"StoneMask"},{"not_picked":["Black Star","Runic Dome"],"picked":"Replay:Bronze Core"},{"not_picked":["Cursed Key","Abe\u0027s Treasure"],"picked":"Replay:Ancient Bell"},{"not_picked":["Gremlin Food","MawBank"],"picked":"ReplayTheSpireMod:Lightbulb"},{"not_picked":["Snack Pack","KneeBrace"],"picked":"Ornamental Fan"},{"not_picked":["hubris:Spice","Thread and Needle"],"picked":"PocketWatch"}],"items_purged_floors":[4,55,89],"is_endless":true,"potions_floor_spawned":[5,6,8,14,16,18,20,23,29,30,31,33,35,40,42,45,50,52,57,62,65,67,73,75,76,81,84,86,87,91],"killed_by":"Jaw Worm Horde","ascension_level":2}}