{"host":"och2iitg9ibgz06n","time":1611263054,"event":{"mods":["Abigail Mod","AchievementEnabler","Aspiration","BaseMod","Colored Powertips","Dio Mod","Hubris","Hyrulean Relics","Infinite Spire","Minty Spire (QoL Compilation)","Replay The Spire","Small Relic Pack","StSLib","The Animator","The Bug Knight","The Hierophant","The Jungle","The Saiyan","TheHero","Wandering Minibosses","everything is the same but u backflip on backflip","slay the spire mod where everything is the same but ironclad has a cowboy hat","vexMod"],"gold_per_floor":[114,114,114,114,114,114,143,123,123,154,154,169,169,180,180,283,283,299,299,299],"floor_reached":19,"language":"ENG","playtime":686,"items_purged":[],"score":276,"play_id":"43cd00a0-1c96-4ffc-a3b9-10a914cfe092","local_time":"20210121150414","is_ascension_mode":true,"campfire_choices":[{"floor":6,"key":"RECALL"},{"floor":11,"key":"REST"},{"data":"Intimidate","floor":13,"key":"SMITH"},{"data":"Iron Wave","floor":15,"key":"SMITH"}],"circlet_count":0,"master_deck":["Strike_R","Strike_R","Strike_R","Strike_R","Strike_R","Defend_R+1","Defend_R","Defend_R","Bash+1","Pommel Strike","Metallicize+1","Thunderclap","Intimidate+1","Anger","Iron Wave+1","Immolate","Fire Breathing"],"relics":["Burning Blood","infinitespire:Satchel","hubris:TinFlute","Replay:Ringing Soul","CaptainsWheel","hubris:Backtick","aspiration:HatOfInfinitePower"],"acts_visited":["Exordium","TheCity"],"potions_floor_usage":[16],"damage_taken":[{"damage":10,"enemies":"Small Slimes","floor":1,"turns":4},{"damage":16,"enemies":"Gremlin Nob","floor":7,"turns":4},{"damage":41,"enemies":"Lagavulin","floor":10,"turns":6},{"damage":2,"enemies":"Cultist","floor":12,"turns":3},{"damage":4,"enemies":"Jaw Worm","floor":14,"turns":3},{"damage":82,"enemies":"Fading Forest","floor":16,"turns":11},{"damage":23,"enemies":"2 Thieves","floor":18,"turns":4}],"seed_played":"-82892275676865747","potions_obtained":[{"floor":7,"key":"ColorlessPotion"},{"floor":8,"key":"SkillPotion"},{"floor":10,"key":"FearPotion"},{"floor":14,"key":"Energy Potion"}],"is_trial":false,"path_per_floor":["M","$","?","?","?","R","E","?","T","E","R","M","R","M","R","B",null,"M","$"],"character_chosen":"IRONCLAD","items_purchased":[],"campfire_rested":1,"item_purchase_floors":[],"current_hp_per_floor":[68,68,68,68,68,68,58,58,58,26,50,57,57,62,62,15,73,59,59,59],"gold":299,"neow_bonus":"RANDOM_COMMON_RELIC","is_daily":false,"chose_seed":false,"campfire_upgraded":2,"win_rate":0.0,"timestamp":1611263054,"path_taken":["M","$","?","?","?","R","E","?","T","E","R","M","R","M","R","BOSS","M","$"],"items_purchased_type":[],"build_version":"2020-12-22","purchased_purges":0,"victory":false,"max_hp_per_floor":[80,80,80,80,80,80,80,80,80,83,83,86,86,89,89,92,92,95,95,95],"card_choices":[{"not_picked":["Warcry","Perfected Strike"],"picked":"Pommel Strike","floor":1},{"not_picked":["True Grit","Warcry"],"picked":"Thunderclap","floor":7},{"not_picked":["Cleave","Wild Strike"],"picked":"Intimidate","floor":10},{"not_picked":["Sentinel","Headbutt"],"picked":"Anger","floor":12},{"not_picked":["Shrug It Off","ReplayTheSpireMod:Strike From Hell"],"picked":"Iron Wave","floor":14},{"not_picked":["Offering","Exhume"],"picked":"Immolate","floor":16},{"not_picked":["Havoc+1","Wild Strike"],"picked":"Fire Breathing","floor":18}],"player_experience":440686,"relics_obtained":[{"floor":7,"key":"hubris:TinFlute"},{"floor":9,"key":"Replay:Ringing Soul"},{"floor":10,"key":"CaptainsWheel"}],"event_choices":[{"damage_healed":0,"gold_gain":0,"player_choice":"Grow","damage_taken":0,"max_hp_gain":0,"max_hp_loss":0,"event_name":"Living Wall","floor":5,"gold_loss":0,"cards_upgraded":["Bash"]},{"damage_healed":0,"gold_gain":0,"player_choice":"Bought 1 Potion","damage_taken":0,"max_hp_gain":0,"max_hp_loss":0,"event_name":"The Woman in Blue","floor":8,"gold_loss":0}],"is_beta":false,"boss_relics":[{"not_picked":["aspiration:WatcherSkillbook","Tiny House"],"picked":"hubris:Backtick"}],"items_purged_floors":[],"is_endless":false,"potions_floor_spawned":[7,10,14],"ascension_level":9}}