{"host":"sav7uxregyirlf69","time":1611231737,"event":{"mods":["AchievementEnabler","BaseMod","Colored Map","DeckTracker","Keyboard Shortcuts","Minty Spire (QoL Compilation)","READ ME - Guardian Mod","StSLib","SuperFastMode"],"gold_per_floor":[118,118,118,118,136,136,161,174,174,194,210,241,241,257,257,335,335,349,349,132,132,152,185,185,185],"floor_reached":24,"language":"KOR","playtime":331,"items_purged":[],"score":502,"play_id":"865f2ca3-cd38-4ea5-9e17-3b4944d2c417","local_time":"20210121212217","is_ascension_mode":true,"campfire_choices":[{"data":"Glass Knife","floor":6,"key":"SMITH"},{"floor":15,"key":"REST"}],"circlet_count":0,"master_deck":["AscendersBane","Strike_G","Defend_G","Defend_G","Defend_G","Defend_G","Survivor","Neutralize","Dagger Spray","Glass Knife+1","Blade Dance","Backflip","Noxious Fumes","Crippling Poison","Deadly Poison","Envenom","A Thousand Cuts+1","Escape Plan+1","A Thousand Cuts+1","Accuracy","Cloak And Dagger","Accuracy+1"],"relics":["Ring of the Snake","NeowsBlessing","Mummified Hand","Pear","Turnip","Astrolabe","Bag of Preparation","Centennial Puzzle","Art of War"],"acts_visited":["Exordium","TheCity"],"potions_floor_usage":[10,16],"damage_taken":[{"damage":0,"enemies":"Jaw Worm","floor":1,"turns":1},{"damage":0,"enemies":"2 Louse","floor":5,"turns":1},{"damage":0,"enemies":"Lagavulin","floor":7,"turns":1},{"damage":0,"enemies":"Small Slimes","floor":8,"turns":2},{"damage":9,"enemies":"Gremlin Gang","floor":10,"turns":3},{"damage":0,"enemies":"2 Fungi Beasts","floor":11,"turns":2},{"damage":30,"enemies":"Gremlin Nob","floor":12,"turns":4},{"damage":0,"enemies":"Red Slaver","floor":14,"turns":2},{"damage":11,"enemies":"The Guardian","floor":16,"turns":10},{"damage":7,"enemies":"Spheric Guardian","floor":18,"turns":4},{"damage":12,"enemies":"Shell Parasite","floor":22,"turns":3},{"damage":43,"enemies":"Slavers","floor":23,"turns":4},{"damage":11,"enemies":"Sentry and Sphere","floor":24,"turns":2}],"seed_played":"2477524942059649326","potions_obtained":[{"floor":5,"key":"Block Potion"},{"floor":11,"key":"Dexterity Potion"},{"floor":12,"key":"Dexterity Potion"},{"floor":22,"key":"LiquidBronze"}],"is_trial":false,"path_per_floor":["M","?","?","?","M","R","E","M","T","M","M","E","?","M","R","B",null,"M","?","$","?","M","E","M"],"character_chosen":"THE_SILENT","items_purchased":["Bag of Preparation","Cloak And Dagger"],"campfire_rested":1,"item_purchase_floors":[20,20],"current_hp_per_floor":[59,59,52,43,43,43,43,43,53,44,44,14,14,14,36,25,63,56,56,56,56,44,1,0,0],"gold":185,"neow_bonus":"THREE_ENEMY_KILL","is_daily":false,"chose_seed":false,"campfire_upgraded":1,"win_rate":0.0,"timestamp":1611231737,"path_taken":["M","?","?","?","M","R","E","M","T","M","?","E","?","M","R","BOSS","M","?","$","?","?","E","M"],"items_purchased_type":["Relic","Card"],"build_version":"2020-12-22","purchased_purges":0,"victory":false,"max_hp_per_floor":[66,66,66,66,66,66,66,66,76,76,76,76,76,76,76,76,76,76,76,76,76,76,76,76,76],"card_choices":[{"not_picked":["Dodge and Roll","Tactician"],"picked":"Dagger Spray","floor":1},{"not_picked":["Expertise","Cloak And Dagger","Sucker Punch"],"picked":"SKIP","floor":5},{"not_picked":["Caltrops","Heel Hook"],"picked":"Blade Dance","floor":7},{"not_picked":["Skewer","Dagger Throw","Flying Knee"],"picked":"SKIP","floor":8},{"not_picked":["Dagger Spray","Bane"],"picked":"Backflip","floor":10},{"not_picked":["Heel Hook","Quick Slash"],"picked":"Noxious Fumes","floor":11},{"not_picked":["Dagger Throw","Underhanded Strike"],"picked":"Crippling Poison","floor":12},{"not_picked":["Flechettes","Deflect"],"picked":"Deadly Poison","floor":14},{"not_picked":["Die Die Die","Doppelganger"],"picked":"Envenom","floor":16},{"not_picked":["Prepared","Deflect"],"picked":"Accuracy","floor":18},{"not_picked":["Choke","Outmaneuver","Expertise"],"picked":"SKIP","floor":22},{"not_picked":["Prepared","Catalyst"],"picked":"Accuracy+1","floor":23}],"player_experience":1348463,"relics_obtained":[{"floor":7,"key":"Mummified Hand"},{"floor":9,"key":"Pear"},{"floor":12,"key":"Turnip"},{"floor":23,"key":"Art of War"}],"event_choices":[{"damage_healed":0,"gold_gain":0,"cards_transformed":["Strike_G"],"player_choice":"Change","damage_taken":0,"max_hp_gain":0,"max_hp_loss":0,"event_name":"Living Wall","floor":2,"gold_loss":0,"cards_obtained":["Glass Knife"]},{"cards_removed":["Strike_G"],"damage_healed":0,"gold_gain":0,"player_choice":"Card Removal","damage_taken":7,"max_hp_gain":0,"max_hp_loss":0,"event_name":"Golden Wing","floor":3,"gold_loss":0},{"damage_healed":0,"gold_gain":0,"player_choice":"Damaged","damage_taken":9,"max_hp_gain":0,"max_hp_loss":0,"event_name":"Wheel of Change","floor":4,"gold_loss":0},{"damage_healed":0,"gold_gain":0,"player_choice":"Ignored","damage_taken":0,"max_hp_gain":0,"max_hp_loss":0,"event_name":"Shining Light","floor":13,"gold_loss":0},{"damage_healed":0,"gold_gain":0,"player_choice":"Ignored","damage_taken":0,"max_hp_gain":0,"max_hp_loss":0,"event_name":"Cursed Tome","floor":19,"gold_loss":0},{"damage_healed":0,"gold_gain":0,"player_choice":"Gave Potion","damage_taken":0,"relics_obtained":["Centennial Puzzle"],"max_hp_gain":0,"max_hp_loss":0,"event_name":"WeMeetAgain","floor":21,"gold_loss":0}],"is_beta":false,"boss_relics":[{"not_picked":["Coffee Dripper","Empty Cage"],"picked":"Astrolabe"}],"items_purged_floors":[],"is_endless":false,"potions_floor_spawned":[5,11,12,14,22],"killed_by":"Sentry and Sphere","ascension_level":20}}