{"host":"56qj8mvhgmcu65ix","time":1611220876,"event":{"mods":["AchievementEnabler","BaseMod","Better Vampires","Colored Map","Colored Powertips","DeckTracker","Highlight Path","Minty Spire (QoL Compilation)","Permanent Neow","Quick Restart","Rare Cards Sparkle","Relic Stats","StSLib","everything is the same but u backflip on backflip","slay the spire mod where everything is the same but ironclad has a cowboy hat"],"gold_per_floor":[117,27,42,42,42,77,77,112,112,126,126,160,160,170,170,243,243,215,215,215,490,506,506,537,67,93,93,52,52,71,103,103,177,177,194,210,210,210,12,12,12,12,12,12,23,58,38,0,0,0,0],"floor_reached":52,"language":"ENG","playtime":1880,"items_purged":["Regret"],"score":1860,"play_id":"e4a755d4-ecf5-49e1-90f8-bfbd2dc05aac","local_time":"20210121032116","is_ascension_mode":true,"campfire_choices":[{"floor":11.0,"key":"REST"},{"data":"Heavy Blade","floor":13.0,"key":"SMITH"},{"data":"Rupture","floor":15.0,"key":"SMITH"},{"floor":23.0,"key":"REST"},{"floor":27.0,"key":"REST"},{"data":"Shockwave","floor":29.0,"key":"SMITH"},{"data":"Fiend Fire","floor":32.0,"key":"SMITH"},{"floor":40.0,"key":"REST"},{"floor":42.0,"key":"REST"},{"floor":44.0,"key":"REST"},{"floor":49.0,"key":"REST"}],"circlet_count":0,"master_deck":["AscendersBane","Strike_R+1","Defend_R","Defend_R+1","Defend_R+1","Bash","Brutality","Iron Wave","Rupture+1","Shockwave+1","Cleave","Thunderclap","Heavy Blade+1","Disarm+1","Reaper","Rupture+1","Feel No Pain+1","True Grit+1","Whirlwind","Sword Boomerang","Fiend Fire+1","Evolve","Shrug It Off","Combust","Battle Trance","Exhume","Intimidate","Madness","Madness","Offering","Inflame","Twin Strike"],"relics":["Burning Blood","Charon\u0027s Ashes","Bag of Preparation","Bird Faced Urn","Pantograph","Astrolabe","War Paint","Orichalcum","PreservedInsect","Strawberry","Bottled Flame","Fusion Hammer","Boot","The Courier","Juzu Bracelet","Red Mask"],"acts_visited":["Exordium","TheCity","TheBeyond"],"potions_floor_usage":[51],"damage_taken":[{"damage":2.0,"enemies":"2 Louse","floor":1.0,"turns":3.0},{"damage":9.0,"enemies":"Jaw Worm","floor":3.0,"turns":3.0},{"damage":38.0,"enemies":"3 Sentries","floor":6.0,"turns":8.0},{"damage":9.0,"enemies":"Lagavulin","floor":8.0,"turns":5.0},{"damage":0.0,"enemies":"Cultist","floor":10.0,"turns":4.0},{"damage":16.0,"enemies":"Gremlin Nob","floor":12.0,"turns":4.0},{"damage":6.0,"enemies":"2 Fungi Beasts","floor":14.0,"turns":3.0},{"damage":14.0,"enemies":"The Guardian","floor":16.0,"turns":10.0},{"damage":23.0,"enemies":"2 Thieves","floor":18.0,"turns":4.0},{"damage":45.0,"enemies":"Shell Parasite","floor":22.0,"turns":6.0},{"damage":45.0,"enemies":"Gremlin Leader","floor":24.0,"turns":7.0},{"damage":34.0,"enemies":"Snake Plant","floor":30.0,"turns":6.0},{"damage":93.0,"enemies":"Slavers","floor":31.0,"turns":6.0},{"damage":97.0,"enemies":"Automaton","floor":33.0,"turns":7.0},{"damage":55.0,"enemies":"3 Darklings","floor":35.0,"turns":8.0},{"damage":0.0,"enemies":"Orb Walker","floor":36.0,"turns":1.0},{"damage":40.0,"enemies":"Spire Growth","floor":45.0,"turns":4.0},{"damage":41.0,"enemies":"Nemesis","floor":46.0,"turns":3.0},{"damage":74.0,"enemies":"Awakened One","floor":50.0,"turns":7.0},{"damage":52,"enemies":"Donu and Deca","floor":51,"turns":5}],"seed_played":"-7162096288906050093","potions_obtained":[{"floor":1.0,"key":"LiquidBronze"},{"floor":7.0,"key":"BlessingOfTheForge"},{"floor":7.0,"key":"SpeedPotion"},{"floor":8.0,"key":"Energy Potion"},{"floor":14.0,"key":"AttackPotion"},{"floor":16.0,"key":"GamblersBrew"},{"floor":18.0,"key":"ElixirPotion"},{"floor":22.0,"key":"ColorlessPotion"},{"floor":30.0,"key":"Energy Potion"},{"floor":46.0,"key":"Explosive Potion"}],"is_trial":false,"path_per_floor":["M","$","M","?","?","E","?","E","T","M","R","E","R","M","R","B",null,"M","?","?","?","M","R","E","$","T","R","$","R","M","E","R","B",null,"M","M","?","?","$","R","T","R","T","R","M","E","$","?","R","B","B",null],"character_chosen":"IRONCLAD","items_purchased":["Rupture","Orichalcum","PreservedInsect","Shrug It Off","Combust","Offering","Inflame","Twin Strike"],"campfire_rested":7,"item_purchase_floors":[2,25,25,25,28,39,39,47],"current_hp_per_floor":[72,72,69,46,51,19,19,16,16,22,46,38,38,42,42,63,76,63,63,40,40,36,61,30,30,37,64,64,64,84,43,43,19,74,35,41,24,24,24,51,51,78,78,92,62,29,29,29,56,23,26],"gold":0,"neow_bonus":"ONE_RANDOM_RARE_CARD","is_daily":false,"chose_seed":false,"campfire_upgraded":4,"win_rate":0.0,"timestamp":1611220876,"path_taken":["M","$","M","?","?","E","?","E","T","M","R","E","R","M","R","BOSS","M","?","?","?","M","R","E","$","T","R","$","R","?","E","R","BOSS","M","M","?","?","$","R","?","R","T","R","?","E","$","?","R","BOSS","BOSS"],"items_purchased_type":["Card","Relic","Relic","Card","Card","Card","Card","Card"],"build_version":"2020-12-22","purchased_purges":1,"victory":true,"max_hp_per_floor":[75,75,75,75,80,80,80,80,80,80,80,80,80,80,80,80,80,80,80,85,85,85,85,85,85,92,92,92,92,92,92,92,92,92,92,92,92,92,92,92,92,92,92,92,92,92,92,92,92,92,92],"relic_stats":{"counters":[20,104],"Astrolabe":["Rupture","Feel No Pain","True Grit"],"Charon\u0027s Ashes":[458],"PreservedInsect":92,"Bag of Preparation":[32],"Juzu Bracelet":0,"War Paint":["Disarm","Defend_R"],"Orichalcum":[120],"Boot":[10],"Burning Blood":120,"Bird Faced Urn":[104],"Pantograph":100,"obtain_stats":[{"Astrolabe":17,"Charon\u0027s Ashes":6,"PreservedInsect":25,"The Courier":43,"Bag of Preparation":8,"Juzu Bracelet":46,"War Paint":24,"Orichalcum":25,"Boot":41,"Burning Blood":0,"Bottled Flame":31,"Bird Faced Urn":9,"Pantograph":12,"Strawberry":26,"Fusion Hammer":34,"Red Mask":48},{"Astrolabe":8,"Charon\u0027s Ashes":3,"PreservedInsect":11,"The Courier":16,"Bag of Preparation":4,"Juzu Bracelet":18,"War Paint":11,"Orichalcum":11,"Boot":16,"Burning Blood":0,"Bottled Flame":13,"Bird Faced Urn":4,"Pantograph":6,"Strawberry":11,"Fusion Hammer":14,"Red Mask":18},{"Astrolabe":40,"Charon\u0027s Ashes":14,"PreservedInsect":57,"The Courier":85,"Bag of Preparation":19,"Juzu Bracelet":92,"War Paint":57,"Orichalcum":57,"Boot":85,"Burning Blood":0,"Bottled Flame":69,"Bird Faced Urn":19,"Pantograph":27,"Strawberry":57,"Fusion Hammer":76,"Red Mask":92}]},"card_choices":[{"not_picked":["Second Wind","Wild Strike"],"picked":"Iron Wave","floor":1.0},{"not_picked":["Warcry","Armaments","Havoc"],"picked":"SKIP","floor":3.0},{"not_picked":["Spot Weakness","Seeing Red"],"picked":"Shockwave","floor":6.0},{"not_picked":["Pommel Strike","Sever Soul"],"picked":"Cleave","floor":8.0},{"not_picked":["Dark Embrace","Anger"],"picked":"Thunderclap","floor":10.0},{"not_picked":["True Grit","Havoc"],"picked":"Heavy Blade","floor":12.0},{"not_picked":["Pommel Strike","Body Slam"],"picked":"Disarm","floor":14.0},{"not_picked":["Juggernaut","Impervious"],"picked":"Reaper","floor":16.0},{"not_picked":["Dark Embrace+1","Thunderclap"],"picked":"Whirlwind","floor":18.0},{"not_picked":["Infernal Blade","Body Slam","Pommel Strike"],"picked":"SKIP","floor":22.0},{"not_picked":["Seeing Red","Dual Wield"],"picked":"Evolve","floor":24.0},{"not_picked":["Pummel","Reckless Charge"],"picked":"Battle Trance","floor":30.0},{"not_picked":["Shockwave","Perfected Strike+1","Dropkick"],"picked":"SKIP","floor":31.0},{"not_picked":["Immolate","Reaper"],"picked":"Exhume","floor":33.0},{"not_picked":["Perfected Strike","Thunderclap"],"picked":"Intimidate","floor":35.0},{"not_picked":["True Grit","Uppercut","Flex"],"picked":"SKIP","floor":36.0},{"not_picked":["Pommel Strike","Sword Boomerang","Iron Wave"],"picked":"SKIP","floor":45.0},{"not_picked":["Warcry","Body Slam","Dropkick+1"],"picked":"SKIP","floor":46.0}],"player_experience":312989,"relics_obtained":[{"floor":6.0,"key":"Charon\u0027s Ashes"},{"floor":8.0,"key":"Bag of Preparation"},{"floor":9.0,"key":"Bird Faced Urn"},{"floor":12.0,"key":"Pantograph"},{"floor":24.0,"key":"War Paint"},{"floor":26.0,"key":"Strawberry"},{"floor":31.0,"key":"Bottled Flame"},{"floor":41.0,"key":"Boot"},{"floor":43.0,"key":"The Courier"},{"floor":46.0,"key":"Juzu Bracelet"}],"event_choices":[{"damage_healed":0.0,"max_hp_gain":0.0,"max_hp_loss":0.0,"gold_gain":0.0,"event_name":"Shining Light","player_choice":"Entered Light","floor":4.0,"gold_loss":0.0,"damage_taken":23.0,"cards_upgraded":["Strike_R","Defend_R"]},{"damage_healed":0.0,"max_hp_gain":5.0,"max_hp_loss":0.0,"gold_gain":0.0,"event_name":"Big Fish","player_choice":"Donut","floor":5.0,"gold_loss":0.0,"damage_taken":0.0},{"damage_healed":0.0,"max_hp_gain":0.0,"max_hp_loss":0.0,"gold_gain":0.0,"event_name":"Lab","player_choice":"Got Potions","floor":7.0,"gold_loss":0.0,"damage_taken":0.0},{"damage_healed":0.0,"max_hp_gain":0.0,"max_hp_loss":0.0,"gold_gain":0.0,"cards_transformed":["Strike_R","Strike_R"],"event_name":"Drug Dealer","player_choice":"Became Test Subject","floor":19.0,"gold_loss":0.0,"damage_taken":0.0,"cards_obtained":["Sword Boomerang","Fiend Fire"]},{"damage_healed":0.0,"max_hp_gain":5.0,"max_hp_loss":0.0,"gold_gain":0.0,"event_name":"Forgotten Altar","player_choice":"Shed Blood","floor":20.0,"gold_loss":0.0,"damage_taken":28.0},{"damage_healed":0.0,"max_hp_gain":0.0,"max_hp_loss":0.0,"gold_gain":275.0,"event_name":"Golden Shrine","player_choice":"Desecrate","floor":21.0,"gold_loss":0.0,"damage_taken":0.0,"cards_obtained":["Regret"]},{"damage_healed":0.0,"max_hp_gain":0.0,"max_hp_loss":0.0,"gold_gain":0.0,"event_name":"Winding Halls","player_choice":"Embrace Madness","floor":37.0,"gold_loss":0.0,"damage_taken":17.0,"cards_obtained":["Madness","Madness"]},{"damage_healed":0.0,"max_hp_gain":0.0,"max_hp_loss":0.0,"gold_gain":0.0,"event_name":"SensoryStone","player_choice":"Memory 1","floor":38.0,"gold_loss":0.0,"damage_taken":0.0},{"damage_healed":0.0,"max_hp_gain":0.0,"max_hp_loss":0.0,"gold_gain":0.0,"event_name":"Tomb of Lord Red Mask","player_choice":"Paid","floor":48.0,"gold_loss":38.0,"damage_taken":0.0,"relics_obtained":["Red Mask"]}],"is_beta":false,"boss_relics":[{"not_picked":["Velvet Choker","Pandora\u0027s Box"],"picked":"Astrolabe"},{"not_picked":["Empty Cage","Runic Cube"],"picked":"Fusion Hammer"}],"items_purged_floors":[25],"is_endless":false,"potions_floor_spawned":[1,8,14,16,18,22,30,46],"ascension_level":20}}