{"host":"5gfra4hjb6stk8c2","time":1611256989,"event":{"mods":["BaseMod","Minty Spire (QoL Compilation)","Quick Restart","SuperFastMode"],"gold_per_floor":[112,112,131,48,123,148,73,104,150,150,150],"floor_reached":10,"language":"ENG","playtime":104,"items_purged":["Strike_P"],"score":129,"play_id":"7ecd5b7a-27a0-47bb-a931-51a3cd734342","local_time":"20210121162309","is_ascension_mode":true,"campfire_choices":[],"circlet_count":0,"master_deck":["Strike_P","Strike_P","Strike_P","Defend_P","Defend_P","Defend_P","Eruption","Vigilance","Flash of Steel","Alpha"],"relics":["PureWater","NeowsBlessing","Omamori","Orichalcum","Smiling Mask"],"acts_visited":["Exordium"],"potions_floor_usage":[10,10],"damage_taken":[{"damage":0,"enemies":"Cultist","floor":1,"turns":1},{"damage":0,"enemies":"Small Slimes","floor":3,"turns":1},{"damage":0,"enemies":"3 Sentries","floor":6,"turns":1},{"damage":10,"enemies":"Gremlin Nob","floor":8,"turns":3},{"damage":48,"enemies":"Lagavulin","floor":10,"turns":3}],"seed_played":"8844253027812536174","potions_obtained":[{"floor":1,"key":"BottledMiracle"},{"floor":8,"key":"AttackPotion"}],"is_trial":false,"path_per_floor":["M","?","M","$","?","E","$","E","T","E"],"character_chosen":"WATCHER","items_purchased":["Flash of Steel"],"campfire_rested":0,"item_purchase_floors":[4],"current_hp_per_floor":[65,58,58,58,47,47,47,37,37,0,0],"gold":150,"neow_bonus":"THREE_ENEMY_KILL","is_daily":false,"chose_seed":false,"campfire_upgraded":0,"win_rate":0.0,"timestamp":1611256989,"path_taken":["M","?","M","$","?","E","$","E","T","E"],"items_purchased_type":["Card"],"build_version":"2020-12-22","purchased_purges":1,"victory":false,"max_hp_per_floor":[72,72,72,72,72,72,72,72,72,72,72],"card_choices":[{"not_picked":["CarveReality","Protect","ThirdEye"],"picked":"SKIP","floor":1},{"not_picked":["Weave","Wallop","FlurryOfBlows"],"picked":"SKIP","floor":3},{"not_picked":["Establishment","FollowUp","EmptyFist"],"picked":"SKIP","floor":6},{"not_picked":["EmptyFist","FlyingSleeves"],"picked":"Alpha","floor":8}],"player_experience":178598,"relics_obtained":[{"floor":6,"key":"Omamori"},{"floor":8,"key":"Orichalcum"},{"floor":9,"key":"Smiling Mask"}],"event_choices":[{"cards_removed":["Defend_P"],"damage_healed":0,"gold_gain":0,"player_choice":"Card Removal","damage_taken":7,"max_hp_gain":0,"max_hp_loss":0,"event_name":"Golden Wing","floor":2,"gold_loss":0},{"damage_healed":0,"gold_gain":75,"player_choice":"Gather Gold","damage_taken":11,"max_hp_gain":0,"max_hp_loss":0,"event_name":"World of Goop","floor":5,"gold_loss":0}],"is_beta":false,"boss_relics":[],"items_purged_floors":[7],"is_endless":false,"potions_floor_spawned":[1,8],"killed_by":"Lagavulin","ascension_level":6}}