{"host":"uoq8e77duj6rs50g","time":1611257428,"event":{"mods":["BaseMod","Better Altar","Better Match","Better Note","Better Sensory Stone","Better Skull","Better Third Choice","BetterRewards","Block Reminder","ChefMod","Curses Come First","Hermit","Hubris","Ironclad Rager","Minty Spire (QoL Compilation)","Relic Stats","Replay The Spire","Shade Mod","StSLib","The Blue Laboratory","The Cursed","The Dragon Tamer","The Exalted","The Judge","The Marked","The Runesmith","The Servant 0.9.4","TheSwordswoman","Uncapped","WarShipGirlsR/????R mod"],"gold_per_floor":[116,116,130,149,162,193,193,228,228,248,173,203,214,224,224,324,324,335,95,113,113,129,161,161,174,255,99,124,144,178,178,178,276,276,294,294,1,1,1,1,26,39,64,81,81,97,109,127,127,127],"floor_reached":51,"language":"ENG","playtime":4734,"items_purged":["Bromod:Strike_Bro"],"score":823,"play_id":"9b4fba0e-91a5-4fd2-8baa-657761cd8723","local_time":"20210121143028","is_ascension_mode":true,"campfire_choices":[{"data":"Bromod:Stormbringer","floor":7,"key":"SMITH"},{"floor":15,"key":"REST"},{"floor":24,"key":"REST"},{"floor":32,"key":"REST"},{"data":"Bromod:CollisionForce","floor":40,"key":"SMITH"},{"data":"Bromod:OrganShatter","floor":45,"key":"SMITH"},{"floor":49,"key":"REST"}],"circlet_count":0,"master_deck":["Bromod:Strike_Bro","Bromod:Strike_Bro","Bromod:Defend_Bro","Bromod:Defend_Bro","Bromod:Defend_Bro","Bromod:SlashDash","Bromod:SlashDash","Bromod:SlashDash","Bromod:Stormbringer+1","Bromod:NoReturn","Bromod:BulletJump","Bromod:VoltaicStrike+1","Bromod:RelentlessCombination","Bromod:OrganShatter","Bromod:QuickDraw","Bromod:SteelCharge+1","Bromod:OrganShatter+1","Bromod:Stretch","Bromod:PointStrike","Bromod:FashionFrame+1","Bromod:Provoked","Specialist","Bromod:Reflection+1","Bromod:BloodRush","Bromod:ReflexCoil","Bromod:Berserker","Bromod:Vitality","Bromod:LifeStrike","Bromod:HeatedCharge+1","ReplayTheSpireMod:Private Reserves","Impatience","Bromod:CollisionForce+1","Bromod:Stormbringer+1","Bromod:RadialBlind+1","Bromod:ArchwingLauncher+1","Bromod:SlashDash+1","Bromod:TargetCracker+1","Bromod:Maglev+1"],"relics":["Bromod:Ordis","Bromod:AscarisDevice","NeowsBlessing","PreservedInsect","Replay:PocketPolymizer","hubris:64BitClover","Chameleon Ring","Replay:Bronze Core","Orichalcum","Pear","hubris:SlimyHat","White Beast Statue","Guide Book","ReplayTheSpireMod:Ninjato","Bromod:ArcaneAwakening","hubris:ScarierMask","Regal Pillow","Sundial","MealTicket","Toxic Egg 2"],"acts_visited":["Exordium","TheCity","TheBeyond"],"potions_floor_usage":[6,16,33,33,35,42,48,50,13050,50],"damage_taken":[{"damage":0,"enemies":"2 Louse","floor":1,"turns":1},{"damage":0,"enemies":"Cultist","floor":3,"turns":1},{"damage":0,"enemies":"Jaw Worm","floor":4,"turns":1},{"damage":1,"enemies":"2 Fungi Beasts","floor":5,"turns":3},{"damage":6,"enemies":"Lagavulin","floor":6,"turns":8},{"damage":0,"enemies":"Gremlin Nob","floor":8,"turns":2},{"damage":0,"enemies":"3 Louse","floor":10,"turns":2},{"damage":16,"enemies":"Lagavulin","floor":12,"turns":4},{"damage":2,"enemies":"Blue Slaver","floor":13,"turns":2},{"damage":4,"enemies":"Exordium Thugs","floor":14,"turns":3},{"damage":19,"enemies":"Hexaghost","floor":16,"turns":7},{"damage":17,"enemies":"Shell Parasite","floor":18,"turns":4},{"damage":0,"enemies":"Chosen","floor":20,"turns":4},{"damage":11,"enemies":"Snake Plant","floor":22,"turns":4},{"damage":7,"enemies":"Book of Stabbing","floor":23,"turns":5},{"damage":5,"enemies":"3 Cultists","floor":25,"turns":4},{"damage":11,"enemies":"Gremlin Leader","floor":28,"turns":7},{"damage":0,"enemies":"Snecko","floor":29,"turns":6},{"damage":11,"enemies":"Replay:Snechameleon","floor":30,"turns":5},{"damage":5,"enemies":"Automaton","floor":33,"turns":8},{"damage":6,"enemies":"Orb Walker","floor":35,"turns":3},{"damage":24,"enemies":"Nemesis","floor":41,"turns":9},{"damage":5,"enemies":"3 Darklings","floor":42,"turns":6},{"damage":25,"enemies":"Writhing Mass","floor":44,"turns":6},{"damage":16,"enemies":"Spire Growth","floor":46,"turns":5},{"damage":0,"enemies":"Sphere and 2 Shapes","floor":47,"turns":5},{"damage":0,"enemies":"Writhing Mass","floor":48,"turns":5},{"damage":101,"enemies":"Awakened One","floor":50,"turns":10}],"seed_played":"-2847970157671793638","potions_obtained":[{"floor":1,"key":"blueLaboratory:HummingbirdPotion"},{"floor":4,"key":"Dexterity Potion"},{"floor":8,"key":"blueLaboratory:PhilterOfMotion"},{"floor":12,"key":"Bromod:AmmoRestore"},{"floor":14,"key":"blueLaboratory:LouseDecoction"},{"floor":20,"key":"Doom Potion"},{"floor":22,"key":"SteroidPotion"},{"floor":33,"key":"EssenceOfSteel"},{"floor":35,"key":"LiquidBronze"},{"floor":41,"key":"blueLaboratory:FrostheartPotion"},{"floor":42,"key":"blueLaboratory:PhilterOfMotion"},{"floor":44,"key":"DistilledChaos"},{"floor":48,"key":"Elixir"}],"is_trial":false,"path_per_floor":["M","?","M","M","M","E","R","E","T","M","$","E","M","M","R","B",null,"M","$","M","?","M","E","R","M","T","$","E","M","E","?","R","B",null,"M","?","$","?","$","R","E","M","T","M","R","M","M","M","R","B",null],"character_chosen":"THE_EXALTED","items_purchased":["Orichalcum","Specialist","Guide Book","Bromod:CollisionForce","Regal Pillow"],"campfire_rested":4,"item_purchase_floors":[19,19,27,37,37],"current_hp_per_floor":[75,75,75,75,74,68,68,68,68,68,68,52,50,46,68,49,75,58,58,58,58,57,50,75,70,70,70,59,59,48,28,53,48,85,85,85,85,85,85,85,82,77,77,64,64,48,48,48,85,60],"gold":127,"neow_bonus":"THREE_ENEMY_KILL","is_daily":false,"chose_seed":false,"campfire_upgraded":3,"win_rate":0.0,"timestamp":1611257428,"path_taken":["M","?","?","?","?","E","R","E","T","M","$","E","M","M","R","BOSS","M","$","M","?","M","E","R","M","T","$","E","M","E","?","R","BOSS","M","?","$","?","$","R","E","M","T","M","R","M","M","?","R","BOSS"],"items_purchased_type":["Relic","Card","Relic","Card","Relic"],"build_version":"2020-12-22","purchased_purges":1,"victory":true,"max_hp_per_floor":[75,75,75,75,75,75,75,75,75,75,75,75,75,75,75,75,75,75,75,75,75,85,85,85,85,85,85,85,85,85,85,85,85,85,85,85,85,85,85,85,85,85,85,85,85,85,85,85,85,85],"relic_stats":{"Regal Pillow":12,"counters":[28,130],"Sundial":[2],"MealTicket":0,"PreservedInsect":277,"Orichalcum":[102],"obtain_stats":[{"Bromod:AscarisDevice":0,"Regal Pillow":37,"Replay:PocketPolymizer":8,"Pear":22,"ReplayTheSpireMod:Ninjato":28,"NeowsBlessing":0,"hubris:64BitClover":9,"Guide Book":27,"PreservedInsect":6,"hubris:SlimyHat":23,"Bromod:Ordis":0,"Orichalcum":19,"White Beast Statue":26,"Bromod:ArcaneAwakening":30,"Chameleon Ring":12,"Sundial":41,"Replay:Bronze Core":17,"hubris:ScarierMask":34,"MealTicket":43,"Toxic Egg 2":46},{"Bromod:AscarisDevice":0,"Regal Pillow":21,"Replay:PocketPolymizer":6,"Pear":14,"ReplayTheSpireMod:Ninjato":17,"NeowsBlessing":0,"hubris:64BitClover":6,"Guide Book":16,"PreservedInsect":5,"hubris:SlimyHat":15,"Bromod:Ordis":0,"Orichalcum":12,"White Beast Statue":16,"Bromod:ArcaneAwakening":19,"Chameleon Ring":8,"Sundial":22,"Replay:Bronze Core":11,"hubris:ScarierMask":20,"MealTicket":23,"Toxic Egg 2":25},{"Bromod:AscarisDevice":0,"Regal Pillow":84,"Replay:PocketPolymizer":16,"Pear":46,"ReplayTheSpireMod:Ninjato":62,"NeowsBlessing":0,"hubris:64BitClover":16,"Guide Book":55,"PreservedInsect":14,"hubris:SlimyHat":51,"Bromod:Ordis":0,"Orichalcum":38,"White Beast Statue":55,"Bromod:ArcaneAwakening":73,"Chameleon Ring":22,"Sundial":93,"Replay:Bronze Core":34,"hubris:ScarierMask":81,"MealTicket":99,"Toxic Egg 2":110}]},"card_choices":[{"not_picked":["Bromod:ContagiousSpread","Bromod:Rejuvenation"],"picked":"Bromod:Stormbringer","floor":1},{"not_picked":["Bromod:TacticalPump","Bromod:FastHands"],"picked":"Bromod:BulletJump","floor":3},{"not_picked":["Bromod:SpeedTrigger","Bromod:BulletJump"],"picked":"Bromod:VoltaicStrike","floor":4},{"not_picked":["Bromod:Foundry","Bromod:FinishingTouch"],"picked":"Bromod:RelentlessCombination","floor":5},{"not_picked":["Bromod:SlashDash","Bromod:Rejuvenation"],"picked":"Bromod:OrganShatter","floor":6},{"not_picked":["Bromod:Redirection","Bromod:SlipMagazine"],"picked":"Bromod:QuickDraw","floor":8},{"not_picked":["Bromod:Patagium","Bromod:SpeedTrigger"],"picked":"Bromod:SteelCharge","floor":10},{"not_picked":["Bromod:PressurePoint","Bromod:FastHands"],"picked":"Bromod:OrganShatter","floor":12},{"not_picked":["Bromod:OrganShatter","Bromod:Stormbringer"],"picked":"Bromod:Stretch","floor":13},{"not_picked":["Bromod:PressurePoint","Bromod:Redirection"],"picked":"Bromod:PointStrike","floor":14},{"not_picked":["Bromod:DriftingContact","Bromod:Adaptation"],"picked":"Bromod:FashionFrame","floor":16},{"not_picked":["Bromod:FastHands","Bromod:PointStrike"],"picked":"Bromod:Provoked","floor":18},{"not_picked":["Bromod:SlipMagazine+1","Bromod:TacticalPump","Bromod:Foundry"],"picked":"SKIP","floor":20},{"not_picked":["Bromod:BulletJump","Bromod:FinishingTouch"],"picked":"Bromod:Reflection+1","floor":22},{"not_picked":["Bromod:PointStrike","Bromod:SlashDash"],"picked":"Bromod:BloodRush","floor":23},{"not_picked":["Bromod:PointStrike+1","Bromod:OrganShatter"],"picked":"Bromod:ReflexCoil","floor":25},{"not_picked":["Bromod:FormaBlueprint","Bromod:PointStrike"],"picked":"Bromod:Berserker","floor":28},{"not_picked":["Bromod:ShatteringImpact","Bromod:BodyCount"],"picked":"Bromod:Vitality","floor":29},{"not_picked":["Bromod:TacticalPump","Bromod:FastHands","Bromod:FormaBlueprint"],"picked":"SKIP","floor":30},{"not_picked":["Bromod:SplitChamber","Bromod:Continuity"],"picked":"Bromod:LifeStrike","floor":33},{"not_picked":["Bromod:PointStrike","Bromod:HornetStrike"],"picked":"Bromod:HeatedCharge","floor":35},{"not_picked":["Trip","Replay:Sssssssssstrike"],"picked":"ReplayTheSpireMod:Private Reserves","floor":36},{"not_picked":["Good Instincts","Jack Of All Trades"],"picked":"Impatience","floor":36},{"not_picked":["Bromod:BulletJump","Bromod:SteelFiber+1"],"picked":"Bromod:Stormbringer+1","floor":41},{"not_picked":["Bromod:SlashDash","Bromod:BulletJump"],"picked":"Bromod:RadialBlind+1","floor":42},{"not_picked":["Bromod:SlipMagazine+1","Bromod:PressurePoint"],"picked":"Bromod:ArchwingLauncher+1","floor":44},{"not_picked":["Bromod:RadialBlind+1","Bromod:OrganShatter"],"picked":"Bromod:SlashDash+1","floor":46},{"not_picked":["Bromod:Patagium+1","Bromod:SteelFiber"],"picked":"Bromod:TargetCracker+1","floor":47},{"not_picked":["Bromod:SeismicWave","Bromod:BulletJump+1"],"picked":"Bromod:Maglev+1","floor":48}],"player_experience":418935,"relics_obtained":[{"floor":6,"key":"PreservedInsect"},{"floor":8,"key":"Replay:PocketPolymizer"},{"floor":9,"key":"hubris:64BitClover"},{"floor":12,"key":"Chameleon Ring"},{"floor":22,"key":"Pear"},{"floor":23,"key":"hubris:SlimyHat"},{"floor":26,"key":"White Beast Statue"},{"floor":28,"key":"ReplayTheSpireMod:Ninjato"},{"floor":30,"key":"Bromod:ArcaneAwakening"},{"floor":41,"key":"Sundial"},{"floor":43,"key":"MealTicket"},{"floor":46,"key":"Toxic Egg 2"}],"event_choices":[{"damage_healed":0,"gold_gain":0,"cards_transformed":["Bromod:Defend_Bro"],"player_choice":"Transformed","damage_taken":0,"max_hp_gain":0,"max_hp_loss":0,"event_name":"Transmorgrifier","floor":2,"gold_loss":0,"cards_obtained":["Bromod:NoReturn"]},{"damage_healed":0,"gold_gain":0,"player_choice":" Potion ","damage_taken":20,"relics_obtained":[],"max_hp_gain":48,"max_hp_loss":28,"event_name":"betterAltar:BetterAltar","floor":31,"potions_obtained":["betterAltar:AltarPotion"],"relics_lost":[],"gold_loss":0},{"damage_healed":0,"gold_gain":3,"player_choice":"1","damage_taken":0,"max_hp_gain":0,"max_hp_loss":0,"event_name":"betterStone:BetterStone","floor":36,"gold_loss":0},{"damage_healed":0,"gold_gain":0,"player_choice":"Upgraded","damage_taken":0,"max_hp_gain":0,"max_hp_loss":0,"event_name":"Upgrade Shrine","floor":38,"gold_loss":0,"cards_upgraded":["Bromod:HeatedCharge"]}],"is_beta":false,"boss_relics":[{"not_picked":["Pandora\u0027s Box","Black Star"],"picked":"Replay:Bronze Core"},{"not_picked":["Calling Bell","hubris:CrackedHourglass"],"picked":"hubris:ScarierMask"}],"items_purged_floors":[11],"is_endless":false,"potions_floor_spawned":[1,4,8,12,14,20,22,23,28,29,30,33,35,41,42,44,46,47,48],"ascension_level":1}}