{"host":"xh4jtn7krw5slv5y","time":1611192974,"event":{"mods":["BaseMod","Bestiary","Block Reminder","Colored Map","Downfall","Minty Spire (QoL Compilation)","Quick Restart","Relic Sorter","Relic Stats","StSLib"],"gold_per_floor":[99,119,137,137,149,160,160,60,60,79,109,109,141,141,158,158,158,158],"floor_reached":16,"language":"ENG","playtime":1055,"items_purged":[],"score":112,"play_id":"da25b08a-2f2a-44ca-aeca-418a58eaf67f","local_time":"20210120213614","is_ascension_mode":false,"campfire_choices":[{"floor":1,"key":"RECALL"},{"data":"bronze:Philosophize","floor":8,"key":"SMITH"}],"circlet_count":0,"master_deck":["bronze:Strike","bronze:Strike","bronze:Strike","bronze:Strike","bronze:Defend","bronze:Defend","bronze:Defend","bronze:Defend","bronze:Replicate","bronze:Goto+1","bronze:Philosophize+1","bronze:DelayedGuard","bronze:Boost","bronze:BronzeArmor","bronze:Iterate","bronze:Iterate"],"relics":["bronze:BronzeCore","Kunai","downfall:HeartBlessingRed","Bottled Lightning","downfall:BrokenWingStatue","Blue Candle"],"acts_visited":["Exordium"],"potions_floor_usage":[13,13,15],"damage_taken":[{"damage":4,"enemies":"2 Louse","floor":2,"turns":3},{"damage":6,"enemies":"Jaw Worm","floor":3,"turns":3},{"damage":3,"enemies":"Small Slimes","floor":5,"turns":3},{"damage":15,"enemies":"3 Louse","floor":6,"turns":4},{"damage":3,"enemies":"Exordium Wildlife","floor":10,"turns":4},{"damage":22,"enemies":"3 Sentries","floor":11,"turns":11},{"damage":9,"enemies":"Lagavulin","floor":13,"turns":5},{"damage":1,"enemies":"2 Fungi Beasts","floor":15,"turns":2},{"damage":19,"enemies":"WA_ARCHETYPE_RETAIN","floor":16,"turns":4}],"seed_played":"-1856970003256096481","potions_obtained":[{"floor":2,"key":"hexamod:SoulburnPotion"},{"floor":10,"key":"FearPotion"},{"floor":11,"key":"PowerPotion"}],"is_trial":false,"path_per_floor":["R","M","M","?","M","M","T","R","?","M","E","?","E","?","M","B"],"character_chosen":"THE_AUTOMATON","items_purchased":[],"campfire_rested":0,"item_purchase_floors":[],"current_hp_per_floor":[70,66,60,60,57,42,42,42,42,39,17,17,8,8,7,0,0,0],"gold":158,"neow_bonus":"UPGRADE_CARD","is_daily":false,"chose_seed":false,"campfire_upgraded":1,"win_rate":0.0,"timestamp":1611192974,"path_taken":["R","M","M","?","M","M","T","R","?","?","E","?","E","?","M","BOSS"],"items_purchased_type":[],"build_version":"2020-12-22","purchased_purges":0,"victory":false,"max_hp_per_floor":[70,70,70,70,70,70,70,70,70,70,70,70,70,70,70,70,70,70],"relic_stats":{"counters":[9,39],"Blue Candle":[0],"Kunai":[5],"obtain_stats":[{"bronze:BronzeCore":0,"downfall:BrokenWingStatue":12,"downfall:HeartBlessingRed":8,"Blue Candle":13,"Kunai":7,"Bottled Lightning":11},{"bronze:BronzeCore":0,"downfall:BrokenWingStatue":6,"downfall:HeartBlessingRed":4,"Blue Candle":7,"Kunai":4,"Bottled Lightning":6},{"bronze:BronzeCore":0,"downfall:BrokenWingStatue":28,"downfall:HeartBlessingRed":13,"Blue Candle":33,"Kunai":13,"Bottled Lightning":28}]},"card_choices":[{"not_picked":["bronze:ItsAFeature","bronze:Invalidate"],"picked":"bronze:Philosophize","floor":2},{"not_picked":["bronze:Safeguard","bronze:Turbo"],"picked":"bronze:DelayedGuard","floor":3},{"not_picked":["bronze:DigitalCarnage","bronze:Fortify"],"picked":"bronze:Boost","floor":5},{"not_picked":["bronze:Return","bronze:Invalidate"],"picked":"bronze:BronzeArmor","floor":6},{"not_picked":["bronze:Branch","bronze:Return","bronze:CutThrough"],"picked":"SKIP","floor":10},{"not_picked":["bronze:DelayedGuard","bronze:BitShift"],"picked":"bronze:Iterate","floor":11},{"not_picked":["bronze:Optimize","bronze:Mutator","bronze:Backtrace"],"picked":"SKIP","floor":13},{"not_picked":["bronze:ChosenStrike","bronze:Invalidate"],"picked":"bronze:Iterate","floor":15}],"player_experience":317063,"relics_obtained":[{"floor":7,"key":"Kunai"},{"floor":11,"key":"Bottled Lightning"},{"floor":13,"key":"Blue Candle"}],"event_choices":[],"is_beta":false,"boss_relics":[],"items_purged_floors":[],"is_endless":false,"potions_floor_spawned":[2,10,11],"killed_by":"WA_ARCHETYPE_RETAIN","ascension_level":0}}