{"host":"zxd7sxkt31l2m2hb","time":1611245031,"event":{"mods":["AchievementEnabler","BaseMod","BetterRewards","Colored Map","Colored Powertips","Highlight Path","Minty Spire (QoL Compilation)","StSLib","SuperFastMode","The Jungle","slay the spire mod where everything is the same but ironclad has a cowboy hat"],"gold_per_floor":[14,114,69,80,95,95,121,121,121,121,74,125,125,155,155,257,257,270,195,195,294,294,327,346,346,346,346,261,261,280,123,123,227,227,238,204,222,238,238,238,238,238,238,263,282,301,301,150,150,150,150],"floor_reached":50,"language":"DEU","playtime":5900,"items_purged":[],"score":477,"play_id":"313e5610-0dd8-42ce-90ca-0ea3444d76fc","local_time":"20210121170351","is_ascension_mode":false,"campfire_choices":[{"data":"Redo","floor":6.0,"key":"SMITH"},{"data":"Zap","floor":8.0,"key":"SMITH"},{"data":"Redo","floor":13.0,"key":"SMITH"},{"floor":15.0,"key":"REST"},{"floor":25.0,"key":"REST"},{"data":"Conserve Battery","floor":27.0,"key":"SMITH"},{"data":"White Noise","floor":32.0,"key":"SMITH"},{"floor":40.0,"key":"REST"},{"data":"Thunder Strike","floor":42.0,"key":"SMITH"},{"floor":49,"key":"REST"}],"circlet_count":0,"master_deck":["Strike_B","Strike_B","Defend_B","Defend_B","Defend_B","Defend_B","Zap+1","Dualcast+1","Conserve Battery+1","Hologram","Ball Lightning","Redo+1","Lockon","Redo+1","Electrodynamics","Capacitor","Coolheaded+1","White Noise+1","Thunder Strike+1","Tempest+1","Defragment+1","Barrage+1","Barrage+1","Leap+1"],"relics":["Cracked Core","WingedGreaves","HornCleat","Bottled Lightning","Regal Pillow","Sozu","MutagenicStrength","Question Card","Toy Ornithopter","Frozen Egg 2","Kunai","Oddly Smooth Stone","SlaversCollar","Sundial","Omamori","TheAbacus"],"acts_visited":["Exordium","TheCity","TheBeyond"],"potions_floor_usage":[],"damage_taken":[{"damage":1.0,"enemies":"Jaw Worm","floor":1.0,"turns":4.0},{"damage":2.0,"enemies":"Cultist","floor":4.0,"turns":4.0},{"damage":0.0,"enemies":"2 Louse","floor":5.0,"turns":2.0},{"damage":24.0,"enemies":"Gremlin Nob","floor":7.0,"turns":4.0},{"damage":54.0,"enemies":"The Guardian","floor":16.0,"turns":10.0},{"damage":8.0,"enemies":"2 Thieves","floor":18.0,"turns":3.0},{"damage":45.0,"enemies":"Book of Stabbing","floor":23.0,"turns":6.0},{"damage":0.0,"enemies":"3 Byrds","floor":24.0,"turns":3.0},{"damage":0.0,"enemies":"Snake Plant","floor":30.0,"turns":4.0},{"damage":47.0,"enemies":"Collector","floor":33.0,"turns":9.0},{"damage":21.0,"enemies":"Orb Walker","floor":35.0,"turns":4.0},{"damage":14.0,"enemies":"3 Darklings","floor":37.0,"turns":3.0},{"damage":44.0,"enemies":"Spire Growth","floor":38.0,"turns":5.0},{"damage":23.0,"enemies":"Sphere and 2 Shapes","floor":45.0,"turns":4.0},{"damage":33,"enemies":"Jaw Worm Horde","floor":46,"turns":4},{"damage":53,"enemies":"Awakened One","floor":50,"turns":6}],"seed_played":"-3120967460477506005","potions_obtained":[{"floor":7.0,"key":"FairyPotion"},{"floor":16.0,"key":"AttackPotion"}],"is_trial":false,"path_per_floor":["M","?","$","M","M","R","E","R","T","?","$","T","R","?","R","B",null,"M","?","?","?","?","E","M","R","T","R","?","?","M","$","R","B",null,"M","$","M","M","$","R","?","R","T","T","M","M","?","$","R","B"],"character_chosen":"DEFECT","items_purchased":["Hologram","Redo","Oddly Smooth Stone","Defragment+1","TheAbacus"],"campfire_rested":4,"item_purchase_floors":[3,11,31,36,48],"current_hp_per_floor":[74,74,74,72,72,72,48,48,48,48,48,48,48,48,75,21,75,67,67,67,67,67,22,27,64,64,64,64,64,64,64,64,17,75,54,54,40,22,22,59,59,59,59,59,36,3,3,3,40,0,0],"gold":150,"neow_bonus":"ONE_RARE_RELIC","is_daily":false,"chose_seed":false,"campfire_upgraded":6,"win_rate":0.0,"timestamp":1611245031,"path_taken":["M","?","?","M","?","R","E","R","T","?","$","?","R","?","R","BOSS","M","?","?","?","?","E","M","R","T","R","?","?","M","$","R","BOSS","M","$","?","M","?","R","?","R","T","?","?","?","?","?","R","BOSS"],"items_purchased_type":["Card","Card","Relic","Card","Relic"],"build_version":"2020-12-22","purchased_purges":0,"victory":false,"max_hp_per_floor":[75,75,75,75,75,75,75,75,75,75,75,75,75,75,75,75,75,75,75,75,75,75,75,75,75,75,75,75,75,75,75,75,75,75,75,75,75,75,75,75,75,75,75,75,75,75,75,75,75,75,75],"card_choices":[{"not_picked":["Compile Driver","Rebound"],"picked":"Conserve Battery","floor":1.0},{"not_picked":["Coolheaded","Rebound"],"picked":"Ball Lightning","floor":4.0},{"not_picked":["Steam","Melter"],"picked":"Redo","floor":5.0},{"not_picked":["Hologram","Doom and Gloom"],"picked":"Lockon","floor":7.0},{"not_picked":["Thunder Strike","Machine Learning"],"picked":"Electrodynamics","floor":16.0},{"not_picked":["Hologram","Gash"],"picked":"Capacitor","floor":18.0},{"not_picked":["Undo","Compile Driver","Go for the Eyes","FTL"],"picked":"SKIP","floor":23.0},{"not_picked":["Steam Power","Go for the Eyes","Hologram+1"],"picked":"Coolheaded+1","floor":24.0},{"not_picked":["Streamline","Ball Lightning+1","Gash"],"picked":"White Noise","floor":30.0},{"not_picked":["Multi-Cast","Buffer+1","Electrodynamics+1"],"picked":"Thunder Strike","floor":33.0},{"not_picked":["Gash","Storm+1","Chaos"],"picked":"Tempest+1","floor":35.0},{"not_picked":["Leap+1","Hello World+1","Redo+1"],"picked":"Barrage+1","floor":37.0},{"not_picked":["Hello World+1","Barrage","Coolheaded","Force Field"],"picked":"SKIP","floor":38.0},{"not_picked":["Steam+1","Ball Lightning","Gash+1"],"picked":"Barrage+1","floor":45},{"not_picked":["Ball Lightning","Coolheaded","Redo+1"],"picked":"Leap+1","floor":46}],"player_experience":44239,"relics_obtained":[{"floor":7.0,"key":"HornCleat"},{"floor":9.0,"key":"Bottled Lightning"},{"floor":12.0,"key":"Regal Pillow"},{"floor":23.0,"key":"Toy Ornithopter"},{"floor":26.0,"key":"Frozen Egg 2"},{"floor":43.0,"key":"Sundial"},{"floor":44.0,"key":"Omamori"}],"event_choices":[{"damage_healed":0.0,"max_hp_gain":0.0,"max_hp_loss":0.0,"gold_gain":100.0,"event_name":"Golden Shrine","player_choice":"Pray","floor":2.0,"gold_loss":0.0,"damage_taken":0.0},{"damage_healed":0.0,"max_hp_gain":0.0,"max_hp_loss":0.0,"gold_gain":0.0,"event_name":"Upgrade Shrine","player_choice":"Upgraded","floor":10.0,"gold_loss":0.0,"damage_taken":0.0,"cards_upgraded":["Dualcast"]},{"damage_healed":0.0,"max_hp_gain":0.0,"max_hp_loss":0.0,"gold_gain":30.0,"event_name":"Dead Adventurer","player_choice":"Searched \u00271\u0027 times","floor":14.0,"gold_loss":0.0,"damage_taken":0.0},{"cards_removed":["Strike_B"],"damage_healed":0.0,"max_hp_gain":0.0,"max_hp_loss":0.0,"gold_gain":0.0,"event_name":"Beggar","player_choice":"Gave Gold","floor":19.0,"gold_loss":75.0,"damage_taken":0.0},{"damage_healed":0.0,"max_hp_gain":0.0,"max_hp_loss":0.0,"gold_gain":0.0,"event_name":"Drug Dealer","player_choice":"Inject Mutagens","floor":20.0,"gold_loss":0.0,"damage_taken":0.0,"relics_obtained":["MutagenicStrength"]},{"damage_healed":0.0,"max_hp_gain":0.0,"max_hp_loss":0.0,"gold_gain":99.0,"event_name":"Nest","player_choice":"Stole From Cult","floor":21.0,"gold_loss":0.0,"damage_taken":0.0},{"damage_healed":0.0,"max_hp_gain":0.0,"max_hp_loss":0.0,"gold_gain":0.0,"event_name":"The Mausoleum","player_choice":"Opened","floor":22.0,"gold_loss":0.0,"damage_taken":0.0,"relics_obtained":["Question Card"]},{"damage_healed":0.0,"max_hp_gain":0.0,"max_hp_loss":0.0,"gold_gain":0.0,"event_name":"Addict","player_choice":"Obtained Relic","floor":28.0,"gold_loss":85.0,"damage_taken":0.0,"relics_obtained":["Kunai"]},{"damage_healed":0.0,"max_hp_gain":0.0,"max_hp_loss":0.0,"gold_gain":0.0,"event_name":"NoteForYourself","player_choice":"Ignored","floor":29.0,"gold_loss":0.0,"damage_taken":0.0},{"cards_removed":["Strike_B"],"damage_healed":0.0,"max_hp_gain":0.0,"max_hp_loss":0.0,"gold_gain":0.0,"event_name":"Falling","player_choice":"Removed Attack","floor":41.0,"gold_loss":0.0,"damage_taken":0.0},{"damage_healed":0,"gold_gain":0,"player_choice":"Ignored","damage_taken":0,"max_hp_gain":0,"max_hp_loss":0,"event_name":"Transmorgrifier","floor":47,"gold_loss":0}],"is_beta":false,"boss_relics":[{"not_picked":["Ectoplasm","Philosopher\u0027s Stone"],"picked":"Sozu"},{"not_picked":["FrozenCore","Runic Dome"],"picked":"SlaversCollar"}],"items_purged_floors":[],"is_endless":false,"potions_floor_spawned":[7,16,23,33,37,46],"killed_by":"Awakened One","ascension_level":0}}