{"host":"vhvubw4jk4f204qs","time":1611250678,"event":{"mods":["AchievementEnabler","BaseMod","DeckTracker","GifTheSpireLib","Minty Spire (QoL Compilation)","Permanent Neow","Quick Restart","StSLib","SuperFastMode","The IronCluck","slay the spire mod where everything is the same but ironclad has a cowboy hat"],"gold_per_floor":[118,137,157,157,174,174,174],"floor_reached":6,"language":"ENG","playtime":267,"items_purged":[],"score":76,"play_id":"9973a468-7cb1-477d-9d8f-891e049a3c9f","local_time":"20210121123758","is_ascension_mode":true,"campfire_choices":[],"circlet_count":0,"master_deck":["AscendersBane","Strike_R","Strike_R","Strike_R","Strike_R","Strike_R","Defend_R","Defend_R","Defend_R","Defend_R","Bash","Reaper","Pommel Strike","Flame Barrier","Uppercut","Limit Break","Sword Boomerang","Disarm","Burning Pact"],"relics":["Burning Blood"],"acts_visited":["Exordium"],"potions_floor_usage":[6],"damage_taken":[{"damage":6.0,"enemies":"Cultist","floor":1.0,"turns":3.0},{"damage":2.0,"enemies":"Jaw Worm","floor":2.0,"turns":3.0},{"damage":7.0,"enemies":"2 Louse","floor":3.0,"turns":7.0},{"damage":51,"enemies":"Exordium Wildlife","floor":5,"turns":8},{"damage":25,"enemies":"Lagavulin","floor":6,"turns":7}],"seed_played":"721289688774560143","potions_obtained":[{"floor":5,"key":"Swift Potion"}],"is_trial":false,"path_per_floor":["M","M","M","?","M","E"],"character_chosen":"IRONCLAD","items_purchased":[],"campfire_rested":0,"item_purchase_floors":[],"current_hp_per_floor":[68,68,68,68,31,10,10],"gold":174,"neow_bonus":"THREE_RARE_CARDS","is_daily":false,"chose_seed":false,"campfire_upgraded":0,"win_rate":0.0,"timestamp":1611250678,"path_taken":["M","M","M","?","?","E"],"items_purchased_type":[],"build_version":"2020-12-22","purchased_purges":0,"victory":false,"max_hp_per_floor":[68,68,68,68,68,68,68],"card_choices":[{"not_picked":["Fiend Fire","Barricade"],"picked":"Reaper","floor":0.0},{"not_picked":["Shrug It Off","Blood for Blood"],"picked":"Pommel Strike","floor":1.0},{"not_picked":["Blood for Blood","Body Slam"],"picked":"Flame Barrier","floor":2.0},{"not_picked":["Body Slam","Wild Strike"],"picked":"Uppercut","floor":3.0},{"not_picked":["Headbutt","Flex"],"picked":"Burning Pact","floor":5}],"player_experience":967029,"relics_obtained":[],"event_choices":[{"damage_healed":0,"gold_gain":0,"player_choice":"3 cards matched","damage_taken":0,"max_hp_gain":0,"max_hp_loss":0,"event_name":"Match and Keep!","floor":4,"gold_loss":0,"cards_obtained":["Limit Break","Sword Boomerang","Disarm"]}],"is_beta":false,"boss_relics":[],"items_purged_floors":[],"is_endless":false,"potions_floor_spawned":[5],"killed_by":"Lagavulin","ascension_level":20}}