{"host":"5uvzo7moqy5vd63g","time":1611190336,"event":{"mods":["Aspiration","BaseMod","Conspire","Curses Come First","Dio Mod","Downfall","Hermit","Hubris","Jedi Mod","Mimic Mod","Minty Spire (QoL Compilation)","StSLib","Wandering Minibosses"],"gold_per_floor":[99,116,26,26,40,58,58,58,85,103,119,19,36,64,75,75,75,75],"floor_reached":16,"language":"ENG","playtime":998,"items_purged":["hubris:Gluttony"],"score":179,"play_id":"e3843d67-5e21-4554-952f-dfc33303bc83","local_time":"20210120195216","is_ascension_mode":false,"campfire_choices":[{"floor":1,"key":"RECALL"},{"data":"bronze:Virus","floor":8,"key":"SMITH"},{"data":"bronze:BuggyMess","floor":12,"key":"SMITH"}],"circlet_count":0,"master_deck":["conspire:GhostlyStrike","conspire:GhostlyStrike","conspire:GhostlyStrike","conspire:GhostlyStrike","conspire:GhostlyDefend","conspire:GhostlyDefend","conspire:GhostlyDefend","conspire:GhostlyDefend","bronze:Replicate","bronze:Goto","Panache","bronze:DelayedSlice","bronze:CutThrough","bronze:Repulsor","bronze:Virus+1","bronze:BuggyMess+1","bronze:Shell","bronze:ShipIt","bronze:DelayedGuard","bronze:FollowUp"],"relics":["bronze:BronzeCore","White Beast Statue","hubris:GlazedTorus","downfall:HeartBlessingRed","Odd Mushroom"],"acts_visited":["Exordium"],"potions_floor_usage":[9,15,16],"damage_taken":[{"damage":2,"enemies":"2 Louse","floor":2,"turns":4},{"damage":5,"enemies":"downfall:FleeingMerchant","floor":3,"turns":4},{"damage":9,"enemies":"conspire:RoseBush","floor":5,"turns":3},{"damage":6,"enemies":"Jaw Worm","floor":6,"turns":3},{"damage":0,"enemies":"Gremlin Nob","floor":9,"turns":2},{"damage":13,"enemies":"Gremlin Gang","floor":10,"turns":2},{"damage":1,"enemies":"Exordium Wildlife","floor":11,"turns":3},{"damage":10,"enemies":"Exordium Thugs","floor":13,"turns":3},{"damage":6,"enemies":"The Mushroom Lair","floor":14,"turns":2},{"damage":0,"enemies":"Gremlin Gang","floor":15,"turns":3},{"damage":19,"enemies":"DF_ARCHETYPE_STREAMLINE","floor":16,"turns":3}],"seed_played":"-68221711403558758","potions_obtained":[{"floor":6,"key":"PowerPotion"},{"floor":9,"key":"bronze:CleanCodePotion"},{"floor":10,"key":"Energy Potion"},{"floor":11,"key":"jedi:holywater"},{"floor":13,"key":"EssenceOfSteel"},{"floor":15,"key":"Ancient Potion"}],"is_trial":false,"path_per_floor":["R","M","$","?","M","M","T","R","E","M","M","R","M","?","M","B"],"character_chosen":"THE_AUTOMATON","items_purchased":[],"campfire_rested":0,"item_purchase_floors":[],"current_hp_per_floor":[70,68,63,63,54,48,48,48,48,35,34,34,24,18,18,0,0,0],"gold":75,"neow_bonus":"RANDOM_COLORLESS_2","is_daily":false,"chose_seed":false,"campfire_upgraded":2,"win_rate":0.0,"timestamp":1611190336,"path_taken":["R","M","$","?","M","M","T","R","E","M","M","R","M","?","M","BOSS"],"items_purchased_type":[],"build_version":"2020-12-22","purchased_purges":1,"victory":false,"max_hp_per_floor":[70,70,70,70,70,70,70,70,70,70,70,70,70,70,70,70,70,70],"card_choices":[{"not_picked":["Master of Strategy","Metamorphosis"],"picked":"Panache","floor":0},{"not_picked":["bronze:Deprecate","bronze:FineTuning"],"picked":"bronze:DelayedSlice","floor":2},{"not_picked":["bronze:Constructor","bronze:DelayedSlice"],"picked":"bronze:CutThrough","floor":3},{"not_picked":["bronze:ForceShield","bronze:Invalidate"],"picked":"bronze:Repulsor","floor":5},{"not_picked":["bronze:Iterate","bronze:Invalidate"],"picked":"bronze:Virus","floor":6},{"not_picked":["bronze:Terminator","bronze:CutThrough"],"picked":"bronze:BuggyMess","floor":9},{"not_picked":["bronze:Refactor","bronze:Deprecate","bronze:Turbo"],"picked":"SKIP","floor":10},{"not_picked":["bronze:ItsAFeature","bronze:Constructor"],"picked":"bronze:Shell","floor":11},{"not_picked":["bronze:Branch","bronze:WhirlingStrike"],"picked":"bronze:ShipIt","floor":13},{"not_picked":["bronze:Invalidate","bronze:CutThrough"],"picked":"bronze:DelayedGuard","floor":14},{"not_picked":["bronze:Separator","bronze:Branch"],"picked":"bronze:FollowUp","floor":15}],"player_experience":598855,"relics_obtained":[{"floor":7,"key":"White Beast Statue"},{"floor":9,"key":"hubris:GlazedTorus"},{"floor":14,"key":"Odd Mushroom"}],"event_choices":[{"damage_healed":0,"gold_gain":0,"player_choice":"Agree","damage_taken":0,"max_hp_gain":0,"max_hp_loss":0,"event_name":"conspire:LoneGhost","floor":4,"gold_loss":0},{"damage_healed":0,"gold_gain":0,"player_choice":"Fought Mushrooms","damage_taken":0,"max_hp_gain":0,"max_hp_loss":0,"event_name":"Mushrooms","floor":14,"gold_loss":0}],"is_beta":false,"boss_relics":[],"items_purged_floors":[3],"is_endless":false,"potions_floor_spawned":[6,9,10,11,13,14,15],"killed_by":"DF_ARCHETYPE_STREAMLINE","ascension_level":0}}