{"host":"2zc57igszyqgae0y","time":1611232102,"event":{"mods":["ATMod(°¢èªMod)","Act Like it!","Aspiration","BaseMod","CapriCore","GifTheSpireLib","Minty Spire (QoL Compilation)","Quick Restart","Rare Cards Sparkle","Replay The Spire","RumiaBox-Â¶Ã×æ«µÄÉñÃØºÐ×Ó","SIMod","Shop Mod","StSLib","[IsaacMod]ÒÔÈö¼âËþ","vexMod"],"gold_per_floor":[112,158,158,158,174,174,209,225,225,1,30,30,41,73,73,176,176,196,211,211,111,111,136,136,136,136,165,184,211,224,241,328,426,426,444,319,405,5,5,39,89,102,180,211,224,224,252,263,263,263],"floor_reached":51,"language":"ZHS","playtime":2280,"items_purged":["Injury","Strike_R","Wild Strike+1"],"score":1213,"play_id":"bc6bf02b-63d0-409c-8bcb-22a2bd2c1968","local_time":"20210121202822","is_ascension_mode":true,"campfire_choices":[{"floor":6.0,"key":"REST"},{"data":"AT_ShrugMaster","floor":12.0,"key":"SMITH"},{"data":"AT_FamilyPortrait","floor":15.0,"key":"SMITH"},{"data":"Searing Blow+1","floor":25.0,"key":"SMITH"},{"data":"WeaponsOverheat","floor":49,"key":"SMITH"}],"circlet_count":0,"master_deck":["AscendersBane","AT_FamilyPortrait+1","AT_ShrugMaster+1","Sword Boomerang","Searing Blow+2","Demonic Infusion+1","Seeing Red+1","CurseOfTheBell","Berserk+1","WeaponsOverheat+1","Reaper+1","Pommel Strike+1","Limit Break+1","Demonic Infusion+1","AT_Dispersion+1","Immolate+1","Reaper+1","Replay:Many Hands+1","Reaper+1","AT_Dispersion+1","Berserk+1","AT_Dispersion+1","Offering+1","AT_IchimonjiDouble+1"],"relics":["Burning Blood","HushsDoor","AT_ATBox","Chaos","aspiration:Nostalgia","Iron Core","DataDisk","Molten Egg 2","Incubus","Golden Egg","AT_SeraphEmbrace","Mercury Hourglass","Emotion Chip","Snecko Heart","vexMod:HeadHunter","Strawberry","Calling Bell","Durian","Lantern","Self Forming Clay","HowToJump","Mummified Hand","SatanicBible","BookOfRevelations","InkBottle","SumBook"],"acts_visited":["Exordium","TheCity","TheBeyond"],"potions_floor_usage":[29,47],"damage_taken":[{"damage":7.0,"enemies":"2 Louse","floor":1.0,"turns":4.0},{"damage":13.0,"enemies":"Small Slimes","floor":5.0,"turns":4.0},{"damage":20.0,"enemies":"3 Sentries","floor":7.0,"turns":3.0},{"damage":7.0,"enemies":"Jaw Worm","floor":8.0,"turns":3.0},{"damage":0.0,"enemies":"Gremlin Nob","floor":11.0,"turns":2.0},{"damage":0.0,"enemies":"3 Louse","floor":13.0,"turns":4.0},{"damage":0.0,"enemies":"Lagavulin","floor":14.0,"turns":4.0},{"damage":2.0,"enemies":"Fading Forest","floor":16.0,"turns":11.0},{"damage":0.0,"enemies":"Chosen","floor":18.0,"turns":3.0},{"damage":12.0,"enemies":"Shell Parasite","floor":19.0,"turns":3.0},{"damage":24.0,"enemies":"Slavers","floor":23.0,"turns":4.0},{"damage":32.0,"enemies":"Gremlin Leader","floor":27.0,"turns":3.0},{"damage":22,"enemies":"Shelled Parasite and Fungi","floor":28,"turns":3},{"damage":17,"enemies":"Book of Stabbing","floor":29,"turns":4},{"damage":0,"enemies":"3 Cultists","floor":30,"turns":4},{"damage":6,"enemies":"Snake Plant","floor":31,"turns":3},{"damage":11,"enemies":"Collector","floor":33,"turns":6},{"damage":0,"enemies":"3 Darklings","floor":35,"turns":4},{"damage":23,"enemies":"Nemesis","floor":40,"turns":5},{"damage":0,"enemies":"Mind Bloom Boss Battle","floor":41,"turns":8},{"damage":6,"enemies":"3 Shapes","floor":42,"turns":5},{"damage":11,"enemies":"Reptomancer","floor":44,"turns":3},{"damage":0,"enemies":"Jaw Worm Horde","floor":45,"turns":2},{"damage":5,"enemies":"Nemesis","floor":47,"turns":3},{"damage":5,"enemies":"Transient","floor":48,"turns":5},{"damage":40,"enemies":"Replay:Hell Engine","floor":50,"turns":4}],"seed_played":"-4953628535390774014","potions_obtained":[{"floor":1.0,"key":"FearPotion"},{"floor":2.0,"key":"AttackPotion"},{"floor":8.0,"key":"SteroidPotion"},{"floor":27.0,"key":"Fire Potion"},{"floor":29,"key":"SpeedPotion"},{"floor":40,"key":"Adrenaline Potion"},{"floor":47,"key":"Elixir"}],"is_trial":false,"path_per_floor":["M","?","?","?","M","R","E","M","T","$","E","R","M","E","R","B",null,"M","M","?","$","?","E","?","R","T","E","M","E","M","M","R","B",null,"M","$","?","$","?","E","?","M","T","E","M","?","E","M","R","B",null],"character_chosen":"IRONCLAD","items_purchased":["AT_ArchangelStaff","Self Forming Clay","HowToJump"],"campfire_rested":1,"item_purchase_floors":[10,38,38],"current_hp_per_floor":[71,51,51,51,44,68,54,53,53,53,59,59,65,71,71,80,80,80,74,74,74,80,62,62,62,69,43,27,21,51,56,56,68,86,92,92,77,77,77,81,92,92,92,92,92,92,92,92,92,92],"gold":263,"neow_bonus":"NOSTALGIA","is_daily":false,"chose_seed":false,"campfire_upgraded":4,"win_rate":0.0,"timestamp":1611232102,"path_taken":["M","?","?","?","M","R","E","M","T","?","E","R","?","E","R","BOSS","M","?","?","$","?","E","?","R","T","E","M","E","M","M","R","BOSS","M","$","?","$","?","E","?","?","T","E","?","?","E","?","R","BOSS"],"items_purchased_type":["Relic","Relic","Relic"],"build_version":"2020-12-22","purchased_purges":3,"victory":true,"max_hp_per_floor":[80,80,80,80,80,80,80,80,80,80,80,80,80,80,80,80,80,80,80,80,80,80,80,80,80,87,87,87,92,92,92,92,92,92,92,92,92,92,92,92,92,92,92,92,92,92,92,92,92,92],"card_choices":[{"not_picked":[],"picked":"Bomb","floor":0.0},{"not_picked":["Dual Wield","Anger","Steam Power"],"picked":"SKIP","floor":1.0},{"not_picked":["Barricade","Dropkick"],"picked":"AT_ShrugMaster","floor":2.0},{"not_picked":["Whirlwind","Dual Wield"],"picked":"Sword Boomerang","floor":2.0},{"not_picked":["Flex","ReplayReversal"],"picked":"Wild Strike+1","floor":5.0},{"not_picked":["ReplayTheSpireMod:Muscle Training","Clash+1","Defragment"],"picked":"SKIP","floor":7.0},{"not_picked":["Iron Wave+1","Rupture","WeaponsOverheat"],"picked":"SKIP","floor":8.0},{"not_picked":["Shockwave","ReplayReversal","Body Slam+1"],"picked":"SKIP","floor":11.0},{"not_picked":["ReplayTheSpireMod:Muscle Training","FTL+1"],"picked":"Searing Blow+1","floor":13.0},{"not_picked":["Immolate+1","Twin Strike+1","Turbo"],"picked":"SKIP","floor":14.0},{"not_picked":["Mirror Shield","Eclipse"],"picked":"Demonic Infusion","floor":16.0},{"not_picked":["ReplayTheSpireMod:Muscle Training","Intimidate+1","AT_DrawKnifeCut+1"],"picked":"SKIP","floor":18.0},{"not_picked":["Second Wind","Sword Boomerang+1"],"picked":"Seeing Red+1","floor":19.0},{"not_picked":["ReplayTheSpireMod:Stacked","Hologram","FTL+1"],"picked":"SKIP","floor":23.0},{"not_picked":["Bludgeon","Immolate"],"picked":"Berserk","floor":27.0},{"not_picked":["Disarm","WeaponsOverheat","Recycle"],"picked":"SKIP","floor":27.0},{"not_picked":["Disarm","WeaponsOverheat","Recycle"],"picked":"SKIP","floor":27.0},{"not_picked":["Disarm","Recycle"],"picked":"WeaponsOverheat","floor":27.0},{"not_picked":["Run Through+1","Scorching Beam+1","Beam Cell+1"],"picked":"SKIP","floor":28},{"not_picked":["Exhume","Brutality"],"picked":"Reaper","floor":29},{"not_picked":["ReplayTheSpireMod:Muscle Training","Combust","ReplayTheSpireMod:Strike From Hell+1"],"picked":"SKIP","floor":29},{"not_picked":["Seeing Red+1","ReplayTheSpireMod:Stacked+1"],"picked":"Pommel Strike+1","floor":30},{"not_picked":["Cleave+1","Corruption","Gash+1"],"picked":"SKIP","floor":31},{"not_picked":["Reaper+1","Firewall"],"picked":"Limit Break","floor":33},{"not_picked":["Shrug It Off+1","AT_DiedThrough+1","Iron Wave+1"],"picked":"SKIP","floor":35},{"not_picked":["Demon Form","Fiend Fire","Brutality"],"picked":"SKIP","floor":40},{"not_picked":["Heavy Blade+1","Clothesline+1","Havoc"],"picked":"SKIP","floor":40},{"not_picked":["Iron Wave+1","True Grit","Blood for Blood+1"],"picked":"SKIP","floor":42},{"not_picked":["Demonic Infusion","Demon Form","Feed"],"picked":"SKIP","floor":44},{"not_picked":["AT_BodySlamDance","Hemogenesis+1","Spot Weakness+1"],"picked":"SKIP","floor":44},{"not_picked":["Iron Wave+1","Whirlwind+1","Run Through+1"],"picked":"SKIP","floor":45},{"not_picked":["Berserk","Fiend Fire"],"picked":"Offering","floor":47},{"not_picked":["Impervious","Thunderclap+1","AT_CaressingTears+1"],"picked":"SKIP","floor":47},{"not_picked":["Thunderclap+1","Headbutt+1"],"picked":"AT_IchimonjiDouble+1","floor":48}],"player_experience":302559,"relics_obtained":[{"floor":2.0,"key":"DataDisk"},{"floor":7.0,"key":"Incubus"},{"floor":9.0,"key":"Golden Egg"},{"floor":11.0,"key":"Mercury Hourglass"},{"floor":14.0,"key":"Emotion Chip"},{"floor":23.0,"key":"vexMod:HeadHunter"},{"floor":26.0,"key":"Strawberry"},{"floor":27.0,"key":"Calling Bell"},{"floor":29,"key":"Durian"},{"floor":40,"key":"Mummified Hand"},{"floor":41,"key":"SatanicBible"},{"floor":43,"key":"BookOfRevelations"},{"floor":44,"key":"InkBottle"},{"floor":47,"key":"SumBook"}],"event_choices":[{"damage_healed":0.0,"max_hp_gain":0.0,"max_hp_loss":0.0,"gold_gain":0.0,"event_name":"Ghosts","player_choice":"Ignored","floor":24.0,"gold_loss":0.0,"damage_taken":0.0},{"damage_healed":0,"gold_gain":0,"player_choice":"Fight","damage_taken":0,"max_hp_gain":0,"max_hp_loss":0,"event_name":"MindBloom","floor":41,"gold_loss":0}],"is_beta":false,"boss_relics":[{"not_picked":["HornCleat","Frozen Eye"],"picked":"Snecko Heart"},{"not_picked":[]},{"not_picked":["SharpPlug","MawBank"],"picked":"Lantern"},{"not_picked":[]}],"items_purged_floors":[10,21,36],"is_endless":false,"potions_floor_spawned":[1,8,13,19,23,27,29,40,42,47,48],"ascension_level":11}}