{"host":"1c17lcvl7acx821p","time":1611225877,"event":{"mods":["AchievementEnabler","BaseMod","Colored Map","Minty Spire (QoL Compilation)","StSLib"],"gold_per_floor":[114,114,114,114,114,149,97,97,97,132,132,132,132,171,171,302,302,317,342,5,19,32,32,47,71,144,163,163,179,179,223,223,352,352,371,371,434,447,447,487,487,487,487,501,110,124,124,50,50,50],"floor_reached":51,"language":"ENG","playtime":2478,"items_purged":["Strike_B"],"score":1035,"play_id":"e6e169b6-a941-4a1e-a37a-50f8995445f8","local_time":"20210121124437","is_ascension_mode":true,"campfire_choices":[{"data":"Beam Cell","floor":8.0,"key":"SMITH"},{"data":"Hologram","floor":11.0,"key":"SMITH"},{"floor":13.0,"key":"REST"},{"data":"Gash","floor":15.0,"key":"SMITH"},{"floor":23.0,"key":"REST"},{"floor":28.0,"key":"REST"},{"floor":30.0,"key":"REST"},{"floor":32.0,"key":"REST"},{"data":"Seek","floor":41.0,"key":"SMITH"},{"data":"Coolheaded","floor":49.0,"key":"SMITH"}],"circlet_count":0,"master_deck":["Strike_B","Defend_B","Defend_B","Defend_B","Zap+1","Dualcast","Rebound","Beam Cell+1","Hologram+1","Gash+1","Machine Learning","White Noise+1","Hologram+1","Leap+1","Loop","Defragment","Double Energy","Seek+1","Gash+1","Leap+1","Coolheaded+1","Leap+1","Violence","Glacier","FTL","Aggregate"],"relics":["Cracked Core","NeowsBlessing","Symbiotic Virus","Golden Idol","Kunai","HornCleat","InkBottle","Darkstone Periapt","Empty Cage","Shuriken","War Paint","Coffee Dripper","Thread and Needle","Bronze Scales","StoneCalendar"],"acts_visited":["Exordium","TheCity","TheBeyond"],"potions_floor_usage":[50,50],"damage_taken":[{"damage":0.0,"enemies":"2 Louse","floor":1.0,"turns":1.0},{"damage":0.0,"enemies":"Gremlin Nob","floor":6.0,"turns":1.0},{"damage":0.0,"enemies":"3 Sentries","floor":10.0,"turns":1.0},{"damage":21.0,"enemies":"Lagavulin","floor":14.0,"turns":5.0},{"damage":11.0,"enemies":"Slime Boss","floor":16.0,"turns":6.0},{"damage":0.0,"enemies":"2 Thieves","floor":18.0,"turns":3.0},{"damage":12.0,"enemies":"Chosen","floor":19.0,"turns":3.0},{"damage":16.0,"enemies":"Snake Plant","floor":21.0,"turns":4.0},{"damage":11.0,"enemies":"Centurion and Healer","floor":22.0,"turns":6.0},{"damage":7.0,"enemies":"Snecko","floor":24.0,"turns":5.0},{"damage":13.0,"enemies":"3 Cultists","floor":25.0,"turns":5.0},{"damage":1.0,"enemies":"Cultist and Chosen","floor":27.0,"turns":5.0},{"damage":12.0,"enemies":"Chosen and Byrds","floor":29.0,"turns":6.0},{"damage":22.0,"enemies":"Slavers","floor":31.0,"turns":4.0},{"damage":41.0,"enemies":"Collector","floor":33.0,"turns":13.0},{"damage":8.0,"enemies":"3 Darklings","floor":35.0,"turns":5.0},{"damage":10.0,"enemies":"Mind Bloom Boss Battle","floor":37.0,"turns":6.0},{"damage":8.0,"enemies":"Orb Walker","floor":38.0,"turns":4.0},{"damage":11.0,"enemies":"Giant Head","floor":40.0,"turns":8.0},{"damage":0.0,"enemies":"Transient","floor":44.0,"turns":5.0},{"damage":0.0,"enemies":"Maw","floor":46.0,"turns":7.0},{"damage":15,"enemies":"Donu and Deca","floor":50,"turns":8}],"seed_played":"-2949799843978007833","potions_obtained":[{"floor":6.0,"key":"PowerPotion"},{"floor":10.0,"key":"SneckoOil"},{"floor":22.0,"key":"Block Potion"},{"floor":25.0,"key":"EntropicBrew"},{"floor":29.0,"key":"Block Potion"},{"floor":31.0,"key":"Explosive Potion"},{"floor":37.0,"key":"LiquidMemories"},{"floor":38.0,"key":"FearPotion"},{"floor":40.0,"key":"Fire Potion"}],"is_trial":false,"path_per_floor":["M","?","?","?","?","E","$","R","T","E","R","?","R","E","R","B",null,"M","M","$","M","M","R","M","M","T","M","R","M","R","E","R","B",null,"M","?","?","M","?","E","R","?","T","M","$","M","?","$","R","B",null],"character_chosen":"DEFECT","items_purchased":["AttackPotion","Shuriken","Hologram","Fire Potion","Violence","Glacier","SpeedPotion","Aggregate"],"campfire_rested":5,"item_purchase_floors":[7,20,20,20,45,45,45,48],"current_hp_per_floor":[68,68,68,61,43,43,43,43,43,43,43,43,65,44,44,33,65,65,53,53,37,26,48,41,28,28,27,49,37,59,37,59,18,61,53,53,43,35,35,24,24,24,24,24,24,24,24,24,24,9],"gold":50,"neow_bonus":"THREE_ENEMY_KILL","is_daily":false,"chose_seed":false,"campfire_upgraded":5,"win_rate":0.0,"timestamp":1611225877,"path_taken":["M","?","?","?","?","E","?","R","T","E","R","?","R","E","R","BOSS","M","?","$","M","M","R","M","M","T","M","R","M","R","E","R","BOSS","M","?","?","?","?","E","R","?","T","?","$","M","?","?","R","BOSS"],"items_purchased_type":["Potion","Relic","Card","Potion","Card","Card","Potion","Card"],"build_version":"2020-12-22","purchased_purges":1,"victory":true,"max_hp_per_floor":[75,75,75,75,75,75,75,75,75,75,75,75,75,75,75,75,75,75,75,75,75,75,75,75,75,75,75,75,75,75,75,75,75,75,75,75,75,75,75,75,75,75,75,75,75,75,75,75,75,75],"card_choices":[{"not_picked":["Steam","Aggregate"],"picked":"Rebound","floor":1.0},{"not_picked":["Skim","Blizzard"],"picked":"Beam Cell","floor":6.0},{"not_picked":["Chill","Stack"],"picked":"Hologram","floor":10.0},{"not_picked":["Barrage","Consume"],"picked":"Gash","floor":14.0},{"not_picked":["Multi-Cast","Amplify"],"picked":"Machine Learning","floor":16.0},{"not_picked":["Compile Driver","Static Discharge"],"picked":"Loop","floor":18.0},{"not_picked":["Chaos+1","BootSequence+1"],"picked":"White Noise+1","floor":19.0},{"not_picked":["Chill","Sweeping Beam"],"picked":"Leap+1","floor":21.0},{"not_picked":["Barrage","Storm"],"picked":"Loop","floor":22.0},{"not_picked":["Rip and Tear","Conserve Battery","Leap"],"picked":"SKIP","floor":24.0},{"not_picked":["Steam","Barrage+1"],"picked":"Defragment","floor":25.0},{"not_picked":["Cold Snap+1","White Noise"],"picked":"Double Energy","floor":27.0},{"not_picked":["Lockon","Beam Cell","Ball Lightning"],"picked":"SKIP","floor":29.0},{"not_picked":["Fusion","Thunder Strike","Hologram"],"picked":"SKIP","floor":31.0},{"not_picked":["Electrodynamics","Buffer"],"picked":"Seek","floor":33.0},{"not_picked":["Beam Cell+1","Aggregate"],"picked":"Gash+1","floor":35.0},{"not_picked":["Fission","Steam"],"picked":"Leap+1","floor":37.0},{"not_picked":["Compile Driver+1","Lockon"],"picked":"Coolheaded","floor":38.0},{"not_picked":["Streamline+1","Beam Cell+1","Steam"],"picked":"SKIP","floor":40.0},{"not_picked":["Darkness","Rip and Tear+1"],"picked":"Leap+1","floor":44.0},{"not_picked":["Hyperbeam","Coolheaded"],"picked":"FTL","floor":46.0}],"player_experience":161984,"relics_obtained":[{"floor":6.0,"key":"Kunai"},{"floor":9.0,"key":"HornCleat"},{"floor":10.0,"key":"InkBottle"},{"floor":14.0,"key":"Darkstone Periapt"},{"floor":31.0,"key":"War Paint"},{"floor":37.0,"key":"Thread and Needle"},{"floor":40.0,"key":"Bronze Scales"},{"floor":43.0,"key":"StoneCalendar"}],"event_choices":[{"cards_removed":["Strike_B"],"damage_healed":0.0,"max_hp_gain":0.0,"max_hp_loss":0.0,"gold_gain":0.0,"event_name":"Living Wall","player_choice":"Forget","floor":2.0,"gold_loss":0.0,"damage_taken":0.0},{"damage_healed":0.0,"max_hp_gain":0.0,"max_hp_loss":0.0,"gold_gain":0.0,"event_name":"Big Fish","player_choice":"Box","floor":3.0,"gold_loss":0.0,"damage_taken":0.0,"relics_obtained":["Symbiotic Virus"],"cards_obtained":["Regret"]},{"cards_removed":["Regret"],"damage_healed":0.0,"max_hp_gain":0.0,"max_hp_loss":0.0,"gold_gain":0.0,"event_name":"Golden Wing","player_choice":"Card Removal","floor":4.0,"gold_loss":0.0,"damage_taken":7.0},{"damage_healed":0.0,"max_hp_gain":0.0,"max_hp_loss":0.0,"gold_gain":0.0,"event_name":"Golden Idol","player_choice":"Take Damage","floor":5.0,"gold_loss":0.0,"damage_taken":18.0,"relics_obtained":["Golden Idol"]},{"damage_healed":0.0,"max_hp_gain":0.0,"max_hp_loss":0.0,"gold_gain":0.0,"event_name":"The Woman in Blue","player_choice":"Bought 0 Potions","floor":12.0,"gold_loss":0.0,"damage_taken":0.0},{"damage_healed":0.0,"max_hp_gain":0.0,"max_hp_loss":0.0,"gold_gain":0.0,"event_name":"Mysterious Sphere","player_choice":"Ignored","floor":36.0,"gold_loss":0.0,"damage_taken":0.0},{"damage_healed":0.0,"max_hp_gain":0.0,"max_hp_loss":0.0,"gold_gain":0.0,"event_name":"MindBloom","player_choice":"Fight","floor":37.0,"gold_loss":0.0,"damage_taken":0.0},{"damage_healed":0.0,"max_hp_gain":0.0,"max_hp_loss":0.0,"gold_gain":0.0,"event_name":"Tomb of Lord Red Mask","player_choice":"Ignored","floor":39.0,"gold_loss":0.0,"damage_taken":0.0},{"damage_healed":0.0,"max_hp_gain":0.0,"max_hp_loss":0.0,"gold_gain":0.0,"event_name":"SecretPortal","player_choice":"Ignored","floor":42.0,"gold_loss":0.0,"damage_taken":0.0},{"cards_removed":["Loop"],"damage_healed":0.0,"max_hp_gain":0.0,"max_hp_loss":0.0,"gold_gain":0.0,"event_name":"Falling","player_choice":"Removed Power","floor":47.0,"gold_loss":0.0,"damage_taken":0.0}],"is_beta":false,"boss_relics":[{"not_picked":["Astrolabe","Busted Crown"],"picked":"Empty Cage"},{"not_picked":["Tiny House","Snecko Eye"],"picked":"Coffee Dripper"}],"items_purged_floors":[45],"is_endless":false,"potions_floor_spawned":[6,10,22,25,27,29,31,37,38,40,46],"ascension_level":7}}