{"host":"wvaiab5ya9pyia0u","time":1611229640,"event":{"mods":["2.2 Compatiblity","Act Like it!","Alarm Clock","Aspiration","Bard","BaseMod","Bestiary","Better Vampires","BetterRewards","Block Reminder","Challenge The Spire","Colored Map","Colored Powertips","Conspire","Curses Come First","Custom Start","Dark Map","DeckTracker","Dio Mod","Filter the Spire","Fox Events","Hermit","Highlight Path","Hubris","Humility","Infinite Spire","Lobotomy","Mimic Mod","Minty Spire (QoL Compilation)","Pale of the Ancients","Poor People Problems","Practice Mode","Quarter Circle Forward PUNCH!","Quick Restart","Rare Cards Sparkle","Relic Sorter","Relic Stats","Replay The Spire","Reworked Bosses","SacredBarkPlus","Shop Mod","Small Relic Pack","Spicy Shops","Spire Arcade","StS++","StSLib","The Blue Laboratory","The Construct","The Cursed","The Disciple","The Factory","The Hierophant","The Jungle","The Marked","The Mystic","The Runesmith","The Servant 0.9.4","TheBandit","Thieving Mod","Wandering Minibosses","everything is the same but u backflip on backflip","slay the spire mod where everything is the same but ironclad has a cowboy hat"],"gold_per_floor":[112,131,148,128,139,170,189,208,245,245,245,279,318,268,268,268,268],"floor_reached":16,"language":"ENG","playtime":1069,"items_purged":[],"score":162,"play_id":"70103537-fc1f-4550-967d-7c0d078f06ab","local_time":"20210121124720","is_ascension_mode":false,"campfire_choices":[{"floor":11.0,"key":"REST"},{"floor":15.0,"key":"REST"}],"circlet_count":0,"master_deck":["hermit:Strike_Hermit","hermit:Strike_Hermit","hermit:Strike_Hermit","hermit:Defend_Hermit","hermit:Defend_Hermit","hermit:Defend_Hermit","hermit:Snapshot","hermit:Covet","hermit:Vantage","hermit:Determination+1","ReplayTheSpireMod:Splinters","hermit:Showdown","hermit:EyeOfTheStorm","hermit:ShadowCloak","hermit:Manifest","hermit:Horror","hermit:ShadowCloak+1","hermit:FinalCanter","hermit:Feint","hermit:Glare","hermit:ShadowCloak"],"relics":["hermit:Momento","Tiny Chest","ReplayTheSpireMod:CursedCoin","OrangePellets","Akabeko","Onion Ring","Du-Vu Doll","Meat on the Bone"],"acts_visited":["Exordium"],"potions_floor_usage":[],"damage_taken":[{"damage":5.0,"enemies":"Jaw Worm","floor":1.0,"turns":4.0},{"damage":0.0,"enemies":"Cultist","floor":2.0,"turns":4.0},{"damage":0.0,"enemies":"Small Slimes","floor":3.0,"turns":3.0},{"damage":6.0,"enemies":"3 Louse","floor":5.0,"turns":4.0},{"damage":4.0,"enemies":"Replay:BlueRogue","floor":6.0,"turns":7.0},{"damage":18.0,"enemies":"Gremlin Gang","floor":7.0,"turns":7.0},{"damage":10.0,"enemies":"Looter","floor":8.0,"turns":3.0},{"damage":2.0,"enemies":"Large Slime","floor":9.0,"turns":14.0},{"damage":3.0,"enemies":"Lagavulin","floor":12.0,"turns":5.0},{"damage":18.0,"enemies":"Large Slime","floor":13.0,"turns":10.0},{"damage":33,"enemies":"Hexaghost","floor":16,"turns":7}],"seed_played":"4407865748326600486","potions_obtained":[{"floor":2.0,"key":"Strength Potion"},{"floor":3.0,"key":"EntropicBrew"},{"floor":4.0,"key":"hermit:BlackBile"}],"is_trial":false,"path_per_floor":["M","M","M","?","M","E","M","M","MIM","?","R","E","MIM","?","R","B"],"character_chosen":"HERMIT","items_purchased":["hermit:Vantage","hermit:Determination+1","Tiny Chest","ReplayTheSpireMod:CursedCoin","OrangePellets","hermit:EyeOfTheStorm"],"campfire_rested":2,"item_purchase_floors":[0,0,0,0,0,0],"current_hp_per_floor":[48,48,48,48,42,38,20,10,8,8,30,27,9,9,31,0,0],"gold":268,"neow_bonus":"","is_daily":false,"chose_seed":false,"campfire_upgraded":0,"win_rate":0.0,"timestamp":1611229640,"path_taken":["M","M","M","?","M","E","?","M","MIM","?","R","E","?","?","R","BOSS"],"items_purchased_type":["Card","Card","Relic","Relic","Relic","Card"],"build_version":"2020-12-22","purchased_purges":0,"victory":false,"max_hp_per_floor":[75,75,75,75,75,75,75,75,75,75,75,75,75,75,75,75,75],"relic_stats":{"OrangePellets":[0],"counters":[33,165],"Tiny Chest":1,"obtain_stats":[{"Potion Belt":28,"aspiration:Lifesprig":17,"Lantern":25,"ReplayTheSpireMod:CursedCoin":0,"Vajra":26,"conspire:SpecialSausage":0,"wanderingMiniBosses:MasterThiefsPresence":31,"Akabeko":0,"Calling Bell":17,"Du-Vu Doll":12,"OrangePellets":0,"hubris:Icosahedron":19,"infinitespire:Lychee Nut":17,"hubris:ScarierMask":34,"Tiny Chest":0,"Onion Ring":6,"Bag of Marbles":9,"infinitespire:EmpoweringShard":12,"Replay:Bottled Flurry":17,"Necronomicon":27,"hermit:Momento":0,"Meat on the Bone":13},{"Potion Belt":18,"aspiration:Lifesprig":13,"Lantern":18,"ReplayTheSpireMod:CursedCoin":22,"Vajra":18,"conspire:SpecialSausage":0,"wanderingMiniBosses:MasterThiefsPresence":19,"Akabeko":22,"Calling Bell":13,"Du-Vu Doll":31,"OrangePellets":22,"hubris:Icosahedron":14,"infinitespire:Lychee Nut":13,"hubris:ScarierMask":20,"Tiny Chest":22,"Onion Ring":27,"Bag of Marbles":7,"infinitespire:EmpoweringShard":10,"Replay:Bottled Flurry":13,"Necronomicon":18,"hermit:Momento":0,"Meat on the Bone":32},{"Potion Belt":72,"aspiration:Lifesprig":52,"Lantern":72,"ReplayTheSpireMod:CursedCoin":97,"Vajra":72,"conspire:SpecialSausage":0,"wanderingMiniBosses:MasterThiefsPresence":76,"Akabeko":97,"Calling Bell":52,"Du-Vu Doll":148,"OrangePellets":97,"hubris:Icosahedron":55,"infinitespire:Lychee Nut":52,"hubris:ScarierMask":83,"Tiny Chest":97,"Onion Ring":119,"Bag of Marbles":24,"infinitespire:EmpoweringShard":36,"Replay:Bottled Flurry":52,"Necronomicon":72,"hermit:Momento":0,"Meat on the Bone":158}],"Meat on the Bone":0},"card_choices":[{"not_picked":["hermit:Quickdraw","hermit:Vantage","hermit:Roulette"],"picked":"SKIP","floor":1.0},{"not_picked":["hermit:Malice","hermit:Headshot"],"picked":"hermit:ShadowCloak","floor":2.0},{"not_picked":["hermit:ShadowCloak","hermit:SprayPray"],"picked":"hermit:Manifest","floor":3.0},{"not_picked":["hermit:Roulette","hermit:Showdown"],"picked":"hermit:Horror","floor":5.0},{"not_picked":["hermit:HighCaliber","hermit:Desperado"],"picked":"hermit:ShadowCloak","floor":6.0},{"not_picked":["hermit:TakeAim","hermit:Feint"],"picked":"hermit:FinalCanter","floor":7.0},{"not_picked":["hermit:Cheat","hermit:Coalescence","hermit:Desperado"],"picked":"SKIP","floor":8.0},{"not_picked":["hermit:Coalescence","hermit:TakeAim"],"picked":"hermit:Feint","floor":9.0},{"not_picked":["hermit:Desperado","hermit:DeadMansHand"],"picked":"hermit:Glare","floor":12.0},{"not_picked":["hermit:Ricochet","hermit:Malice"],"picked":"hermit:ShadowCloak","floor":13.0}],"player_experience":260625,"relics_obtained":[{"floor":6.0,"key":"Onion Ring"},{"floor":12.0,"key":"Du-Vu Doll"},{"floor":13.0,"key":"Meat on the Bone"}],"event_choices":[{"damage_healed":0.0,"max_hp_gain":0.0,"max_hp_loss":0.0,"gold_gain":0.0,"event_name":"The Woman in Blue","player_choice":"Bought 1 Potion","floor":4.0,"gold_loss":0.0,"damage_taken":0.0},{"damage_healed":0.0,"max_hp_gain":0.0,"max_hp_loss":0.0,"gold_gain":0.0,"event_name":"Accursed Blacksmith","player_choice":"Forge","floor":10.0,"gold_loss":0.0,"damage_taken":0.0,"cards_upgraded":["hermit:ShadowCloak"]},{"cards_removed":["hermit:Strike_Hermit"],"damage_healed":0.0,"max_hp_gain":0.0,"max_hp_loss":0.0,"gold_gain":0.0,"event_name":"The Cleric","player_choice":"Card Removal","floor":14.0,"gold_loss":50.0,"damage_taken":0.0}],"is_beta":false,"boss_relics":[],"items_purged_floors":[],"is_endless":false,"potions_floor_spawned":[2,3,5],"killed_by":"Hexaghost","ascension_level":0}}