{"host":"qik6c64y69p9jmph","time":1611203612,"event":{"mods":["AchievementEnabler","BaseMod","Highlight Path","Minty Spire (QoL Compilation)","Quick Restart","StSLib","Synergy Search"],"gold_per_floor":[119,294,314,45,58,107,107,107,107,107,117,82,82,147,147,250,250,290,301,341,341,341,341],"floor_reached":22,"language":"ENG","playtime":908,"items_purged":["Doubt"],"score":243,"play_id":"c5d60ab4-ba39-4a1e-9be9-78b9301bfa48","local_time":"20210120233332","is_ascension_mode":true,"campfire_choices":[{"floor":7,"key":"REST"},{"floor":10,"key":"REST"},{"data":"Eruption","floor":13,"key":"SMITH"},{"data":"HandOfGreed","floor":15,"key":"SMITH"}],"circlet_count":0,"master_deck":["Strike_P","Strike_P","Strike_P","Strike_P","Defend_P","Defend_P","Defend_P","Defend_P","Eruption+1","Vigilance","Judgement","Adaptation","Wireheading","HandOfGreed+1","ThirdEye","CutThroughFate+1","DeceiveReality","Protect","DevaForm","PathToVictory","BowlingBash+1"],"relics":["PureWater","Molten Egg 2","Shuriken","Eternal Feather","Cursed Key"],"acts_visited":["Exordium","TheCity"],"potions_floor_usage":[14,16,19],"damage_taken":[{"damage":2,"enemies":"Jaw Worm","floor":1,"turns":4},{"damage":0,"enemies":"2 Louse","floor":3,"turns":1},{"damage":0,"enemies":"Cultist","floor":5,"turns":2},{"damage":63,"enemies":"Lagavulin","floor":6,"turns":6},{"damage":0,"enemies":"Looter","floor":11,"turns":2},{"damage":3,"enemies":"3 Sentries","floor":14,"turns":5},{"damage":48,"enemies":"Hexaghost","floor":16,"turns":9},{"damage":6,"enemies":"3 Byrds","floor":18,"turns":5},{"damage":27,"enemies":"2 Thieves","floor":19,"turns":3},{"damage":48,"enemies":"Centurion and Healer","floor":20,"turns":8},{"damage":32,"enemies":"Snecko","floor":22,"turns":3}],"seed_played":"5637324712627392503","potions_obtained":[{"floor":6,"key":"FairyPotion"},{"floor":11,"key":"Explosive Potion"},{"floor":14,"key":"Energy Potion"},{"floor":16,"key":"GamblersBrew"}],"is_trial":false,"path_per_floor":["M","?","M","$","M","E","R","?","T","R","M","?","R","E","R","B",null,"M","M","M","?","M"],"character_chosen":"WATCHER","items_purchased":["HandOfGreed"],"campfire_rested":2,"item_purchase_floors":[4],"current_hp_per_floor":[70,70,70,70,70,7,28,28,28,49,49,67,67,64,72,24,60,54,27,6,6,0,0],"gold":341,"neow_bonus":"ONE_RANDOM_RARE_CARD","is_daily":false,"chose_seed":false,"campfire_upgraded":2,"win_rate":0.0,"timestamp":1611203612,"path_taken":["M","?","M","$","M","E","R","?","T","R","?","?","R","E","R","BOSS","M","M","M","?","?"],"items_purchased_type":["Card"],"build_version":"2020-12-22","purchased_purges":1,"victory":false,"max_hp_per_floor":[72,72,72,72,72,72,72,72,72,72,72,72,72,72,72,72,72,72,72,72,72,72,72],"card_choices":[{"not_picked":["Prostrate","Evaluate"],"picked":"Adaptation","floor":1},{"not_picked":["EmptyFist","CutThroughFate"],"picked":"Wireheading","floor":3},{"not_picked":["Crescendo","EmptyFist"],"picked":"ThirdEye","floor":5},{"not_picked":["Pray","JustLucky+1"],"picked":"CutThroughFate+1","floor":6},{"not_picked":["Halt","WheelKick+1"],"picked":"DeceiveReality","floor":11},{"not_picked":["Tantrum+1","CrushJoints+1"],"picked":"Protect","floor":14},{"not_picked":["Omniscience","ConjureBlade"],"picked":"DevaForm","floor":16},{"not_picked":["JustLucky+1","CrushJoints+1"],"picked":"PathToVictory","floor":18},{"not_picked":["JustLucky+1","Indignation","EmptyMind"],"picked":"SKIP","floor":19},{"not_picked":["EmptyMind","CutThroughFate+1"],"picked":"BowlingBash+1","floor":20}],"player_experience":530211,"relics_obtained":[{"floor":6,"key":"Molten Egg 2"},{"floor":9,"key":"Shuriken"},{"floor":14,"key":"Eternal Feather"}],"event_choices":[{"damage_healed":0,"gold_gain":175,"player_choice":"AGREE","damage_taken":0,"max_hp_gain":0,"max_hp_loss":0,"event_name":"Liars Game","floor":2,"gold_loss":0,"cards_obtained":["Doubt"]},{"damage_healed":0,"gold_gain":0,"player_choice":"Bought 0 Potions","damage_taken":0,"max_hp_gain":0,"max_hp_loss":0,"event_name":"The Woman in Blue","floor":8,"gold_loss":0},{"damage_healed":18,"gold_gain":0,"player_choice":"Healed","damage_taken":0,"max_hp_gain":0,"max_hp_loss":0,"event_name":"The Cleric","floor":12,"gold_loss":35},{"damage_healed":0,"gold_gain":0,"player_choice":"0 cards matched","damage_taken":0,"max_hp_gain":0,"max_hp_loss":0,"event_name":"Match and Keep!","floor":21,"gold_loss":0,"cards_obtained":[]}],"is_beta":false,"boss_relics":[{"not_picked":["Black Star","Coffee Dripper"],"picked":"Cursed Key"}],"items_purged_floors":[4],"is_endless":false,"potions_floor_spawned":[6,11,14,16],"killed_by":"Snecko","ascension_level":5}}