{"host":"4myl0piycjadqnwl","time":1611200052,"event":{"mods":["BaseMod","Colored Map","Downfall","Minty Spire (QoL Compilation)","StSLib"],"gold_per_floor":[99,119,133,145,245,258,305,66,66,94,94,105,117,132,147,251,251,251,270,283,283,283,298,323,323,12,12,44,70,270,280,294,398,398,98,118,136,152,152,177,203,237,250,250,284,284,191,206,218,218,218,253,12,12,12,12],"floor_reached":57,"language":"ENG","playtime":5981,"items_purged":["bronze:Strike","bronze:Defend","bronze:Defend"],"score":1368,"play_id":"e4a19675-f145-47bb-907d-1a9e617a48df","local_time":"20210121043412","is_ascension_mode":true,"campfire_choices":[{"data":"bronze:SpaghettiCode","floor":1.0,"key":"SMITH"},{"data":"bronze:Format","floor":11.0,"key":"SMITH"},{"floor":18.0,"key":"RECALL"},{"data":"bronze:CloningBeam","floor":27.0,"key":"SMITH"},{"data":"bronze:HardenedForm","floor":35.0,"key":"SMITH"},{"data":"bronze:HardenedForm","floor":46.0,"key":"SMITH"},{"floor":54,"key":"REST"}],"circlet_count":0,"master_deck":["bronze:Strike","bronze:Strike","bronze:Defend+1","bronze:Defend","bronze:Replicate","bronze:Goto","bronze:SpaghettiCode+1","bronze:Frontload","bronze:Boost","bronze:DelayedGuard","bronze:Separator+1","bronze:Shell","bronze:Format+1","bronze:Separator+1","bronze:Separator","bronze:FollowUp","bronze:HardenedForm+1","bronze:Constructor","bronze:RecursiveStrike","bronze:Frontload+1","bronze:Invalidate+1","bronze:DelayedGuard+1","bronze:DigitalCarnage+1","bronze:CloningBeam+1","bronze:Backtrace+1","bronze:CleanCode","bronze:Break","bronze:ItsAFeature+1","bronze:BronzeOrb+1","bronze:Constructor+1","bronze:HardenedForm+1","bronze:Terminator+1","bronze:ClassDefault","bronze:Refactor","bronze:CloningBeam","Madness","bronze:Optimize"],"relics":["bronze:PlatinumCore","Omamori","Guardian:BottledAnomaly","Guardian:PocketSentry","SlaversCollar","Membership Card","Bag of Marbles","Red Mask","Pen Nib","downfall:HeartBlessingRed","downfall:HeartBlessingGreen","downfall:HeartBlessingBlue","Potion Belt","Orichalcum","Boot","Mercury Hourglass","Bottled Lightning","Lee\u0027s Waffle","Vajra","Strawberry","OrangePellets"],"acts_visited":["Exordium","TheCity","TheBeyond","TheEnding"],"potions_floor_usage":[50,50,56,56],"damage_taken":[{"damage":4.0,"enemies":"Cultist","floor":2.0,"turns":2.0},{"damage":4.0,"enemies":"Small Slimes","floor":3.0,"turns":1.0},{"damage":0.0,"enemies":"Jaw Worm","floor":4.0,"turns":2.0},{"damage":35.0,"enemies":"downfall:Heads","floor":5.0,"turns":8.0},{"damage":0.0,"enemies":"Red Slaver","floor":6.0,"turns":2.0},{"damage":0.0,"enemies":"downfall:FleeingMerchant","floor":8.0,"turns":4.0},{"damage":6.0,"enemies":"Lagavulin","floor":10.0,"turns":7.0},{"damage":3.0,"enemies":"2 Fungi Beasts","floor":12.0,"turns":2.0},{"damage":0.0,"enemies":"3 Louse","floor":13.0,"turns":3.0},{"damage":0.0,"enemies":"Red Slaver","floor":14.0,"turns":3.0},{"damage":9.0,"enemies":"Blue Slaver","floor":15.0,"turns":3.0},{"damage":4.0,"enemies":"WA_ARCHETYPE_RETAIN","floor":16.0,"turns":7.0},{"damage":0.0,"enemies":"Spheric Guardian","floor":19.0,"turns":3.0},{"damage":0.0,"enemies":"Chosen","floor":20.0,"turns":4.0},{"damage":6.0,"enemies":"Snake Plant","floor":23.0,"turns":2.0},{"damage":0.0,"enemies":"downfall:FleeingMerchant","floor":26.0,"turns":4.0},{"damage":8.0,"enemies":"Masked Bandits","floor":28.0,"turns":4.0},{"damage":11.0,"enemies":"Slavers","floor":29.0,"turns":4.0},{"damage":0.0,"enemies":"Centurion and Healer","floor":31.0,"turns":4.0},{"damage":0.0,"enemies":"Cultist and Chosen","floor":32.0,"turns":5.0},{"damage":1.0,"enemies":"DF_ARCHETYPE_CLAW","floor":33.0,"turns":4.0},{"damage":7.0,"enemies":"Orb Walker","floor":36.0,"turns":2.0},{"damage":14.0,"enemies":"3 Darklings","floor":37.0,"turns":3.0},{"damage":0.0,"enemies":"Transient","floor":38.0,"turns":5.0},{"damage":0.0,"enemies":"Nemesis","floor":40.0,"turns":3.0},{"damage":16.0,"enemies":"Reptomancer","floor":42.0,"turns":3.0},{"damage":2.0,"enemies":"Spire Growth","floor":43.0,"turns":2.0},{"damage":0.0,"enemies":"Giant Head","floor":45.0,"turns":5.0},{"damage":0.0,"enemies":"downfall:FleeingMerchant","floor":47.0,"turns":3.0},{"damage":14.0,"enemies":"Maw","floor":48.0,"turns":7.0},{"damage":0.0,"enemies":"3 Darklings","floor":49.0,"turns":2.0},{"damage":41,"enemies":"IC_BLOCK_ARCHETYPE","floor":50,"turns":13},{"damage":65,"enemies":"downfall:CharBossMerchant","floor":52,"turns":7},{"damage":31,"enemies":"downfall:NeowBoss","floor":55,"turns":15},{"damage":18,"enemies":"downfall:NeowBossFinal","floor":56,"turns":11}],"seed_played":"83396491283222319","potions_obtained":[{"floor":6.0,"key":"FearPotion"},{"floor":10.0,"key":"bronze:FreeFunctionsPotion"},{"floor":12.0,"key":"bronze:BurnAndBuffPotion"},{"floor":33.0,"key":"bronze:BurnAndBuffPotion"},{"floor":38.0,"key":"FearPotion"},{"floor":42.0,"key":"SpeedPotion"},{"floor":49.0,"key":"Block Potion"}],"is_trial":false,"path_per_floor":["R","M","M","M","?","M","T","$","?","E","R","M","M","M","M","B",null,"R","M","M","?","?","M","T","?","$","R","?","E","?","M","M","B",null,"R","M","M","M","?","E","T","E","M","?","E","R","$","M","M","B",null,"E","$","R","B","B",null],"character_chosen":"THE_AUTOMATON","items_purchased":["Guardian:BottledAnomaly","bronze:Format","Membership Card","bronze:CloningBeam","Bag of Marbles","Bottled Lightning","Lee\u0027s Waffle","bronze:ClassDefault","Vajra","LiquidMemories","bronze:Refactor","OrangePellets","Madness","bronze:Optimize","bronze:FreeFunctionsPotion"],"campfire_rested":1,"item_purchase_floors":[8,8,26,26,26,47,47,47,47,47,47,53,53,53,53],"current_hp_per_floor":[70,66,62,62,27,27,27,27,27,21,21,18,18,18,9,5,70,70,70,70,70,62,56,56,56,56,56,48,37,37,37,37,36,70,80,73,59,59,59,59,59,43,41,41,41,41,87,73,73,32,87,29,29,57,26,8],"gold":12,"neow_bonus":"ONE_RANDOM_RARE_CARD","is_daily":false,"chose_seed":false,"campfire_upgraded":5,"win_rate":0.0,"timestamp":1611200052,"path_taken":["R","M","?","M","?","M","T","$","?","E","R","M","M","?","M","BOSS","R","M","M","?","?","?","T","?","$","R","?","E","?","?","M","BOSS","R","M","M","M","?","E","T","E","M","?","E","R","$","?","M","BOSS","E","$","R","BOSS","BOSS"],"items_purchased_type":["Relic","Card","Relic","Card","Relic","Relic","Relic","Card","Relic","Potion","Card","Relic","Card","Card","Potion"],"build_version":"2020-12-22","purchased_purges":3,"victory":true,"max_hp_per_floor":[70,70,70,70,70,70,70,70,70,70,70,70,70,70,70,70,70,70,70,70,70,70,70,70,70,70,70,70,70,70,70,70,70,70,80,80,80,80,80,80,80,80,80,80,80,80,87,87,87,87,87,94,94,94,94,94],"card_choices":[{"not_picked":["bronze:FineTuning","bronze:Iterate"],"picked":"bronze:Frontload","floor":2.0},{"not_picked":["bronze:ForceShield","bronze:BitShift"],"picked":"bronze:Boost","floor":3.0},{"not_picked":["bronze:HyperBeam","bronze:DelayedSlice"],"picked":"bronze:DelayedGuard","floor":4.0},{"not_picked":["bronze:Iterate","bronze:Turbo"],"picked":"bronze:Separator","floor":5.0},{"not_picked":["bronze:Philosophize","bronze:WildBeam"],"picked":"bronze:Shell","floor":6.0},{"not_picked":["bronze:Shield","bronze:OilSpill","bronze:CutThrough"],"picked":"SKIP","floor":8.0},{"not_picked":["bronze:Invalidate","bronze:Deprecate"],"picked":"bronze:Separator","floor":10.0},{"not_picked":["bronze:Overload","bronze:BitShift"],"picked":"bronze:Separator","floor":12.0},{"not_picked":["bronze:Overheat","bronze:Overload"],"picked":"bronze:FollowUp","floor":13.0},{"not_picked":["bronze:BitShift","bronze:Repulsor"],"picked":"bronze:HardenedForm","floor":14.0},{"not_picked":["bronze:Turbo","bronze:ItsAFeature"],"picked":"bronze:Constructor","floor":15.0},{"not_picked":["bronze:ThunderWave","bronze:InfiniteLoop"],"picked":"bronze:RecursiveStrike","floor":16.0},{"not_picked":["bronze:FineTuning","bronze:Constructor"],"picked":"bronze:Frontload+1","floor":19.0},{"not_picked":["bronze:NullPointer","bronze:SpaghettiCode"],"picked":"bronze:Invalidate+1","floor":20.0},{"not_picked":["bronze:Turbo+1","bronze:Frontload"],"picked":"bronze:DelayedGuard+1","floor":23.0},{"not_picked":["bronze:Iterate","bronze:Deprecate"],"picked":"bronze:DigitalCarnage+1","floor":26.0},{"not_picked":["bronze:BitShift","bronze:Invalidate"],"picked":"bronze:Backtrace+1","floor":28.0},{"not_picked":["bronze:Shell","bronze:DigitalCarnage"],"picked":"bronze:CleanCode","floor":29.0},{"not_picked":["bronze:Overheat+1","bronze:ItsAFeature","bronze:WhirlingStrike"],"picked":"SKIP","floor":31.0},{"not_picked":["bronze:BugBarrage","bronze:Branch","bronze:Overheat"],"picked":"SKIP","floor":32.0},{"not_picked":["bronze:FindAndReplace","bronze:Mutator"],"picked":"bronze:Break","floor":33.0},{"not_picked":["bronze:DelayedSlice","bronze:ItsAFeature","bronze:Overheat"],"picked":"SKIP","floor":36.0},{"not_picked":["bronze:Shield+1","bronze:Separator"],"picked":"bronze:DelayedSlice+1","floor":37.0},{"not_picked":["bronze:BronzeOrb","bronze:DarkDash"],"picked":"bronze:ItsAFeature+1","floor":38.0},{"not_picked":["bronze:BuggyMess","bronze:BronzeArmor"],"picked":"bronze:BronzeOrb+1","floor":40.0},{"not_picked":["bronze:CutThrough+1","bronze:DigitalCarnage","bronze:NullPointer+1"],"picked":"SKIP","floor":42.0},{"not_picked":["bronze:Overload","bronze:BitShift"],"picked":"bronze:Constructor+1","floor":43.0},{"not_picked":["bronze:WildBeam+1","bronze:Virus"],"picked":"bronze:HardenedForm","floor":45.0},{"not_picked":["bronze:FollowUp+1","bronze:ItsAFeature"],"picked":"bronze:Terminator+1","floor":47.0},{"not_picked":["bronze:Branch","bronze:Constructor+1","bronze:FineTuning+1"],"picked":"SKIP","floor":48.0},{"not_picked":["bronze:Iterate+1","bronze:Branch+1","bronze:Frontload"],"picked":"SKIP","floor":49.0},{"not_picked":["bronze:Frontload+1","bronze:WhirlingStrike"],"picked":"bronze:CloningBeam","floor":52}],"player_experience":1445133,"relics_obtained":[{"floor":7.0,"key":"Omamori"},{"floor":10.0,"key":"Guardian:PocketSentry"},{"floor":28.0,"key":"Red Mask"},{"floor":29.0,"key":"Pen Nib"},{"floor":40.0,"key":"Potion Belt"},{"floor":41.0,"key":"Orichalcum"},{"floor":42.0,"key":"Boot"},{"floor":45.0,"key":"Mercury Hourglass"},{"floor":52,"key":"Strawberry"}],"event_choices":[{"damage_healed":0.0,"max_hp_gain":0.0,"max_hp_loss":0.0,"gold_gain":0.0,"event_name":"Ghosts","player_choice":"Ignored","floor":25.0,"gold_loss":0.0,"damage_taken":0.0},{"damage_healed":0.0,"max_hp_gain":0.0,"max_hp_loss":0.0,"gold_gain":0.0,"event_name":"Masked Bandits","player_choice":"Fought Bandits","floor":28.0,"gold_loss":0.0,"damage_taken":0.0},{"cards_removed":["bronze:DelayedSlice"],"damage_healed":0.0,"max_hp_gain":0.0,"max_hp_loss":0.0,"gold_gain":0.0,"event_name":"Falling","player_choice":"Removed Attack","floor":39.0,"gold_loss":0.0,"damage_taken":0.0}],"is_beta":false,"boss_relics":[{"not_picked":["Busted Crown","Philosopher\u0027s Stone"],"picked":"SlaversCollar"},{"not_picked":["SacredBark","Runic Dome"],"picked":"bronze:PlatinumCore"}],"items_purged_floors":[26,47,53],"is_endless":false,"potions_floor_spawned":[6,10,12,13,15,20,32,33,38,42,48,49],"ascension_level":1}}