{"host":"o6rpelx2jpc8yies","time":1611202239,"event":{"mods":["BaseMod","Downfall","Minty Spire (QoL Compilation)","StSLib"],"gold_per_floor":[99,99,119,130,140,40,64,98,112,112,112,112,112],"floor_reached":11,"language":"ENG","playtime":511,"items_purged":[],"score":108,"play_id":"ed352242-9216-4642-8e05-2fadb7115520","local_time":"20210120211039","is_ascension_mode":true,"campfire_choices":[{"floor":1.0,"key":"RECALL"},{"data":"hexamod:ShieldOfDarkness","floor":6.0,"key":"SMITH"}],"circlet_count":0,"master_deck":["hexamod:Strike","hexamod:Strike","hexamod:Defend","hexamod:Defend+1","hexamod:Defend","hexamod:Sear","hexamod:Float+1","hexamod:ShieldOfDarkness+1","hexamod:FastForward","hexamod:FastForward+1","hexamod:PhantomFireball","hexamod:Rewind","hexamod:HexaLevel","downfall:Aged","hexamod:SecondSeal"],"relics":["hexamod:SpiritBrand","downfall:HeartBlessingRed","War Paint","Unceasing Top"],"acts_visited":["Exordium"],"potions_floor_usage":[],"damage_taken":[{"damage":0.0,"enemies":"2 Louse","floor":3.0,"turns":3.0},{"damage":0.0,"enemies":"Small Slimes","floor":4.0,"turns":3.0},{"damage":0.0,"enemies":"Cultist","floor":5.0,"turns":4.0},{"damage":10.0,"enemies":"3 Sentries","floor":8.0,"turns":10.0},{"damage":4.0,"enemies":"Blue Slaver","floor":9.0,"turns":4.0},{"damage":51.0,"enemies":"Gremlin Nob","floor":11.0,"turns":6.0}],"seed_played":"-8407531754229730111","potions_obtained":[{"floor":5.0,"key":"SpeedPotion"},{"floor":9.0,"key":"SmokeBomb"}],"is_trial":false,"path_per_floor":["R","?","M","M","M","R","T","E","M","?","E"],"character_chosen":"THE_SPIRIT","items_purchased":[],"campfire_rested":0,"item_purchase_floors":[],"current_hp_per_floor":[63,68,68,68,68,68,68,58,54,54,3,3,3],"gold":112,"neow_bonus":"UPGRADE_CARD","is_daily":false,"chose_seed":false,"campfire_upgraded":1,"win_rate":0.0,"timestamp":1611202239,"path_taken":["R","?","M","M","M","R","T","E","M","?","E"],"items_purchased_type":[],"build_version":"2020-12-22","purchased_purges":0,"victory":false,"max_hp_per_floor":[70,75,75,75,75,75,75,75,75,75,75,75,75],"card_choices":[{"not_picked":["hexamod:RainOfEmbers","hexamod:HeatCrush"],"picked":"hexamod:ShieldOfDarkness","floor":3.0},{"not_picked":["hexamod:AdvancingGuard","hexamod:Haunt"],"picked":"hexamod:FastForward","floor":4.0},{"not_picked":["hexamod:FlamesFromBeyond","hexamod:ThermalTransfer"],"picked":"hexamod:FastForward","floor":5.0},{"not_picked":["hexamod:FastForward","hexamod:BacktrackSmack"],"picked":"hexamod:PhantomFireball","floor":8.0},{"not_picked":["hexamod:Hexaguard","hexamod:SwordOfDarkness","hexamod:BurningTouch"],"picked":"SKIP","floor":9.0}],"player_experience":1793132,"relics_obtained":[{"floor":7.0,"key":"War Paint"},{"floor":8.0,"key":"Unceasing Top"}],"event_choices":[{"damage_healed":0.0,"max_hp_gain":5.0,"max_hp_loss":0.0,"gold_gain":0.0,"event_name":"Big Fish","player_choice":"Donut","floor":2.0,"gold_loss":0.0,"damage_taken":0.0}],"is_beta":false,"boss_relics":[],"items_purged_floors":[],"is_endless":false,"potions_floor_spawned":[5,9,11],"killed_by":"Gremlin Nob","ascension_level":6}}