{"host":"9kesdg97wkrx2bva","time":1611213690,"event":{"mods":["AchievementEnabler","BaseMod","Colored Map","GifTheSpireLib","Infinite Spire","Minty Spire (QoL Compilation)","Replay The Spire","StSLib"],"gold_per_floor":[116,116,116,41,55,55,30,30,82,100,100,100,124,162,162,283,346,382,382,442,206,206,206,261,304,353,353,353,353,403,479,479,576,576,616,616,616,687,837,837,214,276,350,35,102,102,122,167,167,287],"floor_reached":51,"language":"ENG","playtime":1948,"items_purged":["Defend_G","Strike_G","Strike_G","Slice","Injury","Slice"],"score":1380,"play_id":"dde31718-9bde-4c37-a006-3c23974ba3fb","local_time":"20210121012130","is_ascension_mode":true,"campfire_choices":[{"data":"Neutralize","floor":6,"key":"SMITH"},{"data":"Prepared","floor":8,"key":"SMITH"},{"data":"Dagger Spray","floor":11,"key":"SMITH"},{"floor":15,"key":"REST"},{"data":"ReplayTheSpireMod:Scrap Shanks","floor":23,"key":"SMITH"},{"data":"Corpse Explosion","floor":27,"key":"SMITH"},{"data":"ReplayTheSpireMod:Shiv Toss","floor":32,"key":"SMITH"},{"data":"Madness","floor":40,"key":"SMITH"},{"data":"Noxious Fumes","floor":46,"key":"SMITH"},{"data":"Madness","floor":49,"key":"SMITH"}],"circlet_count":0,"master_deck":["AscendersBane","Strike_G+1","Strike_G+1","Defend_G","Defend_G","Defend_G","Survivor","Neutralize+1","Dagger Spray+1","Replay:Bag of Tricks+1","Prepared+1","Underhanded Strike","Sucker Punch+1","Dagger Throw","Bane","Corpse Explosion+1","Underhanded Strike","Quick Slash+1","Poisoned Stab","ReplayTheSpireMod:Scrap Shanks+1","Deadly Poison","Slice","Dagger Throw","ReplayTheSpireMod:Shiv Toss+1","Tools of the Trade","Accuracy","Madness+1","Madness+1","ReplayTheSpireMod:Speed Training","Noxious Fumes+1","Tactician","ReplayTheSpireMod:Scrap Shanks+1","ReplayTheSpireMod:Shiv Toss+1"],"relics":["Ring of the Snake","Bloody Idol","Anchor","Gremlin Food","Replay:Bandana","Tiny House","Nunchaku","Membership Card","Ancient Tea Set","CaptainsWheel","Replay:Bronze Core","The Courier","Incense Burner","ReplayTheSpireMod:CursedCoin","Gambling Chip","Bottled Lightning","infinitespire:Midas Blood","Akabeko","Sling","Snake Skull","Bag of Marbles","Golden Egg","DollysMirror","Replay:Baseball","Oddly Smooth Stone","infinitespire:Beetle Shell","Vajra"],"acts_visited":["Exordium","TheCity","TheBeyond"],"potions_floor_usage":[14,16,25,30,31,38,38],"damage_taken":[{"damage":11,"enemies":"Jaw Worm","floor":1,"turns":4},{"damage":0,"enemies":"2 Louse","floor":5,"turns":2},{"damage":0,"enemies":"Small Slimes","floor":10,"turns":2},{"damage":3,"enemies":"3 Louse","floor":13,"turns":2},{"damage":7,"enemies":"Lagavulin","floor":14,"turns":6},{"damage":13,"enemies":"Slime Boss","floor":16,"turns":7},{"damage":14,"enemies":"Shell Parasite","floor":18,"turns":4},{"damage":0,"enemies":"3 Byrds","floor":24,"turns":3},{"damage":18,"enemies":"Snecko","floor":25,"turns":3},{"damage":0,"enemies":"Sentry and Sphere","floor":30,"turns":4},{"damage":0,"enemies":"Gremlin Leader","floor":31,"turns":4},{"damage":2,"enemies":"Champ","floor":33,"turns":8},{"damage":2,"enemies":"Orb Walker","floor":35,"turns":4},{"damage":3,"enemies":"2 Orb Walkers","floor":38,"turns":4},{"damage":18,"enemies":"Nemesis","floor":42,"turns":7},{"damage":2,"enemies":"Reptomancer","floor":45,"turns":3},{"damage":0,"enemies":"3 Shapes","floor":47,"turns":1},{"damage":0,"enemies":"Spire Growth","floor":48,"turns":4},{"damage":200,"enemies":"infinitespire:MassOfShapes","floor":50,"turns":9}],"seed_played":"793669132459285140","potions_obtained":[{"floor":1,"key":"SkillPotion"},{"floor":14,"key":"Fire Potion"},{"floor":17,"key":"Fire Potion"},{"floor":18,"key":"Reflective Coating"},{"floor":20,"key":"Cursed Concoction"},{"floor":25,"key":"PowerPotion"},{"floor":31,"key":"Block Potion"},{"floor":33,"key":"SpeedPotion"},{"floor":35,"key":"Adrenaline Potion"},{"floor":42,"key":"SteroidPotion"}],"is_trial":false,"path_per_floor":["M","?","?","$","M","R","$","R","T","M","R","?","M","E","R","B",null,"M","AVR","?","$","?","R","M","M","T","R","?","?","M","E","R","B",null,"M","?","T","?","AVR","R","$","E","T","$","E","R","M","M","R","B",null],"character_chosen":"THE_SILENT","items_purchased":["Sucker Punch","Membership Card","ReplayTheSpireMod:Scrap Shanks","ReplayTheSpireMod:Speed Training","Noxious Fumes","Gambling Chip","Bottled Lightning","infinitespire:Midas Blood","Akabeko","Sling","Snake Skull","DollysMirror","Replay:Baseball","Oddly Smooth Stone","infinitespire:Beetle Shell"],"campfire_rested":1,"item_purchase_floors":[7,21,21,41,41,41,41,41,41,41,41,44,44,44,44],"current_hp_per_floor":[48,30,30,30,30,30,30,30,30,30,30,19,16,9,25,12,49,35,35,35,35,35,35,35,17,17,17,17,17,22,27,27,30,52,55,44,44,46,51,51,51,53,58,58,59,59,59,59,59,54],"gold":287,"neow_bonus":"TRANSFORM_TWO_CARDS","is_daily":false,"chose_seed":false,"campfire_upgraded":9,"win_rate":0.0,"timestamp":1611213690,"path_taken":["M","?","?","$","M","R","?","R","T","M","R","?","M","E","R","BOSS","M","AVR","?","$","?","R","M","M","T","R","?","?","?","E","R","BOSS","M","?","?","?","AVR","R","$","E","T","$","E","R","M","?","R","BOSS"],"items_purchased_type":["Card","Relic","Card","Card","Card","Relic","Relic","Relic","Relic","Relic","Relic","Relic","Relic","Relic","Relic"],"build_version":"2020-12-22","purchased_purges":6,"victory":true,"max_hp_per_floor":[60,60,54,54,54,54,54,54,54,54,54,54,54,54,54,54,59,59,59,59,59,59,59,59,59,59,59,59,59,59,59,59,59,59,59,59,59,59,59,59,59,59,59,59,59,59,59,59,59,59],"card_choices":[{"not_picked":["Crippling Poison","Hidden Blade"],"picked":"Prepared","floor":1},{"not_picked":["Tactician","Deflect"],"picked":"Underhanded Strike","floor":5},{"not_picked":["Leg Sweep","Slice"],"picked":"Dagger Throw","floor":10},{"not_picked":["Sucker Punch","Backflip"],"picked":"Bane","floor":13},{"not_picked":["Setup","ReplayTheSpireMod:Exploit Weakness","ReplayTheSpireMod:Shiv Toss"],"picked":"SKIP","floor":14},{"not_picked":["ReplayTheSpireMod:Necrosis","Night Terror"],"picked":"Corpse Explosion","floor":16},{"not_picked":["Backflip","Slice"],"picked":"Underhanded Strike","floor":17},{"not_picked":["Heel Hook","Finisher"],"picked":"Slice","floor":18},{"not_picked":["Backflip","Acrobatics"],"picked":"Quick Slash+1","floor":20},{"not_picked":["Quick Slash","Sucker Punch"],"picked":"Poisoned Stab","floor":20},{"not_picked":["Quick Slash","Poisoned Stab"],"picked":"Slice","floor":24},{"not_picked":["Acrobatics","ReplayTheSpireMod:Exploit Weakness"],"picked":"Slice","floor":25},{"not_picked":["Reflex+1","Slice"],"picked":"Dagger Throw","floor":30},{"not_picked":["Dagger Throw","Hidden Blade"],"picked":"ReplayTheSpireMod:Shiv Toss","floor":31},{"not_picked":["Glass Knife","ReplayTheSpireMod:From All Sides"],"picked":"Tools of the Trade","floor":33},{"not_picked":["Quick Slash+1","Cloak And Dagger+1"],"picked":"Accuracy","floor":35},{"not_picked":["PiercingWail+1","ReplayTheSpireMod:The Works"],"picked":"Tactician","floor":42},{"not_picked":["Quick Slash","Flechettes","Hidden Blade"],"picked":"SKIP","floor":45},{"not_picked":["Slice","Deflect","Backflip"],"picked":"SKIP","floor":47},{"not_picked":["Masterful Stab","Cloak And Dagger+1"],"picked":"ReplayTheSpireMod:Shiv Toss+1","floor":48}],"player_experience":954059,"relics_obtained":[{"floor":9,"key":"Anchor"},{"floor":14,"key":"Replay:Bandana"},{"floor":20,"key":"Nunchaku"},{"floor":26,"key":"Ancient Tea Set"},{"floor":31,"key":"CaptainsWheel"},{"floor":37,"key":"The Courier"},{"floor":38,"key":"Incense Burner"},{"floor":42,"key":"Bag of Marbles"},{"floor":43,"key":"Golden Egg"},{"floor":45,"key":"Vajra"}],"event_choices":[{"damage_healed":0,"gold_gain":0,"player_choice":"Entered Light","damage_taken":18,"max_hp_gain":0,"max_hp_loss":0,"event_name":"Shining Light","floor":2,"gold_loss":0,"cards_upgraded":["Strike_G","Replay:Bag of Tricks"]},{"damage_healed":0,"gold_gain":0,"player_choice":"Lose Max HP","damage_taken":0,"relics_obtained":["Golden Idol"],"max_hp_gain":0,"max_hp_loss":6,"event_name":"Golden Idol","floor":3,"gold_loss":0},{"damage_healed":0,"gold_gain":0,"player_choice":"Success","damage_taken":11,"relics_obtained":["Gremlin Food"],"max_hp_gain":0,"max_hp_loss":0,"event_name":"Scrap Ooze","floor":12,"gold_loss":0},{"damage_healed":0,"gold_gain":0,"player_choice":"Read","damage_taken":0,"max_hp_gain":0,"max_hp_loss":0,"event_name":"The Library","floor":22,"gold_loss":0,"cards_obtained":["Deadly Poison"]},{"damage_healed":0,"gold_gain":0,"player_choice":"Gave Idol","damage_taken":0,"relics_obtained":["Bloody Idol"],"max_hp_gain":0,"max_hp_loss":0,"event_name":"Forgotten Altar","floor":28,"relics_lost":["Golden Idol"],"gold_loss":0},{"damage_healed":0,"gold_gain":0,"player_choice":"Embrace Madness","damage_taken":11,"max_hp_gain":0,"max_hp_loss":0,"event_name":"Winding Halls","floor":36,"gold_loss":0,"cards_obtained":["Madness","Madness"]},{"damage_healed":0,"gold_gain":0,"player_choice":"Fight","damage_taken":0,"max_hp_gain":0,"max_hp_loss":0,"event_name":"Mysterious Sphere","floor":38,"gold_loss":0}],"is_beta":false,"boss_relics":[{"not_picked":["Ring of the Serpent","Runic Dome"],"picked":"Tiny House"},{"not_picked":["ChewingGum","Kintsugi"],"picked":"Replay:Bronze Core"}],"items_purged_floors":[4,19,21,39,41,44],"is_endless":false,"potions_floor_spawned":[1,14,18,25,31,33,35,42],"ascension_level":15}}