{"host":"k2mw1od0xoi9pcfj","time":1611273576,"event":{"mods":["100% Spire Juice","Act Like it!","Aspiration","BaseMod","Downfall","Energized Spire","Hermit","Highlight Path","Minty Spire (QoL Compilation)","Permanent Neow","Relic Stats","Retaliation","StSLib","TheHeartMod"],"gold_per_floor":[117,135,147,157,172,203,203,203,253,271,271,50,50,50,50,148,148,159,176,31,41,41,41,41,41,41],"floor_reached":25,"language":"ENG","playtime":1599,"items_purged":[],"score":203,"play_id":"7b70df60-ea13-421b-91de-c3f0dab73e86","local_time":"20210121175936","is_ascension_mode":false,"campfire_choices":[{"data":"hermit:LoneWolf","floor":7,"key":"SMITH"},{"data":"hermit:ShadowCloak","floor":11,"key":"SMITH"},{"floor":15,"key":"RECALL"},{"floor":23,"key":"REST"}],"circlet_count":0,"master_deck":["hermit:Strike_Hermit","hermit:Strike_Hermit","hermit:Strike_Hermit","hermit:Strike_Hermit","hermit:Defend_Hermit","hermit:Defend_Hermit","hermit:Defend_Hermit","hermit:Defend_Hermit","hermit:Snapshot","hermit:Covet","hermit:ShadowCloak+1","hermit:Misfire","hermit:SprayPray","hermit:LoneWolf+1","hermit:Grudge","hermit:BodyArmor","hermit:ShadowCloak","hermit:Reprieve","hermit:Dive","Shame"],"relics":["hermit:Momento","NeowsBlessing","Bag of Marbles","Oddly Smooth Stone","Medical Kit","Eternal Feather","bronze:MakeshiftBattery","Membership Card","Gremlin Horn","aspiration:RitualStick"],"acts_visited":["Exordium","TheCity"],"potions_floor_usage":[6,16,16,21,21],"damage_taken":[{"damage":0,"enemies":"Small Slimes","floor":1,"turns":1},{"damage":0,"enemies":"Cultist","floor":2,"turns":1},{"damage":1,"enemies":"Jaw Worm","floor":3,"turns":2},{"damage":9,"enemies":"2 Fungi Beasts","floor":4,"turns":3},{"damage":1,"enemies":"Exordium Wildlife","floor":5,"turns":2},{"damage":27,"enemies":"Gremlin Nob","floor":6,"turns":5},{"damage":8,"enemies":"Looter","floor":10,"turns":3},{"damage":57,"enemies":"Hexaghost","floor":16,"turns":19},{"damage":20,"enemies":"Spheric Guardian","floor":18,"turns":7},{"damage":37,"enemies":"3 Byrds","floor":19,"turns":9},{"damage":20,"enemies":"Snake Plant","floor":21,"turns":7},{"damage":29,"enemies":"Gremlin Leader","floor":25,"turns":2}],"seed_played":"-5645467542140082169","potions_obtained":[{"floor":2,"key":"hermit:Eclipse"},{"floor":3,"key":"LiquidMemories"},{"floor":5,"key":"Strength Potion"},{"floor":6,"key":"Regen Potion"},{"floor":19,"key":"Explosive Potion"}],"is_trial":false,"path_per_floor":["M","M","M","M","M","E","R","?","T","M","R","$","T","$","R","B",null,"M","M","$","M","?","R","?","E"],"character_chosen":"HERMIT","items_purchased":["Medical Kit","hermit:ShadowCloak","Membership Card"],"campfire_rested":1,"item_purchase_floors":[12,12,20],"current_hp_per_floor":[75,75,74,65,64,37,37,45,45,37,37,37,37,37,46,4,75,59,26,26,6,6,40,25,0,0],"gold":41,"neow_bonus":"THREE_ENEMY_KILL","is_daily":false,"chose_seed":false,"campfire_upgraded":2,"win_rate":0.0,"timestamp":1611273576,"path_taken":["M","M","M","M","M","E","R","?","T","M","R","$","?","?","R","BOSS","M","M","$","M","?","R","?","E"],"items_purchased_type":["Relic","Card","Relic"],"build_version":"2020-12-22","purchased_purges":0,"victory":false,"max_hp_per_floor":[75,75,75,75,75,75,75,75,75,75,75,75,75,75,75,75,75,75,75,75,75,75,75,75,75,75],"relic_stats":{"Gremlin Horn":[1,1],"counters":[12,61],"Eternal Feather":21,"Medical Kit":[18],"obtain_stats":[{"NeowsBlessing":0,"Gremlin Horn":22,"Oddly Smooth Stone":9,"Eternal Feather":13,"Bag of Marbles":6,"Membership Card":20,"Medical Kit":12,"hermit:Momento":0,"bronze:MakeshiftBattery":17,"aspiration:RitualStick":24},{"NeowsBlessing":0,"Gremlin Horn":11,"Oddly Smooth Stone":6,"Eternal Feather":7,"Bag of Marbles":6,"Membership Card":10,"Medical Kit":7,"hermit:Momento":0,"bronze:MakeshiftBattery":8,"aspiration:RitualStick":11},{"NeowsBlessing":0,"Gremlin Horn":59,"Oddly Smooth Stone":14,"Eternal Feather":17,"Bag of Marbles":14,"Membership Card":52,"Medical Kit":17,"hermit:Momento":0,"bronze:MakeshiftBattery":36,"aspiration:RitualStick":59}],"aspiration:RitualStick":[0]},"card_choices":[{"not_picked":["hermit:Vantage","hermit:Manifest"],"picked":"hermit:ShadowCloak","floor":1},{"not_picked":["hermit:Headshot","hermit:CalledShot"],"picked":"hermit:Misfire","floor":2},{"not_picked":["hermit:Ricochet","hermit:LowProfile"],"picked":"hermit:SprayPray","floor":3},{"not_picked":["hermit:Horror","hermit:CalledShot"],"picked":"hermit:LoneWolf","floor":4},{"not_picked":["hermit:Snipe","hermit:ItchyTrigger","hermit:Ricochet"],"picked":"SKIP","floor":5},{"not_picked":["hermit:Coalescence","hermit:Shortfuse"],"picked":"hermit:Grudge","floor":6},{"not_picked":["hermit:Showdown","hermit:Shortfuse"],"picked":"hermit:BodyArmor","floor":10},{"not_picked":["hermit:DeadOrAlive","hermit:Magnum"],"picked":"hermit:Reprieve","floor":16},{"not_picked":["hermit:Quickdraw","hermit:Feint","hermit:DeadMansHand"],"picked":"SKIP","floor":18},{"not_picked":["hermit:Desperado","hermit:Roulette","hermit:BigShot"],"picked":"SKIP","floor":19},{"not_picked":["hermit:ItchyTrigger","hermit:Roulette"],"picked":"hermit:Dive","floor":21}],"player_experience":787565,"relics_obtained":[{"floor":6,"key":"Bag of Marbles"},{"floor":9,"key":"Oddly Smooth Stone"},{"floor":13,"key":"Eternal Feather"}],"event_choices":[{"damage_healed":0,"gold_gain":0,"player_choice":"Stole Relic","damage_taken":0,"relics_obtained":["Gremlin Horn"],"max_hp_gain":0,"max_hp_loss":0,"event_name":"Addict","floor":22,"gold_loss":0,"cards_obtained":["Shame"]}],"is_beta":false,"boss_relics":[{"not_picked":["hermit:DentedPlate","Runic Pyramid"],"picked":"bronze:MakeshiftBattery"}],"items_purged_floors":[],"is_endless":false,"potions_floor_spawned":[2,3,5,6,19],"killed_by":"Gremlin Leader","ascension_level":0}}