{"host":"56ca4ptg876g863r","time":1611241082,"event":{"mods":["Arknights The Spire","BaseMod","CapriCore","Friendly Minions","GungeonMod","Hermit","KOR Keyword Fix","Kiyohime£¨?ýï£©","Koishi","Minty Spire (QoL Compilation)","Prisma Mod","READ ME - Guardian Mod","StSLib","The Bug Knight","The Gatherer","The Immortal","The Poker Player","The Runesmith","WarShipGirlsR/??á´Ò³R mod"],"gold_per_floor":[110,128,200,275,275,275,310,310,381,392,422,437,36,50,50,146,146,166,186,186,196,196,196,196],"floor_reached":23,"language":"KOR","playtime":1729,"items_purged":["ats:Strike G"],"score":226,"play_id":"ccb3c45f-3753-421d-8bb9-44fd79826928","local_time":"20210121235802","is_ascension_mode":false,"campfire_choices":[{"data":"ats:Disruption Kick","floor":6.0,"key":"SMITH"},{"floor":15.0,"key":"REST"}],"circlet_count":0,"master_deck":["ats:Armor Crushing Shot","ats:Emotion Absorption","ats:Disruption Kick+1","ats:Leaping Hammer","ats:Curse Doll+1","ats:Hammer On","ats:Wolf Pack","ats:Curse Doll","ats:Volcano","ats:Sword Rain","ats:Calcification","ats:Ambush","ats:Composite Medical Shells","ats:LN2 Cannon","ats:Very Hot Blade","ats:Healing Drone","ats:Burning Ground","ats:Composite Medical Shells","ats:Poison Spread+1","ats:Consecutive Shot Auto","ats:Wolf Pack"],"relics":["ats:Sanity","NeowsBlessing","ats:Lavender","Ancient Tea Set","ats:Originium","DemoMod:Bottle","Shuriken","HornCleat","Omamori","Pandora\u0027s Box"],"acts_visited":["Exordium","TheCity"],"potions_floor_usage":[],"damage_taken":[{"damage":0.0,"enemies":"Cultist","floor":1.0,"turns":1.0},{"damage":0.0,"enemies":"Small Slimes","floor":2.0,"turns":1.0},{"damage":0.0,"enemies":"Gremlin Nob","floor":7.0,"turns":1.0},{"damage":3.0,"enemies":"2 Louse","floor":10.0,"turns":3.0},{"damage":32.0,"enemies":"Lagavulin","floor":11.0,"turns":7.0},{"damage":0.0,"enemies":"2 Fungi Beasts","floor":12.0,"turns":3.0},{"damage":14.0,"enemies":"Red Slaver","floor":14.0,"turns":5.0},{"damage":41.0,"enemies":"Hexaghost","floor":16.0,"turns":11.0},{"damage":15.0,"enemies":"Chosen","floor":18.0,"turns":4.0},{"damage":0.0,"enemies":"Spheric Guardian","floor":19.0,"turns":2.0},{"damage":45.0,"enemies":"Centurion and Healer","floor":21.0,"turns":8.0},{"damage":55,"enemies":"Book of Stabbing","floor":23,"turns":5}],"seed_played":"-7102527100292709080","potions_obtained":[{"floor":1.0,"key":"Dexterity Potion"},{"floor":2.0,"key":"BlessingOfTheForge"},{"floor":12.0,"key":"Weak Potion"},{"floor":18.0,"key":"LiquidMemories"}],"is_trial":false,"path_per_floor":["M","M","T","?","?","R","E","?","T","M","E","M","$","M","R","B",null,"M","M","?","M","?","E"],"character_chosen":"DOCTOR_CLASS","items_purchased":["Omamori","ats:Volcano","SkillPotion"],"campfire_rested":1,"item_purchase_floors":[13,13,13],"current_hp_per_floor":[72,72,72,61,54,54,54,54,54,53,27,29,29,19,40,9,72,66,67,67,37,37,0,0],"gold":196,"neow_bonus":"THREE_ENEMY_KILL","is_daily":false,"chose_seed":false,"campfire_upgraded":1,"win_rate":0.0,"timestamp":1611241082,"path_taken":["M","?","?","?","?","R","E","?","T","M","E","?","?","M","R","BOSS","M","M","?","M","?","E"],"items_purchased_type":["Relic","Card","Potion"],"build_version":"2020-12-22","purchased_purges":1,"victory":false,"max_hp_per_floor":[72,72,72,72,72,72,72,72,72,72,72,72,72,72,72,72,72,72,72,72,72,72,72,72],"card_choices":[{"not_picked":["ats:Powerful Strike","ats:Flexible Camouflage"],"picked":"ats:Disruption Kick","floor":1.0},{"not_picked":["ats:Counter Healing Mode","ats:Assault Order"],"picked":"ats:Leaping Hammer","floor":2.0},{"not_picked":["ats:Apocalypse","ats:Overload"],"picked":"ats:Curse Doll","floor":7.0},{"not_picked":["ats:Revitalization","ats:Leaping Hammer"],"picked":"ats:Hammer On","floor":10.0},{"not_picked":["ats:Overload","ats:Automatic Cover"],"picked":"ats:Wolf Pack","floor":11.0},{"not_picked":["ats:Healing Strengthening","ats:Spore Proliferation"],"picked":"ats:Curse Doll","floor":12.0},{"not_picked":["ats:Composite Medical Shells","ats:Apocalypse"],"picked":"ats:Sword Rain","floor":14.0},{"not_picked":["ats:Ambush","ats:Rat Pack"],"picked":"ats:Calcification","floor":16.0},{"not_picked":["ats:Hammer On+1","ats:Cat Scratch"],"picked":"ats:Poison Spread+1","floor":18.0},{"not_picked":["ats:Assault Order","ats:Childhood Dance"],"picked":"ats:Consecutive Shot Auto","floor":19.0},{"not_picked":["ats:Guardian Obelisk","ats:Spore Proliferation","ats:Sword Rain+1"],"picked":"SKIP","floor":21.0}],"player_experience":364870,"relics_obtained":[{"floor":3.0,"key":"ats:Lavender"},{"floor":7.0,"key":"ats:Originium"},{"floor":7.0,"key":"DemoMod:Bottle"},{"floor":9.0,"key":"Shuriken"},{"floor":11.0,"key":"ats:Originium"},{"floor":11.0,"key":"HornCleat"}],"event_choices":[{"damage_healed":0.0,"max_hp_gain":0.0,"max_hp_loss":0.0,"gold_gain":75.0,"event_name":"World of Goop","player_choice":"Gather Gold","floor":4.0,"gold_loss":0.0,"damage_taken":11.0},{"damage_healed":0.0,"max_hp_gain":0.0,"max_hp_loss":0.0,"gold_gain":0.0,"event_name":"Scrap Ooze","player_choice":"Success","floor":5.0,"gold_loss":0.0,"damage_taken":7.0,"relics_obtained":["Ancient Tea Set"]},{"damage_healed":0.0,"max_hp_gain":0.0,"max_hp_loss":0.0,"gold_gain":0.0,"event_name":"Accursed Blacksmith","player_choice":"Forge","floor":8.0,"gold_loss":0.0,"damage_taken":0.0,"cards_upgraded":["ats:Curse Doll"]},{"damage_healed":0.0,"max_hp_gain":0.0,"max_hp_loss":0.0,"gold_gain":0.0,"event_name":"Ghosts","player_choice":"Ignored","floor":20.0,"gold_loss":0.0,"damage_taken":0.0},{"damage_healed":0.0,"max_hp_gain":0.0,"max_hp_loss":0.0,"gold_gain":0.0,"event_name":"Duplicator","player_choice":"Copied","floor":22.0,"gold_loss":0.0,"damage_taken":0.0,"cards_obtained":["ats:Wolf Pack"]}],"is_beta":false,"boss_relics":[{"not_picked":["ats:Tactical Delivery","Runic Pyramid"],"picked":"Pandora\u0027s Box"}],"items_purged_floors":[13],"is_endless":false,"potions_floor_spawned":[1,2,12,18],"killed_by":"Book of Stabbing","ascension_level":0}}