{"host":"e1d4pmcf31bpmsqo","time":1611229071,"event":{"mods":["BaseMod","Better Note","Better Third Choice","Colored Powertips","Disable Question Mark Monsters","Minty Spire (QoL Compilation)","Relic Stats","StSLib"],"gold_per_floor":[111,111,16,26,101,136,148,148,194,226,304,323,323,334,334,413,413,430,345,345,345,361,361,375,51,51,51,85,85,100,119,119,192,192,211,226,226,226,17,47,47,65,92,92,42,74,93,111,111,111,111,111,111,7,40,40],"floor_reached":57,"language":"ENG","playtime":4696,"items_purged":["Blade Dance","Slice"],"score":2655,"play_id":"88fff64d-52f8-4b72-93d3-2a532501c679","local_time":"20210121223751","is_ascension_mode":true,"campfire_choices":[{"floor":8.0,"key":"REST"},{"floor":13.0,"key":"REST"},{"data":"Well Laid Plans","floor":15.0,"key":"SMITH"},{"floor":23.0,"key":"REST"},{"data":"Malaise","floor":29.0,"key":"SMITH"},{"data":"Wraith Form v2","floor":32.0,"key":"SMITH"},{"floor":41.0,"key":"REST"},{"floor":49.0,"key":"RECALL"},{"data":"Calculated Gamble","floor":53.0,"key":"SMITH"}],"circlet_count":0,"master_deck":["AscendersBane","Survivor","Neutralize","Cloak And Dagger","Blade Dance","Noxious Fumes","Crippling Poison","Well Laid Plans+1","Backflip","Malaise+1","Venomology","Reflex","Adrenaline","Backstab","Leg Sweep","Finisher","Dagger Throw","Venomology","Terror+1","Wraith Form v2+1","Outmaneuver","Night Terror","PiercingWail","Apotheosis","Calculated Gamble+1","After Image","Tactician","Setup"],"relics":["WristBlade","Happy Flower","Bronze Scales","White Beast Statue","Pandora\u0027s Box","Strawberry","Lee\u0027s Waffle","Bottled Tornado","Tingsha","SacredBark","Bag of Preparation","Toy Ornithopter","Smiling Mask","Kunai","Art of War"],"acts_visited":["Exordium","TheCity","TheBeyond","TheEnding"],"potions_floor_usage":[55,55,56,56,56,56],"damage_taken":[{"damage":4.0,"enemies":"Cultist","floor":1.0,"turns":5.0},{"damage":0.0,"enemies":"2 Louse","floor":4.0,"turns":2.0},{"damage":25.0,"enemies":"Gremlin Nob","floor":6.0,"turns":4.0},{"damage":9.0,"enemies":"Jaw Worm","floor":7.0,"turns":2.0},{"damage":20.0,"enemies":"Lagavulin","floor":10.0,"turns":5.0},{"damage":13.0,"enemies":"Exordium Thugs","floor":12.0,"turns":3.0},{"damage":0.0,"enemies":"Looter","floor":14.0,"turns":4.0},{"damage":3.0,"enemies":"The Guardian","floor":16.0,"turns":9.0},{"damage":13.0,"enemies":"Shell Parasite","floor":18.0,"turns":3.0},{"damage":6.0,"enemies":"Spheric Guardian","floor":22.0,"turns":3.0},{"damage":19.0,"enemies":"Centurion and Healer","floor":24.0,"turns":5.0},{"damage":6.0,"enemies":"Book of Stabbing","floor":28.0,"turns":4.0},{"damage":23.0,"enemies":"Sentry and Sphere","floor":30.0,"turns":4.0},{"damage":0.0,"enemies":"Shelled Parasite and Fungi","floor":31.0,"turns":3.0},{"damage":36.0,"enemies":"Collector","floor":33.0,"turns":7.0},{"damage":21.0,"enemies":"3 Darklings","floor":35.0,"turns":4.0},{"damage":1.0,"enemies":"3 Shapes","floor":36.0,"turns":6.0},{"damage":16.0,"enemies":"Nemesis","floor":40.0,"turns":7.0},{"damage":0.0,"enemies":"Jaw Worm Horde","floor":42.0,"turns":2.0},{"damage":16.0,"enemies":"Giant Head","floor":46.0,"turns":5.0},{"damage":10.0,"enemies":"3 Darklings","floor":47.0,"turns":2.0},{"damage":8.0,"enemies":"Maw","floor":48.0,"turns":7.0},{"damage":6.0,"enemies":"Time Eater","floor":50.0,"turns":13.0},{"damage":42.0,"enemies":"Awakened One","floor":51.0,"turns":14.0},{"damage":12,"enemies":"Shield and Spear","floor":55,"turns":7},{"damage":50,"enemies":"The Heart","floor":56,"turns":11}],"seed_played":"1819791470220055282","potions_obtained":[{"floor":1.0,"key":"AttackPotion"},{"floor":10.0,"key":"CultistPotion"},{"floor":12.0,"key":"Energy Potion"},{"floor":16.0,"key":"Fire Potion"},{"floor":18.0,"key":"Energy Potion"},{"floor":22.0,"key":"PowerPotion"},{"floor":30.0,"key":"Fire Potion"},{"floor":35.0,"key":"PowerPotion"},{"floor":42.0,"key":"ColorlessPotion"},{"floor":46.0,"key":"DuplicationPotion"},{"floor":47.0,"key":"LiquidMemories"}],"is_trial":false,"path_per_floor":["M","?","$","M","?","E","M","R","T","E","T","M","R","M","R","B",null,"M","?","?","?","M","R","M","$","T","?","E","R","M","M","R","B",null,"M","M","?","?","$","E","R","M","T","?","$","E","M","M","R","B","B",null,"R","$","E","B",null],"character_chosen":"THE_SILENT","items_purchased":["Blade Dance","Noxious Fumes","Wraith Form v2","Lee\u0027s Waffle","Calculated Gamble","Bag of Preparation","PowerPotion"],"campfire_rested":4,"item_purchase_floors":[3,3,25,25,39,39,54],"current_hp_per_floor":[55,60,60,60,49,24,15,36,36,16,16,3,24,24,24,21,59,46,53,53,49,43,66,47,85,85,85,79,79,56,56,56,20,69,48,47,47,47,47,31,56,71,71,71,71,65,60,52,52,56,39,74,74,74,72,42],"gold":40,"neow_bonus":"BOSS_RELIC","is_daily":false,"chose_seed":false,"campfire_upgraded":4,"win_rate":0.0,"timestamp":1611229071,"path_taken":["M","?","$","M","?","E","M","R","T","E","?","M","R","M","R","BOSS","M","?","?","?","?","R","M","?","T","?","E","R","?","M","R","BOSS","M","M","?","?","$","E","R","M","T","?","?","E","M","M","R","BOSS","BOSS","R","$","E","BOSS"],"items_purchased_type":["Card","Card","Card","Relic","Card","Relic","Potion"],"build_version":"2020-12-22","purchased_purges":2,"victory":true,"max_hp_per_floor":[66,71,71,71,71,71,71,71,71,71,71,71,71,71,71,71,71,71,78,78,78,78,78,78,85,85,85,85,85,85,85,85,85,85,85,85,85,85,85,85,85,85,85,85,85,85,85,85,85,85,85,85,85,85,85,85],"relic_stats":{"Lee\u0027s Waffle":38,"Happy Flower":[43],"counters":[26,141],"Bronze Scales":[505],"Pandora\u0027s Box":["Sucker Punch","Venomology","Reflex","Adrenaline","Well Laid Plans","Backstab","Poisoned Stab","Leg Sweep","Finisher","Reflex"],"Tingsha":[374],"Bag of Preparation":[18],"Art of War":[3],"Kunai":[44],"Smiling Mask":75,"obtain_stats":[{"Lee\u0027s Waffle":25,"Happy Flower":6,"SacredBark":34,"Tingsha":28,"Bag of Preparation":39,"Bottled Tornado":26,"Smiling Mask":43,"White Beast Statue":10,"WristBlade":0,"Bronze Scales":9,"Strawberry":19,"Pandora\u0027s Box":17,"Art of War":55,"Kunai":46,"Toy Ornithopter":40,"Ring of the Snake":0},{"Lee\u0027s Waffle":11,"Happy Flower":3,"SacredBark":15,"Tingsha":12,"Bag of Preparation":17,"Bottled Tornado":11,"Smiling Mask":19,"White Beast Statue":5,"WristBlade":0,"Bronze Scales":4,"Strawberry":9,"Pandora\u0027s Box":8,"Art of War":25,"Kunai":20,"Toy Ornithopter":18,"Ring of the Snake":0},{"Lee\u0027s Waffle":45,"Happy Flower":11,"SacredBark":63,"Tingsha":49,"Bag of Preparation":73,"Bottled Tornado":45,"Smiling Mask":82,"White Beast Statue":18,"WristBlade":0,"Bronze Scales":13,"Strawberry":37,"Pandora\u0027s Box":34,"Art of War":130,"Kunai":87,"Toy Ornithopter":80,"Ring of the Snake":0}],"Toy Ornithopter":95},"card_choices":[{"not_picked":["Dash","Poisoned Stab"],"picked":"Cloak And Dagger","floor":1.0},{"not_picked":["Acrobatics","Prepared"],"picked":"Crippling Poison","floor":4.0},{"not_picked":["Cloak And Dagger","Die Die Die"],"picked":"Blade Dance","floor":6.0},{"not_picked":["Endless Agony","Calculated Gamble"],"picked":"Well Laid Plans","floor":7.0},{"not_picked":["Endless Agony","Blade Dance","Crippling Poison"],"picked":"SKIP","floor":10.0},{"not_picked":["Prepared","Sucker Punch","All Out Attack"],"picked":"SKIP","floor":12.0},{"not_picked":["All Out Attack","Flechettes"],"picked":"Backflip","floor":14.0},{"not_picked":["Burst","Doppelganger"],"picked":"Malaise","floor":16.0},{"not_picked":["Sucker Punch","Flying Knee"],"picked":"Dagger Throw","floor":18.0},{"not_picked":["Dodge and Roll","Underhanded Strike","Dagger Throw"],"picked":"SKIP","floor":22.0},{"not_picked":["Backflip","Heel Hook"],"picked":"Terror+1","floor":24.0},{"not_picked":["Distraction","Predator"],"picked":"Outmaneuver","floor":28.0},{"not_picked":["Eviscerate","Quick Slash","All Out Attack"],"picked":"SKIP","floor":30.0},{"not_picked":["Dagger Spray","Finisher","Dagger Throw"],"picked":"SKIP","floor":31.0},{"not_picked":["Die Die Die","Doppelganger"],"picked":"Night Terror","floor":33.0},{"not_picked":["Deadly Poison","Flechettes","Bane"],"picked":"SKIP","floor":35.0},{"not_picked":["Noxious Fumes+1","Backflip+1"],"picked":"PiercingWail","floor":36.0},{"not_picked":["Jack Of All Trades","Purity"],"picked":"Apotheosis","floor":37.0},{"not_picked":["Outmaneuver","Sucker Punch","Deadly Poison+1"],"picked":"SKIP","floor":40.0},{"not_picked":["Terror","Acrobatics","Cloak And Dagger"],"picked":"SKIP","floor":42.0},{"not_picked":["PiercingWail","Underhanded Strike"],"picked":"After Image","floor":46.0},{"not_picked":["Backstab","Dagger Throw","Sucker Punch+1"],"picked":"SKIP","floor":47.0},{"not_picked":["Escape Plan","Bane+1"],"picked":"Tactician","floor":48.0},{"not_picked":["Blur","Endless Agony"],"picked":"Setup","floor":55}],"player_experience":1048168,"relics_obtained":[{"floor":6.0,"key":"Happy Flower"},{"floor":9.0,"key":"Bronze Scales"},{"floor":10.0,"key":"White Beast Statue"},{"floor":26.0,"key":"Bottled Tornado"},{"floor":28.0,"key":"Tingsha"},{"floor":40.0,"key":"Toy Ornithopter"},{"floor":43.0,"key":"Smiling Mask"},{"floor":46.0,"key":"Kunai"},{"floor":55,"key":"Art of War"}],"event_choices":[{"damage_healed":0.0,"max_hp_gain":5.0,"max_hp_loss":0.0,"gold_gain":0.0,"event_name":"Big Fish","player_choice":"Donut","floor":2.0,"gold_loss":0.0,"damage_taken":0.0},{"damage_healed":0.0,"max_hp_gain":0.0,"max_hp_loss":0.0,"gold_gain":75.0,"event_name":"betterThird:BetterGoop","player_choice":"Gold","floor":5.0,"gold_loss":0.0,"damage_taken":11.0},{"damage_healed":0.0,"max_hp_gain":0.0,"max_hp_loss":0.0,"gold_gain":0.0,"event_name":"Addict","player_choice":"Obtained Relic","floor":19.0,"gold_loss":85.0,"damage_taken":0.0,"relics_obtained":["Strawberry"]},{"damage_healed":0.0,"max_hp_gain":0.0,"max_hp_loss":0.0,"gold_gain":0.0,"cards_transformed":["Sucker Punch","Well Laid Plans"],"event_name":"Drug Dealer","player_choice":"Became Test Subject","floor":20.0,"gold_loss":0.0,"damage_taken":0.0,"cards_obtained":["Slice","Venomology"]},{"damage_healed":0.0,"max_hp_gain":0.0,"max_hp_loss":0.0,"gold_gain":0.0,"event_name":"The Woman in Blue","player_choice":"Bought 0 Potions","floor":21.0,"gold_loss":0.0,"damage_taken":0.0},{"cards_removed":["Reflex"],"damage_healed":0.0,"max_hp_gain":0.0,"max_hp_loss":0.0,"gold_gain":0.0,"event_name":"Purifier","player_choice":"Purged","floor":27.0,"gold_loss":0.0,"damage_taken":0.0},{"damage_healed":0.0,"max_hp_gain":0.0,"max_hp_loss":0.0,"gold_gain":0.0,"event_name":"SensoryStone","player_choice":"Memory 1","floor":37.0,"gold_loss":0.0,"damage_taken":0.0},{"damage_healed":0.0,"max_hp_gain":0.0,"max_hp_loss":0.0,"gold_gain":0.0,"event_name":"Mysterious Sphere","player_choice":"Ignored","floor":38.0,"gold_loss":0.0,"damage_taken":0.0},{"cards_removed":["Poisoned Stab"],"damage_healed":0.0,"max_hp_gain":0.0,"max_hp_loss":0.0,"gold_gain":0.0,"event_name":"Falling","player_choice":"Removed Attack","floor":44.0,"gold_loss":0.0,"damage_taken":0.0}],"is_beta":false,"boss_relics":[{"not_picked":["Busted Crown","Fusion Hammer"],"picked":"Pandora\u0027s Box"},{"not_picked":["Velvet Choker","Sozu"],"picked":"SacredBark"}],"items_purged_floors":[45,54],"is_endless":false,"potions_floor_spawned":[1,10,12,14,16,18,22,24,28,30,31,33,35,36,40,42,46,47,48,55],"ascension_level":20}}