{"host":"ao4lxi9bhtts409i","time":1611249331,"event":{"mods":["AchievementEnabler","BaseMod","Colored Map","Colored Powertips","Minty Spire (QoL Compilation)","SuperFastMode"],"gold_per_floor":[211,68,81,156,156,182,200,230,230,244,244,264,290,305,305,403,403,416,416,173,160,75,75,87,102,155,155,155,155,170,187,187,287,287,305,329,340,358,376,376,404,404,404,416,448,448,458,470,470,470,470,470,42,77,77,77],"floor_reached":55,"language":"ENG","playtime":4292,"items_purged":["Strike_P"],"score":808,"play_id":"5eab130f-b715-4968-a8c8-518602469372","local_time":"20210121181531","is_ascension_mode":true,"campfire_choices":[{"floor":11,"key":"REST"},{"data":"TalkToTheHand","floor":15,"key":"SMITH"},{"data":"Iron Wave","floor":23,"key":"SMITH"},{"data":"Evaluate","floor":27,"key":"SMITH"},{"data":"Mayhem","floor":32,"key":"SMITH"},{"data":"Protect","floor":40,"key":"SMITH"},{"data":"Omniscience","floor":42,"key":"SMITH"},{"floor":49,"key":"RECALL"},{"data":"Secret Weapon","floor":52,"key":"SMITH"}],"circlet_count":0,"master_deck":["Strike_P","Strike_P","Defend_P","Defend_P","Defend_P","Defend_P","Eruption","Vigilance","ClearTheMind","PathToVictory","DeusExMachina","Quick Slash","DevaForm","FlyingSleeves","EmptyBody","TalkToTheHand+1","Cleave","Secret Weapon+1","Iron Wave+1","Mayhem+1","Riddle With Holes+1","Thinking Ahead","Evaluate+1","Bandage Up+1","Protect+1","Thunderclap+1","Dramatic Entrance+1","Body Slam","Omniscience+1","Headbutt","Die Die Die","Worship+1","Protect"],"relics":["PureWater","PrismaticShard","Yang","Sundial","Meat on the Bone","Bag of Preparation","Coffee Dripper","Shuriken","Blood Vial","MutagenicStrength","Centennial Puzzle","SlaversCollar","Oddly Smooth Stone","Thread and Needle","White Beast Statue","OrangePellets","Nunchaku","Incense Burner"],"acts_visited":["Exordium","TheCity","TheBeyond","TheEnding"],"potions_floor_usage":[8,13,14,16,18,24,24,24,24,25,33,33,35,39,41,45,55,55],"damage_taken":[{"damage":0,"enemies":"Jaw Worm","floor":1,"turns":5},{"damage":5,"enemies":"Small Slimes","floor":3,"turns":7},{"damage":36,"enemies":"Gremlin Nob","floor":6,"turns":5},{"damage":0,"enemies":"Cultist","floor":7,"turns":3},{"damage":24,"enemies":"3 Sentries","floor":8,"turns":8},{"damage":0,"enemies":"3 Louse","floor":10,"turns":3},{"damage":11,"enemies":"Looter","floor":12,"turns":2},{"damage":8,"enemies":"Lagavulin","floor":13,"turns":5},{"damage":0,"enemies":"Exordium Wildlife","floor":14,"turns":3},{"damage":1,"enemies":"Hexaghost","floor":16,"turns":9},{"damage":21,"enemies":"Spheric Guardian","floor":18,"turns":5},{"damage":7,"enemies":"2 Thieves","floor":21,"turns":4},{"damage":2,"enemies":"Chosen and Byrds","floor":24,"turns":5},{"damage":0,"enemies":"Shelled Parasite and Fungi","floor":25,"turns":3},{"damage":3,"enemies":"3 Cultists","floor":30,"turns":4},{"damage":3,"enemies":"Centurion and Healer","floor":31,"turns":6},{"damage":19,"enemies":"Collector","floor":33,"turns":7},{"damage":36,"enemies":"3 Darklings","floor":35,"turns":5},{"damage":8,"enemies":"3 Shapes","floor":37,"turns":2},{"damage":8,"enemies":"Sphere and 2 Shapes","floor":38,"turns":3},{"damage":18,"enemies":"Jaw Worm Horde","floor":39,"turns":4},{"damage":32,"enemies":"Nemesis","floor":41,"turns":7},{"damage":7,"enemies":"Writhing Mass","floor":44,"turns":7},{"damage":11,"enemies":"Reptomancer","floor":45,"turns":7},{"damage":18,"enemies":"4 Shapes","floor":47,"turns":1},{"damage":10,"enemies":"Maw","floor":48,"turns":6},{"damage":37,"enemies":"Awakened One","floor":50,"turns":14},{"damage":61,"enemies":"Shield and Spear","floor":54,"turns":6},{"damage":58,"enemies":"The Heart","floor":55,"turns":3}],"seed_played":"-8598496195090920787","potions_obtained":[{"floor":6,"key":"Regen Potion"},{"floor":7,"key":"Strength Potion"},{"floor":8,"key":"Swift Potion"},{"floor":10,"key":"BottledMiracle"},{"floor":13,"key":"EntropicBrew"},{"floor":14,"key":"AttackPotion"},{"floor":18,"key":"BottledMiracle"},{"floor":31,"key":"Fire Potion"},{"floor":33,"key":"Fruit Juice"},{"floor":38,"key":"DuplicationPotion"},{"floor":39,"key":"SneckoOil"},{"floor":41,"key":"Weak Potion"},{"floor":47,"key":"BlessingOfTheForge"},{"floor":48,"key":"BottledMiracle"}],"is_trial":false,"path_per_floor":["M","$","M","?","?","E","M","E","T","M","R","M","E","M","R","B",null,"M","?","$","M","?","R","M","M","T","R","?","T","M","M","R","B",null,"M","T","M","M","M","R","E","R","T","M","E","?","M","M","R","B",null,"R","$","E","B"],"character_chosen":"WATCHER","items_purchased":["PrismaticShard","Regen Potion","Mayhem","OrangePellets","Nunchaku","SteroidPotion"],"campfire_rested":1,"item_purchase_floors":[2,20,20,53,53,53],"current_hp_per_floor":[72,72,67,56,56,20,20,11,11,23,44,45,37,37,37,48,72,51,38,38,43,43,43,55,55,55,55,55,55,54,59,59,48,77,52,52,52,52,42,42,30,30,30,43,46,46,42,40,40,23,79,79,79,30,0,0],"gold":77,"neow_bonus":"HUNDRED_GOLD","is_daily":false,"chose_seed":false,"campfire_upgraded":7,"win_rate":0.0,"timestamp":1611249331,"path_taken":["M","$","M","?","?","E","M","E","T","?","R","M","E","M","R","BOSS","M","?","$","M","?","R","M","M","T","R","?","?","?","M","R","BOSS","M","?","M","M","M","R","E","R","T","M","E","?","?","M","R","BOSS","R","$","E","BOSS"],"items_purchased_type":["Relic","Potion","Card","Relic","Relic","Potion"],"build_version":"2020-12-22","purchased_purges":1,"victory":false,"max_hp_per_floor":[72,72,72,72,72,72,72,72,72,72,72,72,72,72,72,72,72,72,77,77,77,77,77,77,77,77,77,77,77,77,77,77,77,77,82,82,82,82,82,82,82,82,82,82,82,79,79,79,79,79,79,79,79,79,79,79],"card_choices":[{"not_picked":["Fasting2","Adaptation"],"picked":"ClearTheMind","floor":1},{"not_picked":["Coolheaded","Barrage"],"picked":"PathToVictory","floor":3},{"not_picked":["True Grit","Dagger Spray"],"picked":"DeusExMachina","floor":6},{"not_picked":["SashWhip","Bloodletting"],"picked":"Quick Slash","floor":7},{"not_picked":["Deadly Poison","Bloodletting"],"picked":"DevaForm","floor":8},{"not_picked":["Scrape","Hologram"],"picked":"FlyingSleeves","floor":10},{"not_picked":["SashWhip","Panacea"],"picked":"EmptyBody","floor":12},{"not_picked":["Pommel Strike","Swift Strike"],"picked":"TalkToTheHand","floor":13},{"not_picked":["Poisoned Stab","Searing Blow"],"picked":"Cleave","floor":14},{"not_picked":["Judgement","Violence"],"picked":"Secret Weapon","floor":16},{"not_picked":["Wild Strike+1","Ball Lightning"],"picked":"Iron Wave","floor":18},{"not_picked":["Beam Cell","Ball Lightning"],"picked":"Riddle With Holes+1","floor":21},{"not_picked":["Prepared","Darkness"],"picked":"Thinking Ahead","floor":24},{"not_picked":["Wild Strike+1","Cold Snap"],"picked":"Evaluate","floor":25},{"not_picked":["Dodge and Roll","Perseverance"],"picked":"Bandage Up+1","floor":30},{"not_picked":["Tactician+1","Sweeping Beam"],"picked":"Protect","floor":31},{"not_picked":["ClearTheMind","EmptyMind"],"picked":"Thunderclap+1","floor":35},{"not_picked":["Mind Blast+1","ClearTheMind"],"picked":"Dramatic Entrance+1","floor":37},{"not_picked":["JustLucky+1","Distraction"],"picked":"Body Slam","floor":38},{"not_picked":["Thunderclap","Flex","Backflip"],"picked":"SKIP","floor":39},{"not_picked":["Perfected Strike","Searing Blow"],"picked":"Omniscience","floor":41},{"not_picked":["Reflex","ThirdEye+1"],"picked":"Headbutt","floor":44},{"not_picked":["Redo","Turbo"],"picked":"Die Die Die","floor":45},{"not_picked":["Outmaneuver","Dagger Throw"],"picked":"Worship+1","floor":47},{"not_picked":["Flex","Deadly Poison","Steam Power+1"],"picked":"SKIP","floor":48},{"not_picked":["Perseverance","Worship+1"],"picked":"Protect","floor":54}],"player_experience":232729,"relics_obtained":[{"floor":6,"key":"Yang"},{"floor":8,"key":"Sundial"},{"floor":9,"key":"Meat on the Bone"},{"floor":13,"key":"Bag of Preparation"},{"floor":26,"key":"Blood Vial"},{"floor":29,"key":"Centennial Puzzle"},{"floor":36,"key":"Oddly Smooth Stone"},{"floor":41,"key":"Thread and Needle"},{"floor":45,"key":"White Beast Statue"},{"floor":54,"key":"Incense Burner"}],"event_choices":[{"damage_healed":0,"gold_gain":75,"player_choice":"Gather Gold","damage_taken":11,"max_hp_gain":0,"max_hp_loss":0,"event_name":"World of Goop","floor":4,"gold_loss":0},{"cards_removed":["Strike_P"],"damage_healed":0,"gold_gain":0,"player_choice":"Purged","damage_taken":0,"max_hp_gain":0,"max_hp_loss":0,"event_name":"Purifier","floor":5,"gold_loss":0},{"damage_healed":0,"gold_gain":0,"player_choice":"Shed Blood","damage_taken":18,"max_hp_gain":5,"max_hp_loss":0,"event_name":"Forgotten Altar","floor":19,"gold_loss":0},{"damage_healed":0,"gold_gain":0,"player_choice":"Obtained Relic","damage_taken":0,"relics_obtained":["Shuriken"],"max_hp_gain":0,"max_hp_loss":0,"event_name":"Addict","floor":22,"gold_loss":85},{"damage_healed":0,"gold_gain":0,"player_choice":"Inject Mutagens","damage_taken":0,"relics_obtained":["MutagenicStrength"],"max_hp_gain":0,"max_hp_loss":0,"event_name":"Drug Dealer","floor":28,"gold_loss":0},{"cards_removed":["Parasite"],"damage_healed":0,"gold_gain":0,"player_choice":"Removed Curses","damage_taken":0,"max_hp_gain":0,"max_hp_loss":0,"event_name":"Fountain of Cleansing","floor":46,"gold_loss":0}],"is_beta":false,"boss_relics":[{"not_picked":["Velvet Choker","Runic Dome"],"picked":"Coffee Dripper"},{"not_picked":["Pandora\u0027s Box","VioletLotus"],"picked":"SlaversCollar"}],"items_purged_floors":[53],"is_endless":false,"potions_floor_spawned":[6,7,8,10,13,14,18,31,33,38,39,41,47,48,54],"killed_by":"The Heart","ascension_level":3}}