{"host":"Rich","time":1611271332,"event":{"mods":["AchievementEnabler","BaseMod","Highlight Path","Minty Spire (QoL Compilation)","Relic Stats"],"gold_per_floor":[110,129,28,28,28,61,61,89,115,115,128,5,35,0,0,72,72,89,105,105,105,118,118,147,147,172,184,6,6,6],"floor_reached":29,"language":"ENG","playtime":864,"items_purged":["Strike_P"],"score":568,"play_id":"162f29e1-0095-41a4-bb47-ac08b084de58","local_time":"20210121182212","is_ascension_mode":true,"campfire_choices":[{"data":"ForeignInfluence","floor":7.0,"key":"SMITH"},{"data":"BattleHymn","floor":10.0,"key":"SMITH"},{"data":"Tantrum","floor":15.0,"key":"SMITH"},{"floor":23.0,"key":"REST"}],"circlet_count":0,"master_deck":["AscendersBane","Strike_P","Defend_P","Defend_P","Defend_P","Defend_P","Vigilance","Tantrum+1","ForeignInfluence+1","CutThroughFate","EmptyFist","BattleHymn+1","ThirdEye","InnerPeace","Wallop","Vault","MasterReality","BowlingBash","Halt","Protect","Halt","LikeWater","DevaForm"],"relics":["PureWater","NeowsBlessing","Boot","Centennial Puzzle","Potion Belt","Unceasing Top","Empty Cage","Nilry\u0027s Codex","Bag of Preparation","Ancient Tea Set"],"acts_visited":["Exordium","TheCity"],"potions_floor_usage":[29],"damage_taken":[{"damage":0.0,"enemies":"2 Louse","floor":1.0,"turns":1.0},{"damage":0.0,"enemies":"Jaw Worm","floor":2.0,"turns":2.0},{"damage":0.0,"enemies":"3 Sentries","floor":6.0,"turns":1.0},{"damage":16.0,"enemies":"Lagavulin","floor":8.0,"turns":6.0},{"damage":0.0,"enemies":"Cultist","floor":11.0,"turns":3.0},{"damage":1.0,"enemies":"3 Sentries","floor":13.0,"turns":5.0},{"damage":27.0,"enemies":"The Guardian","floor":16.0,"turns":11.0},{"damage":9.0,"enemies":"2 Thieves","floor":18.0,"turns":3.0},{"damage":0.0,"enemies":"Chosen","floor":19.0,"turns":4.0},{"damage":6.0,"enemies":"Sentry and Sphere","floor":22.0,"turns":4.0},{"damage":14.0,"enemies":"Book of Stabbing","floor":24.0,"turns":4.0},{"damage":19.0,"enemies":"Snake Plant","floor":27.0,"turns":2.0},{"damage":0,"enemies":"Cultist and Chosen","floor":29,"turns":4}],"seed_played":"2533107926787239158","potions_obtained":[{"floor":2.0,"key":"BottledMiracle"},{"floor":13.0,"key":"StancePotion"},{"floor":18.0,"key":"SkillPotion"},{"floor":22.0,"key":"AttackPotion"},{"floor":24.0,"key":"DuplicationPotion"}],"is_trial":false,"path_per_floor":["M","M","$","?","?","E","R","E","T","R","M","$","E","?","R","B",null,"M","M","?","?","M","R","E","?","T","M","$","M"],"character_chosen":"WATCHER","items_purchased":["CutThroughFate","InnerPeace","Wallop","DevaForm"],"campfire_rested":1,"item_purchase_floors":[3,12,12,28],"current_hp_per_floor":[61,61,61,66,59,59,59,43,43,43,43,43,42,60,60,33,63,54,54,33,33,27,48,34,34,34,15,15,15,15],"gold":6,"neow_bonus":"THREE_ENEMY_KILL","is_daily":false,"chose_seed":false,"campfire_upgraded":3,"win_rate":0.0,"timestamp":1611271332,"path_taken":["M","M","$","?","?","E","R","E","T","R","?","?","E","?","R","BOSS","M","M","?","?","M","R","E","?","T","M","?","M"],"items_purchased_type":["Card","Card","Card","Card"],"build_version":"2020-12-18","purchased_purges":1,"victory":false,"max_hp_per_floor":[68,68,68,73,73,73,73,73,73,73,73,73,73,73,73,73,73,73,73,73,73,73,73,73,73,73,73,73,73,73],"relic_stats":{"Centennial Puzzle":[18],"counters":[13,50],"Bag of Preparation":[4],"Boot":[61],"obtain_stats":[{"Potion Belt":9,"Centennial Puzzle":8,"NeowsBlessing":0,"Nilry\u0027s Codex":20,"Bag of Preparation":24,"PureWater":0,"Boot":6,"Empty Cage":17,"Ancient Tea Set":26,"Unceasing Top":13},{"Potion Belt":4,"Centennial Puzzle":4,"NeowsBlessing":0,"Nilry\u0027s Codex":9,"Bag of Preparation":11,"PureWater":0,"Boot":3,"Empty Cage":7,"Ancient Tea Set":11,"Unceasing Top":6},{"Potion Belt":10,"Centennial Puzzle":10,"NeowsBlessing":0,"Nilry\u0027s Codex":36,"Bag of Preparation":44,"PureWater":0,"Boot":4,"Empty Cage":29,"Ancient Tea Set":44,"Unceasing Top":18}],"Unceasing Top":[0]},"card_choices":[{"not_picked":["FlyingSleeves","Weave"],"picked":"Tantrum","floor":1.0},{"not_picked":["FollowUp","Protect"],"picked":"ForeignInfluence","floor":2.0},{"not_picked":["BowlingBash","LikeWater"],"picked":"EmptyFist","floor":6.0},{"not_picked":["EmptyBody","FollowUp"],"picked":"BattleHymn","floor":8.0},{"not_picked":["BowlingBash","Indignation"],"picked":"ThirdEye","floor":11.0},{"not_picked":["WindmillStrike","EmptyMind"],"picked":"Vault","floor":13.0},{"not_picked":["Judgement","Blasphemy"],"picked":"MasterReality","floor":16.0},{"not_picked":["JustLucky","CutThroughFate"],"picked":"BowlingBash","floor":18.0},{"not_picked":["Evaluate","Consecrate"],"picked":"Halt","floor":19.0},{"not_picked":["JustLucky+1","Nirvana"],"picked":"Protect","floor":22.0},{"not_picked":["Consecrate+1","FollowUp"],"picked":"Halt","floor":24.0},{"not_picked":["PathToVictory","ClearTheMind"],"picked":"LikeWater","floor":27.0}],"player_experience":2006394,"relics_obtained":[{"floor":6.0,"key":"Boot"},{"floor":8.0,"key":"Centennial Puzzle"},{"floor":9.0,"key":"Potion Belt"},{"floor":13.0,"key":"Unceasing Top"},{"floor":20.0,"key":"Nilry\u0027s Codex"},{"floor":24.0,"key":"Bag of Preparation"},{"floor":26.0,"key":"Ancient Tea Set"}],"event_choices":[{"damage_healed":0.0,"max_hp_gain":5.0,"max_hp_loss":0.0,"gold_gain":0.0,"event_name":"Big Fish","player_choice":"Donut","floor":4.0,"gold_loss":0.0,"damage_taken":0.0},{"cards_removed":["Strike_P"],"damage_healed":0.0,"max_hp_gain":0.0,"max_hp_loss":0.0,"gold_gain":0.0,"event_name":"Golden Wing","player_choice":"Card Removal","floor":5.0,"gold_loss":0.0,"damage_taken":7.0},{"damage_healed":18.0,"max_hp_gain":0.0,"max_hp_loss":0.0,"gold_gain":0.0,"event_name":"The Cleric","player_choice":"Healed","floor":14.0,"gold_loss":35.0,"damage_taken":0.0},{"damage_healed":0.0,"max_hp_gain":0.0,"max_hp_loss":0.0,"gold_gain":0.0,"event_name":"Cursed Tome","player_choice":"Obtained Book","floor":20.0,"gold_loss":0.0,"damage_taken":21.0},{"damage_healed":0.0,"max_hp_gain":0.0,"max_hp_loss":0.0,"gold_gain":0.0,"event_name":"Ghosts","player_choice":"Ignored","floor":21.0,"gold_loss":0.0,"damage_taken":0.0},{"damage_healed":0.0,"max_hp_gain":0.0,"max_hp_loss":0.0,"gold_gain":0.0,"event_name":"The Mausoleum","player_choice":"Ignored","floor":25.0,"gold_loss":0.0,"damage_taken":0.0}],"is_beta":true,"boss_relics":[{"not_picked":["SlaversCollar","Ectoplasm"],"picked":"Empty Cage"}],"items_purged_floors":[3],"is_endless":false,"potions_floor_spawned":[2,13,18,22,24],"killed_by":"Cultist and Chosen","ascension_level":20}}