{"host":"hzinic87vu8p95wn","time":1611231923,"event":{"mods":["BaseMod","Minty Spire (QoL Compilation)"],"gold_per_floor":[119,129,129,129,1,1,36,46,69,69,25,50,50,30,30,104,104,115,115,65,84,102,129,129,156,156,156,53,63,88,88,88,163,163,176,176,195,145,145,145,158,176,176,176,12,12,45,45,45,45,45],"floor_reached":50,"language":"ENG","playtime":1678,"items_purged":["Strike_P+1","Defend_P+1"],"score":1020,"play_id":"6b95e8a5-af03-4511-a8c2-ac8f8065d869","local_time":"20210121232523","is_ascension_mode":true,"campfire_choices":[{"data":"Eruption","floor":6.0,"key":"SMITH"},{"floor":10.0,"key":"REST"},{"data":"CarveReality","floor":15.0,"key":"SMITH"},{"data":"Conclude","floor":27.0,"key":"SMITH"},{"floor":32.0,"key":"REST"},{"data":"Discovery","floor":40,"key":"SMITH"},{"floor":44,"key":"REST"},{"data":"MentalFortress","floor":46,"key":"SMITH"},{"data":"Prostrate","floor":49,"key":"SMITH"}],"circlet_count":0,"master_deck":["AscendersBane","Strike_P+1","Strike_P+1","Defend_P+1","Defend_P+1","Defend_P+1","Eruption+1","Vigilance","MentalFortress+1","CarveReality+1","FearNoEvil","Prostrate+1","Conclude+1","FollowUp","Brilliance","JustLucky","FlurryOfBlows","EmptyBody","Discovery+1"],"relics":["PureWater","NeowsBlessing","Bag of Marbles","Akabeko","Toy Ornithopter","Busted Crown","Omamori","Regal Pillow","Red Mask","Shuriken","Smiling Mask","Calling Bell","MealTicket","HornCleat","Calipers","Frozen Egg 2","Lee\u0027s Waffle","Dream Catcher"],"acts_visited":["Exordium","TheCity","TheBeyond"],"potions_floor_usage":[35,47,47,50],"damage_taken":[{"damage":0.0,"enemies":"Cultist","floor":1.0,"turns":1.0},{"damage":0.0,"enemies":"Small Slimes","floor":2.0,"turns":1.0},{"damage":0.0,"enemies":"Lagavulin","floor":7.0,"turns":2.0},{"damage":0.0,"enemies":"Jaw Worm","floor":8.0,"turns":2.0},{"damage":24.0,"enemies":"3 Sentries","floor":12.0,"turns":5.0},{"damage":36.0,"enemies":"Hexaghost","floor":16.0,"turns":8.0},{"damage":0.0,"enemies":"Spheric Guardian","floor":18.0,"turns":3.0},{"damage":0.0,"enemies":"Chosen","floor":21.0,"turns":2.0},{"damage":0.0,"enemies":"Centurion and Healer","floor":22.0,"turns":1.0},{"damage":8.0,"enemies":"Gremlin Leader","floor":23.0,"turns":4.0},{"damage":0.0,"enemies":"Masked Bandits","floor":25.0,"turns":2.0},{"damage":0.0,"enemies":"3 Cultists","floor":29.0,"turns":3.0},{"damage":30.0,"enemies":"Slavers","floor":30.0,"turns":5.0},{"damage":26.0,"enemies":"Champ","floor":33.0,"turns":10.0},{"damage":0,"enemies":"Orb Walker","floor":35,"turns":3},{"damage":0,"enemies":"3 Shapes","floor":37,"turns":4},{"damage":31,"enemies":"Transient","floor":41,"turns":6},{"damage":1,"enemies":"Sphere and 2 Shapes","floor":42,"turns":3},{"damage":76,"enemies":"Nemesis","floor":47,"turns":9},{"damage":43,"enemies":"Donu and Deca","floor":50,"turns":5}],"seed_played":"4588527499621361184","potions_obtained":[{"floor":2.0,"key":"FearPotion"},{"floor":12.0,"key":"Fruit Juice"},{"floor":14.0,"key":"EntropicBrew"},{"floor":18.0,"key":"PowerPotion"},{"floor":25.0,"key":"EssenceOfSteel"},{"floor":30.0,"key":"Swift Potion"},{"floor":33.0,"key":"SkillPotion"},{"floor":41,"key":"Block Potion"},{"floor":47,"key":"BlessingOfTheForge"}],"is_trial":false,"path_per_floor":["M","M","?","?","$","R","E","M","T","R","$","E","$","?","R","B",null,"M","?","$","M","M","E","?","?","T","R","$","M","E","?","R","B",null,"M","?","M","$","?","R","M","M","T","R","$","R","E","?","R","B"],"character_chosen":"WATCHER","items_purchased":["FearNoEvil","Prostrate","Conclude","JustLucky","EmptyBody","Lee\u0027s Waffle"],"campfire_rested":3,"item_purchase_floors":[5,5,11,20,28,45],"current_hp_per_floor":[61,61,41,46,46,46,46,46,46,67,67,53,53,53,53,32,67,67,67,67,67,72,64,64,64,64,64,64,64,39,39,77,52,72,77,77,77,78,78,78,47,46,46,78,85,85,14,70,70,32,32],"gold":45,"neow_bonus":"THREE_ENEMY_KILL","is_daily":false,"chose_seed":false,"campfire_upgraded":6,"win_rate":0.0,"timestamp":1611231923,"path_taken":["M","?","?","?","?","R","E","?","T","R","$","E","$","?","R","BOSS","M","?","$","M","M","E","?","?","T","R","$","M","E","?","R","BOSS","M","?","M","$","?","R","M","M","T","R","$","R","E","?","R","BOSS"],"items_purchased_type":["Card","Card","Card","Card","Card","Relic"],"build_version":"2020-12-22","purchased_purges":2,"victory":false,"max_hp_per_floor":[68,68,68,73,73,73,73,73,73,73,73,78,78,78,78,78,78,78,78,78,78,78,78,78,78,78,78,78,78,78,78,78,78,78,78,78,78,78,78,78,78,78,78,78,85,85,85,70,70,70,70],"card_choices":[{"not_picked":["SashWhip","Swivel"],"picked":"MentalFortress","floor":1.0},{"not_picked":["FlyingSleeves","JustLucky"],"picked":"CarveReality","floor":2.0},{"not_picked":["Weave","Collect","Worship"],"picked":"SKIP","floor":7.0},{"not_picked":["Protect","Evaluate","ThirdEye"],"picked":"SKIP","floor":8.0},{"not_picked":["Indignation","WindmillStrike"],"picked":"FollowUp","floor":12.0},{"not_picked":["Omniscience","LessonLearned"],"picked":"Brilliance","floor":16.0},{"not_picked":["CrushJoints"],"picked":"SKIP","floor":18.0},{"not_picked":["Tantrum"],"picked":"SKIP","floor":21.0},{"not_picked":[],"picked":"FlurryOfBlows","floor":22.0},{"not_picked":["Fasting2"],"picked":"SKIP","floor":23.0},{"not_picked":["Crescendo+1"],"picked":"SKIP","floor":29.0},{"not_picked":["Study"],"picked":"SKIP","floor":30.0},{"not_picked":["BowlingBash+1"],"picked":"SKIP","floor":35},{"not_picked":[],"picked":"Discovery","floor":36},{"not_picked":["CrushJoints"],"picked":"SKIP","floor":37},{"not_picked":["Sanctity"],"picked":"SKIP","floor":41},{"not_picked":["JustLucky"],"picked":"SKIP","floor":42},{"not_picked":["Blasphemy"],"picked":"SKIP","floor":47}],"player_experience":1587517,"relics_obtained":[{"floor":7.0,"key":"Bag of Marbles"},{"floor":9.0,"key":"Akabeko"},{"floor":12.0,"key":"Toy Ornithopter"},{"floor":23.0,"key":"Omamori"},{"floor":25.0,"key":"Red Mask"},{"floor":26.0,"key":"Shuriken"},{"floor":30.0,"key":"Smiling Mask"},{"floor":34.0,"key":"MealTicket"},{"floor":34.0,"key":"HornCleat"},{"floor":34.0,"key":"Calipers"},{"floor":43,"key":"Frozen Egg 2"},{"floor":47,"key":"Dream Catcher"}],"event_choices":[{"damage_healed":0.0,"max_hp_gain":0.0,"max_hp_loss":0.0,"gold_gain":0.0,"event_name":"Shining Light","player_choice":"Entered Light","floor":3.0,"gold_loss":0.0,"damage_taken":20.0,"cards_upgraded":["Defend_P","Strike_P"]},{"damage_healed":0.0,"max_hp_gain":5.0,"max_hp_loss":0.0,"gold_gain":0.0,"event_name":"Big Fish","player_choice":"Donut","floor":4.0,"gold_loss":0.0,"damage_taken":0.0},{"damage_healed":0.0,"max_hp_gain":0.0,"max_hp_loss":0.0,"gold_gain":0.0,"event_name":"The Woman in Blue","player_choice":"Bought 1 Potion","floor":14.0,"gold_loss":0.0,"damage_taken":0.0},{"damage_healed":0.0,"max_hp_gain":0.0,"max_hp_loss":0.0,"gold_gain":0.0,"event_name":"Back to Basics","player_choice":"Simplicity","floor":19.0,"gold_loss":0.0,"damage_taken":0.0,"cards_upgraded":["Strike_P","Strike_P","Strike_P","Defend_P","Defend_P","Defend_P"]},{"damage_healed":0.0,"max_hp_gain":0.0,"max_hp_loss":0.0,"gold_gain":0.0,"event_name":"The Mausoleum","player_choice":"Opened","floor":24.0,"gold_loss":0.0,"damage_taken":0.0,"relics_obtained":["Regal Pillow"],"cards_obtained":["Writhe"]},{"damage_healed":0.0,"max_hp_gain":0.0,"max_hp_loss":0.0,"gold_gain":0.0,"event_name":"Masked Bandits","player_choice":"Fought Bandits","floor":25.0,"gold_loss":0.0,"damage_taken":0.0},{"damage_healed":0.0,"max_hp_gain":0.0,"max_hp_loss":0.0,"gold_gain":0.0,"event_name":"Ghosts","player_choice":"Ignored","floor":31.0,"gold_loss":0.0,"damage_taken":0.0},{"damage_healed":0,"gold_gain":0,"player_choice":"Memory 1","damage_taken":0,"max_hp_gain":0,"max_hp_loss":0,"event_name":"SensoryStone","floor":36,"gold_loss":0},{"cards_removed":["Strike_P"],"damage_healed":0,"gold_gain":0,"player_choice":"Removed Attack","damage_taken":0,"max_hp_gain":0,"max_hp_loss":0,"event_name":"Falling","floor":39,"gold_loss":0},{"damage_healed":70,"gold_gain":0,"player_choice":"Heal","damage_taken":0,"max_hp_gain":0,"max_hp_loss":15,"event_name":"The Moai Head","floor":48,"gold_loss":0}],"is_beta":false,"boss_relics":[{"not_picked":["Empty Cage","Astrolabe"],"picked":"Busted Crown"},{"not_picked":["Cursed Key","SacredBark"],"picked":"Calling Bell"}],"items_purged_floors":[28,38],"is_endless":false,"potions_floor_spawned":[2,12,18,25,30,33,41,47],"killed_by":"Donu and Deca","ascension_level":18}}