{"host":"ttx8tv95o5vka1nm","time":1611198855,"event":{"mods":["AchievementEnabler","BaseMod","Colored Map","Downfall","Infinite Spire","Minty Spire (QoL Compilation)","Shop Mod","StSLib","The Jungle"],"gold_per_floor":[115,132,148,161,161,194,214,253,253,253,286,305,305,63,63,182,182,205,26,51,51,62,88,88,119,189,189,189],"floor_reached":27,"language":"ENG","playtime":3013,"items_purged":["Strike_G"],"score":355,"play_id":"30049c4f-46bb-4cc5-a447-2c6ec7fc4cf2","local_time":"20210121131415","is_ascension_mode":true,"campfire_choices":[{"floor":10,"key":"REST"},{"floor":13,"key":"REST"},{"data":"Blur","floor":15,"key":"SMITH"},{"floor":24,"key":"REST"}],"circlet_count":0,"master_deck":["Strike_G","Strike_G","Strike_G","Strike_G","Defend_G","Defend_G","Defend_G","Defend_G","Defend_G","Survivor","Neutralize","Venomology","Poisoned Stab","Cloak And Dagger+1","Blur+1","Poisoned Stab","Slice","Prepared","Deflect","Finisher","Flying Knee","Backflip","Adrenaline","Concentrate","Terror","Distraction+1","Choke+1","Caltrops"],"relics":["Ring of the Snake","Lantern","StrikeDummy","infinitespire:FocusingShard","MerchantsRug","SlaversCollar","Pen Nib","Nloth\u0027s Gift","Pantograph","Turnip","Meat on the Bone"],"acts_visited":["Exordium","TheCity"],"potions_floor_usage":[2,4,6,7,7,8,8,8,11,11,20,22,23,25,27,27,27,27],"damage_taken":[{"damage":5,"enemies":"Cultist","floor":1,"turns":5},{"damage":4,"enemies":"Small Slimes","floor":2,"turns":4},{"damage":2,"enemies":"2 Louse","floor":3,"turns":2},{"damage":0,"enemies":"Red Slaver","floor":4,"turns":3},{"damage":19,"enemies":"Lagavulin","floor":6,"turns":6},{"damage":0,"enemies":"Lots of Slimes","floor":7,"turns":3},{"damage":17,"enemies":"3 Sentries","floor":8,"turns":8},{"damage":16,"enemies":"Gremlin Nob","floor":11,"turns":4},{"damage":0,"enemies":"Blue Slaver","floor":12,"turns":3},{"damage":46,"enemies":"Slime Boss","floor":16,"turns":13},{"damage":33,"enemies":"Shell Parasite","floor":18,"turns":7},{"damage":18,"enemies":"2 Thieves","floor":20,"turns":5},{"damage":7,"enemies":"Snecko","floor":22,"turns":5},{"damage":9,"enemies":"Nightmare","floor":23,"turns":5},{"damage":9,"enemies":"Slavers","floor":25,"turns":5},{"damage":14,"enemies":"3 Cultists","floor":27,"turns":3}],"seed_played":"-7754188137722419218","potions_obtained":[{"floor":2,"key":"Energy Potion"},{"floor":3,"key":"CunningPotion"},{"floor":8,"key":"EssenceOfSteel"},{"floor":11,"key":"DistilledChaos"},{"floor":20,"key":"champ:CounterPotion"},{"floor":25,"key":"CunningPotion"}],"is_trial":false,"path_per_floor":["M","M","M","M","?","E","M","E","T","R","E","M","R","$","R","B",null,"M","$","M","?","M","NM","R","E","T","M"],"character_chosen":"THE_SILENT","items_purchased":["MerchantsRug","Backflip","Pen Nib","Concentrate"],"campfire_rested":3,"item_purchase_floors":[14,14,19,19],"current_hp_per_floor":[58,54,52,52,52,33,33,31,31,52,36,36,57,57,57,11,55,22,22,18,18,11,2,23,14,14,0,0],"gold":189,"neow_bonus":"ONE_RANDOM_RARE_CARD","is_daily":false,"chose_seed":false,"campfire_upgraded":1,"win_rate":0.0,"timestamp":1611198855,"path_taken":["M","M","M","?","?","E","M","E","T","R","E","M","R","$","R","BOSS","M","?","M","?","M","NM","R","E","T","M"],"items_purchased_type":["Relic","Card","Relic","Card"],"build_version":"2020-12-22","purchased_purges":1,"victory":false,"max_hp_per_floor":[70,70,70,70,70,70,70,70,70,70,70,70,70,70,70,70,70,70,70,70,70,70,70,70,70,70,70,70],"card_choices":[{"not_picked":["Blade Dance","Dagger Spray"],"picked":"Poisoned Stab","floor":1},{"not_picked":["Dodge and Roll","Backflip"],"picked":"Cloak And Dagger","floor":2},{"not_picked":["Deflect","Dagger Throw"],"picked":"Blur","floor":3},{"not_picked":["Deadly Poison","Dagger Spray"],"picked":"Poisoned Stab","floor":4},{"not_picked":["Night Terror","Dodge and Roll"],"picked":"Slice","floor":6},{"not_picked":["Well Laid Plans","Setup"],"picked":"Prepared","floor":7},{"not_picked":["Grand Finale","Underhanded Strike"],"picked":"Deflect","floor":8},{"not_picked":["Blade Dance","Backflip"],"picked":"Finisher","floor":11},{"not_picked":["Prepared","Calculated Gamble"],"picked":"Flying Knee","floor":12},{"not_picked":["Venomology","Night Terror"],"picked":"Adrenaline","floor":16},{"not_picked":["Flying Knee","Deflect","Finisher"],"picked":"SKIP","floor":18},{"not_picked":["Sucker Punch","Cloak And Dagger"],"picked":"Terror","floor":20},{"not_picked":["Escape Plan","Outmaneuver"],"picked":"Distraction+1","floor":22},{"not_picked":["Flechettes","Escape Plan"],"picked":"Choke+1","floor":23},{"not_picked":["Heel Hook+1","Terror+1"],"picked":"Caltrops","floor":25}],"player_experience":767234,"relics_obtained":[{"floor":6,"key":"infinitespire:Midas Blood"},{"floor":8,"key":"Lantern"},{"floor":9,"key":"StrikeDummy"},{"floor":11,"key":"infinitespire:FocusingShard"},{"floor":23,"key":"Pantograph"},{"floor":25,"key":"Turnip"},{"floor":26,"key":"Meat on the Bone"}],"event_choices":[{"damage_healed":0,"gold_gain":0,"player_choice":"Forge","damage_taken":0,"max_hp_gain":0,"max_hp_loss":0,"event_name":"Accursed Blacksmith","floor":5,"gold_loss":0,"cards_upgraded":["Cloak And Dagger"]},{"damage_healed":0,"gold_gain":0,"player_choice":"Traded Relic","damage_taken":0,"relics_obtained":["Nloth\u0027s Gift"],"max_hp_gain":0,"max_hp_loss":0,"event_name":"N\u0027loth","floor":21,"relics_lost":["infinitespire:Midas Blood"],"gold_loss":0}],"is_beta":false,"boss_relics":[{"not_picked":["SacredBark","Velvet Choker"],"picked":"SlaversCollar"}],"items_purged_floors":[14],"is_endless":true,"potions_floor_spawned":[2,3,8,11,20,25],"killed_by":"3 Cultists","ascension_level":6}}