{"host":"6azrrw3tf7wb0f4b","time":1611188767,"event":{"mods":["BaseMod","DeckTracker","Minty Spire (QoL Compilation)","SuperFastMode"],"gold_per_floor":[113,113,132,82,99,99,116,116,116,116,148,148,169,94,94,94,94],"floor_reached":16,"language":"KOR","playtime":332,"items_purged":["Defend_P"],"score":160,"play_id":"f7740a43-ee78-435a-9312-93c9c9244908","local_time":"20210121092607","is_ascension_mode":true,"campfire_choices":[{"data":"Eruption","floor":6,"key":"SMITH"},{"data":"SignatureMove","floor":8,"key":"SMITH"},{"data":"WheelKick","floor":15,"key":"SMITH"}],"circlet_count":0,"master_deck":["AscendersBane","Strike_P","Strike_P","Defend_P","Defend_P","Eruption+1","Vigilance","MasterReality","SashWhip","Protect","SignatureMove+1","WheelKick+1","Conclude","EmptyMind","FearNoEvil"],"relics":["PureWater","Nunchaku","HornCleat","Golden Idol"],"acts_visited":["Exordium"],"potions_floor_usage":[16],"damage_taken":[{"damage":8,"enemies":"Jaw Worm","floor":1,"turns":6},{"damage":0,"enemies":"2 Louse","floor":3,"turns":2},{"damage":0,"enemies":"Small Slimes","floor":5,"turns":3},{"damage":0,"enemies":"2 Fungi Beasts","floor":7,"turns":2},{"damage":20,"enemies":"3 Sentries","floor":11,"turns":6},{"damage":11,"enemies":"Exordium Wildlife","floor":13,"turns":3},{"damage":8,"enemies":"The Guardian","floor":16,"turns":7}],"seed_played":"6484485976555689384","potions_obtained":[{"floor":5,"key":"Strength Potion"},{"floor":11,"key":"FearPotion"}],"is_trial":false,"path_per_floor":["M","?","M","?","M","R","M","R","T","?","E","?","M","$","R","B"],"character_chosen":"WATCHER","items_purchased":[],"campfire_rested":0,"item_purchase_floors":[],"current_hp_per_floor":[57,50,50,50,50,50,50,50,50,50,30,30,19,19,19,11,11],"gold":94,"neow_bonus":"ONE_RANDOM_RARE_CARD","is_daily":false,"chose_seed":false,"campfire_upgraded":3,"win_rate":0.0,"timestamp":1611188767,"path_taken":["M","?","M","?","M","R","M","R","T","?","E","?","M","$","R","BOSS"],"items_purchased_type":[],"build_version":"2020-12-22","purchased_purges":1,"victory":false,"max_hp_per_floor":[72,72,72,72,72,72,72,72,72,72,72,67,67,67,67,67,67],"card_choices":[{"not_picked":["Protect","Evaluate"],"picked":"SashWhip","floor":1},{"not_picked":["FollowUp","JustLucky"],"picked":"Protect","floor":3},{"not_picked":["Study","Evaluate"],"picked":"SignatureMove","floor":5},{"not_picked":["SignatureMove","Consecrate"],"picked":"WheelKick","floor":7},{"not_picked":["FollowUp","FlyingSleeves"],"picked":"EmptyMind","floor":11},{"not_picked":["WaveOfTheHand","MentalFortress"],"picked":"FearNoEvil","floor":13}],"player_experience":733166,"relics_obtained":[{"floor":9,"key":"Nunchaku"},{"floor":11,"key":"HornCleat"}],"event_choices":[{"cards_removed":["Strike_P"],"damage_healed":0,"gold_gain":0,"player_choice":"Card Removal","damage_taken":7,"max_hp_gain":0,"max_hp_loss":0,"event_name":"Golden Wing","floor":2,"gold_loss":0},{"cards_removed":["Defend_P"],"damage_healed":0,"gold_gain":0,"player_choice":"Card Removal","damage_taken":0,"max_hp_gain":0,"max_hp_loss":0,"event_name":"The Cleric","floor":4,"gold_loss":50},{"damage_healed":0,"gold_gain":0,"cards_transformed":["Strike_P"],"player_choice":"Change","damage_taken":0,"max_hp_gain":0,"max_hp_loss":0,"event_name":"Living Wall","floor":10,"gold_loss":0,"cards_obtained":["Conclude"]},{"damage_healed":0,"gold_gain":0,"player_choice":"Lose Max HP","damage_taken":0,"relics_obtained":["Golden Idol"],"max_hp_gain":0,"max_hp_loss":5,"event_name":"Golden Idol","floor":12,"gold_loss":0}],"is_beta":false,"boss_relics":[],"items_purged_floors":[14],"is_endless":false,"potions_floor_spawned":[5,11],"killed_by":"The Guardian","ascension_level":12}}