{"host":"njb27ds59h4j3ikk","time":1611262024,"event":{"mods":["AchievementEnabler","BaseMod","Better Altar","Better Match","Better Note","Better Sensory Stone","Better Skull","Better Third Choice","BetterRewards","Downfall","Hermit","Hubris","Minty Spire (QoL Compilation)","Permanent Neow","Quarter Circle Forward PUNCH!","Quick Restart","Rare Cards Sparkle","Shop Mod","StSLib","Trackpad","Transform Curses"],"gold_per_floor":[118,136,136,136,156,197,197,222,222,222,257,270,293,326,326,456,456,470,470,485,508,508,541,541,577,616,628,640,675,687,699,711,853,865,899,129,129,168,168,168,187,187,187,187,227,1204,1219,1255,1255,1255,1255,1255,33,67,67],"floor_reached":56,"language":"ENG","playtime":1678,"items_purged":[],"score":1954,"play_id":"b5f853ae-ee45-4c25-9ead-3f08a59c9960","local_time":"20210121154704","is_ascension_mode":true,"campfire_choices":[{"data":"hermit:Gestalt","floor":7.0,"key":"SMITH"},{"data":"hermit:Determination","floor":15.0,"key":"SMITH"},{"data":"hermit:GoldenBullet","floor":24.0,"key":"SMITH"},{"data":"hermit:Ricochet","floor":27.0,"key":"SMITH"},{"data":"hermit:Grudge","floor":32,"key":"SMITH"},{"floor":40,"key":"RECALL"},{"data":"Sadistic Nature","floor":42,"key":"SMITH"},{"floor":49,"key":"REST"},{"data":"hermit:Dissolve","floor":52,"key":"SMITH"}],"circlet_count":0,"master_deck":["hermit:Strike_Hermit","hermit:Strike_Hermit","hermit:Strike_Hermit","hermit:Strike_Hermit","hermit:Defend_Hermit","hermit:Defend_Hermit","hermit:Defend_Hermit","hermit:Defend_Hermit","hermit:Snapshot","hermit:Covet","hermit:SprayPray","hermit:Ricochet+1","hermit:WideOpen","hermit:Glare","hermit:Dive","hermit:HighCaliber","Injury","hermit:Gestalt+1","hermit:Coalescence","Pain","hermit:Quickdraw","hermit:GoldenBullet+1","hermit:Determination+1","hermit:Headshot","hermit:Dissolve+1","hermit:CalledShot+1","hermit:Purgatory","hermit:Misfire","hermit:Grudge+1","hermit:ShadowCloak","hermit:Determination","hermit:Reprieve","CurseOfTheBell","hermit:SprayPray+1","Sadistic Nature+1","hermit:Gestalt","hermit:GoldenBullet+1","hermit:Enervate+1","hermit:Dive+1","hermit:Enervate+1","hermit:SprayPray+1","hermit:Dissolve","hermit:Vantage","hermit:Determination","Bandage Up","Secret Weapon","hermit:HoleUp"],"relics":["hermit:Momento","hubris:MedicalManual","Tiny Chest","Lee\u0027s Waffle","qcfpunch:Handcuffs","hubris:EmptyBottle","Guardian:PocketSentry","hubris:Spice","hubris:Icosahedron","Golden Idol","hubris:GlazedTorus","qcfpunch:Red_Headband","WarpedTongs","trackpad:PetRock","White Beast Statue","bronze:MakeshiftBattery","Guardian:GemstoneGun","qcfpunch:Red_Gi","Calling Bell","trackpad:WritersBlock","InkBottle","trackpad:HandOfMidas","Medical Kit","champ:DuelingGlove","MerchantsRug","Letter Opener","Kunai","trackpad:IceCube","Molten Egg 2","Mango","hubris:FunFungus"],"acts_visited":["Exordium","TheCity","TheBeyond","TheEnding"],"potions_floor_usage":[50,50,50,54,55,55,55,55],"damage_taken":[{"damage":6.0,"enemies":"2 Louse","floor":1.0,"turns":2.0},{"damage":0.0,"enemies":"Jaw Worm","floor":2.0,"turns":2.0},{"damage":0.0,"enemies":"Cultist","floor":5.0,"turns":2.0},{"damage":1.0,"enemies":"Lagavulin","floor":6.0,"turns":4.0},{"damage":2.0,"enemies":"3 Sentries","floor":11.0,"turns":4.0},{"damage":0.0,"enemies":"Looter","floor":12.0,"turns":1.0},{"damage":0.0,"enemies":"Red Slaver","floor":13.0,"turns":2.0},{"damage":0.0,"enemies":"Gremlin Nob","floor":14.0,"turns":2.0},{"damage":0.0,"enemies":"Slime Boss","floor":16.0,"turns":2.0},{"damage":1.0,"enemies":"Chosen","floor":18.0,"turns":3.0},{"damage":10.0,"enemies":"3 Byrds","floor":20.0,"turns":3.0},{"damage":3.0,"enemies":"Sentry and Sphere","floor":21.0,"turns":3.0},{"damage":5.0,"enemies":"Book of Stabbing","floor":23.0,"turns":3.0},{"damage":7.0,"enemies":"Slavers","floor":25.0,"turns":3.0},{"damage":1,"enemies":"Cultist and Chosen","floor":29,"turns":3},{"damage":16,"enemies":"Collector","floor":33,"turns":5},{"damage":9,"enemies":"3 Shapes","floor":35,"turns":3},{"damage":0,"enemies":"Orb Walker","floor":41,"turns":2},{"damage":0,"enemies":"Nemesis","floor":45,"turns":4},{"damage":0,"enemies":"Transient","floor":46,"turns":1},{"damage":36,"enemies":"Spire Growth","floor":47,"turns":2},{"damage":17,"enemies":"Reptomancer","floor":48,"turns":4},{"damage":12,"enemies":"Donu and Deca","floor":50,"turns":5},{"damage":22,"enemies":"Shield and Spear","floor":54,"turns":5},{"damage":19,"enemies":"The Heart","floor":55,"turns":6}],"seed_played":"-4602612492874489273","potions_obtained":[{"floor":5.0,"key":"AttackPotion"},{"floor":11.0,"key":"Regen Potion"},{"floor":16.0,"key":"sneckomod:MuddlingPotion"},{"floor":18.0,"key":"Weak Potion"},{"floor":21.0,"key":"SkillPotion"},{"floor":23.0,"key":"LiquidMemories"},{"floor":25.0,"key":"bronze:BurnAndBuffPotion"},{"floor":37,"key":"hermit:BlackBile"},{"floor":41,"key":"Slimebound:ThreeZeroPotion"},{"floor":54,"key":"SneckoOil"}],"is_trial":false,"path_per_floor":["M","M","?","?","M","E","R","T","T","?","E","M","M","E","R","B",null,"M","?","M","M","T","E","R","E","T","R","$","M","?","?","R","B",null,"M","$","?","$","T","R","M","R","T","?","E","M","M","E","R","B",null,"R","$","E","B",null],"character_chosen":"HERMIT","items_purchased":["hubris:MedicalManual","Tiny Chest","Lee\u0027s Waffle","hermit:SprayPray","hubris:EmptyBottle","Guardian:PocketSentry","hermit:Ricochet","Energy Potion","hermit:BlackBile","hermit:WideOpen","hermit:Glare","Medical Kit","champ:DuelingGlove","Sadistic Nature","MerchantsRug","hermit:Gestalt","Mango","hubris:FunFungus","hermit:Enervate+1","hermit:SprayPray+1","hermit:Dissolve","hermit:Vantage","hermit:Determination","Bandage Up","Secret Weapon"],"campfire_rested":1,"item_purchase_floors":[0,0,0,0,0,0,0,0,0,0,0,36,36,36,36,38,53,53,53,53,53,53,53,53,53],"current_hp_per_floor":[84,84,84,84,84,83,83,83,83,83,81,81,81,81,81,81,90,89,89,79,76,76,71,71,64,64,64,64,63,63,63,63,47,90,84,84,84,84,84,84,88,88,88,88,90,90,54,45,72,60,90,90,104,97,94],"gold":67,"neow_bonus":"","is_daily":false,"chose_seed":false,"campfire_upgraded":7,"win_rate":0.0,"timestamp":1611262024,"path_taken":["M","M","?","?","?","E","R","?","T","?","E","?","M","E","R","BOSS","M","?","M","M","?","E","R","E","T","R","$","M","?","?","R","BOSS","M","$","?","$","?","R","M","R","T","?","E","M","?","E","R","BOSS","R","$","E","BOSS"],"items_purchased_type":["Relic","Relic","Relic","Card","Relic","Relic","Card","Potion","Potion","Card","Card","Relic","Relic","Card","Relic","Card","Relic","Relic","Card","Card","Card","Card","Card","Card","Card"],"build_version":"2020-12-22","purchased_purges":0,"victory":true,"max_hp_per_floor":[90,90,90,90,90,90,90,90,90,90,90,90,90,90,90,90,90,90,90,90,90,90,90,90,90,90,90,90,90,90,90,90,90,90,90,90,90,90,90,90,90,90,90,90,90,90,90,90,90,90,90,90,104,112,112],"card_choices":[{"not_picked":["hermit:Roulette","hermit:HoleUp"],"picked":"hermit:Dive","floor":1.0},{"not_picked":["hermit:Dive","hermit:Maintenance"],"picked":"hermit:HighCaliber","floor":2.0},{"not_picked":["hermit:HoleUp","hermit:WideOpen"],"picked":"hermit:Gestalt","floor":5.0},{"not_picked":["hermit:LoneWolf","hermit:BodyArmor"],"picked":"hermit:Coalescence","floor":6.0},{"not_picked":["hermit:NoHoldsBarred","hermit:TrackingShot"],"picked":"hermit:Quickdraw","floor":11.0},{"not_picked":["hermit:CalledShot","hermit:GhostlyPresence"],"picked":"hermit:GoldenBullet","floor":12.0},{"not_picked":["hermit:Quickdraw","hermit:Desperado"],"picked":"hermit:Determination","floor":13.0},{"not_picked":["hermit:Brawl","hermit:LowProfile"],"picked":"hermit:Headshot","floor":14.0},{"not_picked":["hermit:Purgatory","hermit:BlackWind"],"picked":"hermit:Dissolve","floor":16.0},{"not_picked":["hermit:Headshot","hermit:Ricochet"],"picked":"hermit:CalledShot+1","floor":18.0},{"not_picked":["hermit:CalledShot+1","hermit:LoneWolf+1"],"picked":"hermit:Misfire","floor":20.0},{"not_picked":["hermit:LoneWolf","hermit:HighCaliber","hermit:Roulette"],"picked":"SKIP","floor":21.0},{"not_picked":["hermit:Desperado","hermit:ItchyTrigger"],"picked":"hermit:Grudge","floor":23.0},{"not_picked":["hermit:Glare","hermit:Scavenge"],"picked":"hermit:ShadowCloak","floor":25.0},{"not_picked":["hermit:Misfire+1","hermit:Enervate"],"picked":"hermit:Determination","floor":29},{"not_picked":["hermit:Purgatory","hermit:FinalCanter"],"picked":"hermit:Reprieve","floor":33},{"not_picked":["hermit:Dive","hermit:Roulette"],"picked":"hermit:SprayPray+1","floor":35},{"not_picked":["hermit:ShadowCloak+1","hermit:TakeAim+1","hermit:Manifest"],"picked":"SKIP","floor":41},{"not_picked":["hermit:Dissolve","hermit:Combo"],"picked":"hermit:Enervate+1","floor":45},{"not_picked":["hermit:HoleUp","hermit:Scavenge"],"picked":"hermit:Dive+1","floor":46},{"not_picked":["hermit:HoleUp","hermit:Malice","hermit:BigShot"],"picked":"SKIP","floor":47},{"not_picked":["hermit:Gestalt","hermit:Roulette+1","hermit:Headshot+1"],"picked":"SKIP","floor":48},{"not_picked":["hermit:Coalescence","hermit:Adapt"],"picked":"hermit:HoleUp","floor":54}],"player_experience":1278002,"relics_obtained":[{"floor":6.0,"key":"hubris:GlazedTorus"},{"floor":8.0,"key":"qcfpunch:Red_Headband"},{"floor":11.0,"key":"trackpad:PetRock"},{"floor":14.0,"key":"White Beast Statue"},{"floor":22.0,"key":"Guardian:GemstoneGun"},{"floor":23.0,"key":"qcfpunch:Red_Gi"},{"floor":25.0,"key":"MawBank"},{"floor":26.0,"key":"hermit:RyeStalk"},{"floor":34,"key":"trackpad:WritersBlock"},{"floor":34,"key":"InkBottle"},{"floor":34,"key":"trackpad:HandOfMidas"},{"floor":39,"key":"Letter Opener"},{"floor":43,"key":"Kunai"},{"floor":45,"key":"trackpad:IceCube"},{"floor":48,"key":"Molten Egg 2"},{"floor":54,"key":"hubris:Spice"}],"event_choices":[{"damage_healed":0.0,"max_hp_gain":0.0,"max_hp_loss":0.0,"gold_gain":0.0,"event_name":"Golden Idol","player_choice":"Take Wound","floor":4.0,"gold_loss":0.0,"damage_taken":0.0,"relics_obtained":["Golden Idol"],"cards_obtained":["Injury"]},{"damage_healed":0.0,"max_hp_gain":0.0,"max_hp_loss":0.0,"gold_gain":0.0,"event_name":"Accursed Blacksmith","player_choice":"Rummage","floor":10.0,"gold_loss":0.0,"damage_taken":0.0,"relics_obtained":["WarpedTongs"],"cards_obtained":["Pain"]},{"cards_removed":["hermit:Determination"],"damage_healed":0.0,"max_hp_gain":0.0,"max_hp_loss":0.0,"gold_gain":0.0,"event_name":"betterNote:BetterNote","player_choice":"Take \u0026 Give","floor":19.0,"gold_loss":0.0,"damage_taken":0.0,"cards_obtained":["hermit:Purgatory"]},{"damage_healed":0,"gold_gain":0,"player_choice":"Ignored","damage_taken":0,"max_hp_gain":0,"max_hp_loss":0,"event_name":"Vampires","floor":30,"gold_loss":0},{"damage_healed":0,"gold_gain":0,"player_choice":"Ignored","damage_taken":0,"max_hp_gain":0,"max_hp_loss":0,"event_name":"Beggar","floor":31,"gold_loss":0},{"damage_healed":0,"gold_gain":0,"player_choice":"Got Potions","damage_taken":0,"max_hp_gain":0,"max_hp_loss":0,"event_name":"Lab","floor":37,"gold_loss":0},{"damage_healed":0,"gold_gain":0,"player_choice":"Copied","damage_taken":0,"max_hp_gain":0,"max_hp_loss":0,"event_name":"Duplicator","floor":44,"gold_loss":0,"cards_obtained":["hermit:GoldenBullet"]}],"is_beta":false,"boss_relics":[{"not_picked":["qcfpunch:Crimson_Sash","hubris:GrandSneckoEye"],"picked":"bronze:MakeshiftBattery"},{"not_picked":["qcfpunch:Dark_Gi","hubris:HollowSoul"],"picked":"Calling Bell"}],"items_purged_floors":[],"is_endless":false,"potions_floor_spawned":[5,6,11,12,16,18,20,21,23,25,29,33,35,41,45,46,47,48,54],"ascension_level":3}}