{"host":"57p7dt3z3srco180","time":1611212114,"event":{"mods":["AchievementEnabler","Aspiration","BaseMod","BetterRewards","Colored Map","Colored Powertips","Dark Map","GifTheSpireLib","Hubris","Infinite Spire","Marisa????????","Mimic Mod","Minty Spire (QoL Compilation)","Remilia??????","Replay The Spire","Shop Mod","StSLib","Synergy Search"],"gold_per_floor":[111,126,78,96,109,139,139,414,414,414,429,458,477,492,492,596,596,608,548,548,562,574,574,585,585,585],"floor_reached":25,"language":"ENG","playtime":1483,"items_purged":[],"score":412,"play_id":"4524321c-4145-4c07-bf44-f1c500f4eb8a","local_time":"20210120225514","is_ascension_mode":true,"campfire_choices":[{"data":"Armaments","floor":10,"key":"SMITH"},{"floor":15,"key":"REST"}],"circlet_count":0,"master_deck":["Strike_R","Strike_R","Strike_R","Defend_R","Defend_R","Defend_R","Bash","Armaments","Disarm","Disarm","Inflame","Wild Strike","Run Through","Armaments+1","Reckless Charge","Warcry","Regret","Leap","Go for the Eyes","Gash","Thunderclap","Reaper","Fire Breathing+1","ReplayTheSpireMod:Stacked+1","hubris:ReadiedAction+1","Rage+1","Turbo","infinitespire:Gouge","Power Through","Ball Lightning","ReplayGash"],"relics":["infinitespire:DarkRift","Blue Candle","infinitespire:Cubic Diamond","hubris:DisguiseKit","Garlic","Astrolabe","Brimstone","CultistMask"],"acts_visited":["Exordium","TheCity"],"potions_floor_usage":[6,6,14,21,24,25],"damage_taken":[{"damage":0,"enemies":"2 Louse","floor":1,"turns":3},{"damage":11,"enemies":"infinitespire:Voidling","floor":2,"turns":5},{"damage":3,"enemies":"Jaw Worm","floor":4,"turns":3},{"damage":2,"enemies":"Red Slaver","floor":5,"turns":6},{"damage":13,"enemies":"Lagavulin","floor":6,"turns":8},{"damage":12,"enemies":"2 Fungi Beasts","floor":11,"turns":3},{"damage":39,"enemies":"3 Sentries","floor":12,"turns":10},{"damage":1,"enemies":"Large Slime","floor":13,"turns":6},{"damage":8,"enemies":"3 Louse","floor":14,"turns":3},{"damage":28,"enemies":"Hexaghost","floor":16,"turns":15},{"damage":11,"enemies":"3 Byrds","floor":18,"turns":5},{"damage":10,"enemies":"2 Thieves","floor":19,"turns":4},{"damage":8,"enemies":"Snecko","floor":21,"turns":4},{"damage":24,"enemies":"Snake Plant","floor":22,"turns":5},{"damage":32,"enemies":"Cultist and Chosen","floor":24,"turns":7},{"damage":22,"enemies":"Shelled Parasite and Fungi","floor":25,"turns":2}],"seed_played":"-4577289314550290115","potions_obtained":[{"floor":1,"key":"SpeedPotion"},{"floor":4,"key":"Toxic Potion"},{"floor":12,"key":"SkillPotion"},{"floor":18,"key":"FearPotion"},{"floor":21,"key":"Dexterity Potion"},{"floor":22,"key":"FearPotion"}],"is_trial":false,"path_per_floor":["M","M","$","M","M","E","?","?","T","R","M","E","M","M","R","B",null,"M","M","AVR","M","M","?","M","M"],"character_chosen":"IRONCLAD","items_purchased":["Armaments","Disarm","Run Through"],"campfire_rested":1,"item_purchase_floors":[0,0,3],"current_hp_per_floor":[75,75,75,75,75,68,68,68,68,68,56,17,16,8,30,2,57,52,42,42,41,17,17,4,0,0],"gold":585,"neow_bonus":"","is_daily":false,"chose_seed":false,"campfire_upgraded":1,"win_rate":0.0,"timestamp":1611212114,"path_taken":["M","M","$","M","M","E","?","?","T","R","M","E","M","M","R","BOSS","M","M","AVR","?","M","?","?","M"],"items_purchased_type":["Card","Card","Card"],"build_version":"2020-12-22","purchased_purges":0,"victory":false,"max_hp_per_floor":[75,75,75,75,75,75,75,75,75,75,75,75,75,75,75,75,75,75,75,75,75,75,75,75,75,75],"card_choices":[{"not_picked":["Perfected Strike","Bloodletting"],"picked":"Inflame","floor":1},{"not_picked":["Flex","Shockwave"],"picked":"Wild Strike","floor":2},{"not_picked":["ReplayTheSpireMod:LeadingStrike","Pummel"],"picked":"Armaments","floor":4},{"not_picked":["Burning Pact","Abandon"],"picked":"Reckless Charge","floor":5},{"not_picked":["Run Through","Demonic Infusion"],"picked":"Warcry","floor":6},{"not_picked":["Replay:Undeath\u0027s Touch","Perfected Strike","Wild Strike"],"picked":"Leap","floor":11},{"not_picked":["Wild Strike","Demonic Infusion","Warcry"],"picked":"Go for the Eyes","floor":12},{"not_picked":["Flex","Perfected Strike","Clothesline"],"picked":"Gash","floor":13},{"not_picked":["Pommel Strike","hubris:ReadiedAction","Stack"],"picked":"Thunderclap","floor":14},{"not_picked":["Demonic Infusion","hubris:StunningStrike","Thunder Strike"],"picked":"Reaper","floor":16},{"not_picked":["Warcry+1","True Grit","Lockon"],"picked":"Rage+1","floor":18},{"not_picked":["Anger","hubris:ReadiedAction","Warcry"],"picked":"Turbo","floor":19},{"not_picked":["Dropkick","Pommel Strike","BootSequence"],"picked":"Power Through","floor":21},{"not_picked":["Flex","Thunderclap","Headbutt+1"],"picked":"Ball Lightning","floor":22},{"not_picked":["Ghostly Armor","Berserk","ReplayTheSpireMod:Muscle Training+1"],"picked":"ReplayGash","floor":24}],"player_experience":314501,"relics_obtained":[{"floor":6,"key":"Blue Candle"},{"floor":9,"key":"hubris:DisguiseKit"},{"floor":12,"key":"Garlic"}],"event_choices":[{"damage_healed":0,"gold_gain":275,"player_choice":"Desecrate","damage_taken":0,"max_hp_gain":0,"max_hp_loss":0,"event_name":"Golden Shrine","floor":8,"gold_loss":0,"cards_obtained":["Regret"]},{"damage_healed":0,"gold_gain":0,"player_choice":"Trade","damage_taken":0,"relics_obtained":["CultistMask"],"max_hp_gain":0,"max_hp_loss":0,"event_name":"FaceTrader","floor":23,"gold_loss":0}],"is_beta":false,"boss_relics":[{"not_picked":["hubris:BlackHole","Velvet Choker"],"picked":"Astrolabe"}],"items_purged_floors":[],"is_endless":false,"potions_floor_spawned":[1,4,12,18,21,22],"killed_by":"Shelled Parasite and Fungi","ascension_level":6}}