{"host":"u7lm8z2rvb4dg2oo","time":1611213389,"event":{"mods":["AchievementEnabler","BaseMod","Bestiary","Block Reminder","Colored Map","Colored Powertips","Curses Come First","DeckTracker","Googly Eyes","Highlight Path","Minty Spire (QoL Compilation)","Quick Restart","StSLib"],"gold_per_floor":[115,115,115,115,115,115,133,148,171,186,219,219,229,245,245,349,349,366,366,381,194,206,231,231,257,280,280,280,291,308,8,8,105,105,105,105],"floor_reached":35,"language":"ENG","playtime":4170,"items_purged":["Strike_G"],"score":612,"play_id":"a79d6fc5-30d4-405c-a516-d90928772a91","local_time":"20210121021629","is_ascension_mode":true,"campfire_choices":[{"data":"Tools of the Trade","floor":6.0,"key":"SMITH"},{"floor":12.0,"key":"REST"},{"data":"Blur","floor":15.0,"key":"SMITH"},{"floor":24.0,"key":"REST"},{"data":"Envenom","floor":27.0,"key":"SMITH"},{"floor":32.0,"key":"DIG"}],"circlet_count":0,"master_deck":["Strike_G+1","Strike_G","Strike_G","Defend_G","Defend_G+1","Defend_G","Defend_G","Defend_G","Survivor","Neutralize","Tools of the Trade+1","PiercingWail","Blur+1","Dash","Leg Sweep","Die Die Die","Cloak And Dagger","Catalyst","Envenom+1","Choke","Footwork","Backstab","PiercingWail+1","Catalyst+1","Catalyst","Venomology","Phantasmal Killer"],"relics":["Ring of the Snake","Meat on the Bone","Omamori","Happy Flower","Regal Pillow","SlaversCollar","Lantern","Snake Skull","Pen Nib","MutagenicStrength","Shovel","Tiny Chest","SacredBark"],"acts_visited":["Exordium","TheCity","TheBeyond"],"potions_floor_usage":[35],"damage_taken":[{"damage":5.0,"enemies":"Cultist","floor":1.0,"turns":7.0},{"damage":7.0,"enemies":"Jaw Worm","floor":7.0,"turns":5.0},{"damage":1.0,"enemies":"Small Slimes","floor":8.0,"turns":6.0},{"damage":0.0,"enemies":"2 Fungi Beasts","floor":10.0,"turns":6.0},{"damage":0.0,"enemies":"Lagavulin","floor":11.0,"turns":7.0},{"damage":0.0,"enemies":"Large Slime","floor":13.0,"turns":8.0},{"damage":0.0,"enemies":"Looter","floor":14.0,"turns":3.0},{"damage":19.0,"enemies":"The Guardian","floor":16.0,"turns":27.0},{"damage":1.0,"enemies":"Chosen","floor":18.0,"turns":7.0},{"damage":0.0,"enemies":"Masked Bandits","floor":19.0,"turns":1.0},{"damage":34.0,"enemies":"3 Byrds","floor":20.0,"turns":10.0},{"damage":6.0,"enemies":"Centurion and Healer","floor":22.0,"turns":19.0},{"damage":26.0,"enemies":"Book of Stabbing","floor":23.0,"turns":9.0},{"damage":14.0,"enemies":"Gremlin Leader","floor":25.0,"turns":10.0},{"damage":11.0,"enemies":"Snake Plant","floor":29.0,"turns":4.0},{"damage":0.0,"enemies":"Snecko","floor":30.0,"turns":3.0},{"damage":24.0,"enemies":"Champ","floor":33.0,"turns":12.0},{"damage":63,"enemies":"3 Darklings","floor":35,"turns":5}],"seed_played":"2638995541971170144","potions_obtained":[{"floor":8.0,"key":"SkillPotion"},{"floor":10.0,"key":"Poison Potion"},{"floor":11.0,"key":"Block Potion"},{"floor":13.0,"key":"AttackPotion"},{"floor":16.0,"key":"Energy Potion"},{"floor":18.0,"key":"EntropicBrew"},{"floor":20.0,"key":"SkillPotion"},{"floor":22.0,"key":"CunningPotion"},{"floor":29.0,"key":"LiquidBronze"},{"floor":33.0,"key":"Weak Potion"}],"is_trial":false,"path_per_floor":["M","T","?","?","?","R","M","M","T","M","E","R","M","M","R","B",null,"M","?","M","$","M","E","R","E","T","R","?","M","M","$","R","B",null,"M"],"character_chosen":"THE_SILENT","items_purchased":["Footwork","Backstab","Shovel"],"campfire_rested":2,"item_purchase_floors":[21,21,31],"current_hp_per_floor":[58,58,44,37,34,34,39,38,38,38,38,70,70,70,70,51,65,64,64,44,44,38,24,60,46,46,46,46,47,47,47,47,35,61,0,0],"gold":105,"neow_bonus":"ONE_RANDOM_RARE_CARD","is_daily":false,"chose_seed":false,"campfire_upgraded":3,"win_rate":0.0,"timestamp":1611213389,"path_taken":["M","?","?","?","?","R","M","M","T","M","E","R","M","M","R","BOSS","M","?","M","$","M","E","R","E","T","R","?","M","M","$","R","BOSS","M"],"items_purchased_type":["Card","Card","Relic"],"build_version":"2020-12-22","purchased_purges":1,"victory":false,"max_hp_per_floor":[70,70,70,70,70,70,70,70,70,70,70,70,70,70,70,70,70,70,70,70,70,70,70,70,70,70,70,70,70,70,70,70,70,70,70,70],"card_choices":[{"not_picked":["Bane","Poisoned Stab"],"picked":"PiercingWail","floor":1.0},{"not_picked":["Crippling Poison","Dagger Spray"],"picked":"Blur","floor":7.0},{"not_picked":["Noxious Fumes","Riddle With Holes"],"picked":"Dash","floor":8.0},{"not_picked":["Distraction","Heel Hook"],"picked":"Leg Sweep","floor":10.0},{"not_picked":["Eviscerate","Deadly Poison"],"picked":"Die Die Die","floor":11.0},{"not_picked":["Flechettes","Reflex"],"picked":"Cloak And Dagger","floor":13.0},{"not_picked":["Underhanded Strike","Dagger Throw"],"picked":"Catalyst","floor":14.0},{"not_picked":["Unload","Grand Finale"],"picked":"Envenom","floor":16.0},{"not_picked":["Leg Sweep","Dash","Flying Knee"],"picked":"SKIP","floor":18.0},{"not_picked":["Riddle With Holes","Dagger Throw+1"],"picked":"Choke","floor":20.0},{"not_picked":["Backflip","Poisoned Stab","Setup+1"],"picked":"SKIP","floor":22.0},{"not_picked":["Accuracy","Die Die Die"],"picked":"PiercingWail+1","floor":23.0},{"not_picked":["Bane+1","Blade Dance+1"],"picked":"Catalyst+1","floor":25.0},{"not_picked":["PiercingWail","Cloak And Dagger"],"picked":"Catalyst","floor":29.0},{"not_picked":["Noxious Fumes","Infinite Blades"],"picked":"Venomology","floor":30.0},{"not_picked":["Night Terror","Unload"],"picked":"Phantasmal Killer","floor":33.0}],"player_experience":1015530,"relics_obtained":[{"floor":2.0,"key":"Meat on the Bone"},{"floor":9.0,"key":"Happy Flower"},{"floor":11.0,"key":"Regal Pillow"},{"floor":23.0,"key":"Lantern"},{"floor":25.0,"key":"Snake Skull"},{"floor":26.0,"key":"Pen Nib"},{"floor":32.0,"key":"Tiny Chest"}],"event_choices":[{"damage_healed":0.0,"max_hp_gain":0.0,"max_hp_loss":0.0,"gold_gain":0.0,"event_name":"Shining Light","player_choice":"Entered Light","floor":3.0,"gold_loss":0.0,"damage_taken":14.0,"cards_upgraded":["Defend_G","Strike_G"]},{"cards_removed":["Strike_G"],"damage_healed":0.0,"max_hp_gain":0.0,"max_hp_loss":0.0,"gold_gain":0.0,"event_name":"Golden Wing","player_choice":"Card Removal","floor":4.0,"gold_loss":0.0,"damage_taken":7.0},{"damage_healed":0.0,"max_hp_gain":0.0,"max_hp_loss":0.0,"gold_gain":0.0,"event_name":"Scrap Ooze","player_choice":"Success","floor":5.0,"gold_loss":0.0,"damage_taken":3.0,"relics_obtained":["Omamori"]},{"damage_healed":0.0,"max_hp_gain":0.0,"max_hp_loss":0.0,"gold_gain":0.0,"event_name":"Masked Bandits","player_choice":"Fought Bandits","floor":19.0,"gold_loss":0.0,"damage_taken":0.0},{"damage_healed":0.0,"max_hp_gain":0.0,"max_hp_loss":0.0,"gold_gain":0.0,"event_name":"Drug Dealer","player_choice":"Inject Mutagens","floor":28.0,"gold_loss":0.0,"damage_taken":0.0,"relics_obtained":["MutagenicStrength"]}],"is_beta":false,"boss_relics":[{"not_picked":["Velvet Choker","Empty Cage"],"picked":"SlaversCollar"},{"not_picked":["Fusion Hammer","Runic Dome"],"picked":"SacredBark"}],"items_purged_floors":[21],"is_endless":false,"potions_floor_spawned":[8,10,11,13,16,18,20,22,29,33],"killed_by":"3 Darklings","ascension_level":9}}