{"host":"f0gpob8hq9vgebej","time":1611195536,"event":{"mods":["AchievementEnabler","BaseMod","Minty Spire (QoL Compilation)","Quick Restart","SuperFastMode"],"gold_per_floor":[114,109,109,121,132,150,150,169,189,213,223,258,258,1,1,1,100,100,118,138,151,162,178,178,194,194,194,212,212,56,56,56,56,158,158,172,29,45,0,0,0,0,14,41,54,54,54,66,84,84,84],"floor_reached":51,"language":"KOR","playtime":1237,"items_purged":["Strike_G"],"score":806,"play_id":"5533aabf-c9c0-4b9c-b8b9-52a19861feb0","local_time":"20210121111856","is_ascension_mode":true,"campfire_choices":[{"data":"Poisoned Stab","floor":6,"key":"SMITH"},{"data":"Neutralize","floor":12,"key":"SMITH"},{"floor":15,"key":"REST"},{"data":"Phantasmal Killer","floor":23,"key":"SMITH"},{"floor":28,"key":"REST"},{"data":"Blur","floor":30,"key":"SMITH"},{"floor":32,"key":"REST"},{"data":"Concentrate","floor":40,"key":"SMITH"},{"floor":49,"key":"REST"}],"circlet_count":0,"master_deck":["Strike_G","Strike_G","Strike_G","Defend_G","Defend_G","Defend_G","Defend_G","Defend_G","Survivor","Neutralize+1","Panache+1","Poisoned Stab+1","Dagger Spray","Blade Dance","Blade Dance","Reflex","Phantasmal Killer+1","PiercingWail","Acrobatics+1","Reflex+1","Blur+1","Burst","Blade Dance+1","Concentrate+1","Footwork"],"relics":["Ring of the Snake","Art of War","Happy Flower","Shuriken","Black Star","Ornamental Fan","Nunchaku","Runic Pyramid","Red Mask","MealTicket"],"acts_visited":["Exordium","TheCity","TheBeyond"],"potions_floor_usage":[16,20,22,33,33,33,33,50,50],"damage_taken":[{"damage":2,"enemies":"2 Louse","floor":1,"turns":3},{"damage":0,"enemies":"Cultist","floor":3,"turns":5},{"damage":1,"enemies":"Small Slimes","floor":4,"turns":3},{"damage":10,"enemies":"2 Fungi Beasts","floor":5,"turns":3},{"damage":24,"enemies":"Exordium Wildlife","floor":7,"turns":6},{"damage":8,"enemies":"Blue Slaver","floor":8,"turns":3},{"damage":0,"enemies":"3 Louse","floor":10,"turns":2},{"damage":20,"enemies":"3 Sentries","floor":11,"turns":6},{"damage":14,"enemies":"Hexaghost","floor":16,"turns":7},{"damage":0,"enemies":"Spheric Guardian","floor":18,"turns":3},{"damage":17,"enemies":"2 Thieves","floor":19,"turns":3},{"damage":2,"enemies":"Snecko","floor":20,"turns":3},{"damage":12,"enemies":"Chosen and Byrds","floor":21,"turns":4},{"damage":9,"enemies":"Snake Plant","floor":22,"turns":4},{"damage":7,"enemies":"Snecko","floor":24,"turns":4},{"damage":6,"enemies":"Chosen and Byrds","floor":27,"turns":5},{"damage":26,"enemies":"Automaton","floor":33,"turns":7},{"damage":9,"enemies":"Orb Walker","floor":35,"turns":4},{"damage":29,"enemies":"3 Shapes","floor":37,"turns":4},{"damage":0,"enemies":"Jaw Worm Horde","floor":42,"turns":2},{"damage":0,"enemies":"4 Shapes","floor":44,"turns":2},{"damage":7,"enemies":"Spire Growth","floor":47,"turns":5},{"damage":0,"enemies":"Jaw Worm Horde","floor":48,"turns":3},{"damage":30,"enemies":"Awakened One","floor":50,"turns":8}],"seed_played":"5299418817314175744","potions_obtained":[{"floor":1,"key":"CunningPotion"},{"floor":3,"key":"LiquidBronze"},{"floor":10,"key":"FairyPotion"},{"floor":16,"key":"DuplicationPotion"},{"floor":19,"key":"EntropicBrew"},{"floor":21,"key":"Block Potion"},{"floor":27,"key":"GhostInAJar"},{"floor":33,"key":"Energy Potion"},{"floor":35,"key":"GhostInAJar"}],"is_trial":false,"path_per_floor":["M","?","M","M","M","R","M","M","T","M","E","R","$","?","R","B",null,"M","M","M","M","M","R","M","?","T","M","R","$","R","?","R","B",null,"M","$","M","?","?","R","$","M","T","M","?","$","M","M","R","B",null],"character_chosen":"THE_SILENT","items_purchased":["Shuriken","Nunchaku","Concentrate"],"campfire_rested":4,"item_purchase_floors":[13,29,36],"current_hp_per_floor":[15,61,61,61,60,50,50,26,18,18,18,18,18,18,18,36,22,63,63,46,44,32,23,23,16,16,16,10,28,28,28,28,46,20,63,54,54,25,25,25,25,25,25,25,25,25,40,33,33,51,21],"gold":84,"neow_bonus":"RANDOM_COLORLESS_2","is_daily":false,"chose_seed":false,"campfire_upgraded":5,"win_rate":0.0,"timestamp":1611195536,"path_taken":["M","?","M","?","M","R","M","M","T","M","E","R","?","?","R","BOSS","M","M","M","M","M","R","M","?","T","M","R","$","R","?","R","BOSS","M","$","M","?","?","R","?","M","T","M","?","$","M","?","R","BOSS"],"items_purchased_type":["Relic","Relic","Card"],"build_version":"2020-12-22","purchased_purges":1,"victory":true,"max_hp_per_floor":[70,63,63,63,63,63,63,63,63,63,63,63,63,63,63,63,63,63,63,63,63,63,63,63,63,63,63,63,63,63,63,63,63,63,63,63,63,63,63,60,60,60,60,60,60,60,60,60,60,60,60],"card_choices":[{"not_picked":["Secret Weapon","Secret Technique"],"picked":"Panache","floor":0},{"not_picked":["Outmaneuver","Endless Agony","Sucker Punch"],"picked":"SKIP","floor":1},{"not_picked":["Backflip","Flying Knee"],"picked":"Poisoned Stab","floor":3},{"not_picked":["Flechettes","Deadly Poison"],"picked":"Dagger Spray","floor":4},{"not_picked":["Quick Slash","Dagger Throw","Bane"],"picked":"SKIP","floor":5},{"not_picked":["Unload","Reflex"],"picked":"Blade Dance","floor":7},{"not_picked":["Flying Knee","Caltrops"],"picked":"Blade Dance","floor":8},{"not_picked":["Leg Sweep","Footwork"],"picked":"Reflex","floor":10},{"not_picked":["Cloak And Dagger","Outmaneuver","Underhanded Strike"],"picked":"SKIP","floor":11},{"not_picked":["Adrenaline","Grand Finale"],"picked":"Phantasmal Killer","floor":16},{"not_picked":["Choke+1","Flying Knee","PiercingWail"],"picked":"SKIP","floor":18},{"not_picked":["Choke+1","Flying Knee"],"picked":"PiercingWail","floor":18},{"not_picked":["Flying Knee","Cloak And Dagger"],"picked":"Acrobatics+1","floor":19},{"not_picked":["Bane","Acrobatics","Deflect+1"],"picked":"SKIP","floor":20},{"not_picked":["Bane","Flying Knee","Dagger Throw"],"picked":"SKIP","floor":21},{"not_picked":["Dagger Throw","Poisoned Stab"],"picked":"Reflex+1","floor":22},{"not_picked":["Choke+1","Acrobatics","Outmaneuver+1"],"picked":"SKIP","floor":24},{"not_picked":["Slice+1","Deflect"],"picked":"Blur","floor":27},{"not_picked":["A Thousand Cuts","Corpse Explosion"],"picked":"Burst","floor":33},{"not_picked":["Bane","Masterful Stab+1"],"picked":"Blade Dance+1","floor":35},{"not_picked":["Dagger Throw+1","Bane","Skewer+1"],"picked":"SKIP","floor":37},{"not_picked":["PiercingWail+1","Deflect"],"picked":"Footwork","floor":42},{"not_picked":["Dagger Spray+1","Quick Slash+1","Deadly Poison+1"],"picked":"SKIP","floor":44},{"not_picked":["Dagger Spray+1","Acrobatics+1","Poisoned Stab+1"],"picked":"SKIP","floor":47},{"not_picked":["Dagger Spray+1","Flechettes","Skewer"],"picked":"SKIP","floor":48}],"player_experience":191640,"relics_obtained":[{"floor":9,"key":"Art of War"},{"floor":11,"key":"Happy Flower"},{"floor":26,"key":"Ornamental Fan"},{"floor":43,"key":"MealTicket"}],"event_choices":[{"damage_healed":0,"gold_gain":0,"player_choice":"Upgraded","damage_taken":0,"max_hp_gain":0,"max_hp_loss":0,"event_name":"Upgrade Shrine","floor":2,"gold_loss":0,"cards_upgraded":["Panache"]},{"damage_healed":0,"gold_gain":0,"player_choice":"Fled","damage_taken":0,"max_hp_gain":0,"max_hp_loss":0,"event_name":"Scrap Ooze","floor":14,"gold_loss":0},{"damage_healed":0,"gold_gain":0,"player_choice":"Ignored","damage_taken":0,"max_hp_gain":0,"max_hp_loss":0,"event_name":"Cursed Tome","floor":25,"gold_loss":0},{"damage_healed":0,"gold_gain":0,"player_choice":"Ignored","damage_taken":0,"max_hp_gain":0,"max_hp_loss":0,"event_name":"The Mausoleum","floor":31,"gold_loss":0},{"damage_healed":0,"gold_gain":0,"player_choice":"Paid","damage_taken":0,"relics_obtained":["Red Mask"],"max_hp_gain":0,"max_hp_loss":0,"event_name":"Tomb of Lord Red Mask","floor":38,"gold_loss":45},{"damage_healed":0,"gold_gain":0,"player_choice":"Max HP","damage_taken":0,"max_hp_gain":0,"max_hp_loss":3,"event_name":"Winding Halls","floor":39,"gold_loss":0},{"cards_removed":["Strike_G"],"damage_healed":0,"gold_gain":0,"player_choice":"Purged","damage_taken":0,"max_hp_gain":0,"max_hp_loss":0,"event_name":"Purifier","floor":45,"gold_loss":0}],"is_beta":false,"boss_relics":[{"not_picked":["Sozu","Busted Crown"],"picked":"Black Star"},{"not_picked":["Fusion Hammer","SlaversCollar"],"picked":"Runic Pyramid"}],"items_purged_floors":[36],"is_endless":false,"potions_floor_spawned":[1,3,10,16,19,21,27,33,35,42,47,48],"ascension_level":4}}