{"host":"Ringo","time":1611226959,"event":{"mods":["BaseMod","Colored Map","Conspire","Dota2Spire","Minty Spire (QoL Compilation)","StSLib","[IsaacMod]ÒÔÈö¼âËþ","¡¾ÒÅÎï¿¨ÅÆ¡¿REMEMod"],"gold_per_floor":[118,130,146,71,82,116,141,175,246,280,307,365,397,459,459,531,531,571,583,599,37,83,117,149,206,259,284,311,343,407,440,440,514,514,526,18,62,79,105,140,250,279,358,384,423,458,521,560,560,579,39,59,59,76,150,190,236,327,383,395,480,568,627,639,672,714],"floor_reached":52,"language":"ZHS","playtime":2127,"items_purged":["REME_SelfUpgrade"],"score":5110,"play_id":"a197d296-dd62-4f11-9aea-bea65326eddd","local_time":"20210121190239","daily_mods":["Draft","Vintage","Heirloom","Time Dilation","Flight","DeadlyEvents","Elite Swarm","Lethality","Binary"],"is_ascension_mode":true,"campfire_choices":[{"data":"Genetic Algorithm","floor":15,"key":"SMITH"},{"floor":32,"key":"DIG"},{"data":"Heatsinks","floor":49,"key":"SMITH"},{"floor":45,"key":"DIG"},{"floor":49,"key":"DIG"}],"circlet_count":0,"master_deck":["AscendersBane","Cold Snap","Ball Lightning+1","Doom and Gloom","Conserve Battery","Go for the Eyes","Genetic Algorithm+1","Conserve Battery","Rebound","Gash","Gash+1","Compile Driver","Steam Power+1","REME_DataAnalysis+1","Cold Snap+1","Panache","All For One","Heatsinks+1","Panache","REME_TwoStrings+1","Melter","Fission+1","Amplify+1","Creative AI+1","Buffer+1","Buffer+1","Echo Form+1","Machine Learning+1","Creative AI+1"],"relics":["Cracked Core","Busted Crown","HushsDoor","REME_ComplimentaryCards","D6","DeadEye","Bronze Scales","Bottled Flame","Bird Faced Urn","Happy Flower","GnawedLeaf","UnicornStump","BookOfRevelations","conspire:DecoderRing","Art of War","Dota2Spire:HandOfMidas","Dota2Spire:CrimsonGuard","DataDisk","conspire:DeflatedDodgeball","Black Star","Damocles","Bag of Marbles","Blue Candle","The Courier","REME_HandOfSuture","Bag of Preparation","MealTicket","Shovel","Blood Vial","SatanicBible","Ginger","BlankCard","Dota2Spire:Desolator","War Paint","Matryoshka","Toy Ornithopter","Tiny Chest","Dota2Spire:LotusOrb","Centennial Puzzle","Kunai","Whetstone","Gremlin Horn","Symbiotic Virus","Toxic Egg 2","Dota2Spire:ArcaneBoots","conspire:Dentures","DeathBook","GuppysTail","BloodDonationMachine","White Beast Statue","DoctorsRemote","Frozen Egg 2","HowToJump","CeramicFish","Akabeko","Dota2Spire:EtherealBlade","Dota2Spire:UrnOfShadows","conspire:SpecialSausage","GuppysCollar","GuppysHairball","TheBean","Pen Nib","Dota2Spire:EchoSabre","Dota2Spire:DrumOfEndurance","Shuriken","Question Card","Bottled Tornado","Bottled Lightning","conspire:Boomerang","conspire:GiftBox","conspire:TopHat","conspire:IceCreamScoop","Regal Pillow","PreservedInsect","PreservedInsect","Potion Belt","Dream Catcher","Anchor","Nunchaku","Dota2Spire:PowerTreads","Oddly Smooth Stone","Molten Egg 2","PokeGo","FossilizedHelix","Lantern","GuppysHead","Dota2Spire:MonkeyKingBar","Thread and Needle","Boot","Prayer Wheel","Calipers","Mercury Hourglass","Dota2Spire:DivineRapier","Dota2Spire:ShadowBlade","Torii","PunchingBag","SharpPlug","Smiling Mask","Cables","Vajra","Singing Bowl","Darkstone Periapt","Dota2Spire:BladeMail","Ornamental Fan","MawBank","Dota2Spire:PhaseBoots","REME_HourglassOfDeath","Dota2Spire:Dagon","Mummified Hand","conspire:BottledYoYo","YumHeart","Dota2Spire:BattleFury","PillsDrop","Eternal Feather","Dota2Spire:AghanimScepter","Pantograph","REME_ArchaeologicalTools","conspire:Flyswatter","Dota2Spire:LinkenSphere","AnarchistCookbook","Dota2Spire:OrchidMalevolence","Turnip","HornCleat","NineVolt","Sundial","Dota2Spire:MantaStyle","InkBottle","Gambling Chip","StrikeDummy"],"acts_visited":["Exordium","TheCity","TheBeyond"],"potions_floor_usage":[7,7,51,51,51,51],"damage_taken":[{"damage":10,"enemies":"conspire:RoseBush","floor":1,"turns":1},{"damage":0,"enemies":"Cultist","floor":2,"turns":2},{"damage":5,"enemies":"Small Slimes","floor":3,"turns":3},{"damage":0,"enemies":"Blue Slaver","floor":5,"turns":2},{"damage":0,"enemies":"Lagavulin","floor":6,"turns":2},{"damage":0,"enemies":"3 Sentries","floor":7,"turns":2},{"damage":0,"enemies":"Lagavulin","floor":8,"turns":3},{"damage":0,"enemies":"3 Sentries","floor":10,"turns":2},{"damage":0,"enemies":"Lagavulin","floor":11,"turns":2},{"damage":0,"enemies":"3 Sentries","floor":12,"turns":3},{"damage":0,"enemies":"Gremlin Nob","floor":13,"turns":2},{"damage":0,"enemies":"3 Sentries","floor":14,"turns":3},{"damage":0,"enemies":"Slime Boss","floor":16,"turns":3},{"damage":0,"enemies":"2 Thieves","floor":18,"turns":2},{"damage":0,"enemies":"Spheric Guardian","floor":19,"turns":2},{"damage":0,"enemies":"Snecko","floor":20,"turns":2},{"damage":0,"enemies":"Snake Plant","floor":22,"turns":2},{"damage":0,"enemies":"REME_1_Revenger","floor":23,"turns":1},{"damage":0,"enemies":"conspire:SneckoGhost","floor":24,"turns":2},{"damage":0,"enemies":"REME_1_Revenger","floor":25,"turns":2},{"damage":0,"enemies":"conspire:SneckoGhost","floor":27,"turns":1},{"damage":0,"enemies":"conspire:Head Lice","floor":28,"turns":2},{"damage":0,"enemies":"Slavers","floor":29,"turns":1},{"damage":0,"enemies":"Gremlin Leader","floor":30,"turns":1},{"damage":0,"enemies":"conspire:SneckoGhost","floor":31,"turns":1},{"damage":0,"enemies":"conspire:MysteriousRune","floor":33,"turns":2},{"damage":0,"enemies":"3 Shapes","floor":35,"turns":1},{"damage":0,"enemies":"3 Darklings","floor":37,"turns":1},{"damage":0,"enemies":"4 Shapes","floor":38,"turns":1},{"damage":0,"enemies":"Maw","floor":39,"turns":2},{"damage":0,"enemies":"Nemesis","floor":40,"turns":1},{"damage":0,"enemies":"Reptomancer","floor":41,"turns":1},{"damage":0,"enemies":"Nemesis","floor":42,"turns":1},{"damage":0,"enemies":"Giant Head","floor":44,"turns":1},{"damage":0,"enemies":"Reptomancer","floor":45,"turns":1},{"damage":0,"enemies":"Giant Head","floor":46,"turns":1},{"damage":0,"enemies":"Nemesis","floor":47,"turns":1},{"damage":0,"enemies":"Reptomancer","floor":48,"turns":1},{"damage":0,"enemies":"Orb Walker","floor":35,"turns":1},{"damage":0,"enemies":"3 Shapes","floor":37,"turns":1},{"damage":0,"enemies":"Maw","floor":39,"turns":1},{"damage":0,"enemies":"Reptomancer","floor":40,"turns":1},{"damage":0,"enemies":"Nemesis","floor":41,"turns":1},{"damage":0,"enemies":"Reptomancer","floor":42,"turns":1},{"damage":0,"enemies":"Nemesis","floor":44,"turns":1},{"damage":0,"enemies":"Giant Head","floor":46,"turns":1},{"damage":0,"enemies":"Nemesis","floor":47,"turns":1},{"damage":0,"enemies":"Reptomancer","floor":48,"turns":1},{"damage":0,"enemies":"conspire:OrnateMirror","floor":50,"turns":1},{"damage":0,"enemies":"Donu and Deca","floor":51,"turns":1}],"seed_played":"-6507125950198730835","potions_obtained":[{"floor":3,"key":"SteroidPotion"},{"floor":6,"key":"Block Potion"},{"floor":7,"key":"LiquidMemories"},{"floor":8,"key":"EssenceOfDarkness"},{"floor":41,"key":"Regen Potion"},{"floor":42,"key":"AttackPotion"}],"is_trial":true,"path_per_floor":["M","M","M","$","M","E","E","E","T","E","E","E","E","E","R","B",null,"M","M","M","$","M","E","E","E","T","E","E","E","E","E","R","B",null,"M","$","M","M","M","E","E","E","T","E","E","E","E","E","R","M","$","M","?","M","E","E","E","T","E","R","E","E","E","R","B","B",null],"character_chosen":"DEFECT","items_purchased":["All For One","Damocles","Shovel","Heatsinks","Panache","REME_TwoStrings","GuppysCollar","GuppysHairball","Dota2Spire:EchoSabre","Dota2Spire:DrumOfEndurance","Shuriken","Melter","Cables","Vajra","Singing Bowl"],"campfire_rested":0,"item_purchase_floors":[17,17,21,21,21,21,34,34,36,36,36,36,36,36,36],"current_hp_per_floor":[54,54,49,49,51,53,53,55,55,57,59,61,63,65,65,67,57,57,57,57,57,57,57,57,57,57,57,57,57,57,57,57,57,34,34,34,34,34,34,34,34,34,34,34,34,34,34,34,34,34,34,34,34,34,36,38,40,40,40,40,40,37,39,39,39,39],"gold":726,"neow_bonus":"","is_daily":false,"chose_seed":false,"campfire_upgraded":2,"win_rate":0.0,"timestamp":1611226959,"path_taken":["M","M","M","$","M","E","E","E","T","E","E","E","E","E","R","BOSS","M","M","M","$","M","E","E","E","T","E","E","E","E","E","R","BOSS","M","$","M","M","?","E","E","E","T","E","E","E","E","E","R","M","$","M","?","M","E","E","E","T","E","R","E","E","E","R","BOSS","BOSS"],"items_purchased_type":["Card","Relic","Relic","Card","Card","Card","Relic","Relic","Relic","Relic","Relic","Card","Relic","Relic","Relic"],"build_version":"2020-12-18","purchased_purges":1,"victory":true,"max_hp_per_floor":[71,71,71,71,71,71,71,71,71,71,71,71,71,71,71,71,57,57,57,57,57,57,57,57,57,57,57,57,57,57,57,57,57,34,34,34,34,34,34,34,34,34,34,34,34,34,34,34,34,34,34,34,34,34,36,38,40,40,40,40,40,37,39,39,39,39],"card_choices":[{"not_picked":["Steam","Turbo"],"picked":"Cold Snap","floor":0},{"not_picked":["Rebound","Barrage"],"picked":"Ball Lightning","floor":0},{"not_picked":["Static Discharge","Streamline"],"picked":"Doom and Gloom","floor":0},{"not_picked":["Leap","Recycle"],"picked":"Conserve Battery","floor":0},{"not_picked":["Chill","Leap"],"picked":"Go for the Eyes","floor":0},{"not_picked":["Stack","Steam"],"picked":"Genetic Algorithm","floor":0},{"not_picked":["Chaos","Stack"],"picked":"Conserve Battery","floor":0},{"not_picked":["Leap","Storm"],"picked":"REME_SelfUpgrade","floor":0},{"not_picked":["Force Field","Steam"],"picked":"Rebound","floor":0},{"not_picked":["Streamline","Redo"],"picked":"Gash","floor":0},{"not_picked":["Beam Cell","Streamline"],"picked":"Gash","floor":0},{"not_picked":["Rebound","Turbo"],"picked":"Compile Driver","floor":0},{"not_picked":["Redo","Auto Shields"],"picked":"Steam Power","floor":0},{"not_picked":["Hello World","Redo"],"picked":"REME_DataAnalysis","floor":0},{"not_picked":["Barrage","Hologram"],"picked":"Cold Snap","floor":0},{"not_picked":[],"picked":"Fission+1","floor":39},{"not_picked":[],"picked":"Amplify+1","floor":40},{"not_picked":[],"picked":"Creative AI+1","floor":41},{"not_picked":[],"picked":"Buffer+1","floor":41},{"not_picked":["Hyperbeam"],"picked":"SKIP","floor":42},{"not_picked":["Biased Cognition+1"],"picked":"SKIP","floor":44},{"not_picked":[],"picked":"Buffer+1","floor":45},{"not_picked":[],"picked":"Echo Form+1","floor":46},{"not_picked":["Multi-Cast+1"],"picked":"SKIP","floor":47},{"not_picked":[],"picked":"Fission+1","floor":48},{"not_picked":["Creative AI+1"],"picked":"Singing Bowl","floor":40},{"not_picked":["REME_ForAll+1"],"picked":"Singing Bowl","floor":41},{"not_picked":["Reboot+1"],"picked":"Singing Bowl","floor":42},{"not_picked":[],"picked":"Machine Learning+1","floor":44},{"not_picked":[],"picked":"Creative AI+1","floor":46},{"not_picked":["Machine Learning+1"],"picked":"Singing Bowl","floor":47},{"not_picked":["Fission+1"],"picked":"Singing Bowl","floor":48}],"player_experience":539583,"relics_obtained":[{"floor":1,"key":"Bronze Scales"},{"floor":2,"key":"Bottled Flame"},{"floor":3,"key":"Bird Faced Urn"},{"floor":5,"key":"Happy Flower"},{"floor":6,"key":"GnawedLeaf"},{"floor":7,"key":"UnicornStump"},{"floor":8,"key":"BookOfRevelations"},{"floor":9,"key":"conspire:DecoderRing"},{"floor":10,"key":"Art of War"},{"floor":11,"key":"Dota2Spire:HandOfMidas"},{"floor":12,"key":"Dota2Spire:CrimsonGuard"},{"floor":13,"key":"DataDisk"},{"floor":14,"key":"conspire:DeflatedDodgeball"},{"floor":18,"key":"Bag of Marbles"},{"floor":18,"key":"Blue Candle"},{"floor":19,"key":"The Courier"},{"floor":19,"key":"REME_HandOfSuture"},{"floor":20,"key":"Bag of Preparation"},{"floor":20,"key":"MealTicket"},{"floor":22,"key":"Blood Vial"},{"floor":22,"key":"SatanicBible"},{"floor":23,"key":"Ginger"},{"floor":23,"key":"BlankCard"},{"floor":23,"key":"Dota2Spire:Desolator"},{"floor":24,"key":"War Paint"},{"floor":24,"key":"Matryoshka"},{"floor":24,"key":"Toy Ornithopter"},{"floor":25,"key":"Tiny Chest"},{"floor":25,"key":"Dota2Spire:LotusOrb"},{"floor":25,"key":"Centennial Puzzle"},{"floor":26,"key":"Kunai"},{"floor":26,"key":"Whetstone"},{"floor":27,"key":"Gremlin Horn"},{"floor":27,"key":"Symbiotic Virus"},{"floor":27,"key":"Toxic Egg 2"},{"floor":28,"key":"Dota2Spire:ArcaneBoots"},{"floor":28,"key":"conspire:Dentures"},{"floor":28,"key":"DeathBook"},{"floor":29,"key":"GuppysTail"},{"floor":29,"key":"BloodDonationMachine"},{"floor":29,"key":"White Beast Statue"},{"floor":30,"key":"DoctorsRemote"},{"floor":30,"key":"Frozen Egg 2"},{"floor":30,"key":"HowToJump"},{"floor":31,"key":"CeramicFish"},{"floor":31,"key":"Akabeko"},{"floor":31,"key":"Dota2Spire:EtherealBlade"},{"floor":32,"key":"Dota2Spire:UrnOfShadows"},{"floor":35,"key":"TheBean"},{"floor":35,"key":"Pen Nib"},{"floor":37,"key":"Question Card"},{"floor":37,"key":"Bottled Tornado"},{"floor":38,"key":"Bottled Lightning"},{"floor":38,"key":"conspire:Boomerang"},{"floor":39,"key":"conspire:GiftBox"},{"floor":40,"key":"conspire:TopHat"},{"floor":40,"key":"conspire:IceCreamScoop"},{"floor":40,"key":"Regal Pillow"},{"floor":41,"key":"PreservedInsect"},{"floor":41,"key":"PreservedInsect"},{"floor":41,"key":"Potion Belt"},{"floor":41,"key":"Dream Catcher"},{"floor":42,"key":"Anchor"},{"floor":42,"key":"Nunchaku"},{"floor":42,"key":"Dota2Spire:PowerTreads"},{"floor":43,"key":"Oddly Smooth Stone"},{"floor":43,"key":"Molten Egg 2"},{"floor":44,"key":"PokeGo"},{"floor":44,"key":"FossilizedHelix"},{"floor":44,"key":"Lantern"},{"floor":45,"key":"GuppysHead"},{"floor":45,"key":"Dota2Spire:MonkeyKingBar"},{"floor":45,"key":"Thread and Needle"},{"floor":46,"key":"Boot"},{"floor":46,"key":"Prayer Wheel"},{"floor":46,"key":"Calipers"},{"floor":47,"key":"Mercury Hourglass"},{"floor":47,"key":"Dota2Spire:DivineRapier"},{"floor":47,"key":"ForgetMeNow"},{"floor":48,"key":"Dota2Spire:ShadowBlade"},{"floor":48,"key":"Torii"},{"floor":48,"key":"PunchingBag"},{"floor":35,"key":"SharpPlug"},{"floor":35,"key":"Smiling Mask"},{"floor":37,"key":"Darkstone Periapt"},{"floor":37,"key":"Dota2Spire:BladeMail"},{"floor":39,"key":"Ornamental Fan"},{"floor":39,"key":"MawBank"},{"floor":40,"key":"Dota2Spire:PhaseBoots"},{"floor":40,"key":"REME_HourglassOfDeath"},{"floor":40,"key":"Dota2Spire:Dagon"},{"floor":41,"key":"Mummified Hand"},{"floor":41,"key":"conspire:BottledYoYo"},{"floor":41,"key":"YumHeart"},{"floor":42,"key":"Dota2Spire:BattleFury"},{"floor":42,"key":"PillsDrop"},{"floor":42,"key":"Eternal Feather"},{"floor":43,"key":"Dota2Spire:AghanimScepter"},{"floor":44,"key":"Pantograph"},{"floor":44,"key":"REME_ArchaeologicalTools"},{"floor":44,"key":"conspire:Flyswatter"},{"floor":45,"key":"Dota2Spire:LinkenSphere"},{"floor":46,"key":"AnarchistCookbook"},{"floor":46,"key":"Dota2Spire:OrchidMalevolence"},{"floor":46,"key":"Turnip"},{"floor":47,"key":"HornCleat"},{"floor":47,"key":"NineVolt"},{"floor":47,"key":"Sundial"},{"floor":48,"key":"Dota2Spire:MantaStyle"},{"floor":48,"key":"InkBottle"},{"floor":48,"key":"Gambling Chip"},{"floor":49,"key":"StrikeDummy"}],"event_choices":[{"cards_removed":["Fission"],"damage_healed":0,"gold_gain":0,"player_choice":"Removed Skill","damage_taken":0,"max_hp_gain":0,"max_hp_loss":0,"event_name":"Falling","floor":38,"gold_loss":0}],"is_beta":true,"boss_relics":[{"not_picked":["Cursed Key","conspire:RunicOctahedron"],"picked":"Black Star"},{"not_picked":[]},{"not_picked":["Runic Dome","FrozenCore"],"picked":"conspire:SpecialSausage"},{"not_picked":[]}],"items_purged_floors":[4],"is_endless":false,"potions_floor_spawned":[3,6,7,8,16,20,22,23,27,29,30,31,33,35,37,38,39,40,41,42,44,45,46,47,48,35,37,39,40,41,42,44,46,47,48],"ascension_level":20}}