{"host":"4gr5irrdjh39ysed","time":1611252106,"event":{"mods":["AchievementEnabler","BaseMod","Colored Map","Downfall","Hermit","Minty Spire (QoL Compilation)","Random Character Button","StSLib","The Construct","The Cursed","The Disciple","The Hierophant","The Mystic","The Necromancer","The Runesmith"],"gold_per_floor":[111,111,124,124,142,167,242,261,286,286,305,158,180,222,222,303,303,322,331,54,522,60,60,79,114,114,138,180,197,122,51,51,135,135,157,176,185,203,228,264,293,293,293,313,0,0,40,62,62,62,62,62,62,98,98],"floor_reached":56,"language":"ENG","playtime":2989,"items_purged":["Defend_G","Defend_G"],"score":1913,"play_id":"e38e3120-7746-4ee0-bf17-37c0fe8848e4","local_time":"20210121110146","is_ascension_mode":true,"campfire_choices":[{"floor":15,"key":"RECALL"},{"data":"J.A.X.","floor":23,"key":"SMITH"},{"data":"Envenom","floor":32,"key":"SMITH"},{"data":"Envenom","floor":46,"key":"SMITH"},{"data":"Madness","floor":49,"key":"SMITH"},{"data":"Madness","floor":52,"key":"SMITH"}],"circlet_count":0,"master_deck":["AscendersBane","Strike_G","Strike_G","Strike_G","Strike_G","Strike_G+1","Survivor","Neutralize","Dagger Throw","Deadly Poison","Blade Dance","Footwork","Dash","Endless Agony+1","Accuracy","Dagger Spray","Concentrate","Dagger Throw","Tools of the Trade","Doppelganger","Poisoned Stab","J.A.X.+1","Slice","Phantasmal Killer","Jack Of All Trades","Panacea","Infinite Blades","Riddle With Holes+1","Corpse Explosion","Bane+1","Poisoned Stab+1","Envenom+1","Envenom+1","Blade Dance+1","Quick Slash+1","Flash of Steel+1","Madness+1","Madness+1","Poisoned Stab+1","Quick Slash+1","Slice+1","Underhanded Strike+1","Choke+1","Slice+1","Choke+1"],"relics":["Ring of the Snake","Orichalcum","CeramicFish","Nunchaku","WristBlade","TwistedFunnel","Molten Egg 2","Matryoshka","Regal Pillow","Potion Belt","HoveringKite","Peace Pipe","Vajra","Art of War","Ice Cream","Whetstone","Pear"],"acts_visited":["Exordium","TheCity","TheBeyond","TheEnding"],"potions_floor_usage":[14,25,40,48,50,50,55],"damage_taken":[{"damage":12,"enemies":"Jaw Worm","floor":1,"turns":3},{"damage":2,"enemies":"Cultist","floor":3,"turns":3},{"damage":12,"enemies":"Small Slimes","floor":5,"turns":3},{"damage":54,"enemies":"Gremlin Nob","floor":6,"turns":5},{"damage":10,"enemies":"Red Slaver","floor":8,"turns":3},{"damage":4,"enemies":"Blue Slaver","floor":11,"turns":3},{"damage":4,"enemies":"Lots of Slimes","floor":13,"turns":2},{"damage":36,"enemies":"Lagavulin","floor":14,"turns":6},{"damage":42,"enemies":"Slime Boss","floor":16,"turns":10},{"damage":19,"enemies":"Shell Parasite","floor":18,"turns":4},{"damage":36,"enemies":"3 Byrds","floor":24,"turns":4},{"damage":38,"enemies":"Gremlin Leader","floor":25,"turns":5},{"damage":16,"enemies":"Shelled Parasite and Fungi","floor":27,"turns":3},{"damage":19,"enemies":"Slavers","floor":28,"turns":3},{"damage":23,"enemies":"Centurion and Healer","floor":29,"turns":3},{"damage":29,"enemies":"Champ","floor":33,"turns":8},{"damage":8,"enemies":"Orb Walker","floor":35,"turns":2},{"damage":37,"enemies":"3 Shapes","floor":36,"turns":2},{"damage":53,"enemies":"Sphere and 2 Shapes","floor":39,"turns":4},{"damage":86,"enemies":"Giant Head","floor":40,"turns":7},{"damage":82,"enemies":"Writhing Mass","floor":41,"turns":5},{"damage":37,"enemies":"3 Darklings","floor":44,"turns":3},{"damage":66,"enemies":"Nemesis","floor":47,"turns":5},{"damage":103,"enemies":"4 Shapes","floor":48,"turns":4},{"damage":146,"enemies":"Awakened One","floor":50,"turns":8},{"damage":97,"enemies":"Shield and Spear","floor":54,"turns":6},{"damage":247,"enemies":"The Heart","floor":55,"turns":9}],"seed_played":"5138761205179731285","potions_obtained":[{"floor":1,"key":"Weak Potion"},{"floor":5,"key":"Strength Potion"},{"floor":6,"key":"LiquidMemories"},{"floor":27,"key":"Block Potion"},{"floor":28,"key":"FairyPotion"},{"floor":36,"key":"Weak Potion"},{"floor":39,"key":"Strength Potion"},{"floor":44,"key":"Fruit Juice"},{"floor":48,"key":"SkillPotion"}],"is_trial":false,"path_per_floor":["M","?","M","?","M","E","?","M","T","?","M","$","M","E","R","B",null,"M","?","$","?","$","R","M","E","T","M","E","M","?","$","R","B",null,"M","M","?","?","M","E","M","?","T","M","$","R","E","M","R","B",null,"R","$","E","B",null],"character_chosen":"THE_SILENT","items_purchased":["Concentrate","Slice","Phantasmal Killer","Infinite Blades","TwistedFunnel","Molten Egg 2","Envenom","Ice Cream"],"campfire_rested":0,"item_purchase_floors":[12,20,20,22,22,22,31,45],"current_hp_per_floor":[2051,2051,2049,2049,2037,1983,1776,1766,1766,1766,1762,1762,1758,1722,1722,1680,1973,1954,1954,1954,1889,1889,1889,1853,1815,1815,1799,1780,1757,1757,1757,1757,1728,1985,1977,1940,1940,1681,1628,1542,1460,1460,1460,1423,1423,1423,1357,1259,1259,1113,1835,1835,1835,1748,1501],"gold":98,"neow_bonus":"THREE_CARDS","is_daily":false,"chose_seed":false,"campfire_upgraded":5,"win_rate":0.0,"timestamp":1611252106,"path_taken":["M","?","?","?","M","E","?","?","T","?","?","$","M","E","R","BOSS","M","?","$","?","$","R","M","E","T","?","E","M","?","$","R","BOSS","M","M","?","?","M","E","M","?","T","M","$","R","E","M","R","BOSS","R","$","E","BOSS"],"items_purchased_type":["Card","Card","Card","Card","Relic","Relic","Card","Relic"],"build_version":"2020-12-22","purchased_purges":2,"victory":true,"max_hp_per_floor":[2070,2070,2070,2070,2070,2070,2070,2070,2070,2070,2070,2070,2070,2070,2070,2070,2070,2070,2070,2070,2070,2070,2070,2070,2070,2070,2070,2070,2070,2070,2070,2070,2070,2070,2070,2070,2070,2070,2070,2070,2070,2070,2070,2070,2070,2070,2070,2075,2075,2075,2075,2075,2075,2085,2085],"card_choices":[{"not_picked":["Prepared","Well Laid Plans"],"picked":"Dagger Throw","floor":0},{"not_picked":["Expertise","Prepared"],"picked":"Deadly Poison","floor":1},{"not_picked":["Well Laid Plans","Poisoned Stab"],"picked":"Blade Dance","floor":3},{"not_picked":["Heel Hook","Distraction"],"picked":"Dash","floor":5},{"not_picked":["Heel Hook","Poisoned Stab"],"picked":"Endless Agony","floor":6},{"not_picked":["Heel Hook","Blade Dance"],"picked":"Accuracy","floor":8},{"not_picked":["Setup","Sucker Punch"],"picked":"Dagger Spray","floor":11},{"not_picked":["Underhanded Strike","Dagger Spray"],"picked":"Dagger Throw","floor":13},{"not_picked":["Acrobatics","Dash"],"picked":"Tools of the Trade","floor":14},{"not_picked":["Storm of Steel","After Image"],"picked":"Doppelganger","floor":16},{"not_picked":["Deflect","Deadly Poison+1"],"picked":"Poisoned Stab","floor":18},{"not_picked":["Dash+1","Leg Sweep"],"picked":"Riddle With Holes+1","floor":24},{"not_picked":["Outmaneuver","Dodge and Roll"],"picked":"Corpse Explosion","floor":25},{"not_picked":["Choke+1","Sucker Punch+1"],"picked":"Bane+1","floor":27},{"not_picked":["PiercingWail","Infinite Blades"],"picked":"Poisoned Stab+1","floor":28},{"not_picked":["Footwork+1","Outmaneuver","Deadly Poison"],"picked":"SKIP","floor":29},{"not_picked":["Corpse Explosion","Unload+1"],"picked":"Envenom","floor":33},{"not_picked":["Footwork","Deadly Poison"],"picked":"Blade Dance+1","floor":35},{"not_picked":["Flying Knee+1","Blur+1"],"picked":"Quick Slash+1","floor":36},{"not_picked":["Forethought","Mayhem"],"picked":"Flash of Steel+1","floor":37},{"not_picked":["Cloak And Dagger","Riddle With Holes+1"],"picked":"Poisoned Stab+1","floor":39},{"not_picked":["Dagger Spray+1","Riddle With Holes+1"],"picked":"Quick Slash+1","floor":40},{"not_picked":["Skewer+1","Noxious Fumes+1"],"picked":"Slice+1","floor":41},{"not_picked":["Setup","Acrobatics"],"picked":"Underhanded Strike+1","floor":44},{"not_picked":["Concentrate","Outmaneuver"],"picked":"Choke+1","floor":47},{"not_picked":["Sucker Punch+1","Accuracy"],"picked":"Slice+1","floor":48},{"not_picked":["Bouncing Flask","Crippling Poison+1"],"picked":"Choke+1","floor":54}],"player_experience":248019,"relics_obtained":[{"floor":6,"key":"Orichalcum"},{"floor":9,"key":"CeramicFish"},{"floor":14,"key":"Nunchaku"},{"floor":25,"key":"Matryoshka"},{"floor":26,"key":"Regal Pillow"},{"floor":28,"key":"Potion Belt"},{"floor":40,"key":"Peace Pipe"},{"floor":43,"key":"Vajra"},{"floor":43,"key":"Art of War"},{"floor":47,"key":"Whetstone"},{"floor":54,"key":"Pear"}],"event_choices":[{"damage_healed":0,"gold_gain":0,"cards_transformed":["Defend_G"],"player_choice":"Transformed","damage_taken":0,"max_hp_gain":0,"max_hp_loss":0,"event_name":"Transmorgrifier","floor":2,"gold_loss":0,"cards_obtained":["Dodge and Roll"]},{"damage_healed":0,"gold_gain":0,"cards_transformed":["Defend_G"],"player_choice":"Change","damage_taken":0,"max_hp_gain":0,"max_hp_loss":0,"event_name":"Living Wall","floor":4,"gold_loss":0,"cards_obtained":["Footwork"]},{"damage_healed":0,"gold_gain":75,"player_choice":"Touch","damage_taken":207,"max_hp_gain":0,"max_hp_loss":0,"event_name":"FaceTrader","floor":7,"gold_loss":0},{"cards_removed":["Defend_G"],"damage_healed":0,"gold_gain":0,"player_choice":"Purged","damage_taken":0,"max_hp_gain":0,"max_hp_loss":0,"event_name":"Purifier","floor":10,"gold_loss":0},{"damage_healed":0,"gold_gain":0,"player_choice":"Obtain J.A.X.","damage_taken":0,"max_hp_gain":0,"max_hp_loss":0,"event_name":"Drug Dealer","floor":19,"gold_loss":0,"cards_obtained":["J.A.X."]},{"damage_healed":0,"gold_gain":450,"player_choice":"GOLD GOLD GOLD CARD GOLD GOLD POTION CARD ","damage_taken":65,"max_hp_gain":0,"max_hp_loss":0,"event_name":"Knowing Skull","floor":21,"potions_obtained":["GamblersBrew"],"gold_loss":0,"cards_obtained":["Jack Of All Trades","Panacea"]},{"cards_removed":["Dodge and Roll"],"damage_healed":0,"gold_gain":0,"player_choice":"Gave Gold","damage_taken":0,"max_hp_gain":0,"max_hp_loss":0,"event_name":"Beggar","floor":30,"gold_loss":75},{"damage_healed":0,"gold_gain":0,"player_choice":"Memory 1","damage_taken":0,"max_hp_gain":0,"max_hp_loss":0,"event_name":"SensoryStone","floor":37,"gold_loss":0},{"damage_healed":0,"gold_gain":0,"player_choice":"Embrace Madness","damage_taken":259,"max_hp_gain":0,"max_hp_loss":0,"event_name":"Winding Halls","floor":38,"gold_loss":0,"cards_obtained":["Madness","Madness"]},{"damage_healed":0,"gold_gain":0,"player_choice":"Ignored","damage_taken":0,"max_hp_gain":0,"max_hp_loss":0,"event_name":"Tomb of Lord Red Mask","floor":42,"gold_loss":0}],"is_beta":false,"boss_relics":[{"not_picked":["Pandora\u0027s Box","Busted Crown"],"picked":"WristBlade"},{"not_picked":["Cursed Key","Black Star"],"picked":"HoveringKite"}],"items_purged_floors":[12,20],"is_endless":false,"potions_floor_spawned":[1,5,6,8,11,24,27,28,36,39,44,47,48],"ascension_level":13}}