{"host":"tf5skwcwe0vlu2md","time":1611237864,"event":{"mods":["BaseMod","Downfall","Highlight Path","Minty Spire (QoL Compilation)","Quick Restart","StSLib","The Hierophant"],"gold_per_floor":[110,110,128,128,147,180,37,64,64,77,93,25,55,71,71,173,173,189,201,219,219,219,244,244,257,257,276,309,326,326,326],"floor_reached":30,"playtime":1602,"items_purged":[],"score":368,"play_id":"2a23db7c-500b-4a01-aa2a-3b07fef9c27f","local_time":"20210122010424","is_ascension_mode":true,"campfire_choices":[{"floor":15,"key":"REST"},{"data":"Whirlwind","floor":24,"key":"SMITH"}],"circlet_count":0,"master_deck":["Strike_R","Strike_R","Strike_R","Strike_R","Defend_R","Defend_R+1","Defend_R+1","Defend_R","Bash","Intimidate","Clash","Spot Weakness","Whirlwind+1","Disarm","Whirlwind","Reaper","Evolve+1","Body Slam+1","Demon Form+1","Battle Trance","Twin Strike+1","Clothesline","Disarm","Flex","Heavy Blade+1","Spot Weakness"],"relics":["Burning Blood","Vajra","Chemical X","Bottled Flame","Art of War","Du-Vu Doll","Astrolabe","Tiny Chest","Singing Bowl","Blood Vial"],"acts_visited":["Exordium","TheCity"],"potions_floor_usage":[6,8,10,13,14,19,20,23,25,28,30],"damage_taken":[{"damage":10,"enemies":"Small Slimes","floor":1,"turns":3},{"damage":0,"enemies":"2 Louse","floor":3,"turns":3},{"damage":6,"enemies":"Cultist","floor":5,"turns":3},{"damage":36,"enemies":"3 Sentries","floor":6,"turns":13},{"damage":23,"enemies":"Gremlin Nob","floor":8,"turns":4},{"damage":6,"enemies":"Exordium Thugs","floor":10,"turns":2},{"damage":2,"enemies":"Large Slime","floor":11,"turns":4},{"damage":24,"enemies":"3 Sentries","floor":13,"turns":4},{"damage":2,"enemies":"2 Fungi Beasts","floor":14,"turns":2},{"damage":32,"enemies":"Hexaghost","floor":16,"turns":6},{"damage":14,"enemies":"Shell Parasite","floor":18,"turns":4},{"damage":0,"enemies":"Spheric Guardian","floor":19,"turns":3},{"damage":6,"enemies":"Snake Plant","floor":20,"turns":4},{"damage":60,"enemies":"Book of Stabbing","floor":23,"turns":6},{"damage":0,"enemies":"Centurion and Healer","floor":25,"turns":2},{"damage":22,"enemies":"3 Cultists","floor":27,"turns":4},{"damage":36,"enemies":"Slavers","floor":28,"turns":4},{"damage":24,"enemies":"Snake Plant","floor":29,"turns":3},{"damage":42,"enemies":"Gremlin Leader","floor":30,"turns":4}],"seed_played":"-1055386375837129678","potions_obtained":[{"floor":3,"key":"Weak Potion"},{"floor":4,"key":"HeartOfIron"},{"floor":4,"key":"SteroidPotion"},{"floor":6,"key":"Explosive Potion"},{"floor":8,"key":"Dexterity Potion"},{"floor":11,"key":"Energy Potion"},{"floor":13,"key":"Energy Potion"},{"floor":14,"key":"champ:CounterPotion"},{"floor":19,"key":"DistilledChaos"},{"floor":20,"key":"AttackPotion"},{"floor":28,"key":"SteroidPotion"}],"is_trial":false,"path_per_floor":["M","?","M","?","M","E","$","E","T","M","M","$","E","M","R","B",null,"M","M","M","?","?","E","R","M","T","M","E","M","E"],"character_chosen":"IRONCLAD","items_purchased":["Chemical X","Disarm"],"campfire_rested":1,"item_purchase_floors":[7,12],"current_hp_per_floor":[84,66,72,72,72,42,42,25,25,25,29,29,11,15,41,15,70,73,79,87,87,87,33,33,39,39,35,35,19,0,0],"gold":326,"neow_bonus":"TEN_PERCENT_HP_BONUS","is_daily":false,"chose_seed":false,"campfire_upgraded":1,"win_rate":0.0,"timestamp":1611237864,"path_taken":["M","?","M","?","M","E","$","E","T","?","M","?","E","M","R","BOSS","M","M","M","?","?","E","R","M","T","M","E","M","E"],"items_purchased_type":["Relic","Card"],"build_version":"2020-12-13","purchased_purges":0,"victory":false,"max_hp_per_floor":[88,88,88,88,88,88,88,88,88,88,88,88,88,88,88,88,88,88,88,88,88,88,88,88,88,88,90,90,90,90,90],"card_choices":[{"not_picked":["Armaments","Havoc","Iron Wave"],"picked":"SKIP","floor":1},{"not_picked":["Shrug It Off","Inflame"],"picked":"Intimidate","floor":3},{"not_picked":["Headbutt","Iron Wave"],"picked":"Clash","floor":5},{"not_picked":["Twin Strike","Headbutt"],"picked":"Spot Weakness","floor":6},{"not_picked":["Rampage","Anger"],"picked":"Whirlwind","floor":8},{"not_picked":["Rupture","Blood for Blood"],"picked":"Combust","floor":10},{"not_picked":["Wild Strike","Power Through"],"picked":"Combust","floor":11},{"not_picked":["Second Wind","Body Slam","Anger"],"picked":"SKIP","floor":13},{"not_picked":["Warcry","Bloodletting"],"picked":"Whirlwind","floor":14},{"not_picked":["Fiend Fire","Barricade"],"picked":"Reaper","floor":16},{"not_picked":["Wild Strike","Carnage+1"],"picked":"Battle Trance","floor":18},{"not_picked":["Warcry","Disarm"],"picked":"Twin Strike+1","floor":19},{"not_picked":["Cleave","Iron Wave"],"picked":"Clothesline","floor":20},{"not_picked":["Iron Wave","Rupture"],"picked":"Disarm","floor":23},{"not_picked":["Body Slam+1","Searing Blow"],"picked":"Flex","floor":25},{"not_picked":["Heavy Blade","Intimidate","Blood for Blood"],"picked":"Singing Bowl","floor":27},{"not_picked":["Anger","Impervious"],"picked":"Heavy Blade+1","floor":28},{"not_picked":["True Grit","Blood for Blood"],"picked":"Spot Weakness","floor":29}],"player_experience":235530,"relics_obtained":[{"floor":6,"key":"Vajra"},{"floor":8,"key":"Bottled Flame"},{"floor":9,"key":"Art of War"},{"floor":13,"key":"Du-Vu Doll"},{"floor":23,"key":"Tiny Chest"},{"floor":26,"key":"Singing Bowl"},{"floor":28,"key":"Blood Vial"}],"event_choices":[{"damage_healed":0,"gold_gain":0,"player_choice":"Entered Light","damage_taken":18,"max_hp_gain":0,"max_hp_loss":0,"event_name":"Shining Light","floor":2,"gold_loss":0,"cards_upgraded":["Defend_R","Defend_R"]},{"damage_healed":0,"gold_gain":0,"player_choice":"Got Potions","damage_taken":0,"max_hp_gain":0,"max_hp_loss":0,"event_name":"Lab","floor":4,"gold_loss":0},{"damage_healed":0,"gold_gain":0,"player_choice":"Ignored","damage_taken":0,"max_hp_gain":0,"max_hp_loss":0,"event_name":"Vampires","floor":21,"gold_loss":0}],"is_beta":false,"boss_relics":[{"not_picked":["Snecko Eye","Empty Cage"],"picked":"Astrolabe"}],"items_purged_floors":[],"is_endless":false,"potions_floor_spawned":[3,6,8,11,13,14,19,20,28],"killed_by":"Gremlin Leader","ascension_level":5}}