{"host":"sav7uxregyirlf69","time":1611226725,"event":{"mods":["AchievementEnabler","BaseMod","Colored Map","DeckTracker","Keyboard Shortcuts","Minty Spire (QoL Compilation)","READ ME - Guardian Mod","StSLib","SuperFastMode"],"gold_per_floor":[134,188,266,19,19,19,55,55,81,140,206,251,251,318,318,421,421,436,436,461,461],"floor_reached":20,"language":"KOR","playtime":316,"items_purged":["Strike_R"],"score":348,"play_id":"f38ca38f-a51d-4fe1-9d59-9e699e1d9366","local_time":"20210121195845","is_ascension_mode":true,"campfire_choices":[{"data":"HandOfGreed","floor":6,"key":"SMITH"},{"data":"Bash","floor":8,"key":"SMITH"},{"data":"Body Slam","floor":15,"key":"SMITH"}],"circlet_count":0,"master_deck":["AscendersBane","Strike_R","Defend_R","Defend_R","Defend_R","Defend_R","Bash+1","HandOfGreed+1","Ghostly Armor","Second Wind","Cleave","Offering","Body Slam+1","Dual Wield","Juggernaut","Shrug It Off+1","Sever Soul","Hemokinesis"],"relics":["Burning Blood","Happy Flower","Red Skull","Pantograph","Cursed Key"],"acts_visited":["Exordium","TheCity"],"potions_floor_usage":[16],"damage_taken":[{"damage":4,"enemies":"Jaw Worm","floor":1,"turns":3},{"damage":0,"enemies":"Small Slimes","floor":2,"turns":4},{"damage":0,"enemies":"Cultist","floor":7,"turns":2},{"damage":25,"enemies":"Lagavulin","floor":10,"turns":5},{"damage":7,"enemies":"2 Fungi Beasts","floor":11,"turns":3},{"damage":3,"enemies":"Blue Slaver","floor":12,"turns":2},{"damage":6,"enemies":"3 Louse","floor":14,"turns":5},{"damage":51,"enemies":"The Guardian","floor":16,"turns":7},{"damage":31,"enemies":"Shell Parasite","floor":18,"turns":5},{"damage":57,"enemies":"Masked Bandits","floor":20,"turns":3}],"seed_played":"2950917642855475060","potions_obtained":[{"floor":7,"key":"Energy Potion"},{"floor":10,"key":"Explosive Potion"},{"floor":16,"key":"Dexterity Potion"},{"floor":18,"key":"FairyPotion"}],"is_trial":false,"path_per_floor":["M","M","?","$","?","R","M","R","T","E","M","M","?","M","R","B",null,"M","?","?"],"character_chosen":"IRONCLAD","items_purchased":["Happy Flower"],"campfire_rested":0,"item_purchase_floors":[4],"current_hp_per_floor":[68,68,68,68,68,68,68,68,68,49,48,51,51,51,51,23,57,32,32,0,0],"gold":461,"neow_bonus":"RANDOM_COLORLESS_2","is_daily":false,"chose_seed":false,"campfire_upgraded":3,"win_rate":0.0,"timestamp":1611226725,"path_taken":["M","M","?","$","?","R","M","R","T","E","M","?","?","M","R","BOSS","M","?","?"],"items_purchased_type":["Relic"],"build_version":"2020-12-22","purchased_purges":1,"victory":false,"max_hp_per_floor":[68,68,68,68,68,68,68,68,68,68,68,68,68,68,68,68,68,68,68,68,68],"card_choices":[{"not_picked":["Mayhem","Magnetism"],"picked":"HandOfGreed","floor":0},{"not_picked":["Anger","True Grit"],"picked":"Ghostly Armor","floor":1},{"not_picked":["Reckless Charge","Armaments"],"picked":"Second Wind","floor":2},{"not_picked":["Pummel","Sword Boomerang"],"picked":"Cleave","floor":7},{"not_picked":["Barricade","Berserk"],"picked":"Offering","floor":10},{"not_picked":["Twin Strike","Rupture","Second Wind"],"picked":"SKIP","floor":11},{"not_picked":["Twin Strike","Rupture","Second Wind"],"picked":"SKIP","floor":11},{"not_picked":["Carnage","Armaments"],"picked":"Body Slam","floor":12},{"not_picked":["Clothesline","True Grit"],"picked":"Dual Wield","floor":14},{"not_picked":["Double Tap","Corruption"],"picked":"Juggernaut","floor":16},{"not_picked":["Sword Boomerang","Cleave"],"picked":"Shrug It Off+1","floor":18}],"player_experience":1346139,"relics_obtained":[{"floor":9,"key":"Red Skull"},{"floor":10,"key":"Pantograph"}],"event_choices":[{"damage_healed":0,"gold_gain":78,"player_choice":"Gained Gold","damage_taken":0,"max_hp_gain":0,"max_hp_loss":0,"event_name":"Golden Wing","floor":3,"gold_loss":0},{"cards_removed":["Strike_R"],"damage_healed":0,"gold_gain":0,"player_choice":"Offered Basic","damage_taken":0,"max_hp_gain":0,"max_hp_loss":0,"event_name":"Bonfire Elementals","floor":5,"gold_loss":0},{"damage_healed":0,"gold_gain":0,"player_choice":"Ignored","damage_taken":0,"max_hp_gain":0,"max_hp_loss":0,"event_name":"Liars Game","floor":13,"gold_loss":0},{"damage_healed":0,"gold_gain":0,"cards_transformed":["Strike_R","Strike_R"],"player_choice":"Became Test Subject","damage_taken":0,"max_hp_gain":0,"max_hp_loss":0,"event_name":"Drug Dealer","floor":19,"gold_loss":0,"cards_obtained":["Sever Soul","Hemokinesis"]},{"damage_healed":0,"gold_gain":0,"player_choice":"Fought Bandits","damage_taken":0,"max_hp_gain":0,"max_hp_loss":0,"event_name":"Masked Bandits","floor":20,"gold_loss":0}],"is_beta":false,"boss_relics":[{"not_picked":["Snecko Eye","Runic Pyramid"],"picked":"Cursed Key"}],"items_purged_floors":[4],"is_endless":false,"potions_floor_spawned":[7,10,14,16,18],"killed_by":"Masked Bandits","ascension_level":20}}