{"host":"r53pw7z744tg3fxg","time":1611249677,"event":{"mods":["AchievementEnabler","BaseMod","Colored Map","Colored Powertips","Highlight Path","Minty Spire (QoL Compilation)","Quick Restart","Transform Curses"],"gold_per_floor":[119,194,209,221,240,240,240],"floor_reached":6,"language":"ENG","playtime":228,"items_purged":[],"score":70,"play_id":"c6201ba9-d60f-436f-a686-e4a2f3fb538e","local_time":"20210121102117","is_ascension_mode":true,"campfire_choices":[],"circlet_count":0,"master_deck":["AscendersBane","Strike_P","Strike_P","Strike_P","Strike_P","Defend_P","Defend_P","Defend_P","Defend_P","Eruption","Vigilance","Injury","Establishment","EmptyBody","Halt","Prostrate","Evaluate"],"relics":["PureWater"],"acts_visited":["Exordium"],"potions_floor_usage":[5,6],"damage_taken":[{"damage":7.0,"enemies":"Jaw Worm","floor":1.0,"turns":4.0},{"damage":1.0,"enemies":"2 Louse","floor":3.0,"turns":3.0},{"damage":10.0,"enemies":"Small Slimes","floor":4.0,"turns":5.0},{"damage":4,"enemies":"Red Slaver","floor":5,"turns":3},{"damage":76,"enemies":"Gremlin Nob","floor":6,"turns":5}],"seed_played":"7451955345861069871","potions_obtained":[{"floor":3.0,"key":"SteroidPotion"},{"floor":5,"key":"ColorlessPotion"}],"is_trial":false,"path_per_floor":["M","?","M","M","M","E"],"character_chosen":"WATCHER","items_purchased":[],"campfire_rested":0,"item_purchase_floors":[],"current_hp_per_floor":[54,43,42,32,28,0,0],"gold":240,"neow_bonus":"THREE_RARE_CARDS","is_daily":false,"chose_seed":false,"campfire_upgraded":0,"win_rate":0.0,"timestamp":1611249677,"path_taken":["M","?","M","M","M","E"],"items_purchased_type":[],"build_version":"2020-12-22","purchased_purges":0,"victory":false,"max_hp_per_floor":[68,68,68,68,68,68,68],"card_choices":[{"not_picked":["Judgement","SpiritShield"],"picked":"Establishment","floor":0.0},{"not_picked":["Fasting2","EmptyFist"],"picked":"EmptyBody","floor":1.0},{"not_picked":["EmptyFist","Indignation"],"picked":"Halt","floor":3.0},{"not_picked":["Meditate","SashWhip"],"picked":"Prostrate","floor":4.0},{"not_picked":["WreathOfFlame","PathToVictory"],"picked":"Evaluate","floor":5}],"player_experience":1328955,"relics_obtained":[],"event_choices":[{"damage_healed":0.0,"max_hp_gain":0.0,"max_hp_loss":0.0,"gold_gain":75.0,"event_name":"World of Goop","player_choice":"Gather Gold","floor":2.0,"gold_loss":0.0,"damage_taken":11.0}],"is_beta":false,"boss_relics":[],"items_purged_floors":[],"is_endless":false,"potions_floor_spawned":[3,5],"killed_by":"Gremlin Nob","ascension_level":17}}