{"host":"nea7n2z8ef69uk76","time":1611209676,"event":{"mods":["BaseMod","Better Altar","Colored Powertips","Curses Come First","Emptier Cage","Lobotomy","LobotomyExtend","Minty Spire (QoL Compilation)","Permanent Neow","Quick Restart","SacredBarkPlus","Spicy Shops","StSLib"],"gold_per_floor":[119,119,119,139,18,18,46,46,46,81,81,93,105,132,132,235,235,246,264,264,264,282,310,310,310,310,310,342,362,381,393,393,492,492,512,512,530,581,594,594,624,624,647,661,883,883,61,72,72,72,72],"floor_reached":50,"language":"ENG","playtime":2766,"items_purged":["Pain","Pain"],"score":879,"play_id":"4f6b9af1-c3dc-45e9-9029-c555e2e06118","local_time":"20210121011436","is_ascension_mode":true,"campfire_choices":[{"data":"Armaments","floor":6,"key":"SMITH"},{"data":"Brutality","floor":11,"key":"SMITH"},{"data":"Metallicize","floor":15,"key":"SMITH"},{"data":"Metallicize","floor":24,"key":"SMITH"},{"floor":27,"key":"REST"},{"data":"Double Tap","floor":32,"key":"SMITH"},{"floor":40,"key":"REST"},{"data":"Bludgeon","floor":42,"key":"SMITH"},{"floor":49,"key":"RECALL"}],"circlet_count":0,"master_deck":["Strike_R","Strike_R","Strike_R","Strike_R","Strike_R","Defend_R","Defend_R","Defend_R","Bash","Cleave","Headbutt","Armaments+1","Dropkick","Brutality+1","Thunderclap","Metallicize+1","Double Tap+1","Wild Strike","Metallicize+1","Burning Pact+1","Thunderclap+1","Decay","Disarm+1","Bludgeon+1","Power Through+1","Twin Strike+1","Rage+1","True Grit+1","Ghostly Armor+1","Discovery+1","Flex+1","Armaments+1"],"relics":["Black Blood","NeowsBlessing","WarpedTongs","Red Skull","Mercury Hourglass","betterAltar:BloodRelic","InkBottle","Singing Bowl","Cursed Key","Nilry\u0027s Codex","Question Card","Gremlin Horn","Red Mask","Turnip","Toxic Egg 2","LetterFromLob","Pantograph","Toolbox","Meat on the Bone"],"acts_visited":["Exordium","TheCity","TheBeyond"],"potions_floor_usage":[14,14,22,23,28,33,38,39,41,42,50,50],"damage_taken":[{"damage":0,"enemies":"Cultist","floor":1,"turns":1},{"damage":1,"enemies":"Small Slimes","floor":4,"turns":1},{"damage":0,"enemies":"3 Sentries","floor":7,"turns":1},{"damage":18,"enemies":"Gremlin Nob","floor":10,"turns":4},{"damage":6,"enemies":"Jaw Worm","floor":12,"turns":3},{"damage":7,"enemies":"Looter","floor":13,"turns":2},{"damage":9,"enemies":"Lagavulin","floor":14,"turns":4},{"damage":6,"enemies":"Slime Boss","floor":16,"turns":7},{"damage":25,"enemies":"2 Thieves","floor":18,"turns":3},{"damage":18,"enemies":"Spheric Guardian","floor":19,"turns":4},{"damage":20,"enemies":"Snake Plant","floor":22,"turns":2},{"damage":41,"enemies":"Book of Stabbing","floor":23,"turns":5},{"damage":8,"enemies":"Masked Bandits","floor":28,"turns":2},{"damage":6,"enemies":"Snecko","floor":29,"turns":3},{"damage":3,"enemies":"Centurion and Healer","floor":30,"turns":4},{"damage":5,"enemies":"Snake Plant","floor":31,"turns":4},{"damage":45,"enemies":"Champ","floor":33,"turns":10},{"damage":14,"enemies":"Orb Walker","floor":35,"turns":4},{"damage":18,"enemies":"3 Shapes","floor":37,"turns":2},{"damage":41,"enemies":"2 Orb Walkers","floor":38,"turns":4},{"damage":29,"enemies":"Maw","floor":39,"turns":6},{"damage":54,"enemies":"Giant Head","floor":41,"turns":8},{"damage":19,"enemies":"Spire Growth","floor":44,"turns":3},{"damage":8,"enemies":"4 Shapes","floor":48,"turns":3},{"damage":92,"enemies":"Donu and Deca","floor":50,"turns":10}],"seed_played":"-8016503359310170891","potions_obtained":[{"floor":4,"key":"BloodPotion"},{"floor":10,"key":"SkillPotion"},{"floor":13,"key":"Block Potion"},{"floor":16,"key":"Dexterity Potion"},{"floor":22,"key":"SteroidPotion"},{"floor":23,"key":"GamblersBrew"},{"floor":31,"key":"SneckoOil"},{"floor":33,"key":"EssenceOfSteel"},{"floor":37,"key":"ColorlessPotion"},{"floor":38,"key":"SkillPotion"},{"floor":41,"key":"Fruit Juice"},{"floor":44,"key":"SpeedPotion"}],"is_trial":false,"path_per_floor":["M","?","?","M","$","R","E","T","T","E","R","M","M","E","R","B",null,"M","M","?","?","M","E","R","?","T","R","?","M","M","M","R","B",null,"M","?","M","?","M","R","E","R","T","M","?","?","$","M","R","B"],"character_chosen":"IRONCLAD","items_purchased":["Armaments","Pantograph","Toolbox","Discovery+1","Meat on the Bone","Flex+1","Block Potion"],"campfire_rested":2,"item_purchase_floors":[5,47,47,47,47,47,47],"current_hp_per_floor":[78,78,78,80,80,80,80,80,80,68,68,70,71,72,72,74,80,63,53,49,33,39,8,8,8,8,32,36,40,49,56,56,21,71,76,76,75,51,39,66,29,34,34,32,32,32,32,53,53,0,0],"gold":72,"neow_bonus":"THREE_ENEMY_KILL","is_daily":false,"chose_seed":false,"campfire_upgraded":6,"win_rate":0.0,"timestamp":1611209676,"path_taken":["M","?","?","?","$","R","E","?","T","E","R","M","M","E","R","BOSS","M","M","?","?","M","E","R","?","T","R","?","?","M","M","R","BOSS","M","?","M","?","M","R","E","R","T","M","?","?","$","M","R","BOSS"],"items_purchased_type":["Card","Relic","Relic","Card","Relic","Card","Potion"],"build_version":"2020-12-22","purchased_purges":2,"victory":false,"max_hp_per_floor":[80,80,80,80,80,80,80,80,80,80,80,80,80,82,82,82,82,82,82,82,82,82,82,82,82,82,82,84,84,86,88,88,88,88,90,90,90,90,90,90,90,95,95,95,95,95,95,95,95,95,95],"card_choices":[{"not_picked":["Clothesline","Warcry"],"picked":"Cleave","floor":1},{"not_picked":["Blood for Blood","Evolve"],"picked":"Headbutt","floor":4},{"not_picked":["Armaments","Sword Boomerang"],"picked":"Dropkick","floor":7},{"not_picked":["Warcry","Wild Strike"],"picked":"Brutality","floor":10},{"not_picked":["Sword Boomerang","Headbutt"],"picked":"Thunderclap","floor":12},{"not_picked":["Searing Blow","Burning Pact"],"picked":"Metallicize","floor":13},{"not_picked":["Feel No Pain","Anger","Warcry"],"picked":"Singing Bowl","floor":14},{"not_picked":["Reaper","Juggernaut"],"picked":"Double Tap","floor":16},{"not_picked":["True Grit","Clash"],"picked":"Wild Strike","floor":18},{"not_picked":["Battle Trance","Heavy Blade"],"picked":"Metallicize","floor":19},{"not_picked":["Flex","Wild Strike"],"picked":"Burning Pact+1","floor":22},{"not_picked":["Perfected Strike","Power Through"],"picked":"Thunderclap+1","floor":23},{"not_picked":["Sword Boomerang","Pommel Strike","Body Slam+1","Anger"],"picked":"Singing Bowl","floor":28},{"not_picked":["Perfected Strike+1","Dropkick","Heavy Blade"],"picked":"Disarm+1","floor":29},{"not_picked":["Rupture","Reckless Charge+1","Feel No Pain+1","Havoc"],"picked":"Singing Bowl","floor":30},{"not_picked":["Havoc","Wild Strike","Disarm","Clash"],"picked":"Singing Bowl","floor":31},{"not_picked":["Juggernaut","Immolate","Double Tap"],"picked":"Bludgeon","floor":33},{"not_picked":["Sever Soul","Uppercut+1","Heavy Blade","Dark Embrace+1"],"picked":"Singing Bowl","floor":35},{"not_picked":["Clothesline","Battle Trance+1","Uppercut"],"picked":"Power Through+1","floor":37},{"not_picked":["Whirlwind","Flame Barrier","Clash"],"picked":"Twin Strike+1","floor":38},{"not_picked":["Perfected Strike+1","Shockwave","Wild Strike+1"],"picked":"Rage+1","floor":39},{"not_picked":["Sever Soul","Clothesline","Armaments+1"],"picked":"True Grit+1","floor":41},{"not_picked":["Blood for Blood+1","Spot Weakness+1","Warcry+1"],"picked":"Ghostly Armor+1","floor":44},{"not_picked":["Cleave","Perfected Strike","Iron Wave"],"picked":"Armaments+1","floor":48}],"player_experience":428823,"relics_obtained":[{"floor":7,"key":"Red Skull"},{"floor":8,"key":"Mercury Hourglass"},{"floor":9,"key":"Blood Vial"},{"floor":10,"key":"InkBottle"},{"floor":14,"key":"Singing Bowl"},{"floor":21,"key":"Nilry\u0027s Codex"},{"floor":23,"key":"Question Card"},{"floor":26,"key":"Gremlin Horn"},{"floor":28,"key":"Red Mask"},{"floor":38,"key":"Turnip"},{"floor":41,"key":"Toxic Egg 2"},{"floor":41,"key":"LetterFromLob"}],"event_choices":[{"damage_healed":0,"gold_gain":0,"player_choice":"Ignored","damage_taken":0,"max_hp_gain":0,"max_hp_loss":0,"event_name":"Golden Wing","floor":2,"gold_loss":0},{"damage_healed":0,"gold_gain":0,"player_choice":"Rummage","damage_taken":0,"relics_obtained":["WarpedTongs"],"max_hp_gain":0,"max_hp_loss":0,"event_name":"Accursed Blacksmith","floor":3,"gold_loss":0,"cards_obtained":["Pain"]},{"damage_healed":0,"gold_gain":0,"player_choice":" RottenVial ","damage_taken":4,"relics_obtained":["betterAltar:BloodRelic"],"max_hp_gain":53,"max_hp_loss":49,"event_name":"betterAltar:BetterAltar","floor":20,"potions_obtained":[],"relics_lost":["Blood Vial"],"gold_loss":0},{"damage_healed":0,"gold_gain":0,"player_choice":"Obtained Book","damage_taken":16,"max_hp_gain":0,"max_hp_loss":0,"event_name":"Cursed Tome","floor":21,"gold_loss":0},{"damage_healed":0,"gold_gain":0,"player_choice":"Fought Bandits","damage_taken":0,"max_hp_gain":0,"max_hp_loss":0,"event_name":"Masked Bandits","floor":28,"gold_loss":0},{"cards_removed":["Defend_R"],"damage_healed":0,"gold_gain":0,"player_choice":"Removed Skill","damage_taken":0,"max_hp_gain":0,"max_hp_loss":0,"event_name":"Falling","floor":36,"gold_loss":0},{"damage_healed":0,"gold_gain":0,"player_choice":"Fight","damage_taken":0,"max_hp_gain":0,"max_hp_loss":0,"event_name":"Mysterious Sphere","floor":38,"gold_loss":0},{"damage_healed":0,"gold_gain":222,"player_choice":"Wore Mask","damage_taken":0,"max_hp_gain":0,"max_hp_loss":0,"event_name":"Tomb of Lord Red Mask","floor":45,"gold_loss":0}],"is_beta":false,"boss_relics":[{"not_picked":["Philosopher\u0027s Stone","Fusion Hammer"],"picked":"Cursed Key"},{"not_picked":["Busted Crown","Pandora\u0027s Box"],"picked":"Black Blood"}],"items_purged_floors":[5,47],"is_endless":false,"potions_floor_spawned":[4,10,13,16,22,23,31,33,37,38,41,44,48],"killed_by":"Donu and Deca","ascension_level":8}}