{"host":"iphsb0ccnjx0pfn6","time":1611214491,"event":{"mods":["2.2 Compatiblity","AchievementEnabler","BaseMod","Colored Map","DeckTracker","Keyboard Shortcuts","Minty Spire (QoL Compilation)","Permanent Neow","Quick Restart","Relic Stats","StSLib","SuperFastMode","Uncapped","everything is the same but u backflip on backflip"],"gold_per_floor":[112,112,112,131,146,146,174,190,190,210,210,225,61,73,73,150,150,161,161,161,188,188,188,148,148],"floor_reached":24,"language":"KOR","playtime":500,"items_purged":["Strike_R"],"score":392,"play_id":"39fc170c-fdea-4647-af34-806a0a2c380b","local_time":"20210121163451","is_ascension_mode":true,"campfire_choices":[{"data":"Bash","floor":6,"key":"SMITH"},{"data":"Shockwave","floor":15,"key":"SMITH"},{"data":"RitualDagger","floor":23,"key":"SMITH"}],"circlet_count":0,"master_deck":["AscendersBane","Strike_R","Strike_R","Strike_R+1","Strike_R","Defend_R+1","Defend_R","Defend_R","Defend_R","Bash+1","Dropkick","Cleave","Sword Boomerang","Flex","Shockwave+1","Second Wind","Fire Breathing","Offering","RitualDagger+1"],"relics":["Burning Blood","StrikeDummy","Torii","Coffee Dripper","Red Mask"],"acts_visited":["Exordium","TheCity"],"potions_floor_usage":[7,16,21],"damage_taken":[{"damage":13,"enemies":"2 Louse","floor":1,"turns":3},{"damage":1,"enemies":"Small Slimes","floor":4,"turns":3},{"damage":0,"enemies":"Cultist","floor":5,"turns":3},{"damage":54,"enemies":"3 Sentries","floor":7,"turns":12},{"damage":8,"enemies":"Red Slaver","floor":8,"turns":3},{"damage":6,"enemies":"Looter","floor":10,"turns":2},{"damage":0,"enemies":"Large Slime","floor":12,"turns":4},{"damage":1,"enemies":"2 Fungi Beasts","floor":14,"turns":3},{"damage":17,"enemies":"Hexaghost","floor":16,"turns":10},{"damage":25,"enemies":"Spheric Guardian","floor":18,"turns":5},{"damage":10,"enemies":"Masked Bandits","floor":21,"turns":3},{"damage":9,"enemies":"2 Thieves","floor":24,"turns":2}],"seed_played":"-7226197721254916674","potions_obtained":[{"floor":4,"key":"Fruit Juice"},{"floor":8,"key":"Dexterity Potion"},{"floor":10,"key":"EssenceOfSteel"},{"floor":16,"key":"Block Potion"}],"is_trial":false,"path_per_floor":["M","?","?","M","M","R","E","M","T","M","?","M","$","M","R","B",null,"M","?","?","?","?","R","M"],"character_chosen":"IRONCLAD","items_purchased":["Fire Breathing"],"campfire_rested":0,"item_purchase_floors":[13],"current_hp_per_floor":[61,66,42,47,53,53,10,8,8,8,8,14,14,19,19,8,66,47,22,22,18,12,12,3,3],"gold":148,"neow_bonus":"THREE_CARDS","is_daily":false,"chose_seed":false,"campfire_upgraded":3,"win_rate":0.0,"timestamp":1611214491,"path_taken":["M","?","?","M","M","R","E","M","T","M","?","M","$","M","R","BOSS","M","?","?","?","?","R","M"],"items_purchased_type":["Card"],"build_version":"2020-12-22","purchased_purges":1,"victory":false,"max_hp_per_floor":[75,80,80,80,80,80,85,85,85,85,85,85,85,85,85,85,85,85,90,90,90,90,90,90,90],"relic_stats":{"Torii":29,"counters":[12,53],"obtain_stats":[{"Torii":9,"Coffee Dripper":17,"Red Mask":21,"StrikeDummy":7,"Burning Blood":0},{"Torii":5,"Coffee Dripper":9,"Red Mask":11,"StrikeDummy":4,"Burning Blood":0},{"Torii":24,"Coffee Dripper":43,"Red Mask":51,"StrikeDummy":21,"Burning Blood":0}],"Burning Blood":66},"card_choices":[{"not_picked":["Headbutt","Flex"],"picked":"Dropkick","floor":0},{"not_picked":["Sword Boomerang","Flex"],"picked":"Cleave","floor":1},{"not_picked":["Twin Strike","Wild Strike"],"picked":"Sword Boomerang","floor":4},{"not_picked":["Clothesline","Sever Soul","Spot Weakness"],"picked":"SKIP","floor":5},{"not_picked":["Sentinel","Sever Soul"],"picked":"Flex","floor":7},{"not_picked":["Cleave","Anger"],"picked":"Shockwave","floor":8},{"not_picked":["Sever Soul","Havoc","Feel No Pain"],"picked":"SKIP","floor":10},{"not_picked":["Flex","Havoc"],"picked":"Second Wind","floor":12},{"not_picked":["Rage","Metallicize","Infernal Blade"],"picked":"SKIP","floor":14},{"not_picked":["Immolate","Feed"],"picked":"Offering","floor":16},{"not_picked":["Blood for Blood","Wild Strike","True Grit"],"picked":"SKIP","floor":18}],"player_experience":1273220,"relics_obtained":[{"floor":7,"key":"StrikeDummy"},{"floor":9,"key":"Torii"},{"floor":21,"key":"Red Mask"}],"event_choices":[{"damage_healed":0,"gold_gain":0,"player_choice":"Donut","damage_taken":0,"max_hp_gain":5,"max_hp_loss":0,"event_name":"Big Fish","floor":2,"gold_loss":0},{"damage_healed":0,"gold_gain":0,"player_choice":"Entered Light","damage_taken":24,"max_hp_gain":0,"max_hp_loss":0,"event_name":"Shining Light","floor":3,"gold_loss":0,"cards_upgraded":["Defend_R","Strike_R"]},{"damage_healed":0,"gold_gain":0,"player_choice":"Searched \u00270\u0027 times","damage_taken":0,"max_hp_gain":0,"max_hp_loss":0,"event_name":"Dead Adventurer","floor":11,"gold_loss":0},{"damage_healed":0,"gold_gain":0,"player_choice":"Shed Blood","damage_taken":30,"max_hp_gain":5,"max_hp_loss":0,"event_name":"Forgotten Altar","floor":19,"gold_loss":0},{"damage_healed":0,"gold_gain":0,"player_choice":"Ignored","damage_taken":0,"max_hp_gain":0,"max_hp_loss":0,"event_name":"Cursed Tome","floor":20,"gold_loss":0},{"damage_healed":0,"gold_gain":0,"player_choice":"Fought Bandits","damage_taken":0,"max_hp_gain":0,"max_hp_loss":0,"event_name":"Masked Bandits","floor":21,"gold_loss":0},{"damage_healed":0,"gold_gain":0,"player_choice":"Joined the Cult","damage_taken":6,"max_hp_gain":0,"max_hp_loss":0,"event_name":"Nest","floor":22,"gold_loss":0,"cards_obtained":["RitualDagger"]}],"is_beta":false,"boss_relics":[{"not_picked":["Snecko Eye","Tiny House"],"picked":"Coffee Dripper"}],"items_purged_floors":[13],"is_endless":false,"potions_floor_spawned":[4,8,10,16,18],"killed_by":"2 Thieves","ascension_level":20}}