{"host":"4bbalj7r5kimsnho","time":1611257234,"event":{"mods":["AchievementEnabler","BaseMod","Colored Powertips","Hermit","Minty Spire (QoL Compilation)","StSLib"],"gold_per_floor":[118,118,118,137,64,64,88,106,161,186,205,205,205,245,245,376,376,399,423,269,283,301,301,336,336,336,336,336,336,380,394,394,523,523,536,551,551,575,589,589,589],"floor_reached":40,"language":"ENG","playtime":1843,"items_purged":["Strike_B"],"score":471,"play_id":"73869076-8729-434d-8d91-e8eff6d75a2b","local_time":"20210121192714","is_ascension_mode":true,"campfire_choices":[{"data":"Sunder","floor":6.0,"key":"SMITH"},{"data":"Glacier","floor":12.0,"key":"SMITH"},{"data":"Darkness","floor":15.0,"key":"SMITH"},{"data":"Multi-Cast","floor":23.0,"key":"SMITH"},{"data":"Coolheaded","floor":25.0,"key":"SMITH"},{"data":"Blizzard","floor":32.0,"key":"SMITH"}],"circlet_count":0,"master_deck":["Strike_B+1","Strike_B+1","Strike_B","Defend_B","Defend_B","Defend_B","Defend_B+1","Zap","Dualcast+1","Sunder+1","Injury","Glacier+1","Self Repair","BootSequence","Doom and Gloom","Darkness+1","Streamline","Coolheaded+1","Multi-Cast+1","Blizzard+1","FTL","Blizzard","J.A.X.+1","Beam Cell+1","Rainbow+1","CurseOfTheBell","Parasite"],"relics":["Cracked Core","Ginger","Golden Idol","Ancient Tea Set","Whetstone","Busted Crown","Regal Pillow","Toxic Egg 2","Molten Egg 2","Du-Vu Doll","Pantograph","Calling Bell","Toy Ornithopter","Meat on the Bone","FossilizedHelix"],"acts_visited":["Exordium","TheCity","TheBeyond"],"potions_floor_usage":[38],"damage_taken":[{"damage":0.0,"enemies":"2 Louse","floor":1.0,"turns":2.0},{"damage":7.0,"enemies":"Jaw Worm","floor":4.0,"turns":3.0},{"damage":0.0,"enemies":"Small Slimes","floor":7.0,"turns":1.0},{"damage":0.0,"enemies":"Red Slaver","floor":8.0,"turns":1.0},{"damage":3.0,"enemies":"Blue Slaver","floor":10.0,"turns":4.0},{"damage":0.0,"enemies":"Looter","floor":11.0,"turns":1.0},{"damage":5.0,"enemies":"3 Sentries","floor":14.0,"turns":6.0},{"damage":37.0,"enemies":"Hexaghost","floor":16.0,"turns":10.0},{"damage":26.0,"enemies":"3 Byrds","floor":18.0,"turns":5.0},{"damage":2.0,"enemies":"Chosen","floor":21.0,"turns":3.0},{"damage":4.0,"enemies":"Snecko","floor":22.0,"turns":5.0},{"damage":9.0,"enemies":"Slavers","floor":24.0,"turns":5.0},{"damage":28.0,"enemies":"Gremlin Leader","floor":30.0,"turns":6.0},{"damage":1.0,"enemies":"Cultist and Chosen","floor":31.0,"turns":4.0},{"damage":60.0,"enemies":"Collector","floor":33.0,"turns":9.0},{"damage":0.0,"enemies":"Orb Walker","floor":35.0,"turns":3.0},{"damage":40.0,"enemies":"3 Darklings","floor":36.0,"turns":3.0},{"damage":14,"enemies":"Writhing Mass","floor":38,"turns":5},{"damage":35,"enemies":"Maw","floor":39,"turns":8},{"damage":82,"enemies":"Nemesis","floor":40,"turns":6}],"seed_played":"8097989740859682278","potions_obtained":[{"floor":1.0,"key":"Ancient Potion"},{"floor":8.0,"key":"LiquidMemories"},{"floor":11.0,"key":"Swift Potion"},{"floor":18.0,"key":"Explosive Potion"},{"floor":24.0,"key":"Explosive Potion"},{"floor":30.0,"key":"FairyPotion"},{"floor":35.0,"key":"AttackPotion"},{"floor":36.0,"key":"GamblersBrew"},{"floor":38,"key":"Energy Potion"}],"is_trial":false,"path_per_floor":["M","?","?","M","$","R","M","M","T","M","M","R","?","E","R","B",null,"M","T","$","M","M","R","E","R","T","?","?","?","E","M","R","B",null,"M","M","?","M","M","E"],"character_chosen":"DEFECT","items_purchased":["Self Repair","FTL"],"campfire_rested":0,"item_purchase_floors":[5,20],"current_hp_per_floor":[54,54,39,32,32,32,32,32,32,36,36,36,36,38,38,1,75,56,56,56,54,57,57,55,55,55,55,55,55,34,40,40,5,75,75,47,47,45,29,0,0],"gold":589,"neow_bonus":"ONE_RARE_RELIC","is_daily":false,"chose_seed":false,"campfire_upgraded":6,"win_rate":0.0,"timestamp":1611257234,"path_taken":["M","?","?","M","$","R","M","M","T","M","M","R","?","E","R","BOSS","M","?","$","M","M","R","E","R","T","?","?","?","E","M","R","BOSS","M","M","?","M","M","E"],"items_purchased_type":["Card","Card"],"build_version":"2020-12-22","purchased_purges":1,"victory":false,"max_hp_per_floor":[75,75,75,75,75,75,75,75,75,75,75,75,75,75,75,75,75,75,75,75,75,75,75,75,75,75,75,75,75,75,75,75,75,75,75,75,75,75,75,75,75],"card_choices":[{"not_picked":["Defragment","Leap"],"picked":"Sunder","floor":1.0},{"not_picked":["Streamline","Chaos"],"picked":"Glacier","floor":4.0},{"not_picked":["Darkness","Rebound"],"picked":"BootSequence","floor":7.0},{"not_picked":["Compile Driver","Stack"],"picked":"Doom and Gloom","floor":8.0},{"not_picked":["Redo","Barrage"],"picked":"Darkness","floor":10.0},{"not_picked":["Turbo","Go for the Eyes"],"picked":"Streamline","floor":11.0},{"not_picked":["Hello World","Gash"],"picked":"Coolheaded","floor":14.0},{"not_picked":["Thunder Strike","All For One"],"picked":"Multi-Cast","floor":16.0},{"not_picked":[],"picked":"Blizzard","floor":18.0},{"not_picked":["Rebound"],"picked":"SKIP","floor":21.0},{"not_picked":[],"picked":"Blizzard","floor":22.0},{"not_picked":["Consume+1"],"picked":"SKIP","floor":24.0},{"not_picked":["Ball Lightning+1"],"picked":"SKIP","floor":30.0},{"not_picked":[],"picked":"Beam Cell+1","floor":31.0},{"not_picked":[],"picked":"Rainbow+1","floor":33.0},{"not_picked":["Sweeping Beam+1"],"picked":"SKIP","floor":35.0},{"not_picked":["Turbo+1"],"picked":"SKIP","floor":36.0},{"not_picked":["Stack+1"],"picked":"SKIP","floor":38},{"not_picked":["Turbo+1"],"picked":"SKIP","floor":39}],"player_experience":112124,"relics_obtained":[{"floor":9.0,"key":"Ancient Tea Set"},{"floor":14.0,"key":"Whetstone"},{"floor":19.0,"key":"Regal Pillow"},{"floor":24.0,"key":"Toxic Egg 2"},{"floor":26.0,"key":"Molten Egg 2"},{"floor":30.0,"key":"Pantograph"},{"floor":34.0,"key":"Toy Ornithopter"},{"floor":34.0,"key":"Meat on the Bone"},{"floor":34.0,"key":"FossilizedHelix"}],"event_choices":[{"damage_healed":0.0,"max_hp_gain":0.0,"max_hp_loss":0.0,"gold_gain":0.0,"event_name":"Golden Idol","player_choice":"Take Wound","floor":2.0,"gold_loss":0.0,"damage_taken":0.0,"relics_obtained":["Golden Idol"],"cards_obtained":["Injury"]},{"damage_healed":0.0,"max_hp_gain":0.0,"max_hp_loss":0.0,"gold_gain":0.0,"event_name":"Shining Light","player_choice":"Entered Light","floor":3.0,"gold_loss":0.0,"damage_taken":15.0,"cards_upgraded":["Dualcast","Defend_B"]},{"damage_healed":0.0,"max_hp_gain":0.0,"max_hp_loss":0.0,"gold_gain":0.0,"event_name":"Fountain of Cleansing","player_choice":"Ignored","floor":13.0,"gold_loss":0.0,"damage_taken":0.0},{"damage_healed":0.0,"max_hp_gain":0.0,"max_hp_loss":0.0,"gold_gain":0.0,"event_name":"Vampires","player_choice":"Ignored","floor":27.0,"gold_loss":0.0,"damage_taken":0.0},{"damage_healed":0.0,"max_hp_gain":0.0,"max_hp_loss":0.0,"gold_gain":0.0,"event_name":"The Mausoleum","player_choice":"Opened","floor":28.0,"gold_loss":0.0,"damage_taken":0.0,"relics_obtained":["Du-Vu Doll"]},{"damage_healed":0.0,"max_hp_gain":0.0,"max_hp_loss":0.0,"gold_gain":0.0,"event_name":"Drug Dealer","player_choice":"Obtain J.A.X.","floor":29.0,"gold_loss":0.0,"damage_taken":0.0,"cards_obtained":["J.A.X."]},{"damage_healed":0.0,"max_hp_gain":0.0,"max_hp_loss":0.0,"gold_gain":0.0,"event_name":"Mysterious Sphere","player_choice":"Ignored","floor":37.0,"gold_loss":0.0,"damage_taken":0.0}],"is_beta":false,"boss_relics":[{"not_picked":["Tiny House","Sozu"],"picked":"Busted Crown"},{"not_picked":["Velvet Choker","Empty Cage"],"picked":"Calling Bell"}],"items_purged_floors":[20],"is_endless":false,"potions_floor_spawned":[1,8,11,18,24,30,35,36,38],"killed_by":"Nemesis","ascension_level":2}}