{"host":"qsusua7l529r8z9k","time":1611248468,"event":{"mods":["BaseMod","Minty Spire (QoL Compilation)","Spicy Shops","StSLib"],"gold_per_floor":[113,15,27,27,52,52,85,105,128,159,174,174,209,228,228,323,323,338,356,0,0,13,13,44,61,61,61,61,161,211,246,246,348,348,360,376,45,56,76,76,108,108,163,163,176,211,222,23,23,23],"floor_reached":51,"language":"ZHS","playtime":2252,"items_purged":["Strike_B","Strike_B","Defend_B","Zap","Dualcast"],"score":1298,"play_id":"b6bf7677-3802-43a5-93b6-489ad26c134f","local_time":"20210122010108","is_ascension_mode":true,"campfire_choices":[{"data":"Streamline","floor":6.0,"key":"SMITH"},{"data":"Hologram","floor":12.0,"key":"SMITH"},{"data":"Reprogram","floor":15.0,"key":"SMITH"},{"floor":23.0,"key":"REST"},{"floor":28.0,"key":"REST"},{"data":"Beam Cell","floor":32.0,"key":"SMITH"},{"data":"Reboot","floor":40.0,"key":"SMITH"},{"data":"Fission","floor":42.0,"key":"SMITH"},{"data":"Go for the Eyes","floor":49,"key":"SMITH"}],"circlet_count":0,"master_deck":["AscendersBane","Defend_B+1","Defend_B+1","Streamline+1","Gash","Gash","Reboot+1","Hologram+1","Reinforced Body","All For One","Self Repair","Reprogram+1","Fission+1","Undo+1","Doom and Gloom+1","White Noise+1","Compile Driver","Go for the Eyes+1","Glacier","Steam","Fission","Double Energy+1","Beam Cell+1","Force Field","Skim+1","Core Surge","Hologram+1","BootSequence+1","Double Energy+1","Madness","Madness","Chaos+1","Turbo+1","Machine Learning"],"relics":["Cracked Core","NeowsBlessing","MealTicket","War Paint","Happy Flower","Juzu Bracelet","Tiny Chest","Astrolabe","HandDrill","Runic Capacitor","MutagenicStrength","Boot","Thread and Needle","Ice Cream","Mercury Hourglass","DataDisk","Ancient Tea Set","Runic Pyramid","Membership Card","Bird Faced Urn","Toy Ornithopter","Bag of Marbles","Cables","Pen Nib"],"acts_visited":["Exordium","TheCity","TheBeyond"],"potions_floor_usage":[],"damage_taken":[{"damage":0.0,"enemies":"Small Slimes","floor":1.0,"turns":1.0},{"damage":0.0,"enemies":"Jaw Worm","floor":3.0,"turns":1.0},{"damage":0.0,"enemies":"3 Sentries","floor":7.0,"turns":1.0},{"damage":0.0,"enemies":"2 Louse","floor":8.0,"turns":3.0},{"damage":22.0,"enemies":"Lagavulin","floor":10.0,"turns":6.0},{"damage":4.0,"enemies":"Looter","floor":11.0,"turns":2.0},{"damage":4.0,"enemies":"Gremlin Nob","floor":13.0,"turns":3.0},{"damage":0.0,"enemies":"2 Fungi Beasts","floor":14.0,"turns":2.0},{"damage":18.0,"enemies":"Slime Boss","floor":16.0,"turns":5.0},{"damage":4.0,"enemies":"Chosen","floor":18.0,"turns":3.0},{"damage":39.0,"enemies":"2 Thieves","floor":19.0,"turns":4.0},{"damage":31.0,"enemies":"Chosen and Byrds","floor":22.0,"turns":9.0},{"damage":27.0,"enemies":"Book of Stabbing","floor":24.0,"turns":4.0},{"damage":6.0,"enemies":"Snecko","floor":25.0,"turns":7.0},{"damage":10.0,"enemies":"Colosseum Slavers","floor":29.0,"turns":4.0},{"damage":0.0,"enemies":"Colosseum Nobs","floor":29.0,"turns":3.0},{"damage":8.0,"enemies":"Slavers","floor":31.0,"turns":6.0},{"damage":0.0,"enemies":"Collector","floor":33.0,"turns":4.0},{"damage":7.0,"enemies":"3 Shapes","floor":35.0,"turns":3.0},{"damage":4.0,"enemies":"3 Darklings","floor":36.0,"turns":3.0},{"damage":0.0,"enemies":"Spire Growth","floor":38.0,"turns":4.0},{"damage":3.0,"enemies":"Maw","floor":39.0,"turns":5.0},{"damage":10.0,"enemies":"Reptomancer","floor":41.0,"turns":4.0},{"damage":5.0,"enemies":"Writhing Mass","floor":45.0,"turns":4.0},{"damage":2.0,"enemies":"Nemesis","floor":46.0,"turns":3.0},{"damage":0.0,"enemies":"Transient","floor":47.0,"turns":5.0},{"damage":13,"enemies":"Time Eater","floor":50,"turns":6}],"seed_played":"9134232997893382656","potions_obtained":[{"floor":3.0,"key":"Fire Potion"},{"floor":11.0,"key":"DuplicationPotion"},{"floor":13.0,"key":"LiquidBronze"},{"floor":14.0,"key":"LiquidBronze"},{"floor":19.0,"key":"FearPotion"},{"floor":22.0,"key":"Strength Potion"},{"floor":31.0,"key":"BlessingOfTheForge"},{"floor":33.0,"key":"FocusPotion"},{"floor":36.0,"key":"Block Potion"}],"is_trial":false,"path_per_floor":["M","$","M","?","T","R","E","M","T","E","M","R","E","M","R","B",null,"M","M","$","?","M","R","E","M","T","?","R","?","T","E","R","B",null,"M","M","$","M","M","R","E","R","T","?","M","E","M","$","R","B",null],"character_chosen":"DEFECT","items_purchased":["Gash","HandDrill","Runic Capacitor","Glacier","Membership Card","Bird Faced Urn","Pen Nib","Machine Learning"],"campfire_rested":2,"item_purchase_floors":[2,20,20,20,37,37,48,48],"current_hp_per_floor":[68,68,68,73,73,73,73,73,73,51,47,47,43,50,50,32,68,64,39,54,54,23,47,20,21,21,21,45,49,49,48,48,55,74,74,77,80,80,80,80,70,70,70,60,66,66,80,80,80,80],"gold":23,"neow_bonus":"THREE_ENEMY_KILL","is_daily":false,"chose_seed":false,"campfire_upgraded":7,"win_rate":0.0,"timestamp":1611248468,"path_taken":["M","$","M","?","?","R","E","M","T","E","M","R","E","M","R","BOSS","M","M","$","?","M","R","E","M","T","?","R","?","?","E","R","BOSS","M","M","$","M","M","R","E","R","T","?","M","E","M","$","R","BOSS"],"items_purchased_type":["Card","Relic","Relic","Card","Relic","Relic","Relic","Card"],"build_version":"2020-12-22","purchased_purges":5,"victory":true,"max_hp_per_floor":[75,75,75,80,80,80,80,80,80,80,80,80,80,80,80,80,80,80,80,80,80,80,80,80,80,80,80,80,80,80,80,80,80,80,80,80,80,80,80,80,80,80,80,80,80,80,80,80,80,80],"card_choices":[{"not_picked":["Leap","Go for the Eyes"],"picked":"Streamline","floor":1.0},{"not_picked":["Barrage","Hologram"],"picked":"Gash","floor":3.0},{"not_picked":["Stack","FTL"],"picked":"Reboot","floor":7.0},{"not_picked":["Hello World","Rebound"],"picked":"Hologram","floor":8.0},{"not_picked":["Stack","Force Field"],"picked":"Reinforced Body","floor":10.0},{"not_picked":["Hologram","Sunder"],"picked":"All For One","floor":11.0},{"not_picked":["Cold Snap","Darkness"],"picked":"Self Repair","floor":13.0},{"not_picked":["Coolheaded","Ball Lightning"],"picked":"Reprogram","floor":14.0},{"not_picked":["Electrodynamics","Amplify"],"picked":"Fission","floor":16.0},{"not_picked":["Conserve Battery","Redo"],"picked":"Compile Driver","floor":18.0},{"not_picked":["Conserve Battery+1","Leap"],"picked":"Go for the Eyes","floor":19.0},{"not_picked":["Skim","Blizzard"],"picked":"Steam","floor":22.0},{"not_picked":["Stack","Storm"],"picked":"Fission","floor":24.0},{"not_picked":["White Noise","Doom and Gloom"],"picked":"Double Energy+1","floor":25.0},{"not_picked":["Ball Lightning+1","Leap"],"picked":"Force Field","floor":29.0},{"not_picked":["Rip and Tear+1","Steam"],"picked":"Skim+1","floor":31.0},{"not_picked":["Creative AI","Thunder Strike"],"picked":"Core Surge","floor":33.0},{"not_picked":["Lockon+1","Capacitor+1","Aggregate"],"picked":"SKIP","floor":35.0},{"not_picked":["Compile Driver+1","Stack"],"picked":"Hologram+1","floor":36.0},{"not_picked":["Redo","Barrage","Lockon"],"picked":"SKIP","floor":38.0},{"not_picked":["Doom and Gloom","Hologram"],"picked":"BootSequence+1","floor":39.0},{"not_picked":["Core Surge","Hologram+1"],"picked":"Double Energy+1","floor":41.0},{"not_picked":["Heatsinks","Blizzard+1"],"picked":"Chaos+1","floor":45.0},{"not_picked":["Cold Snap+1","Genetic Algorithm"],"picked":"Turbo+1","floor":46.0},{"not_picked":["Melter","Turbo","White Noise"],"picked":"SKIP","floor":47.0}],"player_experience":432530,"relics_obtained":[{"floor":5.0,"key":"MealTicket"},{"floor":7.0,"key":"War Paint"},{"floor":9.0,"key":"Happy Flower"},{"floor":10.0,"key":"Juzu Bracelet"},{"floor":13.0,"key":"Tiny Chest"},{"floor":24.0,"key":"Boot"},{"floor":26.0,"key":"Thread and Needle"},{"floor":29.0,"key":"Ice Cream"},{"floor":29.0,"key":"Mercury Hourglass"},{"floor":30.0,"key":"DataDisk"},{"floor":31.0,"key":"Ancient Tea Set"},{"floor":41.0,"key":"Toy Ornithopter"},{"floor":43.0,"key":"Bag of Marbles"},{"floor":46.0,"key":"Cables"}],"event_choices":[{"damage_healed":0.0,"max_hp_gain":5.0,"max_hp_loss":0.0,"gold_gain":0.0,"event_name":"Big Fish","player_choice":"Donut","floor":4.0,"gold_loss":0.0,"damage_taken":0.0},{"damage_healed":0.0,"max_hp_gain":0.0,"max_hp_loss":0.0,"gold_gain":0.0,"event_name":"Drug Dealer","player_choice":"Inject Mutagens","floor":21.0,"gold_loss":0.0,"damage_taken":0.0,"relics_obtained":["MutagenicStrength"]},{"damage_healed":0.0,"max_hp_gain":0.0,"max_hp_loss":0.0,"gold_gain":0.0,"event_name":"The Library","player_choice":"Read","floor":27.0,"gold_loss":0.0,"damage_taken":0.0,"cards_obtained":["Beam Cell"]},{"damage_healed":0.0,"max_hp_gain":0.0,"max_hp_loss":0.0,"gold_gain":0.0,"event_name":"Colosseum","player_choice":"Fight","floor":29.0,"gold_loss":0.0,"damage_taken":0.0},{"damage_healed":0.0,"max_hp_gain":0.0,"max_hp_loss":0.0,"gold_gain":0.0,"event_name":"Colosseum","player_choice":"Fought Nobs","floor":29.0,"gold_loss":0.0,"damage_taken":0.0},{"damage_healed":0.0,"max_hp_gain":0.0,"max_hp_loss":0.0,"gold_gain":0.0,"event_name":"Winding Halls","player_choice":"Embrace Madness","floor":44.0,"gold_loss":0.0,"damage_taken":10.0,"cards_obtained":["Madness","Madness"]}],"is_beta":false,"boss_relics":[{"not_picked":["SlaversCollar","Inserter"],"picked":"Astrolabe"},{"not_picked":["Black Star","Calling Bell"],"picked":"Runic Pyramid"}],"items_purged_floors":[2,20,37,37,48],"is_endless":false,"potions_floor_spawned":[3,11,13,14,16,19,22,29,31,33,36,38,46],"ascension_level":10}}