{"host":"9d9dhukr2jywmy0f","time":1611229992,"event":{"mods":["2.2 Compatiblity","ATMod(阿瑾Mod)","Act Like it!","Alarm Clock","Aspiration","BaseMod","Bestiary","Block Reminder","Challenge The Spire","Colored Map","Colored Powertips","Conspire","Curses Come First","DeckTracker","Dota2Spire","Energized Spire","Fox Events","GifTheSpireLib","Halation","Highlight Path","Hubris","Infinite Spire","Ironclad Rager","Jedi Mod","Jess\u0027s Bottle","Key Reminder","LazyManMod","Minty Spire (QoL Compilation)","Mirrors Mod","MostiFishMod","Pale of the Ancients","Poem Panic","Poor People Problems","Quarter Circle Forward PUNCH!","Quick Restart","RRrroohrrRGHHhhh!!","Rare Cards Sparkle","RatMod","Relic Sorter","Relic Stats","Replay The Spire","Retaliation","RumiaBox-露米娅的神秘盒子","SCP261 Mod","Shop Mod","Spicy Shops","Spikes Relics","Spire Arcade","Spire Birthday Party","StS++","StSLib","Stuff the Spire","SuperFastMode","Swap Starting Deck Mod","Synergy Search","TestMod","The Blue Laboratory","Thieving Mod","Trackpad","Unceasing Turn Reminder","Unknown Chances","Virulent Crown","[IsaacMod]以撒尖塔","[功能]功能增强和修复MOD","vexMod","【遗物卡牌】REMEMod"],"gold_per_floor":[676,676,704,735,761,761,337,337,665,665,665],"floor_reached":10,"language":"ZHS","playtime":828,"items_purged":["Strike_R","Strike_R","Defend_R","Strike_R","Defend_R"],"score":210,"play_id":"d57a2ec0-43df-43ee-a15a-c42614eabdb6","local_time":"20210121195312","daily_mods":["challengethespire:Elite Rush","challengethespire:Bronze Difficulty","Uncertain Future"],"is_ascension_mode":false,"campfire_choices":[{"data":"BettingIsNotGood","floor":2.0,"key":"SMITH"},{"data":"AT_MachinaRedman","floor":8,"key":"SMITH"},{"data":"StSpp:CounterStrike","floor":8,"key":"SMITH"}],"circlet_count":0,"master_deck":["Strike_R","Strike_R","Defend_R","Defend_R","Bash","BettingIsNotGood+1","AT_MachinaRedman+1","REME_EmptyShield","StSpp:CounterStrike+1","Defend_R","dwlrmod:ColdlightOracle","Defend_R"],"relics":["HushsDoor","D4","Cracked Core","StuffTheSpire:Nightcore","qcfpunch:Handcuffs","Damocles","Old Coin","Dota2Spire:DivineRapier","Ice Cream","DDmod:StuhbiRelic","conspire:InfiniteJournal","AT_Kusabimaru","Chameleon Ring","rat:ZhonyasHourglass","King of Hearts","REME_PuzzleBoxRelic","Replay:Wax Seal","AT_SpeedBoots","aspiration:HiddenCompartment","energizedSpire:OgreHead","REME_ChargedStone","Strange Spoon","halation:PeacePiece","MyShadow"],"acts_visited":["Exordium","TheCity","TheBeyond"],"potions_floor_usage":[],"damage_taken":[{"damage":2.0,"enemies":"Gremlin Nob","floor":3.0,"turns":2.0},{"damage":0.0,"enemies":"Lagavulin","floor":4.0,"turns":2.0},{"damage":0.0,"enemies":"3 Sentries","floor":5.0,"turns":2.0},{"damage":6,"enemies":"Lagavulin","floor":9,"turns":3},{"damage":6,"enemies":"Gremlin Nob","floor":10,"turns":1}],"seed_played":"-2307302407212971312","potions_obtained":[{"floor":5.0,"key":"blueLaboratory:BottleOfRum"},{"floor":9,"key":"EntropicBrew"}],"is_trial":true,"path_per_floor":["$","R","E","E","E","T","$","R","E","E"],"character_chosen":"IRONCLAD","items_purchased":["aspiration:Lifesprig","vexMod:Cooldron"],"campfire_rested":0,"item_purchase_floors":[1,7],"current_hp_per_floor":[80,80,80,86,86,81,81,81,81,0,0],"gold":665,"neow_bonus":"","is_daily":false,"chose_seed":false,"campfire_upgraded":3,"win_rate":0.0,"timestamp":1611229992,"path_taken":["$","R","E","E","E","T","$","R","E","E"],"items_purchased_type":["Relic","Relic"],"build_version":"2020-11-30","purchased_purges":5,"victory":false,"max_hp_per_floor":[80,80,80,86,86,81,81,81,81,81,81],"relic_stats":{"Strange Spoon":[1],"counters":[5,8],"obtain_stats":[{"Ice Cream":9,"GuppysTail":0,"Damocles":9,"aspiration:Lifesprig":1,"dwlrmod:ProjectRecorder":4,"AT_ATBox":0,"DaveBox":0,"REME_ChargedStone":9,"King of Hearts":9,"Sling":0,"Burning Blood":0,"Pet Ghost":5,"Old Coin":9,"conspire:InfiniteJournal":9,"trackpad:ByrdCharm":4,"AT_Kusabimaru":9,"Chameleon Ring":9,"hubris:Stopwatch":6,"Dota2Spire:DivineRapier":9,"MyShadow":9,"halation:PromiseList":3,"qcfpunch:Handcuffs":9,"StuffTheSpire:Nightcore":9,"Replay:Wax Seal":9,"Cracked Core":9,"KeepersGift":0,"testmod-TestBox":0,"vexMod:BerryBomb":4,"PreservedInsect":0,"energizedSpire:OgreHead":9,"infinitespire:Lucky Rock":5,"aspiration:HiddenCompartment":9,"D4":9,"testmod-RealStoneCalender":0,"Strange Spoon":9,"vexMod:Cooldron":7,"AT_SpeedBoots":9,"DDmod:StuhbiRelic":9,"SentryEyes":0,"halation:PenCase":3,"rat:ZhonyasHourglass":9,"Black Star":0,"OriginationStaff":9,"REME_PuzzleBoxRelic":9,"HushsDoor":0,"halation:PeacePiece":9,"REME_ComplimentaryCards":0},{"Ice Cream":4,"GuppysTail":0,"Damocles":4,"aspiration:Lifesprig":0,"dwlrmod:ProjectRecorder":2,"AT_ATBox":0,"DaveBox":0,"REME_ChargedStone":4,"King of Hearts":4,"Sling":0,"Burning Blood":0,"Pet Ghost":3,"Old Coin":4,"conspire:InfiniteJournal":4,"trackpad:ByrdCharm":2,"AT_Kusabimaru":4,"Chameleon Ring":4,"hubris:Stopwatch":3,"Dota2Spire:DivineRapier":4,"MyShadow":4,"halation:PromiseList":1,"qcfpunch:Handcuffs":4,"StuffTheSpire:Nightcore":4,"Replay:Wax Seal":4,"Cracked Core":4,"KeepersGift":0,"testmod-TestBox":0,"vexMod:BerryBomb":2,"PreservedInsect":0,"energizedSpire:OgreHead":4,"infinitespire:Lucky Rock":3,"aspiration:HiddenCompartment":4,"D4":4,"testmod-RealStoneCalender":0,"Strange Spoon":4,"vexMod:Cooldron":3,"AT_SpeedBoots":4,"DDmod:StuhbiRelic":4,"SentryEyes":0,"halation:PenCase":1,"rat:ZhonyasHourglass":4,"Black Star":0,"OriginationStaff":4,"REME_PuzzleBoxRelic":4,"HushsDoor":0,"halation:PeacePiece":4,"REME_ComplimentaryCards":0},{"Ice Cream":7,"GuppysTail":0,"Damocles":7,"aspiration:Lifesprig":0,"dwlrmod:ProjectRecorder":3,"AT_ATBox":0,"DaveBox":0,"REME_ChargedStone":7,"King of Hearts":7,"Sling":0,"Burning Blood":0,"Pet Ghost":4,"Old Coin":7,"conspire:InfiniteJournal":7,"trackpad:ByrdCharm":3,"AT_Kusabimaru":7,"Chameleon Ring":7,"hubris:Stopwatch":4,"Dota2Spire:DivineRapier":7,"MyShadow":7,"halation:PromiseList":1,"qcfpunch:Handcuffs":7,"StuffTheSpire:Nightcore":7,"Replay:Wax Seal":7,"Cracked Core":7,"KeepersGift":0,"testmod-TestBox":0,"vexMod:BerryBomb":3,"PreservedInsect":0,"energizedSpire:OgreHead":7,"infinitespire:Lucky Rock":4,"aspiration:HiddenCompartment":7,"D4":7,"testmod-RealStoneCalender":0,"Strange Spoon":7,"vexMod:Cooldron":4,"AT_SpeedBoots":7,"DDmod:StuhbiRelic":7,"SentryEyes":0,"halation:PenCase":1,"rat:ZhonyasHourglass":7,"Black Star":0,"OriginationStaff":7,"REME_PuzzleBoxRelic":7,"HushsDoor":0,"halation:PeacePiece":7,"REME_ComplimentaryCards":0}]},"card_choices":[{"not_picked":[],"picked":"BettingIsNotGood","floor":0.0},{"not_picked":["dwlrmod:Awakening","dwlrmod:WickedWhispers"],"picked":"dwlrmod:ColdlightOracle","floor":9}],"player_experience":852746,"relics_obtained":[{"floor":3.0,"key":"halation:PenCase"},{"floor":3.0,"key":"halation:PromiseList"},{"floor":4.0,"key":"vexMod:BerryBomb"},{"floor":4.0,"key":"trackpad:ByrdCharm"},{"floor":4.0,"key":"dwlrmod:ProjectRecorder"},{"floor":5.0,"key":"Pet Ghost"},{"floor":5.0,"key":"infinitespire:Lucky Rock"},{"floor":9,"key":"D4"},{"floor":9,"key":"OriginationStaff"}],"event_choices":[],"is_beta":false,"boss_relics":[{"not_picked":["Electric Blood","energizedSpire:DecayingSkull"],"picked":"hubris:Stopwatch"},{"not_picked":[]},{"not_picked":[]}],"items_purged_floors":[1,1,6,7,7],"is_endless":false,"potions_floor_spawned":[5,9],"killed_by":"Gremlin Nob","ascension_level":0}}