{"host":"uyrebrj0204enqpc","time":1611272399,"event":{"mods":["Act Like it!","Bard","BaseMod","Block Reminder","Challenge The Spire","Colored Map","Colored Powertips","DeckTracker","Downfall","GifTheSpireLib","HexUI Lib","Highlight Path","Hubris","Infinite Spire","Minty Spire (QoL Compilation)","Pale of the Ancients","Quick Restart","Random Character Button","Relic Sorter","Relic Stats","Shop Mod","StSLib","The Blue Laboratory","The Bug Knight","The Cursed","The Jungle","The Marked","Wandering Minibosses"],"gold_per_floor":[119,294,294,294,307,340,359,359,411,411,411,411,411,411],"floor_reached":12,"language":"ENG","playtime":231,"items_purged":["Guardian:Defend_Guardian"],"score":116,"play_id":"bd83cf61-20bb-48ec-8706-3f3e5cf81ad8","local_time":"20210121183959","is_ascension_mode":true,"campfire_choices":[{"data":"Guardian:Planning","floor":10,"key":"SMITH"}],"circlet_count":0,"master_deck":["Guardian:Strike_Guardian","Guardian:Strike_Guardian","Guardian:Strike_Guardian","Guardian:Defend_Guardian","Guardian:Defend_Guardian","Guardian:Defend_Guardian","Guardian:CurlUp","Guardian:TwinSlam","Guardian:Planning+1"],"relics":["Guardian:ModeShifter","NeowsBlessing","hubris:FruitBowl","Chemical X","Art of War","Juzu Bracelet"],"acts_visited":["Exordium"],"potions_floor_usage":[],"damage_taken":[{"damage":0,"enemies":"Cultist","floor":1,"turns":1},{"damage":0,"enemies":"Small Slimes","floor":5,"turns":1},{"damage":0,"enemies":"Lagavulin","floor":6,"turns":1},{"damage":9,"enemies":"Jaw Worm","floor":7,"turns":3},{"damage":46,"enemies":"Gremlin Nob","floor":12,"turns":5}],"seed_played":"-5433645655504301604","potions_obtained":[{"floor":6,"key":"Guardian:StasisDiscoveryPotion"}],"is_trial":false,"path_per_floor":["M","?","?","$","M","E","M","?","T","R","?","E"],"character_chosen":"GUARDIAN","items_purchased":["hubris:FruitBowl","Chemical X"],"campfire_rested":0,"item_purchase_floors":[4,4],"current_hp_per_floor":[80,80,80,46,46,46,37,44,44,44,37,0,0,0],"gold":411,"neow_bonus":"THREE_ENEMY_KILL","is_daily":false,"chose_seed":false,"campfire_upgraded":1,"win_rate":0.0,"timestamp":1611272399,"path_taken":["M","?","?","?","M","E","M","?","T","R","?","E"],"items_purchased_type":["Relic","Relic"],"build_version":"2020-12-22","purchased_purges":1,"victory":false,"max_hp_per_floor":[80,80,80,80,80,80,80,87,87,87,87,87,87,87],"relic_stats":{"counters":[5,11],"Art of War":[0],"Juzu Bracelet":0,"Chemical X":[1],"obtain_stats":[{"NeowsBlessing":0,"Guardian:ModeShifter":0,"hubris:FruitBowl":4,"Art of War":6,"Juzu Bracelet":9,"Chemical X":4},{"NeowsBlessing":0,"Guardian:ModeShifter":0,"hubris:FruitBowl":1,"Art of War":3,"Juzu Bracelet":4,"Chemical X":1},{"NeowsBlessing":0,"Guardian:ModeShifter":0,"hubris:FruitBowl":1,"Art of War":3,"Juzu Bracelet":6,"Chemical X":1}]},"card_choices":[{"not_picked":["Guardian:Gem_Fragmented","Guardian:Gem_Red","Guardian:BronzeOrb"],"picked":"SKIP","floor":1},{"not_picked":["Guardian:DecasProtection","Guardian:Incinerate"],"picked":"Guardian:Gem_Crimson","floor":5},{"not_picked":["Guardian:BronzeOrb","Guardian:Gem_Green"],"picked":"Guardian:Planning","floor":6},{"not_picked":["Guardian:BronzeOrb","Guardian:GemFinder","Guardian:Gem_Red"],"picked":"SKIP","floor":7}],"player_experience":1099386,"relics_obtained":[{"floor":6,"key":"Art of War"},{"floor":9,"key":"Juzu Bracelet"}],"event_choices":[{"damage_healed":0,"gold_gain":175,"player_choice":"AGREE","damage_taken":0,"max_hp_gain":0,"max_hp_loss":0,"event_name":"Liars Game","floor":2,"gold_loss":0,"cards_obtained":["Doubt"]},{"damage_healed":0,"gold_gain":0,"player_choice":"Donut","damage_taken":0,"max_hp_gain":5,"max_hp_loss":0,"event_name":"Big Fish","floor":8,"gold_loss":0},{"cards_removed":["Guardian:Strike_Guardian"],"damage_healed":0,"gold_gain":0,"player_choice":"Card Removal","damage_taken":7,"max_hp_gain":0,"max_hp_loss":0,"event_name":"Golden Wing","floor":11,"gold_loss":0}],"is_beta":false,"boss_relics":[],"items_purged_floors":[4],"is_endless":false,"potions_floor_spawned":[6],"killed_by":"Gremlin Nob","ascension_level":3}}