{"host":"1a3cjta80tad0aqj","time":1611230916,"event":{"mods":["2.2 Compatiblity","AchievementEnabler","BaseMod","Colored Map","DeckTracker","KOR Keyword Fix","Keyboard Shortcuts","Minty Spire (QoL Compilation)","Permanent Neow","Quick Restart","Random Character Button","StSLib","SuperFastMode","everything is the same but u backflip on backflip"],"gold_per_floor":[115,127,137,38,53,53,84,84,134,166,166,183,203,216,216,313,313,327,342,86,98,26,54,72,72,72,72,171,182,214,228,228,330,330,349,148,160,178,194,226,226,251,305,325,325,352,372,372,372,372,372],"floor_reached":50,"language":"KOR","playtime":2881,"items_purged":["Defend_R","Defend_R"],"score":761,"play_id":"1c5d1d2a-27c4-4aa1-a39f-853fa5578f98","local_time":"20210121210836","is_ascension_mode":true,"campfire_choices":[{"data":"True Grit","floor":6.0,"key":"SMITH"},{"data":"Sword Boomerang","floor":8.0,"key":"SMITH"},{"data":"Demon Form","floor":11.0,"key":"SMITH"},{"data":"Inflame","floor":15.0,"key":"SMITH"},{"data":"Uppercut","floor":25.0,"key":"SMITH"},{"data":"Cleave","floor":27.0,"key":"SMITH"},{"floor":32.0,"key":"REST"},{"data":"Heavy Blade","floor":41.0,"key":"SMITH"},{"data":"Enlightenment","floor":45.0,"key":"SMITH"},{"floor":49,"key":"REST"}],"circlet_count":0,"master_deck":["Strike_R+1","Strike_R","Strike_R","Strike_R","Strike_R","Defend_R","Defend_R","Bash","Headbutt+1","True Grit+1","Battle Trance","Shrug It Off","Sword Boomerang+1","Power Through","Pommel Strike","Inflame+1","Dual Wield","Offering","Armaments+1","Wild Strike","Second Wind","Uppercut+1","Cleave+1","Blood for Blood","Infernal Blade","Shockwave","Bludgeon","Flex+1","Enlightenment+1","Power Through","Heavy Blade+1","Shrug It Off+1","Feed","Flex","Entrench","Parasite","Flame Barrier+1"],"relics":["Burning Blood","StrikeDummy","Whetstone","Potion Belt","Black Star","Bag of Marbles","Mummified Hand","Toy Ornithopter","Eternal Feather","Champion Belt","Torii","Mark of Pain","Bronze Scales","Regal Pillow","Nunchaku","Smiling Mask","Pen Nib","HornCleat","Happy Flower"],"acts_visited":["Exordium","TheCity","TheBeyond"],"potions_floor_usage":[46,46,50],"damage_taken":[{"damage":6.0,"enemies":"Cultist","floor":1.0,"turns":3.0},{"damage":4.0,"enemies":"Jaw Worm","floor":2.0,"turns":4.0},{"damage":17.0,"enemies":"Small Slimes","floor":3.0,"turns":5.0},{"damage":2.0,"enemies":"2 Fungi Beasts","floor":5.0,"turns":4.0},{"damage":19.0,"enemies":"3 Sentries","floor":7.0,"turns":10.0},{"damage":10.0,"enemies":"Gremlin Nob","floor":10.0,"turns":3.0},{"damage":1.0,"enemies":"Red Slaver","floor":12.0,"turns":3.0},{"damage":6.0,"enemies":"Looter","floor":13.0,"turns":3.0},{"damage":19.0,"enemies":"Exordium Wildlife","floor":14.0,"turns":4.0},{"damage":38.0,"enemies":"Slime Boss","floor":16.0,"turns":4.0},{"damage":20.0,"enemies":"2 Thieves","floor":18.0,"turns":4.0},{"damage":10.0,"enemies":"Chosen","floor":19.0,"turns":4.0},{"damage":18.0,"enemies":"3 Cultists","floor":21.0,"turns":5.0},{"damage":6.0,"enemies":"Gremlin Leader","floor":23.0,"turns":4.0},{"damage":8.0,"enemies":"Snecko","floor":24.0,"turns":3.0},{"damage":17.0,"enemies":"Shelled Parasite and Fungi","floor":29.0,"turns":3.0},{"damage":18.0,"enemies":"Book of Stabbing","floor":30.0,"turns":4.0},{"damage":12.0,"enemies":"Sentry and Sphere","floor":31.0,"turns":4.0},{"damage":109.0,"enemies":"Automaton","floor":33.0,"turns":12.0},{"damage":11.0,"enemies":"Orb Walker","floor":35.0,"turns":3.0},{"damage":7.0,"enemies":"3 Shapes","floor":37.0,"turns":3.0},{"damage":26.0,"enemies":"3 Darklings","floor":38.0,"turns":4.0},{"damage":14.0,"enemies":"Jaw Worm Horde","floor":39.0,"turns":5.0},{"damage":36.0,"enemies":"Giant Head","floor":40.0,"turns":6.0},{"damage":30.0,"enemies":"Nemesis","floor":42.0,"turns":7.0},{"damage":0.0,"enemies":"Spire Growth","floor":44.0,"turns":2.0},{"damage":54,"enemies":"Reptomancer","floor":46,"turns":8},{"damage":7,"enemies":"Writhing Mass","floor":47,"turns":3},{"damage":83,"enemies":"Awakened One","floor":50,"turns":10}],"seed_played":"1137283235119304208","potions_obtained":[{"floor":0.0,"key":"SpeedPotion"},{"floor":0.0,"key":"DuplicationPotion"},{"floor":0.0,"key":"BloodPotion"},{"floor":5.0,"key":"Strength Potion"},{"floor":12.0,"key":"Dexterity Potion"},{"floor":14.0,"key":"SpeedPotion"},{"floor":21.0,"key":"AttackPotion"},{"floor":29.0,"key":"Block Potion"},{"floor":30.0,"key":"BloodPotion"},{"floor":31.0,"key":"FearPotion"},{"floor":35.0,"key":"Dexterity Potion"},{"floor":39.0,"key":"Fire Potion"},{"floor":42.0,"key":"Dexterity Potion"},{"floor":47,"key":"Swift Potion"}],"is_trial":false,"path_per_floor":["M","M","M","$","M","R","E","R","T","E","R","M","M","M","R","B",null,"M","M","$","M","$","E","M","R","T","R","?","M","E","M","R","B",null,"M","$","M","M","M","E","R","E","T","M","R","E","M","?","R","B"],"character_chosen":"IRONCLAD","items_purchased":["Shrug It Off","Bag of Marbles","Second Wind","Enlightenment","LiquidMemories","Fire Potion"],"campfire_rested":2,"item_purchase_floors":[4,20,22,36,36,36],"current_hp_per_floor":[80,80,69,69,73,73,60,60,60,56,56,61,61,48,48,16,80,66,62,62,50,50,50,48,48,48,60,60,49,37,36,75,24,80,75,75,74,54,51,36,54,30,30,36,57,19,18,18,78,0,0],"gold":372,"neow_bonus":"THREE_SMALL_POTIONS","is_daily":false,"chose_seed":false,"campfire_upgraded":8,"win_rate":0.0,"timestamp":1611230916,"path_taken":["M","M","M","$","?","R","E","R","T","E","R","M","M","M","R","BOSS","M","M","$","?","$","E","M","R","T","R","?","M","E","M","R","BOSS","M","$","M","M","M","E","R","E","T","M","R","E","M","?","R","BOSS"],"items_purchased_type":["Card","Relic","Card","Card","Potion","Potion"],"build_version":"2020-12-22","purchased_purges":2,"victory":false,"max_hp_per_floor":[80,80,80,80,80,80,80,80,80,80,80,80,80,80,80,80,80,80,80,80,80,80,80,80,80,80,80,80,80,80,80,80,80,80,80,80,80,80,80,80,80,80,80,80,80,80,80,80,80,80,80],"card_choices":[{"not_picked":["Dropkick","Ghostly Armor"],"picked":"Headbutt","floor":1.0},{"not_picked":["Anger","Thunderclap"],"picked":"True Grit","floor":2.0},{"not_picked":["Twin Strike","Anger"],"picked":"Battle Trance","floor":3.0},{"not_picked":["Havoc","Searing Blow"],"picked":"Demon Form","floor":5.0},{"not_picked":["Rampage","Ghostly Armor"],"picked":"Sword Boomerang","floor":7.0},{"not_picked":["Blood for Blood","Battle Trance"],"picked":"Power Through","floor":10.0},{"not_picked":["Dropkick","Anger"],"picked":"Pommel Strike","floor":12.0},{"not_picked":["Havoc","Infernal Blade"],"picked":"Inflame","floor":13.0},{"not_picked":["Pommel Strike","Hemokinesis"],"picked":"Dual Wield","floor":14.0},{"not_picked":["Feed","Brutality"],"picked":"Offering","floor":16.0},{"not_picked":["Flex","Battle Trance"],"picked":"Armaments+1","floor":18.0},{"not_picked":["Clothesline+1","Body Slam"],"picked":"Wild Strike","floor":19.0},{"not_picked":["True Grit","Clothesline","Armaments+1"],"picked":"SKIP","floor":21.0},{"not_picked":["Twin Strike+1","Burning Pact"],"picked":"Uppercut","floor":23.0},{"not_picked":["Havoc","Uppercut"],"picked":"Cleave","floor":24.0},{"not_picked":["Cleave","Searing Blow"],"picked":"Blood for Blood","floor":29.0},{"not_picked":["Battle Trance","Rupture"],"picked":"Infernal Blade","floor":30.0},{"not_picked":["True Grit","Reckless Charge"],"picked":"Shockwave","floor":31.0},{"not_picked":["Demon Form","Berserk"],"picked":"Bludgeon","floor":33.0},{"not_picked":["Wild Strike+1","Cleave+1"],"picked":"Flex+1","floor":35.0},{"not_picked":["Clothesline","Havoc"],"picked":"Power Through","floor":37.0},{"not_picked":["Iron Wave+1","Headbutt+1","Sword Boomerang"],"picked":"SKIP","floor":38.0},{"not_picked":["Cleave+1","Anger+1"],"picked":"Heavy Blade","floor":39.0},{"not_picked":["Ghostly Armor+1","Flame Barrier+1"],"picked":"Shrug It Off+1","floor":40.0},{"not_picked":["True Grit+1","Uppercut"],"picked":"Feed","floor":42.0},{"not_picked":["Burning Pact","Entrench"],"picked":"Flex","floor":44.0},{"not_picked":["Reckless Charge","Perfected Strike"],"picked":"Entrench","floor":46},{"not_picked":["Shockwave+1","Heavy Blade"],"picked":"Flame Barrier+1","floor":47}],"player_experience":838734,"relics_obtained":[{"floor":7.0,"key":"StrikeDummy"},{"floor":9.0,"key":"Whetstone"},{"floor":10.0,"key":"Potion Belt"},{"floor":23.0,"key":"Mummified Hand"},{"floor":23.0,"key":"Toy Ornithopter"},{"floor":26.0,"key":"Eternal Feather"},{"floor":30.0,"key":"Champion Belt"},{"floor":30.0,"key":"Torii"},{"floor":40.0,"key":"Bronze Scales"},{"floor":40.0,"key":"Regal Pillow"},{"floor":42.0,"key":"Nunchaku"},{"floor":42.0,"key":"Smiling Mask"},{"floor":43.0,"key":"Pen Nib"},{"floor":46,"key":"HornCleat"},{"floor":46,"key":"Happy Flower"}],"event_choices":[{"damage_healed":0.0,"max_hp_gain":0.0,"max_hp_loss":0.0,"gold_gain":99.0,"event_name":"Nest","player_choice":"Stole From Cult","floor":28.0,"gold_loss":0.0,"damage_taken":0.0},{"cards_removed":["Demon Form"],"damage_healed":0,"gold_gain":0,"player_choice":"Removed Power","damage_taken":0,"max_hp_gain":0,"max_hp_loss":0,"event_name":"Falling","floor":48,"gold_loss":0}],"is_beta":false,"boss_relics":[{"not_picked":["Tiny House","Astrolabe"],"picked":"Black Star"},{"not_picked":["Snecko Eye","Coffee Dripper"],"picked":"Mark of Pain"}],"items_purged_floors":[4,20],"is_endless":false,"potions_floor_spawned":[5,12,14,21,29,30,31,35,39,42,47],"killed_by":"Awakened One","ascension_level":4}}