{"host":"45gjn1i9lq2ky2i9","time":1611229385,"event":{"mods":["2.2 Compatiblity","Act Like it!","Aspiration","BaseMod","Beaked The Cultist","Better Altar","Better Match","Better Note","Better Sensory Stone","Better Skull","Better Third Choice","Better Vampires","Conspire","Downfall","Halation","Hubris","Infinite Spire","Jedi Mod","Lobotomy","LobotomyExtend","Minty Spire (QoL Compilation)","Pale of the Ancients","Permanent Neow","Shop Mod","Spikes Relics","StSLib","The Runesmith","The Wild Card"],"gold_per_floor":[99,99,112,132,132,32,32,57,69,54,54,54,74,141,161,261,261,161,180,190,210,210,227,250,322,341,356,356,356,356,356,371,468,468,468,480,526,543,559,571,595,364,383,283,312,312,343,343,357,357,357,357,385,135,135,135,135,135],"floor_reached":56,"language":"RUS","playtime":2459,"items_purged":["Parasite","bronze:Strike"],"score":888,"play_id":"75fcaf3f-138f-4ca3-b7f7-a9c8edf45fa6","local_time":"20210121194305","is_ascension_mode":false,"campfire_choices":[{"floor":1,"key":"RECALL"},{"data":"bronze:ChosenStrike","floor":6,"key":"SMITH"},{"floor":12,"key":"REST"},{"data":"bronze:Format","floor":18,"key":"SMITH"},{"data":"expansioncontent:StudyTheSpire","floor":28,"key":"SMITH"},{"floor":30,"key":"REST"},{"data":"bronze:Fortify","floor":30,"key":"SMITH"},{"data":"bronze:SpaghettiCode","floor":35,"key":"SMITH"},{"floor":44,"key":"REST"},{"data":"Alpha","floor":44,"key":"SMITH"},{"floor":46,"key":"REST"},{"data":"Guardian:PolyBeam","floor":46,"key":"SMITH"},{"data":"expansioncontent:Chronoboost","floor":55,"key":"SMITH"}],"circlet_count":0,"master_deck":["bronze:Strike","bronze:Strike","bronze:Strike","bronze:Defend","bronze:Defend","bronze:Defend","bronze:Defend","bronze:Replicate","bronze:Goto","bronze:ChosenStrike+1","bronze:WildBeam","bronze:FineTuning","bronze:Format+1","bronze:Optimize","bronze:BronzeOrb","bronze:DelayedSlice","bronze:Verify","hubris:InfiniteBlow+80","bronze:CloningBeam","bronze:GetLatest","bronze:Frontload+1","bronze:Frontload+1","expansioncontent:StudyTheSpire+1","bronze:Fortify+1","Guardian:PolyBeam+1","bronze:SpaghettiCode+1","Alpha+1","bronze:Iterate+1","expansioncontent:Chronoboost+1"],"relics":["bronze:BronzeCore","Tiny Chest","hubris:MobiusCoin","downfall:HeartBlessingRed","aspiration:HummingbirdHeart","beaked:SacredDeck","downfall:HeartBlessingGreen","infinitespire:Magic Flask","Oddly Smooth Stone","MerchantsRug","aspiration:WatcherSkillbook","bronze:SilverBullet","jedi:shrinkray","downfall:HeartBlessingBlue","aspiration:EmptySkull","MealTicket","Bottled Flame","Orichalcum"],"acts_visited":["Exordium","TheCity","TheBeyond","TheEnding"],"potions_floor_usage":[16,40],"damage_taken":[{"damage":9,"enemies":"2 Louse","floor":3,"turns":3},{"damage":0,"enemies":"conspire:RoseBush","floor":4,"turns":5},{"damage":19,"enemies":"Gremlin Nob","floor":8,"turns":5},{"damage":0,"enemies":"Cultist","floor":9,"turns":2},{"damage":0,"enemies":"downfall:FleeingMerchant","floor":10,"turns":4},{"damage":0,"enemies":"Red Slaver","floor":13,"turns":2},{"damage":4,"enemies":"conspire:2 RoseBushes","floor":14,"turns":3},{"damage":0,"enemies":"Gremlin Gang","floor":15,"turns":5},{"damage":8,"enemies":"IC_STATUS_ARCHETYPE","floor":16,"turns":6},{"damage":0,"enemies":"Chosen","floor":19,"turns":3},{"damage":6,"enemies":"conspire:FuzzyDice","floor":20,"turns":4},{"damage":0,"enemies":"3 Cultists","floor":21,"turns":4},{"damage":3,"enemies":"Centurion and Healer","floor":23,"turns":5},{"damage":0,"enemies":"downfall:FleeingMerchant","floor":25,"turns":2},{"damage":0,"enemies":"Cultist and Chosen","floor":26,"turns":3},{"damage":15,"enemies":"Snecko","floor":27,"turns":4},{"damage":0,"enemies":"Shelled Parasite and Fungi","floor":32,"turns":3},{"damage":0,"enemies":"DF_ARCHETYPE_CLAW","floor":33,"turns":1},{"damage":33,"enemies":"3 Darklings","floor":36,"turns":8},{"damage":14,"enemies":"3 Shapes","floor":38,"turns":4},{"damage":0,"enemies":"Writhing Mass","floor":39,"turns":3},{"damage":4,"enemies":"4 Shapes","floor":40,"turns":8},{"damage":0,"enemies":"Spire Growth","floor":43,"turns":5},{"damage":39,"enemies":"Nemesis","floor":45,"turns":9},{"damage":0,"enemies":"beaked:SuperParasite","floor":47,"turns":3},{"damage":30,"enemies":"Maw","floor":49,"turns":6},{"damage":0,"enemies":"WA_ARCHETYPE_DIVINITY","floor":50,"turns":2},{"damage":0,"enemies":"downfall:CharBossMerchant","floor":53,"turns":2},{"damage":91,"enemies":"downfall:NeowBoss","floor":56,"turns":6}],"seed_played":"6599271995237892128","potions_obtained":[{"floor":9,"key":"SteroidPotion"},{"floor":13,"key":"Strength Potion"},{"floor":14,"key":"Strength Potion"},{"floor":16,"key":"Block Potion"},{"floor":21,"key":"jedi:StrikingPotion"},{"floor":32,"key":"FearPotion"},{"floor":33,"key":"DuplicationPotion"},{"floor":40,"key":"FearPotion"},{"floor":53,"key":"bronze:FreeFunctionsPotion"}],"is_trial":false,"path_per_floor":["R","?","M","M","?","R","T","E","M","$","?","R","M","M","M","B",null,"R","M","M","M","T","M","T","$","M","M","R","?","R","$","M","B",null,"R","M","T","M","M","M","T","$","M","R","E","R","E","?","M","B",null,null,"E","$","R","B"],"character_chosen":"THE_AUTOMATON","items_purchased":["MerchantsRug","expansioncontent:StudyTheSpire","jedi:shrinkray","Orichalcum"],"campfire_rested":4,"item_purchase_floors":[25,25,42,54],"current_hp_per_floor":[70,70,61,61,61,61,61,42,42,42,42,63,63,59,59,51,70,70,70,64,64,64,61,61,61,61,46,46,46,67,67,67,67,70,70,37,37,23,23,19,19,19,19,49,10,33,33,33,3,3,3,77,77,77,77,0,0,0],"gold":135,"neow_bonus":"RANDOM_COMMON_RELIC","is_daily":false,"chose_seed":false,"campfire_upgraded":8,"win_rate":0.0,"timestamp":1611229385,"path_taken":["R","?","M","M","?","R","T","E","M","$","?","R","M","M","M","BOSS","R","M","M","M","?","M","T","$","M","?","R","?","R","?","M","BOSS","R","M","?","M","M","M","T","$","M","R","E","R","E","?","M","BOSS","E","$","R","BOSS"],"items_purchased_type":["Relic","Card","Relic","Relic"],"build_version":"2020-12-22","purchased_purges":2,"victory":false,"max_hp_per_floor":[70,70,70,70,70,70,70,70,70,70,70,70,70,70,70,70,70,70,70,70,70,70,70,70,70,70,70,70,70,70,70,70,70,70,70,70,70,70,70,70,70,67,67,77,77,77,77,77,77,77,77,77,77,77,77,77,77,77],"card_choices":[{"not_picked":["bronze:ForceShield","bronze:BronzeArmor","bronze:Deprecate"],"picked":"SKIP","floor":3},{"not_picked":["bronze:Turbo","bronze:CutThrough"],"picked":"bronze:ChosenStrike","floor":4},{"not_picked":["bronze:Deprecate","bronze:Turbo"],"picked":"bronze:WildBeam","floor":8},{"not_picked":["bronze:Return","bronze:Allocate"],"picked":"bronze:FineTuning","floor":9},{"not_picked":["bronze:DigitalCarnage","bronze:BuggyMess"],"picked":"bronze:Format","floor":10},{"not_picked":["bronze:CutThrough","bronze:OilSpill"],"picked":"bronze:Optimize","floor":13},{"not_picked":["bronze:MaxOutput","bronze:DelayedGuard"],"picked":"bronze:BronzeOrb","floor":14},{"not_picked":["bronze:CutThrough","bronze:Deprecate"],"picked":"bronze:DelayedSlice","floor":15},{"not_picked":["bronze:Assembly","bronze:AlphaBuild"],"picked":"bronze:Verify","floor":16},{"not_picked":["bronze:Optimize","bronze:Overheat+1"],"picked":"bronze:CloningBeam","floor":19},{"not_picked":["bronze:Invalidate+1","bronze:Overheat+1","bronze:FineTuning"],"picked":"SKIP","floor":20},{"not_picked":["bronze:BuggyMess","bronze:DelayedGuard"],"picked":"bronze:GetLatest","floor":21},{"not_picked":["bronze:Deprecate","bronze:Branch"],"picked":"bronze:Frontload+1","floor":23},{"not_picked":["bronze:Branch","bronze:Overheat"],"picked":"bronze:Frontload+1","floor":25},{"not_picked":["bronze:Deprecate","bronze:Overheat","bronze:WildBeam+1"],"picked":"SKIP","floor":26},{"not_picked":["bronze:ThunderWave","bronze:FineTuning"],"picked":"bronze:Fortify","floor":27},{"not_picked":["bronze:DelayedGuard+1","bronze:BuggyMess","bronze:CleanCode"],"picked":"SKIP","floor":32},{"not_picked":["bronze:ShipIt","bronze:Virus"],"picked":"bronze:SpaghettiCode","floor":33},{"not_picked":["Protect+1","EmptyFist+1","BowlingBash+1","LikeWater"],"picked":"SKIP","floor":36},{"not_picked":["Evaluate+1","bronze:Overheat","bronze:Shield+1","CutThroughFate+1"],"picked":"SKIP","floor":38},{"not_picked":["bronze:DelayedGuard+1","bronze:DarkDash+1","bronze:CutThrough+1","Tantrum"],"picked":"SKIP","floor":39},{"not_picked":["bronze:Shield","bronze:OilSpill+1","bronze:Overheat"],"picked":"Alpha","floor":40},{"not_picked":["bronze:Branch","FlurryOfBlows","Crescendo+1"],"picked":"bronze:Iterate+1","floor":43},{"not_picked":["bronze:Return","bronze:ForLoop","CrushJoints+1","bronze:Frontload"],"picked":"SKIP","floor":45},{"not_picked":["bronze:CloningBeam","Tantrum","DeceiveReality+1","Conclude"],"picked":"SKIP","floor":47},{"not_picked":["expansioncontent:Hexaburn","expansioncontent:PrepareCrush","expansioncontent:GuardianWhirl"],"picked":"expansioncontent:Chronoboost","floor":48},{"not_picked":["bronze:BuggyMess+1","Halt+1","Fasting2+1","Consecrate+1"],"picked":"SKIP","floor":49},{"not_picked":["bronze:FollowUp","bronze:WildBeam+1","bronze:FineTuning","bronze:Iterate+1"],"picked":"SKIP","floor":53}],"player_experience":540026,"relics_obtained":[{"floor":2,"key":"hubris:MobiusCoin"},{"floor":7,"key":"aspiration:HummingbirdHeart"},{"floor":8,"key":"hubris:Zylophone"},{"floor":22,"key":"infinitespire:Magic Flask"},{"floor":24,"key":"Oddly Smooth Stone"},{"floor":41,"key":"bronze:SilverBullet"},{"floor":45,"key":"aspiration:EmptySkull"},{"floor":47,"key":"MealTicket"},{"floor":53,"key":"Bottled Flame"}],"event_choices":[{"damage_healed":0,"gold_gain":0,"player_choice":"Disagree","damage_taken":0,"max_hp_gain":0,"max_hp_loss":0,"event_name":"conspire:LoneGhost","floor":5,"gold_loss":0},{"cards_removed":["hubris:InfiniteBlow"],"damage_healed":0,"gold_gain":0,"player_choice":"Take \u0026 Give","damage_taken":0,"max_hp_gain":0,"max_hp_loss":0,"event_name":"betterNote:BetterNote","floor":29,"gold_loss":0,"cards_obtained":["Guardian:PolyBeam"]}],"is_beta":false,"boss_relics":[{"not_picked":["halation:CatFaceCupcake","aspiration:RunicSpoon"],"picked":"beaked:SacredDeck"},{"not_picked":["halation:PlatinumPhoenix","hubris:ScarierMask"],"picked":"aspiration:WatcherSkillbook"}],"items_purged_floors":[42,54],"is_endless":false,"potions_floor_spawned":[9,13,14,16,21,32,33,38,40,45,47,53],"killed_by":"downfall:NeowBoss","ascension_level":0}}