{"host":"obplhmlw33xb91v8","time":1611260550,"event":{"mods":["AchievementEnabler","BaseMod","Block Reminder","Curses Come First","Dio Mod","Evolution","Friendly Minions","HololiveMod","Koishi","Minty Spire (QoL Compilation)","Quick Restart","Reimu??????","Relic Stats","Remilia??????","Shop Mod","Spicy Shops","StSLib","The Alterego","The Gatherer","The IronCluck","The Servant 0.9.4","The Wild Card","TheSwordswoman","Uncapped","Waifu the Spire","Yakumo Yukari mod","Yohane!","Youmu??????","Yuyuko","egg"],"gold_per_floor":[118,128,52,71,71,105,117,132,132,92,17,92,22,96,96,191,191,210,29,29,3,23,23,33,47,71,71,85,115,127,127,127,224,224,243,32,46,91,51,51,81,81,81,97,97,97,116,131,131,131,131,131,4,33,33],"floor_reached":56,"language":"ENG","playtime":3496,"items_purged":[],"score":1197,"play_id":"b53b2d57-1b19-47cb-afb9-261e2d1af041","local_time":"20210121152230","is_ascension_mode":false,"metric_token":1937,"campfire_choices":[{"floor":15.0,"key":"REST"},{"data":"Gatherer:UpgradeBag","floor":23.0,"key":"SMITH"},{"floor":27.0,"key":"REST"},{"floor":32.0,"key":"REST"},{"floor":40.0,"key":"REST"},{"floor":42.0,"key":"REST"},{"floor":45.0,"key":"REST"},{"floor":49.0,"key":"RECALL"},{"data":"theWildCard:PaleRider","floor":52.0,"key":"SMITH"}],"circlet_count":0,"master_deck":["Gatherer:Strike_Gatherer","Gatherer:Strike_Gatherer","Gatherer:Strike_Gatherer","Gatherer:Strike_Gatherer","Gatherer:Strike_Gatherer","Gatherer:Defend_Gatherer","Gatherer:Defend_Gatherer","Gatherer:Defend_Gatherer","Gatherer:Defend_Gatherer","Gatherer:Defend_Gatherer+1","Gatherer:Centralize","Gatherer:FlowerWhip","Gatherer:DrugPower","Gatherer:QuickSynthesis","Gatherer:EchoOfNature","Gatherer:FruitForce","theWildCard:PaleRider+1","Gatherer:Bulldoze","Gatherer:QuickSynthesis+1","Gatherer:TacticalStrike","Gatherer:UpgradeBag+1","Gatherer:Examine","Gatherer:MiningStrike","Gatherer:Liquidism","Gatherer:UpgradeBag+1","Gatherer:AlchemyTrial+1","Gatherer:MiningStrike","Gatherer:AlchemyTrial+1","Gatherer:RecoveryHerb","Gatherer:Overflowing","Gatherer:CollectorsShot+1","Gatherer:BalancedGrowth","Gatherer:PotentialSlash+1","Gatherer:FlowerFalling","Gatherer:AlchemyTrial+1","Gatherer:BlackTea","Gatherer:EnergyBasket","Gatherer:Snatch+1","Gatherer:Snatch+1"],"relics":["Gatherer:AlchemyBag","EVO:Axolotl","NeowsBlessing","Juzu Bracelet","Meat on the Bone","PaintedHorse:ReiMu","TentaclePot:ReiMu","SacredBark","Membership Card","Potion Belt","Ornamental Fan","Philosopher\u0027s Stone","Gatherer:MistGenerator","Gatherer:Leftovers","Bronze Scales","Calipers","ClockworkSouvenir","Hololive_LightStick"],"acts_visited":["Exordium","TheCity","TheBeyond","TheEnding"],"potions_floor_usage":[54,55],"damage_taken":[{"damage":0.0,"enemies":"Cultist","floor":1.0,"turns":1.0},{"damage":0.0,"enemies":"2 Louse","floor":2.0,"turns":1.0},{"damage":0.0,"enemies":"Small Slimes","floor":4.0,"turns":1.0},{"damage":11.0,"enemies":"3 Sentries","floor":6.0,"turns":6.0},{"damage":11.0,"enemies":"3 Louse","floor":7.0,"turns":3.0},{"damage":7.0,"enemies":"Blue Slaver","floor":8.0,"turns":3.0},{"damage":11.0,"enemies":"Slime Boss","floor":16.0,"turns":5.0},{"damage":4.0,"enemies":"3 Byrds","floor":18.0,"turns":4.0},{"damage":19.0,"enemies":"Shell Parasite","floor":22.0,"turns":7.0},{"damage":30.0,"enemies":"Sentry and Sphere","floor":24.0,"turns":6.0},{"damage":14.0,"enemies":"Centurion and Healer","floor":25.0,"turns":5.0},{"damage":0.0,"enemies":"Cultist and Chosen","floor":28.0,"turns":3.0},{"damage":36.0,"enemies":"Slavers","floor":29.0,"turns":5.0},{"damage":11.0,"enemies":"Snake Plant","floor":30.0,"turns":3.0},{"damage":27.0,"enemies":"Collector","floor":33.0,"turns":5.0},{"damage":21.0,"enemies":"Orb Walker","floor":35.0,"turns":3.0},{"damage":16.0,"enemies":"3 Darklings","floor":37.0,"turns":4.0},{"damage":27.0,"enemies":"2 Orb Walkers","floor":38.0,"turns":4.0},{"damage":60.0,"enemies":"Giant Head","floor":41.0,"turns":7.0},{"damage":19.0,"enemies":"4 Shapes","floor":44.0,"turns":3.0},{"damage":20.0,"enemies":"Writhing Mass","floor":47.0,"turns":3.0},{"damage":22.0,"enemies":"Sphere and 2 Shapes","floor":48.0,"turns":3.0},{"damage":8.0,"enemies":"Time Eater","floor":50.0,"turns":4.0},{"damage":17,"enemies":"Shield and Spear","floor":54,"turns":3},{"damage":44,"enemies":"The Heart","floor":55,"turns":6}],"seed_played":"-8440784729654999431","potions_obtained":[{"floor":1.0,"key":"FearPotion"},{"floor":6.0,"key":"DuplicationPotion"},{"floor":8.0,"key":"EntropicBrew"},{"floor":16.0,"key":"GrandPatriotsElixir:ReiMu"},{"floor":24.0,"key":"PowerPotion"},{"floor":28.0,"key":"SneckoOil"},{"floor":29.0,"key":"Block Potion"},{"floor":30.0,"key":"Strength Potion"},{"floor":33.0,"key":"GrandPatriotsElixir:ReiMu"},{"floor":41.0,"key":"AttackPotion"},{"floor":47.0,"key":"Weak Potion"},{"floor":48.0,"key":"DuplicationPotion"}],"is_trial":false,"path_per_floor":["M","M","$","M","?","E","M","M","T","?","$","?","$","?","R","B",null,"M","$","?","$","M","R","M","M","T","R","M","E","M","?","R","B",null,"M","$","M","?","?","R","E","R","T","M","R","?","M","M","R","B",null,"R","$","E","B",null],"character_chosen":"THE_GATHERER","items_purchased":["Gatherer:EchoOfNature","TentaclePot:ReiMu","Gatherer:UpgradeBag","Membership Card","Gatherer:Liquidism","BottledMiracle","Gatherer:MistGenerator","GrandPatriotsElixir:ReiMu","Dexterity Potion","GamblersBrew","Gatherer:BalancedGrowth","Calipers","Poison Potion","ClockworkSouvenir","Dexterity Potion"],"campfire_rested":6,"item_purchase_floors":[3,11,13,19,19,21,36,36,36,36,36,53,53,53,53],"current_hp_per_floor":[72,72,72,76,76,65,54,47,47,47,47,36,36,36,58,47,76,72,72,72,72,53,53,35,33,33,55,55,31,32,32,54,44,76,55,55,45,37,37,59,22,44,44,37,59,59,43,42,42,46,76,76,76,59,36],"gold":33,"neow_bonus":"THREE_ENEMY_KILL","is_daily":false,"chose_seed":false,"campfire_upgraded":2,"win_rate":0.0,"timestamp":1611260550,"path_taken":["M","M","$","?","?","E","M","M","T","?","$","?","$","?","R","BOSS","M","$","?","$","M","R","M","M","T","R","M","E","M","?","R","BOSS","M","$","M","?","?","R","E","R","T","M","R","?","M","M","R","BOSS","R","$","E","BOSS"],"items_purchased_type":["Card","Relic","Card","Relic","Card","Potion","Relic","Potion","Potion","Potion","Card","Relic","Potion","Relic","Potion"],"build_version":"2020-12-22","purchased_purges":0,"victory":true,"max_hp_per_floor":[72,72,72,76,76,76,76,76,76,76,76,76,76,76,76,76,76,76,76,76,76,76,76,76,76,76,76,76,76,76,76,76,76,76,76,76,76,76,76,76,76,76,76,76,76,76,76,76,76,76,76,76,76,76,76],"relic_stats":{"counters":[25,97],"Ornamental Fan":[80],"Bronze Scales":[92],"Juzu Bracelet":1,"obtain_stats":[{"Potion Belt":26,"Calipers":53,"NeowsBlessing":0,"Gatherer:Leftovers":38,"TentaclePot:ReiMu":11,"SacredBark":17,"Gatherer:MistGenerator":36,"Juzu Bracelet":6,"EVO:Axolotl":0,"ClockworkSouvenir":53,"Hololive_LightStick":54,"PaintedHorse:ReiMu":10,"Ornamental Fan":29,"Bronze Scales":41,"Philosopher\u0027s Stone":34,"Membership Card":19,"Gatherer:AlchemyBag":0,"Meat on the Bone":9},{"Potion Belt":11,"Calipers":23,"NeowsBlessing":0,"Gatherer:Leftovers":18,"TentaclePot:ReiMu":6,"SacredBark":7,"Gatherer:MistGenerator":16,"Juzu Bracelet":4,"EVO:Axolotl":0,"ClockworkSouvenir":23,"Hololive_LightStick":24,"PaintedHorse:ReiMu":6,"Ornamental Fan":13,"Bronze Scales":19,"Philosopher\u0027s Stone":15,"Membership Card":8,"Gatherer:AlchemyBag":0,"Meat on the Bone":6},{"Potion Belt":42,"Calipers":88,"NeowsBlessing":0,"Gatherer:Leftovers":68,"TentaclePot:ReiMu":15,"SacredBark":20,"Gatherer:MistGenerator":60,"Juzu Bracelet":9,"EVO:Axolotl":0,"ClockworkSouvenir":88,"Hololive_LightStick":91,"PaintedHorse:ReiMu":15,"Ornamental Fan":49,"Bronze Scales":75,"Philosopher\u0027s Stone":57,"Membership Card":24,"Gatherer:AlchemyBag":0,"Meat on the Bone":15}],"Meat on the Bone":132},"card_choices":[{"not_picked":["Gatherer:ScrollOfWall","Gatherer:RottenStipe"],"picked":"Gatherer:DrugPower","floor":1.0},{"not_picked":["Gatherer:FragileHammer","Gatherer:ScherryThrow"],"picked":"Gatherer:QuickSynthesis","floor":2.0},{"not_picked":["Gatherer:Polymorphism","Gatherer:Uplift"],"picked":"Gatherer:FruitForce","floor":4.0},{"not_picked":["Gatherer:ScentOfRosmari","Gatherer:Snatch"],"picked":"Gatherer:Bulldoze","floor":6.0},{"not_picked":["Gatherer:TacticalStrike","Gatherer:WitheringStrike"],"picked":"Gatherer:QuickSynthesis","floor":7.0},{"not_picked":["Gatherer:GatherMaterial","Gatherer:DrugPower"],"picked":"Gatherer:TacticalStrike","floor":8.0},{"not_picked":["Gatherer:LuckyClover","Gatherer:BlackTea"],"picked":"Gatherer:Examine","floor":16.0},{"not_picked":["Gatherer:Nutrients","Gatherer:FeelingFine"],"picked":"Gatherer:MiningStrike","floor":18.0},{"not_picked":["Gatherer:FlowerPower","Gatherer:Polymorphism"],"picked":"Gatherer:UpgradeBag+1","floor":22.0},{"not_picked":["Gatherer:AromaProtection","Gatherer:FlowerShield+1"],"picked":"Gatherer:AlchemyTrial+1","floor":24.0},{"not_picked":["Gatherer:SmartManeuver","Gatherer:RottenStipe"],"picked":"Gatherer:MiningStrike","floor":25.0},{"not_picked":["Gatherer:TacticalStrike","Gatherer:ScentOfRosmari"],"picked":"Gatherer:CarefulStrike","floor":28.0},{"not_picked":["Gatherer:TacticalStrike","Gatherer:QuickSynthesis"],"picked":"Gatherer:AlchemyTrial+1","floor":29.0},{"not_picked":["Gatherer:FlowerPower","Gatherer:OddSpoils"],"picked":"Gatherer:RecoveryHerb","floor":30.0},{"not_picked":["Gatherer:ColorfulGarden","Gatherer:FlamingBottle"],"picked":"Gatherer:Overflowing","floor":33.0},{"not_picked":["Gatherer:Pollute+1","Gatherer:DrugPower+1"],"picked":"Gatherer:CollectorsShot+1","floor":35.0},{"not_picked":["Gatherer:CollectorsShot","Gatherer:TreeGrowth"],"picked":"Gatherer:PotentialSlash+1","floor":37.0},{"not_picked":["Gatherer:FruitForce","Gatherer:WitheringStrike"],"picked":"Gatherer:FlowerFalling","floor":38.0},{"not_picked":["Gatherer:BalancedGrowth+1","Gatherer:GatherMaterial+1"],"picked":"Gatherer:AlchemyTrial+1","floor":41.0},{"not_picked":["Gatherer:SaveValuables+1","Gatherer:FragileHammer+1"],"picked":"Gatherer:BlackTea","floor":44.0},{"not_picked":["Gatherer:PotentialSlash+1","Gatherer:SaveValuables+1"],"picked":"Gatherer:EnergyBasket","floor":47.0},{"not_picked":["Gatherer:FragileHammer","Gatherer:FlowerFalling+1"],"picked":"Gatherer:Snatch+1","floor":48.0},{"not_picked":["Gatherer:FlowerShield+1","Gatherer:Photoscythe"],"picked":"Gatherer:Snatch+1","floor":54}],"player_experience":259069,"relics_obtained":[{"floor":6.0,"key":"Juzu Bracelet"},{"floor":9.0,"key":"Meat on the Bone"},{"floor":26.0,"key":"Potion Belt"},{"floor":29.0,"key":"Ornamental Fan"},{"floor":38.0,"key":"Gatherer:Leftovers"},{"floor":41.0,"key":"Bronze Scales"},{"floor":54,"key":"Hololive_LightStick"}],"event_choices":[{"damage_healed":0.0,"max_hp_gain":0.0,"max_hp_loss":0.0,"gold_gain":0.0,"event_name":"yidonshenshe","player_choice":"Donate","floor":10.0,"gold_loss":40.0,"damage_taken":0.0,"relics_obtained":["PaintedHorse:ReiMu"]},{"damage_healed":0.0,"max_hp_gain":0.0,"max_hp_loss":0.0,"gold_gain":75.0,"event_name":"World of Goop","player_choice":"Gather Gold","floor":12.0,"gold_loss":0.0,"damage_taken":11.0},{"damage_healed":0.0,"max_hp_gain":0.0,"max_hp_loss":0.0,"gold_gain":74.0,"event_name":"Golden Wing","player_choice":"Gained Gold","floor":14.0,"gold_loss":0.0,"damage_taken":0.0},{"damage_healed":0.0,"max_hp_gain":0.0,"max_hp_loss":0.0,"gold_gain":0.0,"event_name":"Ghosts","player_choice":"Ignored","floor":31.0,"gold_loss":0.0,"damage_taken":0.0},{"damage_healed":0.0,"max_hp_gain":0.0,"max_hp_loss":0.0,"gold_gain":0.0,"event_name":"Mysterious Sphere","player_choice":"Fight","floor":38.0,"gold_loss":0.0,"damage_taken":0.0},{"damage_healed":0.0,"max_hp_gain":0.0,"max_hp_loss":0.0,"gold_gain":0.0,"event_name":"Designer","player_choice":"Upgraded Two","floor":39.0,"gold_loss":40.0,"damage_taken":0.0,"cards_upgraded":["Gatherer:QuickSynthesis","Gatherer:Defend_Gatherer"]},{"cards_removed":["Gatherer:CarefulStrike"],"damage_healed":0.0,"max_hp_gain":0.0,"max_hp_loss":0.0,"gold_gain":0.0,"event_name":"Falling","player_choice":"Removed Attack","floor":46.0,"gold_loss":0.0,"damage_taken":0.0}],"is_beta":false,"boss_relics":[{"not_picked":["SlaversCollar","Hololive_Finger"],"picked":"SacredBark"},{"not_picked":["Velvet Choker","Runic Dome"],"picked":"Philosopher\u0027s Stone"}],"items_purged_floors":[],"is_endless":false,"potions_floor_spawned":[1,6,8,16,24,28,29,30,33,41,47,48],"ascension_level":0}}