{"host":"e8rlfedn69rz2s07","time":1611246693,"event":{"mods":["AchievementEnabler","BaseMod","Minty Spire (QoL Compilation)","Permanent Neow","Relic Stats"],"gold_per_floor":[110,121,121,132,2,31,47,78,126,146,146,6,6,54,54,210,210,225,40,86,86,107,140,140,172,172,172,219,219,237,249,249,279,279],"floor_reached":33,"language":"ENG","playtime":1243,"items_purged":[],"score":373,"play_id":"d82c099c-44fb-4b46-bd6c-62c55bcf2dac","local_time":"20210121183133","is_ascension_mode":true,"campfire_choices":[{"data":"Wish","floor":15.0,"key":"SMITH"},{"data":"RitualDagger","floor":27,"key":"SMITH"},{"data":"Meditate","floor":29,"key":"SMITH"},{"data":"SpiritShield","floor":32,"key":"SMITH"}],"circlet_count":0,"master_deck":["Strike_P","Strike_P","Defend_P+1","Defend_P","Defend_P+1","Defend_P","Eruption","Vigilance+1","EmptyFist","CrushJoints","Alpha+1","Fasting2+1","Protect","Sanctity","Protect","CarveReality","Wish+1","BowlingBash","SpiritShield+1","Meditate+1","FearNoEvil","Tantrum","InnerPeace","RitualDagger+1","Tantrum+1","EmptyMind","DeceiveReality+1","Worship+1"],"relics":["Coffee Dripper","War Paint","Bottled Tornado","Lantern","Bloody Idol","Empty Cage","Tiny Chest","Nunchaku","Toxic Egg 2"],"acts_visited":["Exordium","TheCity"],"potions_floor_usage":[23,25,28,28,30],"damage_taken":[{"damage":2.0,"enemies":"2 Louse","floor":1.0,"turns":3.0},{"damage":2.0,"enemies":"Jaw Worm","floor":2.0,"turns":2.0},{"damage":0.0,"enemies":"Cultist","floor":4.0,"turns":2.0},{"damage":1.0,"enemies":"Lagavulin","floor":6.0,"turns":5.0},{"damage":1.0,"enemies":"Exordium Thugs","floor":7.0,"turns":7.0},{"damage":14.0,"enemies":"3 Sentries","floor":8.0,"turns":7.0},{"damage":3.0,"enemies":"Large Slime","floor":10.0,"turns":4.0},{"damage":19.0,"enemies":"Exordium Wildlife","floor":14.0,"turns":5.0},{"damage":8.0,"enemies":"Hexaghost","floor":16.0,"turns":8.0},{"damage":1.0,"enemies":"Spheric Guardian","floor":18.0,"turns":6.0},{"damage":0.0,"enemies":"3 Byrds","floor":20.0,"turns":4.0},{"damage":23,"enemies":"Centurion and Healer","floor":22,"turns":4},{"damage":0,"enemies":"Gremlin Leader","floor":23,"turns":5},{"damage":5,"enemies":"Book of Stabbing","floor":25,"turns":4},{"damage":0,"enemies":"Snake Plant","floor":28,"turns":4},{"damage":19,"enemies":"Chosen and Byrds","floor":30,"turns":6},{"damage":1,"enemies":"Sentry and Sphere","floor":31,"turns":3},{"damage":47,"enemies":"Collector","floor":33,"turns":7}],"seed_played":"8667125514617613","potions_obtained":[{"floor":1.0,"key":"ColorlessPotion"},{"floor":2.0,"key":"SteroidPotion"},{"floor":18.0,"key":"SteroidPotion"},{"floor":22,"key":"DistilledChaos"},{"floor":23,"key":"Weak Potion"},{"floor":25,"key":"SneckoOil"},{"floor":28,"key":"EssenceOfSteel"}],"is_trial":false,"path_per_floor":["M","M","?","M","$","E","M","E","T","M","?","$","?","M","R","B",null,"M","$","M","?","M","E","?","E","T","R","M","R","M","M","R","B"],"character_chosen":"WATCHER","items_purchased":["Fasting2","Block Potion","Wish","FearNoEvil","Tantrum","InnerPeace"],"campfire_rested":0,"item_purchase_floors":[5,5,12,19,19,19],"current_hp_per_floor":[70,68,54,54,54,53,52,38,38,35,35,35,35,16,16,8,67,66,66,66,60,37,37,37,37,37,37,47,47,33,37,37,0,0],"gold":279,"neow_bonus":"BOSS_RELIC","is_daily":false,"chose_seed":false,"campfire_upgraded":4,"win_rate":0.0,"timestamp":1611246693,"path_taken":["M","M","?","M","?","E","M","E","T","?","?","$","?","M","R","BOSS","M","$","M","?","M","E","?","E","T","R","M","R","M","M","R","BOSS"],"items_purchased_type":["Card","Potion","Card","Card","Card","Card"],"build_version":"2020-12-22","purchased_purges":0,"victory":false,"max_hp_per_floor":[72,72,72,72,72,72,72,72,72,72,72,72,67,67,67,67,67,67,67,67,67,67,67,67,67,67,67,67,67,67,67,67,67,67],"relic_stats":{"Nunchaku":[2],"counters":[18,86],"Bloody Idol":30,"Tiny Chest":0,"War Paint":["Vigilance","Alpha"],"obtain_stats":[{"Lantern":9,"Nunchaku":25,"Golden Idol":13,"Bloody Idol":24,"Tiny Chest":23,"Coffee Dripper":0,"PureWater":0,"War Paint":6,"Bottled Tornado":8,"Toxic Egg 2":26,"Empty Cage":17},{"Lantern":6,"Nunchaku":14,"Golden Idol":7,"Bloody Idol":13,"Tiny Chest":13,"Coffee Dripper":0,"PureWater":0,"War Paint":4,"Bottled Tornado":6,"Toxic Egg 2":14,"Empty Cage":9},{"Lantern":26,"Nunchaku":66,"Golden Idol":30,"Bloody Idol":62,"Tiny Chest":62,"Coffee Dripper":0,"PureWater":0,"War Paint":12,"Bottled Tornado":26,"Toxic Egg 2":66,"Empty Cage":43}]},"card_choices":[{"not_picked":["Worship","WaveOfTheHand"],"picked":"EmptyFist","floor":1.0},{"not_picked":["Crescendo","Evaluate"],"picked":"CrushJoints","floor":2.0},{"not_picked":["Prostrate","Crescendo"],"picked":"Alpha","floor":4.0},{"not_picked":["Vengeance","Evaluate"],"picked":"Protect","floor":6.0},{"not_picked":["PathToVictory","Protect"],"picked":"Sanctity","floor":7.0},{"not_picked":["Consecrate","SandsOfTime"],"picked":"Protect","floor":8.0},{"not_picked":["Crescendo","Fasting2"],"picked":"CarveReality","floor":10.0},{"not_picked":["Collect","EmptyFist"],"picked":"BowlingBash","floor":14.0},{"not_picked":["Brilliance","MasterReality"],"picked":"SpiritShield","floor":16.0},{"not_picked":["Wireheading+1","SashWhip"],"picked":"Meditate","floor":18.0},{"not_picked":["Evaluate","WreathOfFlame","EmptyFist"],"picked":"SKIP","floor":20.0},{"not_picked":["Halt","Study"],"picked":"Tantrum+1","floor":22},{"not_picked":["PathToVictory","SandsOfTime","Nirvana"],"picked":"SKIP","floor":23},{"not_picked":["Meditate","Perseverance"],"picked":"EmptyMind","floor":25},{"not_picked":["PathToVictory+1","Meditate+1","CrushJoints"],"picked":"SKIP","floor":28},{"not_picked":["EmptyFist","Tantrum+1"],"picked":"DeceiveReality+1","floor":30},{"not_picked":["Prostrate+1","InnerPeace+1"],"picked":"Worship+1","floor":31}],"player_experience":986564,"relics_obtained":[{"floor":6.0,"key":"War Paint"},{"floor":8.0,"key":"Bottled Tornado"},{"floor":9.0,"key":"Lantern"},{"floor":23,"key":"Tiny Chest"},{"floor":25,"key":"Nunchaku"},{"floor":26,"key":"Toxic Egg 2"}],"event_choices":[{"damage_healed":0.0,"max_hp_gain":0.0,"max_hp_loss":0.0,"gold_gain":0.0,"event_name":"Shining Light","player_choice":"Entered Light","floor":3.0,"gold_loss":0.0,"damage_taken":14.0,"cards_upgraded":["Defend_P","Defend_P"]},{"damage_healed":0.0,"max_hp_gain":0.0,"max_hp_loss":0.0,"gold_gain":0.0,"event_name":"Living Wall","player_choice":"Grow","floor":11.0,"gold_loss":0.0,"damage_taken":0.0,"cards_upgraded":["Fasting2"]},{"damage_healed":0.0,"max_hp_gain":0.0,"max_hp_loss":5.0,"gold_gain":0.0,"event_name":"Golden Idol","player_choice":"Lose Max HP","floor":13.0,"gold_loss":0.0,"damage_taken":0.0,"relics_obtained":["Golden Idol"]},{"damage_healed":0.0,"max_hp_gain":0.0,"max_hp_loss":0.0,"gold_gain":0.0,"event_name":"Nest","player_choice":"Joined the Cult","floor":21.0,"gold_loss":0.0,"damage_taken":6.0,"cards_obtained":["RitualDagger"]},{"damage_healed":0,"gold_gain":0,"player_choice":"Gave Idol","damage_taken":0,"relics_obtained":["Bloody Idol"],"max_hp_gain":0,"max_hp_loss":0,"event_name":"Forgotten Altar","floor":24,"relics_lost":["Golden Idol"],"gold_loss":0}],"is_beta":false,"boss_relics":[{"not_picked":["Runic Dome","Tiny House"],"picked":"Empty Cage"}],"items_purged_floors":[],"is_endless":false,"potions_floor_spawned":[1,2,18,22,23,25,28],"killed_by":"Collector","ascension_level":3}}