{"host":"och2iitg9ibgz06n","time":1611260637,"event":{"mods":["Abigail Mod","AchievementEnabler","Aspiration","BaseMod","Colored Powertips","Dio Mod","Hubris","Hyrulean Relics","Infinite Spire","Minty Spire (QoL Compilation)","Replay The Spire","Small Relic Pack","StSLib","The Animator","The Bug Knight","The Hierophant","The Jungle","The Saiyan","TheHero","Wandering Minibosses","everything is the same but u backflip on backflip","slay the spire mod where everything is the same but ironclad has a cowboy hat","vexMod"],"gold_per_floor":[118,134,154,166,179,179,206,159,159,171,171,197,197,231,231,332,332,344,364,378,396,413,447,447,474,498,498,531,541,541,572,572,670,670,683,697,716,734,747,747,780,800,825,851,868,868,881,911,911,1012,1012,1012],"floor_reached":51,"language":"ENG","playtime":2859,"items_purged":[],"score":1101,"play_id":"9d9d840e-658d-4743-a838-29a2f1754f66","local_time":"20210121142357","is_ascension_mode":true,"campfire_choices":[{"data":"animeID:Deku","floor":6,"key":"SMITH"},{"data":"animeID:Hatsume","floor":11,"key":"SMITH"},{"data":"animeID:PlusUltra","floor":13,"key":"SMITH"},{"floor":15,"key":"RECALL"},{"data":"animeID:HowitzerImpact","floor":24,"key":"SMITH"},{"data":"animeID:Kendo","floor":27,"key":"SMITH"},{"data":"animeID:Kirishima","floor":32,"key":"SMITH"},{"floor":40,"key":"REST"},{"floor":46,"key":"REST"},{"data":"animeID:Hawks","floor":49,"key":"SMITH"}],"circlet_count":0,"master_deck":["animeID:Deku+1","animeID:Bakugo","animeID:Smash","animeID:Smash","animeID:Smash","animeID:Smash","animeID:DefendMH","animeID:DefendMH","animeID:DefendMH","animeID:DefendMH","animeID:ToruHagakure","animeID:Kirishima+1","animeID:MirioTogata","animeID:ToruHagakure","animeID:Hatsume+1","animeID:DetroitSmash","animeID:Kaminari","animeID:PlusUltra+1","animeID:RecoveryGirl","animeID:Hawks+1","animeID:Kendo+1","animeID:HowitzerImpact+1","animeID:Mineta+1","animeID:ToruHagakure+1","animeID:Ojiro+1","animeID:PlusUltra+1","animeID:Mina+1","animeID:TetsuTetsu+1","animeID:Dabi+1","animeID:USA_Smash","animeID:SkinnyGum","animeID:Iida+1","animeID:Uraraka+1","animeID:FatGum+1","animeID:MtLady+1","animeID:Rappa+1","animeID:ToruHagakure","animeID:Chisaki"],"relics":["animeID:HeroCostume","Oddly Smooth Stone","hubris:Metronome","Incense Burner","aspiration:StickyExplosives_weak","SlaversCollar","vexMod:CardConverter","Replay:Mystery Machine","War Paint","Toy Ornithopter","PreservedInsect","Black Star","Sundial","hubris:SlimyHat","Vajra","Counterbalance","Bag of Preparation","Akabeko","Ancient Tea Set","hubris:Backtick","aspiration:HatOfInfinitePower"],"acts_visited":["Exordium","TheCity","TheBeyond","Exordium"],"potions_floor_usage":[21,22,37,44,50],"damage_taken":[{"damage":1,"enemies":"Cultist","floor":1,"turns":4},{"damage":1,"enemies":"2 Louse","floor":2,"turns":3},{"damage":0,"enemies":"Small Slimes","floor":3,"turns":2},{"damage":12,"enemies":"Looter","floor":4,"turns":4},{"damage":15,"enemies":"Exordium Thugs","floor":5,"turns":5},{"damage":1,"enemies":"3 Sentries","floor":7,"turns":4},{"damage":5,"enemies":"3 Louse","floor":10,"turns":4},{"damage":2,"enemies":"Gremlin Nob","floor":12,"turns":5},{"damage":7,"enemies":"Replay:BlueRogue","floor":14,"turns":5},{"damage":1,"enemies":"Fading Forest","floor":16,"turns":7},{"damage":18,"enemies":"3 Byrds","floor":18,"turns":6},{"damage":11,"enemies":"Spheric Guardian","floor":19,"turns":3},{"damage":8,"enemies":"Centurion and Healer","floor":20,"turns":7},{"damage":15,"enemies":"Snake Plant","floor":21,"turns":5},{"damage":9,"enemies":"Shelled Parasite and Fungi","floor":22,"turns":5},{"damage":3,"enemies":"Slavers","floor":23,"turns":5},{"damage":13,"enemies":"Replay:Snechameleon","floor":25,"turns":4},{"damage":11,"enemies":"Nightmare","floor":28,"turns":7},{"damage":0,"enemies":"Snecko","floor":29,"turns":4},{"damage":31,"enemies":"Gremlin Leader","floor":31,"turns":6},{"damage":0,"enemies":"Champ","floor":33,"turns":7},{"damage":21,"enemies":"3 Darklings","floor":35,"turns":8},{"damage":14,"enemies":"Orb Walker","floor":36,"turns":4},{"damage":63,"enemies":"Writhing Mass","floor":37,"turns":7},{"damage":3,"enemies":"Maw","floor":38,"turns":10},{"damage":4,"enemies":"3 Darklings","floor":39,"turns":6},{"damage":12,"enemies":"Giant Head","floor":41,"turns":7},{"damage":25,"enemies":"Writhing Mass","floor":42,"turns":4},{"damage":13,"enemies":"Reptomancer","floor":44,"turns":4},{"damage":30,"enemies":"Maw","floor":45,"turns":4},{"damage":38,"enemies":"4 Shapes","floor":47,"turns":7},{"damage":1,"enemies":"Giant Head","floor":48,"turns":7},{"damage":21,"enemies":"Donu and Deca","floor":50,"turns":8}],"seed_played":"-2797514496427071356","potions_obtained":[{"floor":3,"key":"Dexterity Potion"},{"floor":14,"key":"PowerPotion"},{"floor":16,"key":"Block Potion"},{"floor":21,"key":"FearPotion"},{"floor":23,"key":"FearPotion"},{"floor":36,"key":"ColorlessPotion"},{"floor":37,"key":"Block Potion"},{"floor":42,"key":"Regen Potion"},{"floor":47,"key":"DuplicationPotion"},{"floor":50,"key":"Weak Potion"}],"is_trial":false,"path_per_floor":["M","M","M","M","M","R","E","$","T","M","R","E","R","E","R","B",null,"M","M","M","M","M","E","R","E","T","R","NM","M","?","E","R","B",null,"M","M","M","M","M","R","E","M","T","E","M","R","M","E","R","B",null],"character_chosen":"THE_HERO","items_purchased":["animeID:DetroitSmash"],"campfire_rested":2,"item_purchase_floors":[8],"current_hp_per_floor":[75,74,75,65,54,54,55,55,55,52,52,52,52,49,49,64,75,61,56,58,49,48,55,55,52,52,52,53,55,91,68,68,82,95,81,75,27,38,46,76,76,61,61,68,48,80,61,82,82,95,111,111],"gold":1012,"neow_bonus":"ONE_RANDOM_RARE_CARD","is_daily":false,"chose_seed":false,"campfire_upgraded":7,"win_rate":0.0,"timestamp":1611260637,"path_taken":["M","M","M","M","?","R","E","$","T","M","R","E","R","E","R","BOSS","M","M","?","?","M","E","R","E","T","R","NM","M","?","E","R","BOSS","M","?","M","M","M","R","E","M","T","E","?","R","M","E","R","BOSS"],"items_purchased_type":["Card"],"build_version":"2020-12-22","purchased_purges":0,"victory":false,"max_hp_per_floor":[75,75,75,75,75,75,75,75,75,75,75,75,75,75,75,75,75,75,75,75,75,75,77,77,79,79,79,81,81,91,93,93,95,95,95,97,97,99,101,101,101,103,103,105,107,107,109,109,109,111,111,111],"card_choices":[{"not_picked":["animeID:Tsuyu","animeID:Kirishima"],"picked":"animeID:ToruHagakure","floor":1},{"not_picked":["animeID:Momo","animeID:Crystallize"],"picked":"animeID:Kirishima","floor":2},{"not_picked":["animeID:SkinnyGum","animeID:Kirishima"],"picked":"animeID:MirioTogata","floor":3},{"not_picked":["animeID:DetroitSmash","animeID:Kirishima"],"picked":"animeID:ToruHagakure","floor":4},{"not_picked":["animeID:Kirishima","animeID:ShootStyle"],"picked":"animeID:Hatsume","floor":5},{"not_picked":["animeID:AllForOne","animeID:Tomura","animeID:HighFive"],"picked":"SKIP","floor":7},{"not_picked":["animeID:Tomura","animeID:Nomu"],"picked":"animeID:Kaminari","floor":10},{"not_picked":["animeID:Muscular","animeID:Tamaki"],"picked":"animeID:PlusUltra","floor":12},{"not_picked":["animeID:Endeavor","animeID:Shigaraki"],"picked":"animeID:RecoveryGirl","floor":14},{"not_picked":["animeID:USA_Smash","animeID:MirioTogata"],"picked":"animeID:Hawks","floor":16},{"not_picked":["animeID:HighFive","animeID:Mina"],"picked":"animeID:Kendo","floor":18},{"not_picked":["animeID:Tsuyu","animeID:TodorokiShoto"],"picked":"animeID:HowitzerImpact","floor":19},{"not_picked":["animeID:Rei","animeID:Kendo"],"picked":"animeID:Mineta+1","floor":20},{"not_picked":["animeID:Momo","animeID:Aoyama+1"],"picked":"animeID:ToruHagakure","floor":21},{"not_picked":["animeID:ToruHagakure","animeID:Mineta"],"picked":"animeID:Ojiro+1","floor":22},{"not_picked":["animeID:Stain","animeID:Himiko"],"picked":"animeID:PlusUltra","floor":23},{"not_picked":["animeID:Bakugo","animeID:SkinnyGum"],"picked":"animeID:Mina+1","floor":25},{"not_picked":["animeID:Tomura","animeID:Muscular"],"picked":"animeID:TetsuTetsu+1","floor":28},{"not_picked":["animeID:Mineta","animeID:Rei","animeID:Bakugo"],"picked":"SKIP","floor":29},{"not_picked":["animeID:Mina","animeID:Kurono"],"picked":"animeID:Dabi+1","floor":31},{"not_picked":["animeID:Chisaki","animeID:MirioTogata"],"picked":"animeID:USA_Smash","floor":33},{"not_picked":["animeID:TetsuTetsu","animeID:Kaminari","animeID:Kirishima"],"picked":"SKIP","floor":35},{"not_picked":["animeID:Aoyama","animeID:Tomura+1"],"picked":"animeID:SkinnyGum","floor":36},{"not_picked":["animeID:Aoyama+1","animeID:Momo","animeID:TodorokiShoto"],"picked":"SKIP","floor":37},{"not_picked":["animeID:TetsuTetsu+1","animeID:DetroitSmash+1"],"picked":"animeID:Iida+1","floor":38},{"not_picked":["animeID:Tengai+1","animeID:MirioTogata"],"picked":"animeID:Uraraka+1","floor":39},{"not_picked":["animeID:Bakugo","animeID:Kurono","animeID:Aoyama"],"picked":"SKIP","floor":41},{"not_picked":["animeID:ToruHagakure+1","animeID:HowitzerImpact"],"picked":"animeID:FatGum+1","floor":42},{"not_picked":["animeID:DetroitSmash","animeID:Stain+1"],"picked":"animeID:MtLady+1","floor":44},{"not_picked":["animeID:Bakugo+1","animeID:Momo+1"],"picked":"animeID:Rappa+1","floor":45},{"not_picked":["animeID:Mineta+1","animeID:Nomu"],"picked":"animeID:ToruHagakure","floor":47},{"not_picked":["animeID:Kaminari+1","animeID:Mezo","animeID:Bakugo"],"picked":"SKIP","floor":48},{"not_picked":["animeID:Eri","animeID:USA_Smash"],"picked":"animeID:Chisaki","floor":50}],"player_experience":436174,"relics_obtained":[{"floor":7,"key":"Oddly Smooth Stone"},{"floor":9,"key":"hubris:Metronome"},{"floor":12,"key":"Incense Burner"},{"floor":14,"key":"aspiration:StickyExplosives_weak"},{"floor":23,"key":"vexMod:CardConverter"},{"floor":25,"key":"Replay:Mystery Machine"},{"floor":26,"key":"War Paint"},{"floor":28,"key":"Toy Ornithopter"},{"floor":31,"key":"PreservedInsect"},{"floor":41,"key":"Sundial"},{"floor":41,"key":"hubris:SlimyHat"},{"floor":43,"key":"Vajra"},{"floor":44,"key":"Counterbalance"},{"floor":44,"key":"Bag of Preparation"},{"floor":48,"key":"Akabeko"},{"floor":48,"key":"Ancient Tea Set"}],"event_choices":[{"cards_removed":["animeID:Shigaraki"],"damage_healed":26,"gold_gain":0,"player_choice":"Offered Rare","damage_taken":0,"max_hp_gain":10,"max_hp_loss":0,"event_name":"Bonfire Elementals","floor":30,"gold_loss":0}],"is_beta":false,"boss_relics":[{"not_picked":["Tiny House","Pandora\u0027s Box"],"picked":"SlaversCollar"},{"not_picked":["ChewingGum","aspiration:FutureDiary"],"picked":"Black Star"},{"not_picked":["Replay:Fungal Core","Replay:Grab Bag"],"picked":"hubris:Backtick"}],"items_purged_floors":[],"is_endless":true,"potions_floor_spawned":[3,14,16,20,21,23,31,36,37,39,42,47,48,50],"ascension_level":3}}