{"host":"j6mgjir4ee1lqn1j","time":1611205289,"event":{"mods":["BaseMod","Colored Map","Colored Powertips","DeckTracker","Highlight Path","Keyboard Shortcuts","Minty Spire (QoL Compilation)","Permanent Neow","Quick Restart","Rare Cards Sparkle","Shop Mod","StSLib","SuperFastMode"],"gold_per_floor":[117,117,137,148,423,423,453,453,453,472,472,506,83,93,93,193,193,207,227,77,77,91,91,111,125,125,125,144,194,225,150,150,249,249,266,104,157,171,121,154,154,180,180,191,191,73,99,118,118,118],"floor_reached":51,"language":"ENG","playtime":3230,"items_purged":["Regret","Defend_G","Defend_G"],"score":1054,"play_id":"96a03803-808d-4ba6-a3fc-9dcf5cda16fa","local_time":"20210121000129","is_ascension_mode":true,"campfire_choices":[{"data":"Envenom","floor":6.0,"key":"SMITH"},{"data":"Tactician","floor":8.0,"key":"SMITH"},{"data":"Doppelganger","floor":15.0,"key":"SMITH"},{"data":"Blade Dance","floor":23.0,"key":"SMITH"},{"data":"Adrenaline","floor":27.0,"key":"SMITH"},{"data":"Blur","floor":32.0,"key":"SMITH"},{"data":"Prepared","floor":41,"key":"SMITH"},{"floor":49,"key":"REST"}],"circlet_count":0,"master_deck":["Defend_G","Survivor","Neutralize","Blade Dance","Blade Dance","Blade Dance+1","Blade Dance","Envenom+1","Doppelganger+1","Blur+1","Tactician+1","Outmaneuver","Blade Dance","Tools of the Trade+1","Blur+1","Backflip","Adrenaline+1","Noxious Fumes+1","Blur+1","Phantasmal Killer","Escape Plan+1","Calculated Gamble","Cloak And Dagger+1","Prepared+1","Expertise","Acrobatics","Acrobatics","Accuracy+1","Apotheosis","Terror","Cloak And Dagger"],"relics":["WristBlade","Tough Bandages","Ice Cream","MerchantsRug","Frozen Egg 2","Philosopher\u0027s Stone","DollysMirror","Sozu","Mercury Hourglass","Kunai","Pen Nib"],"acts_visited":["Exordium","TheCity","TheBeyond"],"potions_floor_usage":[48],"damage_taken":[{"damage":0.0,"enemies":"Cultist","floor":1.0,"turns":2.0},{"damage":0.0,"enemies":"Jaw Worm","floor":3.0,"turns":2.0},{"damage":0.0,"enemies":"2 Louse","floor":4.0,"turns":1.0},{"damage":0.0,"enemies":"Gremlin Nob","floor":7.0,"turns":2.0},{"damage":1.0,"enemies":"Exordium Thugs","floor":10.0,"turns":2.0},{"damage":9.0,"enemies":"Lagavulin","floor":12.0,"turns":3.0},{"damage":0.0,"enemies":"Gremlin Gang","floor":14.0,"turns":3.0},{"damage":0.0,"enemies":"Slime Boss","floor":16.0,"turns":7.0},{"damage":7.0,"enemies":"2 Thieves","floor":18.0,"turns":3.0},{"damage":0.0,"enemies":"Spheric Guardian","floor":19.0,"turns":2.0},{"damage":24.0,"enemies":"Snake Plant","floor":22.0,"turns":4.0},{"damage":15.0,"enemies":"Shelled Parasite and Fungi","floor":24.0,"turns":3.0},{"damage":1.0,"enemies":"Cultist and Chosen","floor":25.0,"turns":4.0},{"damage":0.0,"enemies":"Chosen and Byrds","floor":28.0,"turns":3.0},{"damage":0.0,"enemies":"Book of Stabbing","floor":30.0,"turns":3.0},{"damage":4.0,"enemies":"Champ","floor":33.0,"turns":8.0},{"damage":5,"enemies":"3 Darklings","floor":35,"turns":4},{"damage":5,"enemies":"2 Orb Walkers","floor":37,"turns":4},{"damage":4,"enemies":"Orb Walker","floor":38,"turns":3},{"damage":0,"enemies":"Giant Head","floor":40,"turns":4},{"damage":0,"enemies":"Reptomancer","floor":42,"turns":3},{"damage":0,"enemies":"Maw","floor":44,"turns":4},{"damage":46,"enemies":"Nemesis","floor":47,"turns":3},{"damage":0,"enemies":"Transient","floor":48,"turns":5},{"damage":10,"enemies":"Donu and Deca","floor":50,"turns":4}],"seed_played":"-2557307920914806034","potions_obtained":[{"floor":1.0,"key":"Energy Potion"},{"floor":7.0,"key":"FearPotion"},{"floor":10.0,"key":"LiquidMemories"},{"floor":14.0,"key":"Energy Potion"},{"floor":19.0,"key":"BlessingOfTheForge"},{"floor":33.0,"key":"Block Potion"}],"is_trial":false,"path_per_floor":["M","?","M","M","?","R","E","R","T","M","?","E","$","M","R","B",null,"M","M","$","?","M","R","M","M","T","R","M","?","E","$","R","B",null,"M","$","?","M","$","E","R","E","T","M","?","$","E","M","R","B",null],"character_chosen":"THE_SILENT","items_purchased":["MerchantsRug","Blade Dance","Frozen Egg 2","Backflip","DollysMirror","Calculated Gamble","Expertise","Acrobatics","Kunai","Terror"],"campfire_rested":1,"item_purchase_floors":[13,13,13,20,31,36,39,39,46,46],"current_hp_per_floor":[70,70,70,70,70,70,70,70,70,69,69,67,67,67,67,67,77,70,70,70,70,46,46,31,30,30,30,30,30,30,30,30,26,77,72,72,67,63,63,63,63,63,63,63,63,63,17,17,40,30],"gold":118,"neow_bonus":"BOSS_RELIC","is_daily":false,"chose_seed":false,"campfire_upgraded":7,"win_rate":0.0,"timestamp":1611205289,"path_taken":["M","?","M","?","?","R","E","R","T","?","?","E","$","M","R","BOSS","M","M","$","?","?","R","M","M","T","R","M","?","E","$","R","BOSS","M","?","?","M","?","E","R","E","T","?","?","$","E","M","R","BOSS"],"items_purchased_type":["Relic","Card","Relic","Card","Relic","Card","Card","Card","Relic","Card"],"build_version":"2020-12-13","purchased_purges":3,"victory":true,"max_hp_per_floor":[70,70,70,70,70,70,70,70,70,70,70,77,77,77,77,77,77,77,77,77,77,77,77,77,77,77,77,77,77,77,77,77,77,77,77,77,77,77,77,77,77,77,77,77,77,77,77,77,77,77],"card_choices":[{"not_picked":["Acrobatics","Cloak And Dagger","Poisoned Stab"],"picked":"SKIP","floor":1.0},{"not_picked":["Eviscerate","Dodge and Roll"],"picked":"Blur","floor":3.0},{"not_picked":["Deflect","Backstab","Choke"],"picked":"SKIP","floor":4.0},{"not_picked":["Noxious Fumes","Backflip"],"picked":"Tactician","floor":7.0},{"not_picked":["Dagger Throw","Riddle With Holes","Underhanded Strike"],"picked":"SKIP","floor":10.0},{"not_picked":["Blade Dance","Storm of Steel"],"picked":"Outmaneuver","floor":12.0},{"not_picked":["Deadly Poison","Deflect","PiercingWail"],"picked":"SKIP","floor":14.0},{"not_picked":["Unload","Night Terror"],"picked":"Tools of the Trade+1","floor":16.0},{"not_picked":["PiercingWail","Footwork+1"],"picked":"Blur+1","floor":18.0},{"not_picked":["Dagger Spray","Outmaneuver","Dagger Throw"],"picked":"SKIP","floor":19.0},{"not_picked":["Outmaneuver","Dash","Dagger Spray+1"],"picked":"SKIP","floor":22.0},{"not_picked":["Slice+1","Quick Slash","Infinite Blades+1"],"picked":"SKIP","floor":24.0},{"not_picked":["Backstab","PiercingWail"],"picked":"Adrenaline","floor":25.0},{"not_picked":["Dagger Spray+1","Bouncing Flask+1","Deflect+1"],"picked":"SKIP","floor":28.0},{"not_picked":["Outmaneuver","Slice"],"picked":"Noxious Fumes+1","floor":30.0},{"not_picked":["Corpse Explosion","Tools of the Trade+1"],"picked":"Phantasmal Killer","floor":33.0},{"not_picked":["Catalyst+1","Dash+1"],"picked":"Escape Plan+1","floor":35},{"not_picked":["Backflip","PiercingWail+1"],"picked":"Cloak And Dagger+1","floor":37},{"not_picked":["Dagger Throw","Blade Dance+1"],"picked":"Prepared","floor":38},{"not_picked":["Prepared","Glass Knife"],"picked":"Acrobatics","floor":40},{"not_picked":["Bane+1","Unload","Dodge and Roll+1"],"picked":"SKIP","floor":42},{"not_picked":["Prepared","Poisoned Stab+1"],"picked":"Accuracy+1","floor":44},{"not_picked":["Panache+1","Mind Blast+1"],"picked":"Apotheosis","floor":45},{"not_picked":["Flechettes+1","Poisoned Stab","Dagger Throw+1"],"picked":"SKIP","floor":47},{"not_picked":["Poisoned Stab","Blade Dance"],"picked":"Cloak And Dagger","floor":48}],"player_experience":30726,"relics_obtained":[{"floor":7.0,"key":"Tough Bandages"},{"floor":9.0,"key":"Ice Cream"},{"floor":12.0,"key":"Strawberry"},{"floor":26.0,"key":"Bag of Marbles"},{"floor":30.0,"key":"Matryoshka"},{"floor":37,"key":"Pocketwatch"},{"floor":40,"key":"Toy Ornithopter"},{"floor":42,"key":"Mercury Hourglass"},{"floor":43,"key":"PreservedInsect"},{"floor":43,"key":"Molten Egg 2"},{"floor":47,"key":"Pen Nib"}],"event_choices":[{"damage_healed":0.0,"max_hp_gain":0.0,"max_hp_loss":0.0,"gold_gain":0.0,"cards_transformed":["Defend_G"],"event_name":"Transmorgrifier","player_choice":"Transformed","floor":2.0,"gold_loss":0.0,"damage_taken":0.0,"cards_obtained":["Doppelganger"]},{"damage_healed":0.0,"max_hp_gain":0.0,"max_hp_loss":0.0,"gold_gain":275.0,"event_name":"Golden Shrine","player_choice":"Desecrate","floor":5.0,"gold_loss":0.0,"damage_taken":0.0,"cards_obtained":["Regret"]},{"damage_healed":0.0,"max_hp_gain":0.0,"max_hp_loss":0.0,"gold_gain":0.0,"event_name":"WeMeetAgain","player_choice":"Gave Potion","floor":11.0,"gold_loss":0.0,"damage_taken":0.0,"relics_obtained":["Ancient Tea Set"]},{"cards_removed":["Defend_G"],"damage_healed":0.0,"max_hp_gain":0.0,"max_hp_loss":0.0,"gold_gain":0.0,"event_name":"Purifier","player_choice":"Purged","floor":21.0,"gold_loss":0.0,"damage_taken":0.0},{"damage_healed":0.0,"max_hp_gain":0.0,"max_hp_loss":0.0,"gold_gain":100.0,"event_name":"The Joust","player_choice":"Bet on Murderer","floor":29.0,"gold_loss":50.0,"damage_taken":0.0},{"damage_healed":0,"gold_gain":0,"player_choice":"Fight","damage_taken":0,"max_hp_gain":0,"max_hp_loss":0,"event_name":"Mysterious Sphere","floor":37,"gold_loss":0},{"damage_healed":0,"gold_gain":0,"player_choice":"Memory 1","damage_taken":0,"max_hp_gain":0,"max_hp_loss":0,"event_name":"SensoryStone","floor":45,"gold_loss":0}],"is_beta":false,"boss_relics":[{"not_picked":["Velvet Choker","Runic Pyramid"],"picked":"Philosopher\u0027s Stone"},{"not_picked":["Empty Cage","SacredBark"],"picked":"Sozu"}],"items_purged_floors":[13,20,36],"is_endless":false,"potions_floor_spawned":[1,7,10,14,19,25,33,38,40,44,47],"ascension_level":2}}