{"host":"d7fiu2yjkssjxoz6","time":1611200748,"event":{"mods":["AchievementEnabler","BaseMod","Duelist Mod","GifTheSpireLib","Minty Spire (QoL Compilation)","StSLib"],"gold_per_floor":[145,320,339,358,370,370,370],"floor_reached":6,"language":"ENG","playtime":311,"items_purged":[],"score":80,"play_id":"85081baa-2eb1-4ab6-9502-5965f7624fc3","local_time":"20210120194548","is_ascension_mode":true,"campfire_choices":[],"circlet_count":0,"master_deck":["theDuelist:Biofalcon","theDuelist:CastleWalls","theDuelist:CastleWalls","theDuelist:Deskbot004","theDuelist:Deskbot004","theDuelist:Deskbot005","theDuelist:Deskbot005","theDuelist:GreenGadget","theDuelist:Sparks","theDuelist:Sparks","theDuelist:RareSkillMetronome","Doubt","theDuelist:GracefulCharity","theDuelist:PowerMetronome","theDuelist:LightningDarts"],"relics":["theDuelist:MillenniumPuzzle","theDuelist:CardPoolRelic","theDuelist:CardPoolBasicRelic","theDuelist:BoosterPackPoolRelic","theDuelist:CardPoolAddRelic","theDuelist:CardPoolMinusRelic","theDuelist:CardPoolSaveRelic","theDuelist:CardPoolOptionsRelic"],"acts_visited":["Exordium"],"potions_floor_usage":[6],"damage_taken":[{"damage":0,"enemies":"Cultist","floor":1,"turns":3},{"damage":0,"enemies":"Small Slimes","floor":3,"turns":2},{"damage":5,"enemies":"Jaw Worm","floor":4,"turns":6},{"damage":35,"enemies":"Lots of Slimes","floor":5,"turns":7},{"damage":29,"enemies":"Lagavulin","floor":6,"turns":7}],"seed_played":"1457136155693330160","potions_obtained":[{"floor":3,"key":"AttackPotion"}],"is_trial":false,"path_per_floor":["M","?","M","M","M","E"],"character_chosen":"THE_DUELIST","items_purchased":[],"campfire_rested":0,"item_purchase_floors":[],"current_hp_per_floor":[67,67,67,62,27,0,0],"gold":370,"neow_bonus":"TWENTY_PERCENT_HP_BONUS","is_daily":false,"chose_seed":false,"campfire_upgraded":0,"win_rate":0.0,"timestamp":1611200748,"path_taken":["M","?","M","M","M","E"],"items_purchased_type":[],"build_version":"2020-12-22","purchased_purges":0,"victory":false,"max_hp_per_floor":[96,96,96,96,96,96,96],"card_choices":[{"not_picked":["theDuelist:OrbMetronome","theDuelist:RareDragonMetronome","theDuelist:RareMonsterMetronome","theDuelist:ShiranuiMetronome"],"picked":"theDuelist:RareSkillMetronome","floor":1},{"not_picked":["theDuelist:Sangan","theDuelist:QuickCharger","theDuelist:GemElephant","theDuelist:Wiseman"],"picked":"theDuelist:GracefulCharity","floor":3},{"not_picked":["theDuelist:ChangeHeart","theDuelist:ShardGreed","theDuelist:SystemDown"],"picked":"theDuelist:PowerMetronome","floor":4},{"not_picked":["theDuelist:AttackTrapMetronome","theDuelist:TrapMetronome","theDuelist:PowerWall","theDuelist:Reinforcements"],"picked":"theDuelist:LightningDarts","floor":5}],"player_experience":243290,"relics_obtained":[],"event_choices":[{"damage_healed":0,"gold_gain":175,"player_choice":"AGREE","damage_taken":0,"max_hp_gain":0,"max_hp_loss":0,"event_name":"Liars Game","floor":2,"gold_loss":0,"cards_obtained":["Doubt"]}],"is_beta":false,"boss_relics":[],"items_purged_floors":[],"is_endless":false,"potions_floor_spawned":[3],"killed_by":"Lagavulin","ascension_level":9}}