{"host":"v711dtdb46xe9u7l","time":1611267665,"event":{"mods":["BaseMod","Bestiary","Highlight Path","Minty Spire (QoL Compilation)","Quick Restart","StSLib"],"gold_per_floor":[117,217,231,247,262,294,294,326,326,352,352,352,80,100,100,201,201,218,317,15,15,35,35,70,70,70,70,22,37,37,37,37,37,37],"floor_reached":33,"language":"ENG","playtime":1731,"items_purged":["Strike_R"],"score":447,"play_id":"275cfb0b-9341-4388-84d2-9c9fa4dcd1b8","local_time":"20210121222105","is_ascension_mode":true,"campfire_choices":[{"data":"Evolve","floor":7,"key":"SMITH"},{"floor":11,"key":"REST"},{"data":"Dark Embrace","floor":15,"key":"SMITH"},{"data":"True Grit","floor":23,"key":"SMITH"},{"data":"Feel No Pain","floor":25,"key":"SMITH"},{"data":"Bash","floor":27,"key":"SMITH"},{"data":"Spot Weakness","floor":32,"key":"SMITH"}],"circlet_count":0,"master_deck":["AscendersBane","Defend_R","Defend_R","Defend_R","Defend_R","Bash+1","Immolate","Evolve+1","Wild Strike","Headbutt","Sever Soul+1","Spot Weakness+1","Dark Embrace+1","Good Instincts","Reaper","Evolve+1","Feel No Pain+1","True Grit+1","Decay","Intimidate+1","Thunderclap+1","Fire Breathing+1","Bite","Bite","Bite","Bite","Bite"],"relics":["Burning Blood","Orichalcum","Bronze Scales","Shuriken","TungstenRod","Philosopher\u0027s Stone","Oddly Smooth Stone","Paper Frog"],"acts_visited":["Exordium","TheCity"],"potions_floor_usage":[6,6,16,16,24,24,29,33],"damage_taken":[{"damage":7,"enemies":"Jaw Worm","floor":1,"turns":4},{"damage":0,"enemies":"Cultist","floor":3,"turns":2},{"damage":4,"enemies":"Small Slimes","floor":4,"turns":3},{"damage":0,"enemies":"2 Fungi Beasts","floor":5,"turns":2},{"damage":20,"enemies":"3 Sentries","floor":6,"turns":4},{"damage":28,"enemies":"Lagavulin","floor":8,"turns":6},{"damage":20,"enemies":"Gremlin Nob","floor":10,"turns":4},{"damage":11,"enemies":"Large Slime","floor":14,"turns":5},{"damage":6,"enemies":"Slime Boss","floor":16,"turns":7},{"damage":17,"enemies":"Spheric Guardian","floor":18,"turns":4},{"damage":17,"enemies":"Chosen","floor":22,"turns":5},{"damage":29,"enemies":"Gremlin Leader","floor":24,"turns":7},{"damage":12,"enemies":"Snake Plant","floor":29,"turns":3},{"damage":70,"enemies":"Champ","floor":33,"turns":9}],"seed_played":"2319397832876374115","potions_obtained":[{"floor":1,"key":"Energy Potion"},{"floor":3,"key":"BlessingOfTheForge"},{"floor":16,"key":"SpeedPotion"},{"floor":22,"key":"GamblersBrew"}],"is_trial":false,"path_per_floor":["M","?","M","M","M","E","R","E","T","E","R","?","$","M","R","B",null,"M","?","$","?","M","R","E","R","T","R","$","M","?","?","R","B"],"character_chosen":"IRONCLAD","items_purchased":["Energy Potion","ColorlessPotion","Good Instincts","Feel No Pain","Oddly Smooth Stone","True Grit","Strength Potion","FearPotion"],"campfire_rested":1,"item_purchase_floors":[13,13,13,20,20,20,20,28],"current_hp_per_floor":[71,71,77,79,80,66,66,44,44,30,54,54,54,49,49,65,76,65,65,65,65,54,54,45,45,45,45,45,39,65,56,56,0,0],"gold":37,"neow_bonus":"ONE_RANDOM_RARE_CARD","is_daily":false,"chose_seed":false,"campfire_upgraded":6,"win_rate":0.0,"timestamp":1611267665,"path_taken":["M","?","M","M","?","E","R","E","T","E","R","?","$","M","R","BOSS","M","?","$","?","M","R","E","R","T","R","$","M","?","?","R","BOSS"],"items_purchased_type":["Potion","Potion","Card","Card","Relic","Card","Potion","Potion"],"build_version":"2020-12-22","purchased_purges":1,"victory":false,"max_hp_per_floor":[80,80,80,80,80,80,80,80,80,80,80,80,80,80,80,80,80,80,80,80,80,80,80,80,80,80,80,80,80,80,56,56,56,56],"card_choices":[{"not_picked":["Ghostly Armor","Blood for Blood"],"picked":"Evolve","floor":1},{"not_picked":["Warcry","Headbutt"],"picked":"Wild Strike","floor":3},{"not_picked":["Body Slam","Intimidate"],"picked":"Headbutt","floor":4},{"not_picked":["Thunderclap","Clash"],"picked":"Sever Soul","floor":5},{"not_picked":["Headbutt","Searing Blow"],"picked":"Spot Weakness","floor":6},{"not_picked":["Flex","Twin Strike"],"picked":"Dark Embrace","floor":8},{"not_picked":["Infernal Blade","Sever Soul","Warcry"],"picked":"SKIP","floor":10},{"not_picked":["Rage","Warcry"],"picked":"Reaper","floor":14},{"not_picked":["Anger","Havoc"],"picked":"Evolve+1","floor":18},{"not_picked":["Pommel Strike","Twin Strike"],"picked":"Intimidate+1","floor":22},{"not_picked":["Pommel Strike","Clothesline"],"picked":"Thunderclap+1","floor":24},{"not_picked":["Anger+1","Sword Boomerang"],"picked":"Fire Breathing+1","floor":29}],"player_experience":371660,"relics_obtained":[{"floor":6,"key":"Orichalcum"},{"floor":8,"key":"Bronze Scales"},{"floor":9,"key":"Shuriken"},{"floor":10,"key":"TungstenRod"},{"floor":24,"key":"Paper Frog"}],"event_choices":[{"damage_healed":0,"gold_gain":100,"player_choice":"Pray","damage_taken":0,"max_hp_gain":0,"max_hp_loss":0,"event_name":"Golden Shrine","floor":2,"gold_loss":0},{"damage_healed":0,"gold_gain":0,"player_choice":"Grow","damage_taken":0,"max_hp_gain":0,"max_hp_loss":0,"event_name":"Living Wall","floor":12,"gold_loss":0,"cards_upgraded":["Sever Soul"]},{"damage_healed":0,"gold_gain":99,"player_choice":"Stole From Cult","damage_taken":0,"max_hp_gain":0,"max_hp_loss":0,"event_name":"Nest","floor":19,"gold_loss":0},{"damage_healed":0,"gold_gain":0,"player_choice":"Smashed Altar","damage_taken":0,"max_hp_gain":0,"max_hp_loss":0,"event_name":"Forgotten Altar","floor":21,"gold_loss":0,"cards_obtained":["Decay"]},{"damage_healed":26,"gold_gain":0,"player_choice":"Heal","damage_taken":0,"max_hp_gain":0,"max_hp_loss":0,"event_name":"The Library","floor":30,"gold_loss":0},{"damage_healed":0,"gold_gain":0,"player_choice":"Became a vampire","damage_taken":0,"max_hp_gain":0,"max_hp_loss":24,"event_name":"Vampires","floor":31,"gold_loss":0,"cards_obtained":["Bite","Bite","Bite","Bite","Bite"]}],"is_beta":false,"boss_relics":[{"not_picked":["Ectoplasm","Runic Cube"],"picked":"Philosopher\u0027s Stone"}],"items_purged_floors":[13],"is_endless":false,"potions_floor_spawned":[1,3,16,22],"killed_by":"Champ","ascension_level":10}}