{"host":"t9zjxed0utvsfjwc","time":1611231106,"event":{"mods":["2.2 Compatiblity","Aspiration","BaseMod","Better Altar","Better Match","Better Note","Better Sensory Stone","Better Skull","Better Third Choice","Block Reminder","Colored Map","Colored Powertips","Hermit","Highlight Path","Hubris","Infinite Spire","Minty Spire (QoL Compilation)","Quick Restart","Rare Cards Sparkle","Replay The Spire","Shade Mod","StSLib","The Cursed","The Marked","The Runesmith","Unceasing Turn Reminder","everything is the same but u backflip on backflip"],"gold_per_floor":[111,36,54,54,72,101,101,121,148,148,148,159,169,198,198,293,393,407,422,422,422,422,422,422],"floor_reached":23,"language":"ENG","playtime":1069,"items_purged":["hermit:Defend_Hermit"],"score":201,"play_id":"5245842e-da54-4183-aa4a-5b9b503e610f","local_time":"20210121121146","is_ascension_mode":false,"campfire_choices":[{"data":"hermit:Quickdraw","floor":7,"key":"SMITH"},{"floor":11,"key":"RECALL"},{"data":"hermit:HeroicBravado","floor":15,"key":"SMITH"}],"circlet_count":0,"master_deck":["hermit:Strike_Hermit","hermit:Strike_Hermit","hermit:Strike_Hermit","hermit:Strike_Hermit","hermit:Defend_Hermit","hermit:Defend_Hermit","hermit:Snapshot","hermit:Covet","hermit:Glare","hermit:CursedWeapon","hermit:TakeAim","hermit:Quickdraw+1","hermit:ItchyTrigger","Pot Of Greed","Pot Of Greed","hermit:HeroicBravado+1","hermit:Dive","hermit:OverwhelmingPower","hermit:BodyArmor"],"relics":["hubris:CrackedHourglass","Blue Candle","Grinning Jar","infinitespire:Lucky Rock","Replay:Wanted Poster","hubris:MobiusCoin","betterThird:NestCultRelic"],"acts_visited":["Exordium","TheCity"],"potions_floor_usage":[6,14,14,16,16],"damage_taken":[{"damage":6,"enemies":"Cultist","floor":1,"turns":3},{"damage":8,"enemies":"Jaw Worm","floor":3,"turns":2},{"damage":2,"enemies":"Small Slimes","floor":5,"turns":2},{"damage":25,"enemies":"Gremlin Nob","floor":6,"turns":4},{"damage":11,"enemies":"3 Louse","floor":8,"turns":3},{"damage":4,"enemies":"Looter","floor":12,"turns":2},{"damage":3,"enemies":"Large Slime","floor":13,"turns":3},{"damage":4,"enemies":"Lagavulin","floor":14,"turns":8},{"damage":6,"enemies":"Hexaghost","floor":16,"turns":11},{"damage":39,"enemies":"3 Byrds","floor":18,"turns":7},{"damage":8,"enemies":"Spheric Guardian","floor":19,"turns":4},{"damage":28,"enemies":"Shelled Parasite and Fungi","floor":23,"turns":4}],"seed_played":"-2285243308936647009","potions_obtained":[{"floor":3,"key":"Doom Potion"},{"floor":5,"key":"ColorlessPotion"},{"floor":8,"key":"Dexterity Potion"},{"floor":12,"key":"Block Potion"},{"floor":14,"key":"Weak Potion"},{"floor":18,"key":"Energy Potion"}],"is_trial":false,"path_per_floor":["M","$","M","?","M","E","R","M","T","?","R","M","M","E","R","B",null,"M","M","AVR","?","?","M"],"character_chosen":"HERMIT","items_purchased":[],"campfire_rested":0,"item_purchase_floors":[],"current_hp_per_floor":[69,69,61,61,59,34,34,23,23,23,23,19,16,12,12,6,75,36,28,28,28,28,0,0],"gold":422,"neow_bonus":"BOSS_RELIC","is_daily":false,"chose_seed":false,"campfire_upgraded":2,"win_rate":0.0,"timestamp":1611231106,"path_taken":["M","$","?","?","M","E","R","?","T","?","R","M","?","E","R","BOSS","M","M","AVR","?","?","M"],"items_purchased_type":[],"build_version":"2020-12-22","purchased_purges":1,"victory":false,"max_hp_per_floor":[75,75,75,75,75,75,75,75,75,75,75,75,75,75,75,75,75,75,75,75,75,75,75,75],"card_choices":[{"not_picked":["hermit:Cheat","hermit:HoleUp"],"picked":"hermit:Glare","floor":1},{"not_picked":["hermit:BodyArmor","hermit:Determination"],"picked":"hermit:CursedWeapon","floor":3},{"not_picked":["hermit:ShadowCloak","hermit:HoleUp"],"picked":"hermit:Quickdraw","floor":5},{"not_picked":["hermit:LuckOfTheDraw","hermit:Coalescence"],"picked":"hermit:ItchyTrigger","floor":6},{"not_picked":["hermit:Manifest","hermit:Roulette","hermit:Ricochet"],"picked":"SKIP","floor":8},{"not_picked":["hermit:Manifest","hermit:TakeCover","hermit:Vantage"],"picked":"SKIP","floor":12},{"not_picked":["hermit:Ricochet","hermit:FlashPowder"],"picked":"hermit:HeroicBravado","floor":13},{"not_picked":["hermit:Headshot","hermit:Midnight"],"picked":"hermit:Dive","floor":14},{"not_picked":["hermit:Purgatory","hermit:DeadOrAlive"],"picked":"hermit:OverwhelmingPower","floor":16},{"not_picked":["hermit:Feint","hermit:SprayPray"],"picked":"hermit:BodyArmor","floor":18},{"not_picked":["hermit:Determination","hermit:Combo","hermit:Misfire"],"picked":"SKIP","floor":19},{"not_picked":["hermit:Determination","hermit:Combo","hermit:Misfire"],"picked":"SKIP","floor":19}],"player_experience":393291,"relics_obtained":[{"floor":6,"key":"Blue Candle"},{"floor":10,"key":"Grinning Jar"},{"floor":14,"key":"infinitespire:Lucky Rock"}],"event_choices":[{"damage_healed":0,"gold_gain":0,"cards_transformed":["hermit:Defend_Hermit"],"player_choice":"Transformed","damage_taken":0,"max_hp_gain":0,"max_hp_loss":0,"event_name":"Transmorgrifier","floor":4,"gold_loss":0,"cards_obtained":["hermit:TakeAim"]},{"damage_healed":0,"gold_gain":0,"player_choice":"Relic","damage_taken":0,"max_hp_gain":0,"max_hp_loss":0,"event_name":"Wheel of Change","floor":10,"gold_loss":0},{"cards_removed":["hermit:Glare"],"damage_healed":0,"gold_gain":0,"player_choice":"Give","damage_taken":0,"max_hp_gain":0,"max_hp_loss":0,"event_name":"betterNote:BetterNote","floor":21,"gold_loss":0,"cards_obtained":["Runesmith:Strike_RS"]},{"damage_healed":0,"gold_gain":0,"player_choice":"Madness","damage_taken":0,"relics_obtained":["betterThird:NestCultRelic"],"max_hp_gain":0,"max_hp_loss":0,"event_name":"betterThird:BetterNest","floor":22,"gold_loss":0}],"is_beta":false,"boss_relics":[{"not_picked":["Ectoplasm","Painkiller Herb"],"picked":"Replay:Wanted Poster"}],"items_purged_floors":[2],"is_endless":false,"potions_floor_spawned":[3,5,8,12,14,18],"killed_by":"Shelled Parasite and Fungi","ascension_level":0}}