{"host":"d61fcf2p3sjwe6yo","time":1611231839,"event":{"mods":["AchievementEnabler","BaseMod","Colored Map","Downfall","Minty Spire (QoL Compilation)","StSLib","SuperFastMode"],"gold_per_floor":[0,19,35,54,70,102,102,114,114,214,249,319,219,369,387,483,483,483,498,508,558,608,674,742,250,284,299,299,449,474,487,504,603,603,503,515,565,582,592,619,619,519,569,647,239,289,289,310,328,328,328,355,2,2,2,2],"floor_reached":57,"language":"ENG","playtime":5533,"items_purged":["hexamod:Strike","downfall:Bewildered"],"score":2009,"play_id":"0db3307c-be8d-4a8e-8b53-d3e65416790b","local_time":"20210121152359","is_ascension_mode":true,"campfire_choices":[{"data":"hexamod:Float","floor":1.0,"key":"SMITH"},{"floor":9.0,"key":"RECALL"},{"data":"hexamod:HexaLevel","floor":13.0,"key":"SMITH"},{"data":"hexamod:ForkedFlame","floor":18.0,"key":"SMITH"},{"floor":28.0,"key":"REST"},{"data":"hexamod:TimeOfNeed","floor":35.0,"key":"SMITH"},{"data":"hexamod:ApocalypticArmor","floor":42,"key":"SMITH"},{"data":"hexamod:TimeOfNeed","floor":47,"key":"SMITH"},{"data":"hexamod:HexaLevel","floor":54,"key":"SMITH"}],"circlet_count":0,"master_deck":["AscendersBane","hexamod:Strike+1","hexamod:Strike","hexamod:Defend+1","hexamod:Defend+1","hexamod:Defend+1","hexamod:Sear+1","hexamod:Float+1","hexamod:SwordOfDarkness+1","hexamod:Hexaguard+1","hexamod:ForkedFlame+1","hexamod:Hexaguard+1","hexamod:ShieldOfDarkness+1","hexamod:HexaLevel+1","hexamod:PhantomCloak+1","hexamod:TimeOfNeed+1","hexamod:PhantomCloak+1","hexamod:Hexaguard+1","hexamod:PhantomCloak+1","hexamod:FlameSwitch+1","hexamod:Hexaguard+1","hexamod:ShieldOfDarkness","hexamod:TimeOfNeed+1","hexamod:ApocalypticArmor+1","expansioncontent:PrepareCrush+1","hexamod:Hexaguard","hexamod:UnlimitedPower","hexamod:HexaLevel+1","hexamod:RainOfEmbers+1","hexamod:RainOfEmbers+1"],"relics":["hexamod:SpiritBrand","hexamod:Sixitude","Regal Pillow","downfall:CloakOfManyFaces","CultistMask","FaceOfCleric","NlothsMask","GremlinMask","SsserpentHead","Meat on the Bone","downfall:HeartBlessingRed","downfall:GremlinWheel","sneckomod:SneckoTalon","downfall:RedIOU","Toolbox","Gremlin Horn","sneckomod:BlankCard","Ice Cream","Sundial","Bronze Scales","Runic Dome","downfall:HeartBlessingGreen","Bottled Tornado","downfall:HeartBlessingBlue","Guardian:BottledAnomaly","hexamod:TheBrokenSeal","InkBottle","Membership Card","hexamod:BolsterEngine","bronze:DecasWashers"],"acts_visited":["Exordium","TheCity","TheBeyond","TheEnding"],"potions_floor_usage":[38,40,44,44,44,44,45,45,45,50],"damage_taken":[{"damage":2.0,"enemies":"Jaw Worm","floor":2.0,"turns":3.0},{"damage":1.0,"enemies":"Cultist","floor":3.0,"turns":3.0},{"damage":0.0,"enemies":"2 Louse","floor":4.0,"turns":2.0},{"damage":3.0,"enemies":"Exordium Thugs","floor":5.0,"turns":4.0},{"damage":0.0,"enemies":"Lagavulin","floor":6.0,"turns":3.0},{"damage":6.0,"enemies":"Red Slaver","floor":8.0,"turns":4.0},{"damage":7.0,"enemies":"downfall:FaceTrader","floor":10.0,"turns":6.0},{"damage":3.0,"enemies":"3 Sentries","floor":11.0,"turns":8.0},{"damage":0.0,"enemies":"3 Louse","floor":12.0,"turns":3.0},{"damage":3.0,"enemies":"3 Louse","floor":14.0,"turns":3.0},{"damage":8.0,"enemies":"Lots of Slimes","floor":15.0,"turns":4.0},{"damage":40.0,"enemies":"WA_ARCHETYPE_RETAIN","floor":16.0,"turns":9.0},{"damage":22.0,"enemies":"Spheric Guardian","floor":19.0,"turns":4.0},{"damage":14.0,"enemies":"Chosen","floor":20.0,"turns":6.0},{"damage":8.0,"enemies":"3 Cultists","floor":23.0,"turns":6.0},{"damage":0.0,"enemies":"downfall:FleeingMerchant","floor":25.0,"turns":4.0},{"damage":59.0,"enemies":"Slavers","floor":26.0,"turns":7.0},{"damage":11.0,"enemies":"Cultist and Chosen","floor":27.0,"turns":7.0},{"damage":16.0,"enemies":"SI_SHIV_ARCHETYPE","floor":29.0,"turns":10.0},{"damage":27.0,"enemies":"Book of Stabbing","floor":30.0,"turns":6.0},{"damage":24.0,"enemies":"Snake Plant","floor":31.0,"turns":3.0},{"damage":13.0,"enemies":"3 Cultists","floor":32.0,"turns":3.0},{"damage":8.0,"enemies":"DF_ARCHETYPE_CLAW","floor":33.0,"turns":9.0},{"damage":0.0,"enemies":"Orb Walker","floor":36.0,"turns":5.0},{"damage":12,"enemies":"3 Darklings","floor":38,"turns":7},{"damage":36,"enemies":"Spire Growth","floor":39,"turns":5},{"damage":30,"enemies":"Giant Head","floor":40,"turns":10},{"damage":51,"enemies":"Transient","floor":44,"turns":5},{"damage":0,"enemies":"downfall:FleeingMerchant","floor":45,"turns":4},{"damage":19,"enemies":"Maw","floor":48,"turns":6},{"damage":0,"enemies":"Jaw Worm Horde","floor":49,"turns":3},{"damage":18,"enemies":"IC_BLOCK_ARCHETYPE","floor":50,"turns":12},{"damage":0,"enemies":"downfall:CharBossMerchant","floor":52,"turns":9},{"damage":0,"enemies":"downfall:NeowBoss","floor":55,"turns":13},{"damage":0,"enemies":"downfall:NeowBossFinal","floor":56,"turns":10}],"seed_played":"-2304223503818527891","potions_obtained":[{"floor":4.0,"key":"Block Potion"},{"floor":5.0,"key":"champ:CounterPotion"},{"floor":10.0,"key":"Energy Potion"},{"floor":12.0,"key":"DistilledChaos"},{"floor":16.0,"key":"GamblersBrew"},{"floor":22.0,"key":"hexamod:DoubleChargePotion"},{"floor":22.0,"key":"Explosive Potion"},{"floor":22.0,"key":"DistilledChaos"},{"floor":23.0,"key":"Regen Potion"},{"floor":27.0,"key":"Energy Potion"},{"floor":29.0,"key":"Regen Potion"},{"floor":30.0,"key":"FearPotion"},{"floor":39,"key":"SteroidPotion"},{"floor":39,"key":"hexamod:EctoCoolerPotion"},{"floor":40,"key":"EntropicBrew"},{"floor":44,"key":"EntropicBrew"},{"floor":44,"key":"FearPotion"},{"floor":44,"key":"Strength Potion"},{"floor":45,"key":"Block Potion"}],"is_trial":false,"path_per_floor":["R","M","M","M","M","E","T","M","R","?","E","M","R","?","M","B",null,"R","M","M","?","?","M","T","$","E","M","R","?","E","M","M","B",null,"R","M","?","M","M","E","T","R","?","M","$","?","R","M","M","B",null,"E","$","R","B","B",null],"character_chosen":"THE_SPIRIT","items_purchased":["Toolbox","Gremlin Horn","hexamod:UnlimitedPower","Guardian:BottledAnomaly","Membership Card","hexamod:BolsterEngine","bronze:DecasWashers"],"campfire_rested":1,"item_purchase_floors":[25,25,45,45,53,53,53],"current_hp_per_floor":[63,61,60,60,57,57,57,51,51,44,42,43,43,41,46,19,61,61,40,39,39,39,44,44,45,14,16,55,52,53,42,42,47,76,76,77,77,73,57,47,47,57,57,26,46,46,46,113,114,97,111,112,112,112,113,114],"gold":2,"neow_bonus":"ONE_RARE_RELIC","is_daily":false,"chose_seed":false,"campfire_upgraded":7,"win_rate":0.0,"timestamp":1611231839,"path_taken":["R","M","M","M","M","E","T","M","R","?","E","?","R","?","M","BOSS","R","M","M","?","?","?","T","$","E","M","R","?","E","M","M","BOSS","R","M","?","M","M","E","T","R","?","?","$","?","R","M","M","BOSS","E","$","R","BOSS","BOSS"],"items_purchased_type":["Relic","Relic","Card","Relic","Relic","Relic","Relic"],"build_version":"2020-12-22","purchased_purges":2,"victory":true,"max_hp_per_floor":[70,70,70,70,70,70,70,70,70,70,71,72,72,73,74,75,75,75,76,77,77,77,78,78,79,80,81,81,82,83,84,85,86,86,86,87,87,88,89,90,90,100,100,101,102,102,102,113,114,115,115,116,116,116,117,118],"card_choices":[{"not_picked":["hexamod:InspiringFlames","hexamod:NightmareGuise"],"picked":"hexamod:SwordOfDarkness","floor":2.0},{"not_picked":["hexamod:FastForward","hexamod:Incineration"],"picked":"hexamod:Hexaguard","floor":3.0},{"not_picked":["hexamod:BurningTouch","hexamod:GhostShield","hexamod:HeatMetal"],"picked":"SKIP","floor":4.0},{"not_picked":["hexamod:GhostLash","hexamod:SpectersWail"],"picked":"hexamod:ForkedFlame","floor":5.0},{"not_picked":["hexamod:AdvancingGuard","hexamod:RetreatToShadows"],"picked":"hexamod:ThirdSeal","floor":6.0},{"not_picked":["hexamod:HeatMetal","hexamod:HauntingEcho","hexamod:ThermalTransfer"],"picked":"SKIP","floor":8.0},{"not_picked":["hexamod:HauntingEcho","hexamod:AdvancingGuard","hexamod:StepThrough"],"picked":"SKIP","floor":8.0},{"not_picked":["hexamod:NightmareGuise","hexamod:HauntingEcho"],"picked":"hexamod:Hexaguard","floor":10.0},{"not_picked":["hexamod:FlamesFromBeyond","hexamod:InspiringFlames"],"picked":"hexamod:ShieldOfDarkness","floor":10.0},{"not_picked":["hexamod:GhostShield","hexamod:BacktrackSmack"],"picked":"hexamod:SpectralSpark","floor":11.0},{"not_picked":["hexamod:Incineration","hexamod:InspiringFlames","hexamod:BacktrackSmack"],"picked":"SKIP","floor":11.0},{"not_picked":["hexamod:ShieldOfDarkness","hexamod:DynamicBlow"],"picked":"hexamod:HexaLevel","floor":12.0},{"not_picked":["hexamod:Firestarter","hexamod:PowerFromBeyond"],"picked":"hexamod:PhantomCloak","floor":12.0},{"not_picked":["hexamod:NightmareStrike","hexamod:ExtraCrispy"],"picked":"hexamod:WildfireWeapon","floor":15.0},{"not_picked":["hexamod:NightmareStrike","hexamod:AdvancingGuard","hexamod:GhostLash"],"picked":"SKIP","floor":15.0},{"not_picked":["hexamod:WildfireWeapon","hexamod:ApocalypseNow"],"picked":"hexamod:SixthSeal","floor":16.0},{"not_picked":["hexamod:ApocalypseNow","hexamod:TimeWarp"],"picked":"hexamod:TimeOfNeed","floor":16.0},{"not_picked":["hexamod:SuperheatedStrike","hexamod:FastForward"],"picked":"hexamod:PhantomCloak","floor":19.0},{"not_picked":["hexamod:NightmareGuise","hexamod:ThirdSeal","hexamod:SecondSeal"],"picked":"SKIP","floor":19.0},{"not_picked":["hexamod:HauntingEcho","hexamod:FastForward"],"picked":"hexamod:Hexaguard+1","floor":20.0},{"not_picked":["hexamod:EmpoweredFlame","hexamod:EtherealExpedition"],"picked":"hexamod:PhantomCloak","floor":20.0},{"not_picked":["hexamod:HauntingEcho","hexamod:GhostLash"],"picked":"hexamod:FlameSwitch","floor":23.0},{"not_picked":["hexamod:NightmareGuise","hexamod:HeatMetal","hexamod:HauntingEcho"],"picked":"SKIP","floor":23.0},{"not_picked":["hexamod:NightmareGuise","hexamod:HeatMetal","hexamod:HauntingEcho"],"picked":"SKIP","floor":23.0},{"not_picked":["hexamod:ThermalTransfer","hexamod:Firestarter","hexamod:SpectersWail"],"picked":"SKIP","floor":25.0},{"not_picked":["hexamod:FastForward+1","hexamod:GhostLash","hexamod:NightmareStrike"],"picked":"SKIP","floor":25.0},{"not_picked":["hexamod:FourthSeal","hexamod:UnleashSpirits","hexamod:InspiringFlames"],"picked":"SKIP","floor":26.0},{"not_picked":["hexamod:HeatMetal","hexamod:Firestarter+1","hexamod:RecurringNightmare"],"picked":"SKIP","floor":26.0},{"not_picked":["hexamod:NightmareGuise+1","hexamod:BurningTouch"],"picked":"hexamod:Hexaguard","floor":27.0},{"not_picked":["hexamod:NightmareStrike","hexamod:Firestarter","hexamod:HauntingEcho+1"],"picked":"SKIP","floor":27.0},{"not_picked":["hexamod:BacktrackSmack","hexamod:HeatMetal"],"picked":"hexamod:ShieldOfDarkness","floor":30.0},{"not_picked":["hexamod:NightmareStrike","hexamod:HeatMetal","hexamod:TurnItUp"],"picked":"SKIP","floor":30.0},{"not_picked":["hexamod:SwordOfDarkness","hexamod:GhostLash+1","hexamod:NightmareStrike"],"picked":"SKIP","floor":31.0},{"not_picked":["hexamod:ThermalTransfer","hexamod:SuperheatedStrike","hexamod:BurningTouch+1"],"picked":"SKIP","floor":32.0},{"not_picked":["hexamod:Toasty","hexamod:TimeOfNeed"],"picked":"hexamod:FifthSeal","floor":33.0},{"not_picked":["hexamod:UnlimitedPower","hexamod:WildfireWeapon"],"picked":"hexamod:TimeOfNeed","floor":33.0},{"not_picked":["hexamod:SecondSeal","hexamod:SixthSeal"],"picked":"hexamod:FirstSeal","floor":36.0},{"not_picked":["hexamod:SuperheatedStrike+1","hexamod:ThermalTransfer+1"],"picked":"hexamod:ApocalypticArmor","floor":36.0},{"not_picked":["hexamod:BurningTouch+1","hexamod:GhostShield+1","hexamod:SpectralSpark"],"picked":"SKIP","floor":36.0},{"not_picked":["expansioncontent:PolyBeam","expansioncontent:LastStand"],"picked":"expansioncontent:PrepareCrush","floor":37.0},{"not_picked":["hexamod:FirstSeal","hexamod:ThirdSeal"],"picked":"hexamod:FourthSeal","floor":38},{"not_picked":["hexamod:HauntingEcho+1","hexamod:NightmareStrike+1","hexamod:AdvancingGuard"],"picked":"SKIP","floor":38},{"not_picked":["hexamod:FirstSeal","hexamod:BacktrackSmack+1","hexamod:HeatCrush+1"],"picked":"SKIP","floor":38},{"not_picked":["hexamod:ThirdSeal","hexamod:PhantomFireball","hexamod:ThermalTransfer+1"],"picked":"SKIP","floor":39},{"not_picked":["hexamod:NightmareGuise","hexamod:HeatMetal+1","hexamod:AdvancingGuard+1"],"picked":"SKIP","floor":39},{"not_picked":["hexamod:ThirdSeal","hexamod:FirstSeal"],"picked":"hexamod:SecondSeal","floor":40},{"not_picked":["hexamod:FastForward","hexamod:FlamesFromBeyond","hexamod:HeatCrush+1"],"picked":"SKIP","floor":40},{"not_picked":["hexamod:ThermalTransfer+1","hexamod:ThirdSeal","hexamod:ExtraCrispy"],"picked":"SKIP","floor":40},{"not_picked":["hexamod:PhantomFireball","hexamod:DynamicBlow+1"],"picked":"hexamod:Hexaguard","floor":44},{"not_picked":["hexamod:SixthSeal","hexamod:FirstSeal","hexamod:SecondSeal"],"picked":"SKIP","floor":44},{"not_picked":["hexamod:AdvancingGuard+1","hexamod:GhostOfSpirePast+1","hexamod:PowerFromBeyond"],"picked":"SKIP","floor":45},{"not_picked":["hexamod:PhantomCloak+1","hexamod:AdvancingGuard"],"picked":"hexamod:HexaLevel","floor":48},{"not_picked":["hexamod:GhostflameBarrier+1","hexamod:HeatShield+1","hexamod:AdvancingGuard+1"],"picked":"SKIP","floor":48},{"not_picked":["hexamod:ThermalTransfer","hexamod:Firestarter"],"picked":"hexamod:RainOfEmbers+1","floor":49},{"not_picked":["hexamod:HauntingEcho","hexamod:RetreatToShadows"],"picked":"hexamod:RainOfEmbers+1","floor":52}],"player_experience":641064,"relics_obtained":[{"floor":6.0,"key":"Regal Pillow"},{"floor":7.0,"key":"bronze:BronzeIdol"},{"floor":10.0,"key":"downfall:CloakOfManyFaces"},{"floor":11.0,"key":"Meat on the Bone"},{"floor":14.0,"key":"downfall:GremlinWheel"},{"floor":26.0,"key":"sneckomod:BlankCard"},{"floor":29.0,"key":"Ice Cream"},{"floor":29.0,"key":"Sundial"},{"floor":30.0,"key":"Bronze Scales"},{"floor":40,"key":"Bottled Tornado"},{"floor":52,"key":"InkBottle"}],"event_choices":[{"damage_healed":0.0,"max_hp_gain":0.0,"max_hp_loss":0.0,"gold_gain":0.0,"event_name":"Lab","player_choice":"Got Potions","floor":22.0,"gold_loss":0.0,"damage_taken":0.0},{"cards_removed":["hexamod:Defend"],"damage_healed":0.0,"max_hp_gain":0.0,"max_hp_loss":0.0,"gold_gain":0.0,"event_name":"Wheel of Change","player_choice":"Card Removal","floor":28.0,"gold_loss":0.0,"damage_taken":0.0}],"is_beta":false,"boss_relics":[{"not_picked":["expansioncontent:StudyCardRelic","SlaversCollar"],"picked":"sneckomod:SneckoTalon"},{"not_picked":["Busted Crown","Astrolabe"],"picked":"Runic Dome"}],"items_purged_floors":[25,45],"is_endless":false,"potions_floor_spawned":[4,5,10,12,16,23,27,29,30,32,39,40,44],"ascension_level":11}}