{"host":"1gp1o2u6gt64xxzw","time":1611264927,"event":{"mods":["AchievementEnabler","BaseMod","Better Note","Colored Powertips","Highlight Path","HololiveMod","Minty Spire (QoL Compilation)","Quick Restart","Robot Space Explorer","StSLib","Unceasing Turn Reminder"],"gold_per_floor":[118,133,133,147,161,161,86,86,86,86,104,118,137,157,157,262,262,273,293,208,208,208,208],"floor_reached":22,"language":"ENG","playtime":822,"items_purged":["Strike_R"],"score":243,"play_id":"b596eb59-b28d-45ca-b60b-38601140a8fe","local_time":"20210121223527","is_ascension_mode":true,"campfire_choices":[{"data":"True Grit","floor":6.0,"key":"SMITH"},{"data":"Body Slam","floor":8.0,"key":"SMITH"},{"floor":10.0,"key":"REST"},{"data":"Body Slam","floor":15.0,"key":"SMITH"}],"circlet_count":0,"master_deck":["Strike_R","Strike_R","Strike_R","Strike_R","Defend_R","Defend_R","Defend_R","Defend_R","Bash","Cleave","Body Slam+1","Spot Weakness","True Grit+1","Body Slam+1","Warcry","Offering"],"relics":["Burning Blood","NeowsBlessing","Dream Catcher","Fusion Hammer","Darkstone Periapt","Peace Pipe"],"acts_visited":["Exordium","TheCity"],"potions_floor_usage":[22],"damage_taken":[{"damage":0.0,"enemies":"2 Louse","floor":1.0,"turns":1.0},{"damage":0.0,"enemies":"Cultist","floor":2.0,"turns":1.0},{"damage":0.0,"enemies":"Small Slimes","floor":4.0,"turns":1.0},{"damage":22.0,"enemies":"Looter","floor":5.0,"turns":3.0},{"damage":6.0,"enemies":"Blue Slaver","floor":11.0,"turns":4.0},{"damage":12.0,"enemies":"2 Fungi Beasts","floor":12.0,"turns":4.0},{"damage":11.0,"enemies":"Exordium Wildlife","floor":13.0,"turns":4.0},{"damage":2.0,"enemies":"Gremlin Gang","floor":14.0,"turns":4.0},{"damage":69.0,"enemies":"Hexaghost","floor":16.0,"turns":9.0},{"damage":16.0,"enemies":"3 Byrds","floor":18.0,"turns":5.0},{"damage":26.0,"enemies":"2 Thieves","floor":19.0,"turns":4.0},{"damage":44,"enemies":"Shelled Parasite and Fungi","floor":22,"turns":4}],"seed_played":"450813784317576812","potions_obtained":[{"floor":1.0,"key":"ColorlessPotion"},{"floor":4.0,"key":"Regen Potion"},{"floor":11.0,"key":"LiquidBronze"},{"floor":16.0,"key":"Dexterity Potion"},{"floor":18.0,"key":"ColorlessPotion"}],"is_trial":false,"path_per_floor":["M","M","?","M","M","R","$","R","T","R","M","M","M","M","R","B",null,"M","M","?","?","M"],"character_chosen":"IRONCLAD","items_purchased":[],"campfire_rested":1,"item_purchase_floors":[],"current_hp_per_floor":[78,80,80,80,64,64,64,64,64,80,80,74,69,73,73,10,63,53,42,42,42,0,0],"gold":208,"neow_bonus":"THREE_ENEMY_KILL","is_daily":false,"chose_seed":false,"campfire_upgraded":3,"win_rate":0.0,"timestamp":1611264927,"path_taken":["M","M","?","M","M","R","$","R","T","R","M","M","?","M","R","BOSS","M","M","?","?","M"],"items_purchased_type":[],"build_version":"2020-12-22","purchased_purges":1,"victory":false,"max_hp_per_floor":[80,80,80,80,80,80,80,80,80,80,80,80,80,80,80,80,80,80,80,80,80,80,80],"card_choices":[{"not_picked":["Inflame","Reckless Charge"],"picked":"Cleave","floor":1.0},{"not_picked":["Clothesline","Twin Strike","Inflame"],"picked":"SKIP","floor":2.0},{"not_picked":["Evolve","Sentinel"],"picked":"Spot Weakness","floor":4.0},{"not_picked":["Disarm","Body Slam"],"picked":"True Grit","floor":5.0},{"not_picked":["Thunderclap","Heavy Blade"],"picked":"Body Slam","floor":10.0},{"not_picked":["Pummel","Sentinel"],"picked":"Warcry","floor":11.0},{"not_picked":["Pummel","Havoc","True Grit"],"picked":"SKIP","floor":12.0},{"not_picked":["Anger","Clothesline","Cleave"],"picked":"SKIP","floor":13.0},{"not_picked":["Body Slam","Uppercut","Headbutt"],"picked":"SKIP","floor":14.0},{"not_picked":["Bludgeon","Immolate"],"picked":"Offering","floor":16.0},{"not_picked":["Heavy Blade","Clash+1","Wild Strike+1"],"picked":"SKIP","floor":18.0},{"not_picked":["Thunderclap","Wild Strike","Clothesline"],"picked":"SKIP","floor":19.0}],"player_experience":389705,"relics_obtained":[{"floor":9.0,"key":"Dream Catcher"}],"event_choices":[{"damage_healed":0.0,"max_hp_gain":0.0,"max_hp_loss":0.0,"gold_gain":0.0,"event_name":"Match and Keep!","player_choice":"1 cards matched","floor":3.0,"gold_loss":0.0,"damage_taken":0.0,"cards_obtained":["Body Slam"]},{"damage_healed":0.0,"max_hp_gain":0.0,"max_hp_loss":0.0,"gold_gain":0.0,"event_name":"Addict","player_choice":"Obtained Relic","floor":20.0,"gold_loss":85.0,"damage_taken":0.0,"relics_obtained":["Darkstone Periapt"]},{"damage_healed":0.0,"max_hp_gain":0.0,"max_hp_loss":0.0,"gold_gain":0.0,"event_name":"The Mausoleum","player_choice":"Opened","floor":21.0,"gold_loss":0.0,"damage_taken":0.0,"relics_obtained":["Peace Pipe"]}],"is_beta":false,"boss_relics":[{"not_picked":["Velvet Choker","Snecko Eye"],"picked":"Fusion Hammer"}],"items_purged_floors":[7],"is_endless":false,"potions_floor_spawned":[1,4,11,16,18],"killed_by":"Shelled Parasite and Fungi","ascension_level":7}}