{"host":"og6lam4kt3nibbw0","time":1611246827,"event":{"mods":["AchievementEnabler","BaseMod","Colored Map","DeckTracker","Highlight Path","Keyboard Shortcuts","Minty Spire (QoL Compilation)","Permanent Neow","Quick Restart","StSLib","SuperFastMode"],"gold_per_floor":[10,28,28,28,43,74,74,87,111,129,43,83,99,114,114,204,204,158,158,208,208,208],"floor_reached":21,"language":"KOR","playtime":1053,"items_purged":[],"score":382,"play_id":"995d7762-0489-4851-ac56-f4da6fd97b8e","local_time":"20210122013347","is_ascension_mode":true,"campfire_choices":[{"data":"Rampage","floor":7.0,"key":"SMITH"},{"floor":15.0,"key":"REST"}],"circlet_count":0,"master_deck":["AscendersBane","Strike_R+1","Strike_R","Strike_R","Strike_R","Strike_R","Defend_R","Defend_R","Defend_R","Defend_R","Bash","Warcry","Havoc","Clash+1","Rampage+1","Headbutt","Seeing Red","Second Wind","Metallicize","Spot Weakness","Blood for Blood","Limit Break","Power Through","Writhe"],"relics":["Black Blood","Golden Idol","Akabeko","PreservedInsect","Whetstone","Bronze Scales"],"acts_visited":["Exordium","TheCity"],"potions_floor_usage":[],"damage_taken":[{"damage":1.0,"enemies":"2 Louse","floor":1.0,"turns":3.0},{"damage":12.0,"enemies":"Jaw Worm","floor":2.0,"turns":3.0},{"damage":10.0,"enemies":"Small Slimes","floor":5.0,"turns":3.0},{"damage":60.0,"enemies":"3 Sentries","floor":6.0,"turns":14.0},{"damage":16.0,"enemies":"Blue Slaver","floor":8.0,"turns":3.0},{"damage":18.0,"enemies":"Exordium Thugs","floor":10.0,"turns":4.0},{"damage":10.0,"enemies":"Lagavulin","floor":12.0,"turns":4.0},{"damage":12.0,"enemies":"Exordium Wildlife","floor":13.0,"turns":4.0},{"damage":0.0,"enemies":"2 Fungi Beasts","floor":14.0,"turns":2.0},{"damage":35.0,"enemies":"The Guardian","floor":16.0,"turns":11.0},{"damage":41.0,"enemies":"2 Thieves","floor":18.0,"turns":5.0},{"damage":39,"enemies":"Shell Parasite","floor":21,"turns":3}],"seed_played":"8192016986114235894","potions_obtained":[{"floor":2.0,"key":"GamblersBrew"},{"floor":6.0,"key":"BloodPotion"},{"floor":10.0,"key":"Fire Potion"},{"floor":13.0,"key":"ColorlessPotion"}],"is_trial":false,"path_per_floor":["M","M","?","$","M","E","R","M","T","M","$","E","M","M","R","B",null,"M","?","?","M"],"character_chosen":"IRONCLAD","items_purchased":["Second Wind"],"campfire_rested":1,"item_purchase_floors":[11],"current_hp_per_floor":[87,81,81,81,77,23,23,29,29,17,17,13,7,13,37,8,63,34,34,34,0,0],"gold":208,"neow_bonus":"TWENTY_PERCENT_HP_BONUS","is_daily":false,"chose_seed":false,"campfire_upgraded":1,"win_rate":0.0,"timestamp":1611246827,"path_taken":["M","M","?","?","M","E","R","M","T","M","$","E","M","M","R","BOSS","M","?","?","M"],"items_purchased_type":["Card"],"build_version":"2020-12-22","purchased_purges":0,"victory":false,"max_hp_per_floor":[89,89,81,81,81,81,81,81,81,81,81,81,81,81,81,81,81,81,81,81,81,81],"card_choices":[{"not_picked":["Twin Strike","Ghostly Armor"],"picked":"Warcry","floor":1.0},{"not_picked":["Flex","Double Tap"],"picked":"Havoc","floor":2.0},{"not_picked":["Iron Wave","Clothesline"],"picked":"Clash","floor":5.0},{"not_picked":["Warcry","Clash"],"picked":"Rampage","floor":6.0},{"not_picked":["Sentinel","Dropkick"],"picked":"Headbutt","floor":8.0},{"not_picked":["Warcry","Sever Soul"],"picked":"Seeing Red","floor":10.0},{"not_picked":["Clash","Pummel"],"picked":"Metallicize","floor":12.0},{"not_picked":["Sword Boomerang","Dropkick"],"picked":"Spot Weakness","floor":13.0},{"not_picked":["Dark Embrace","Flex"],"picked":"Blood for Blood","floor":14.0},{"not_picked":["Brutality","Feed"],"picked":"Limit Break","floor":16.0},{"not_picked":["Perfected Strike","Wild Strike+1"],"picked":"Power Through","floor":18.0}],"player_experience":931967,"relics_obtained":[{"floor":6.0,"key":"Akabeko"},{"floor":9.0,"key":"PreservedInsect"},{"floor":12.0,"key":"Whetstone"}],"event_choices":[{"damage_healed":0.0,"max_hp_gain":0.0,"max_hp_loss":8.0,"gold_gain":0.0,"event_name":"Golden Idol","player_choice":"Lose Max HP","floor":3.0,"gold_loss":0.0,"damage_taken":0.0,"relics_obtained":["Golden Idol"]},{"damage_healed":0.0,"max_hp_gain":0.0,"max_hp_loss":0.0,"gold_gain":0.0,"event_name":"The Mausoleum","player_choice":"Opened","floor":19.0,"gold_loss":0.0,"damage_taken":0.0,"relics_obtained":["Bronze Scales"],"cards_obtained":["Writhe"]},{"damage_healed":0.0,"max_hp_gain":0.0,"max_hp_loss":0.0,"gold_gain":100.0,"event_name":"The Joust","player_choice":"Bet on Murderer","floor":20.0,"gold_loss":50.0,"damage_taken":0.0}],"is_beta":false,"boss_relics":[{"not_picked":["Tiny House","Ectoplasm"],"picked":"Black Blood"}],"items_purged_floors":[],"is_endless":false,"potions_floor_spawned":[2,6,10,13],"killed_by":"Shell Parasite","ascension_level":20}}