{"host":"d9m9v0h6vo0edadb","time":1611236742,"event":{"mods":["BaseMod","Hermit","Keyboard Shortcuts","Minty Spire (QoL Compilation)","StSLib","SuperFastMode","The Cursed"],"gold_per_floor":[110,122,138,63,75,75,87,87,133,145,163,193,193,228,228,305,305,322,38,38,52,71,99,99,111,111,140,140,159,193,206,206,206,206],"floor_reached":33,"language":"KOR","playtime":493,"items_purged":["Strike_B"],"score":742,"play_id":"d00eba97-8b54-4776-b4a3-48e1383c3a3f","local_time":"20210121224542","is_ascension_mode":true,"campfire_choices":[{"data":"Tempest","floor":6.0,"key":"SMITH"},{"data":"Lockon","floor":8.0,"key":"SMITH"},{"floor":15.0,"key":"REST"},{"data":"Barrage","floor":24.0,"key":"SMITH"},{"floor":28.0,"key":"REST"},{"data":"Defragment","floor":32.0,"key":"SMITH"}],"circlet_count":0,"master_deck":["AscendersBane","Strike_B","Strike_B","Defend_B","Defend_B","Defend_B","Defend_B","Zap","Dualcast","Cold Snap","Tempest+1","Lockon+1","BootSequence","Ball Lightning","Go for the Eyes","Barrage+1","Biased Cognition+1","Electrodynamics","CurseOfTheBell","Compile Driver+1","Turbo+1","Gash","Chill+1","Coolheaded+1","Defragment+1"],"relics":["Cracked Core","PreservedInsect","HornCleat","Anchor","Calling Bell","Pen Nib","Symbiotic Virus","FossilizedHelix","Toxic Egg 2","Ornamental Fan","Cables","Blue Candle","Art of War"],"acts_visited":["Exordium","TheCity"],"potions_floor_usage":[],"damage_taken":[{"damage":1.0,"enemies":"2 Louse","floor":1.0,"turns":3.0},{"damage":0.0,"enemies":"Cultist","floor":2.0,"turns":3.0},{"damage":5.0,"enemies":"Jaw Worm","floor":3.0,"turns":5.0},{"damage":10.0,"enemies":"Looter","floor":5.0,"turns":3.0},{"damage":14.0,"enemies":"Exordium Thugs","floor":7.0,"turns":5.0},{"damage":4.0,"enemies":"2 Fungi Beasts","floor":10.0,"turns":3.0},{"damage":0.0,"enemies":"Lots of Slimes","floor":11.0,"turns":3.0},{"damage":7.0,"enemies":"Gremlin Nob","floor":12.0,"turns":3.0},{"damage":15.0,"enemies":"Lagavulin","floor":14.0,"turns":5.0},{"damage":10.0,"enemies":"The Guardian","floor":16.0,"turns":9.0},{"damage":11.0,"enemies":"Spheric Guardian","floor":18.0,"turns":4.0},{"damage":0.0,"enemies":"Chosen","floor":21.0,"turns":3.0},{"damage":0.0,"enemies":"Snake Plant","floor":22.0,"turns":2.0},{"damage":0.0,"enemies":"Gremlin Leader","floor":23.0,"turns":3.0},{"damage":13.0,"enemies":"Centurion and Healer","floor":25.0,"turns":7.0},{"damage":0.0,"enemies":"Book of Stabbing","floor":27.0,"turns":3.0},{"damage":12.0,"enemies":"Cultist and Chosen","floor":29.0,"turns":6.0},{"damage":11.0,"enemies":"Gremlin Leader","floor":30.0,"turns":5.0},{"damage":0.0,"enemies":"Snake Plant","floor":31.0,"turns":3.0},{"damage":39,"enemies":"Collector","floor":33,"turns":7}],"seed_played":"-573422474593043942","potions_obtained":[{"floor":3.0,"key":"FocusPotion"},{"floor":10.0,"key":"AttackPotion"},{"floor":12.0,"key":"Swift Potion"},{"floor":14.0,"key":"Strength Potion"},{"floor":18.0,"key":"FearPotion"},{"floor":22.0,"key":"FocusPotion"},{"floor":25.0,"key":"FocusPotion"}],"is_trial":false,"path_per_floor":["M","M","M","$","M","R","M","R","T","M","M","E","?","E","R","B",null,"M","$","?","M","M","E","R","M","T","E","R","M","E","M","R","B"],"character_chosen":"DEFECT","items_purchased":["Toxic Egg 2"],"campfire_rested":2,"item_purchase_floors":[19],"current_hp_per_floor":[63,63,58,58,48,48,34,34,34,30,30,23,23,8,29,19,58,47,47,47,47,47,47,47,34,34,34,55,43,32,32,32,0,0],"gold":206,"neow_bonus":"REMOVE_CARD","is_daily":false,"chose_seed":false,"campfire_upgraded":4,"win_rate":0.0,"timestamp":1611236742,"path_taken":["M","M","M","$","M","R","M","R","T","M","M","E","?","E","R","BOSS","M","$","?","?","M","E","R","M","T","E","R","M","E","M","R","BOSS"],"items_purchased_type":["Relic"],"build_version":"2020-12-22","purchased_purges":1,"victory":false,"max_hp_per_floor":[71,71,71,71,71,71,71,71,71,71,71,71,71,71,71,71,71,71,71,71,71,71,71,71,71,71,71,71,71,71,71,71,71,71],"card_choices":[{"not_picked":["BootSequence","Coolheaded"],"picked":"Cold Snap","floor":1.0},{"not_picked":["Sunder","Stack"],"picked":"Tempest","floor":2.0},{"not_picked":["Sweeping Beam","Steam"],"picked":"Lockon","floor":3.0},{"not_picked":["Steam","Redo"],"picked":"BootSequence","floor":5.0},{"not_picked":["Stack","Tempest"],"picked":"Ball Lightning","floor":7.0},{"not_picked":["Tempest","Consume"],"picked":"Go for the Eyes","floor":10.0},{"not_picked":["Cold Snap","Steam","Beam Cell"],"picked":"SKIP","floor":11.0},{"not_picked":["Reinforced Body","All For One"],"picked":"Barrage","floor":12.0},{"not_picked":["Coolheaded","Redo"],"picked":"Biased Cognition","floor":14.0},{"not_picked":["Buffer","Seek"],"picked":"Electrodynamics","floor":16.0},{"not_picked":["Turbo","Reprogram"],"picked":"Compile Driver+1","floor":18.0},{"not_picked":["Leap+1","Compile Driver"],"picked":"Turbo+1","floor":21.0},{"not_picked":["Go for the Eyes+1","Heatsinks"],"picked":"Gash","floor":22.0},{"not_picked":["Turbo+1","Cold Snap","Redo+1"],"picked":"SKIP","floor":23.0},{"not_picked":["Redo+1","Barrage","Beam Cell"],"picked":"SKIP","floor":25.0},{"not_picked":["Sunder","Stack+1","Heatsinks"],"picked":"SKIP","floor":27.0},{"not_picked":["Lockon","Doom and Gloom"],"picked":"Chill+1","floor":29.0},{"not_picked":["Leap+1","Hologram+1"],"picked":"Coolheaded+1","floor":30.0},{"not_picked":["Hello World","Hologram+1"],"picked":"Defragment","floor":31.0}],"player_experience":984204,"relics_obtained":[{"floor":9.0,"key":"PreservedInsect"},{"floor":12.0,"key":"HornCleat"},{"floor":14.0,"key":"Anchor"},{"floor":17.0,"key":"Pen Nib"},{"floor":17.0,"key":"Symbiotic Virus"},{"floor":17.0,"key":"FossilizedHelix"},{"floor":23.0,"key":"Ornamental Fan"},{"floor":26.0,"key":"Cables"},{"floor":27.0,"key":"Blue Candle"},{"floor":30.0,"key":"Art of War"}],"event_choices":[{"damage_healed":0.0,"max_hp_gain":0.0,"max_hp_loss":0.0,"gold_gain":0.0,"event_name":"Liars Game","player_choice":"Ignored","floor":13.0,"gold_loss":0.0,"damage_taken":0.0},{"damage_healed":0.0,"max_hp_gain":0.0,"max_hp_loss":0.0,"gold_gain":0.0,"event_name":"Accursed Blacksmith","player_choice":"Forge","floor":20.0,"gold_loss":0.0,"damage_taken":0.0,"cards_upgraded":["Biased Cognition"]}],"is_beta":false,"boss_relics":[{"not_picked":["Fusion Hammer","Runic Dome"],"picked":"Calling Bell"}],"items_purged_floors":[4],"is_endless":false,"potions_floor_spawned":[3,10,12,14,18,22,25],"killed_by":"Collector","ascension_level":20}}