{"host":"1ekl8hlbnopmdapi","time":1611269357,"event":{"mods":["AchievementEnabler","BaseMod","Colored Map","Colored Powertips","DeckTracker","Googly Eyes","Highlight Path","Minty Spire (QoL Compilation)","Relic Sorter","StSLib","Synergy Search"],"gold_per_floor":[119,119,133,83,96,96,123,133,133,133,133,146,146,146,146,245,245,260,185,185,195,39,72,72,106,153,153,178,187,187,216,225,225,225],"floor_reached":33,"language":"ENG","playtime":1049,"items_purged":[],"score":354,"play_id":"e5d58a62-dd38-45a6-879d-c87575bca4b7","local_time":"20210121174917","is_ascension_mode":true,"campfire_choices":[{"floor":6,"key":"RECALL"},{"floor":10,"key":"REST"},{"floor":13,"key":"REST"},{"data":"Envenom","floor":15,"key":"SMITH"},{"data":"Neutralize","floor":24,"key":"SMITH"},{"floor":29,"key":"REST"},{"floor":32,"key":"REST"}],"circlet_count":0,"master_deck":["Strike_G","Strike_G","Strike_G","Defend_G","Defend_G","Defend_G","Defend_G","Defend_G","Survivor","Neutralize+1","Dodge and Roll+1","Infinite Blades","Poisoned Stab","Envenom+1","Sucker Punch","Dagger Spray","Corpse Explosion","Poisoned Stab","Calculated Gamble+1","Blade Dance+1","Escape Plan","Backstab","Catalyst","After Image","Terror+1"],"relics":["Ring of the Snake","Bottled Flame","Meat on the Bone","Dream Catcher","SacredBark","Vajra","Eternal Feather","Matryoshka","CeramicFish","Anchor"],"acts_visited":["Exordium","TheCity"],"potions_floor_usage":[7,16,21,23,25],"damage_taken":[{"damage":7,"enemies":"Jaw Worm","floor":1,"turns":4},{"damage":2,"enemies":"Small Slimes","floor":3,"turns":5},{"damage":0,"enemies":"2 Louse","floor":5,"turns":3},{"damage":31,"enemies":"Gremlin Nob","floor":7,"turns":6},{"damage":19,"enemies":"Large Slime","floor":8,"turns":6},{"damage":13,"enemies":"Blue Slaver","floor":12,"turns":4},{"damage":30,"enemies":"Hexaghost","floor":16,"turns":9},{"damage":29,"enemies":"Shell Parasite","floor":18,"turns":10},{"damage":11,"enemies":"Spheric Guardian","floor":21,"turns":5},{"damage":6,"enemies":"Gremlin Leader","floor":23,"turns":8},{"damage":55,"enemies":"Slavers","floor":25,"turns":5},{"damage":12,"enemies":"Centurion and Healer","floor":28,"turns":6},{"damage":13,"enemies":"Chosen and Byrds","floor":31,"turns":6},{"damage":96,"enemies":"Automaton","floor":33,"turns":10}],"seed_played":"-2135462091645651785","potions_obtained":[{"floor":5,"key":"GamblersBrew"},{"floor":8,"key":"GamblersBrew"},{"floor":18,"key":"DuplicationPotion"},{"floor":21,"key":"SkillPotion"},{"floor":23,"key":"Poison Potion"},{"floor":28,"key":"FearPotion"}],"is_trial":false,"path_per_floor":["M","?","M","?","M","R","E","M","T","R","$","M","R","?","R","B",null,"M","?","?","M","$","E","R","E","T","?","M","R","?","M","R","B"],"character_chosen":"THE_SILENT","items_purchased":["Vajra"],"campfire_rested":4,"item_purchase_floors":[22],"current_hp_per_floor":[70,70,68,68,68,68,37,18,18,41,41,40,63,56,56,38,67,50,50,75,64,64,58,70,27,27,13,13,49,49,48,82,0,0],"gold":225,"neow_bonus":"TEN_PERCENT_HP_BONUS","is_daily":false,"chose_seed":false,"campfire_upgraded":2,"win_rate":0.0,"timestamp":1611269357,"path_taken":["M","?","M","?","M","R","E","M","T","R","$","M","R","?","R","BOSS","M","?","?","M","?","E","R","E","T","?","M","R","?","M","R","BOSS"],"items_purchased_type":["Relic"],"build_version":"2020-12-22","purchased_purges":0,"victory":false,"max_hp_per_floor":[77,77,77,77,77,77,77,77,77,77,77,77,77,77,77,77,77,77,77,77,77,77,77,77,77,77,82,82,82,82,82,82,82,82],"card_choices":[{"not_picked":["Catalyst","PiercingWail"],"picked":"Dodge and Roll","floor":1},{"not_picked":["Blur","Eviscerate"],"picked":"Infinite Blades","floor":3},{"not_picked":["Distraction","Prepared"],"picked":"Poisoned Stab","floor":5},{"not_picked":["Quick Slash","Reflex"],"picked":"Envenom","floor":7},{"not_picked":["Slice","Poisoned Stab"],"picked":"Sucker Punch","floor":8},{"not_picked":["Underhanded Strike","Dash"],"picked":"Dagger Spray","floor":12},{"not_picked":["Adrenaline","Bullet Time"],"picked":"Corpse Explosion","floor":16},{"not_picked":["Eviscerate","Escape Plan"],"picked":"Poisoned Stab","floor":18},{"not_picked":["Deadly Poison","Cloak And Dagger"],"picked":"Calculated Gamble+1","floor":21},{"not_picked":["Choke","Deadly Poison"],"picked":"Blade Dance+1","floor":23},{"not_picked":["Underhanded Strike","Flying Knee"],"picked":"Escape Plan","floor":25},{"not_picked":["Prepared+1","Distraction"],"picked":"Backstab","floor":28},{"not_picked":["Deadly Poison","Reflex+1"],"picked":"Catalyst","floor":29},{"not_picked":["Dagger Spray","Acrobatics"],"picked":"After Image","floor":31},{"not_picked":["Deadly Poison+1","Poisoned Stab"],"picked":"Terror+1","floor":32}],"player_experience":481804,"relics_obtained":[{"floor":7,"key":"Bottled Flame"},{"floor":9,"key":"Meat on the Bone"},{"floor":23,"key":"Eternal Feather"},{"floor":25,"key":"Matryoshka"},{"floor":26,"key":"CeramicFish"},{"floor":26,"key":"Anchor"}],"event_choices":[{"damage_healed":0,"gold_gain":0,"player_choice":"Grow","damage_taken":0,"max_hp_gain":0,"max_hp_loss":0,"event_name":"Living Wall","floor":2,"gold_loss":0,"cards_upgraded":["Dodge and Roll"]},{"cards_removed":["Strike_G"],"damage_healed":0,"gold_gain":0,"player_choice":"Card Removal","damage_taken":0,"max_hp_gain":0,"max_hp_loss":0,"event_name":"The Cleric","floor":4,"gold_loss":50},{"damage_healed":0,"gold_gain":0,"player_choice":"Success","damage_taken":7,"relics_obtained":["Dream Catcher"],"max_hp_gain":0,"max_hp_loss":0,"event_name":"Scrap Ooze","floor":14,"gold_loss":0},{"cards_removed":["Strike_G"],"damage_healed":0,"gold_gain":0,"player_choice":"Gave Gold","damage_taken":0,"max_hp_gain":0,"max_hp_loss":0,"event_name":"Beggar","floor":19,"gold_loss":75},{"damage_healed":25,"gold_gain":0,"player_choice":"Heal","damage_taken":0,"max_hp_gain":0,"max_hp_loss":0,"event_name":"The Library","floor":20,"gold_loss":0},{"damage_healed":0,"gold_gain":0,"player_choice":"Shed Blood","damage_taken":19,"max_hp_gain":5,"max_hp_loss":0,"event_name":"Forgotten Altar","floor":27,"gold_loss":0},{"damage_healed":0,"gold_gain":0,"player_choice":"Ignored","damage_taken":0,"max_hp_gain":0,"max_hp_loss":0,"event_name":"Vampires","floor":30,"gold_loss":0}],"is_beta":false,"boss_relics":[{"not_picked":["Pandora\u0027s Box","Runic Pyramid"],"picked":"SacredBark"}],"items_purged_floors":[],"is_endless":false,"potions_floor_spawned":[5,8,18,21,23,28],"killed_by":"Automaton","ascension_level":5}}