{"host":"ishme5wb80o83upk","time":1611266800,"event":{"mods":["Arknights The Spire","BaseMod","Minty Spire (QoL Compilation)","StSLib"],"gold_per_floor":[111,111,61,80,97,125,125,158,185,185,185,210,210,226,226,347,347,360,375,375,375,375],"floor_reached":21,"language":"KOR","playtime":742,"items_purged":[],"score":340,"play_id":"96bdd54e-991f-4acb-a481-a5bb783bc7b1","local_time":"20210122070640","is_ascension_mode":true,"campfire_choices":[{"data":"ats:Armor Crushing Shot","floor":7,"key":"SMITH"},{"data":"ats:Emotion Absorption","floor":10,"key":"SMITH"},{"data":"ats:Overload","floor":15,"key":"SMITH"}],"circlet_count":0,"master_deck":["ats:Strike C","ats:Strike S","ats:Armor Crushing Shot+1","ats:Defend","ats:Defend","ats:Defend","ats:Defend","ats:Emotion Absorption+1","ats:Very Hot Blade","ats:Overload+1","ats:Defend Order","ats:Shell Defense","ats:Shadow Raid","ats:Guardian Obelisk","ats:Volcano","ats:Serious Mode+1","Writhe"],"relics":["ats:Sanity","ats:Originium","Oddly Smooth Stone","Akabeko","Regal Pillow","Dead Branch","Blue Candle","Golden Idol","SacredBark","Smiling Mask"],"acts_visited":["Exordium","TheCity"],"potions_floor_usage":[16],"damage_taken":[{"damage":1,"enemies":"Cultist","floor":1,"turns":4},{"damage":2,"enemies":"Jaw Worm","floor":4,"turns":3},{"damage":0,"enemies":"Small Slimes","floor":5,"turns":2},{"damage":35,"enemies":"Lagavulin","floor":6,"turns":8},{"damage":10,"enemies":"Gremlin Nob","floor":8,"turns":3},{"damage":0,"enemies":"Lagavulin","floor":12,"turns":6},{"damage":0,"enemies":"3 Louse","floor":14,"turns":3},{"damage":0,"enemies":"Hexaghost","floor":16,"turns":6},{"damage":0,"enemies":"2 Thieves","floor":18,"turns":4},{"damage":26,"enemies":"Spheric Guardian","floor":19,"turns":6},{"damage":24,"enemies":"Cultist and Chosen","floor":21,"turns":6}],"seed_played":"7764352370132777004","potions_obtained":[{"floor":5,"key":"ats:Top Emergency Sanity Potion"},{"floor":8,"key":"CultistPotion"},{"floor":12,"key":"PowerPotion"}],"is_trial":false,"path_per_floor":["M","?","?","M","M","E","R","E","T","R","?","E","?","M","R","B",null,"M","M","?","M"],"character_chosen":"DOCTOR_CLASS","items_purchased":[],"campfire_rested":0,"item_purchase_floors":[],"current_hp_per_floor":[71,76,76,74,74,39,39,29,29,29,22,28,28,30,30,32,61,61,43,43,21,21],"gold":375,"neow_bonus":"TRANSFORM_CARD","is_daily":false,"chose_seed":false,"campfire_upgraded":3,"win_rate":0.0,"timestamp":1611266800,"path_taken":["M","?","?","M","M","E","R","E","T","R","?","E","?","M","R","BOSS","M","M","?","M"],"items_purchased_type":[],"build_version":"2020-12-22","purchased_purges":0,"victory":false,"max_hp_per_floor":[72,77,77,77,77,77,77,77,77,77,77,77,71,71,71,71,71,71,71,71,71,71],"card_choices":[{"not_picked":["ats:Blood Oath","ats:Revitalization"],"picked":"ats:Overload","floor":1},{"not_picked":["ats:Poison Spread","ats:Leaping Hammer"],"picked":"ats:Defend Order","floor":4},{"not_picked":["ats:Childhood Dance","ats:Ignite"],"picked":"ats:Shell Defense","floor":5},{"not_picked":["ats:Overload","ats:Poison Spread"],"picked":"ats:Shadow Raid","floor":6},{"not_picked":["ats:Shell Defense","ats:Consecutive Shot Auto"],"picked":"ats:Guardian Obelisk","floor":8},{"not_picked":["ats:Roar Of Ursus","ats:Explosion Area Strengthen","ats:Leaping Hammer"],"picked":"SKIP","floor":12},{"not_picked":["ats:Leaping Hammer","ats:Shell Defense","ats:Explosion Area Strengthen"],"picked":"SKIP","floor":14},{"not_picked":["ats:Soul Rend","ats:Rat Pack"],"picked":"ats:Volcano","floor":16},{"not_picked":["ats:Apocalypse","ats:Leaping Hammer+1","ats:Childhood Dance+1"],"picked":"SKIP","floor":18},{"not_picked":["ats:Childhood Dance","ats:Sword Rain"],"picked":"ats:Serious Mode+1","floor":19}],"player_experience":1083187,"relics_obtained":[{"floor":6,"key":"ats:Originium"},{"floor":6,"key":"Oddly Smooth Stone"},{"floor":8,"key":"ats:Originium"},{"floor":8,"key":"Akabeko"},{"floor":9,"key":"Regal Pillow"},{"floor":12,"key":"ats:Originium"},{"floor":12,"key":"Blue Candle"}],"event_choices":[{"damage_healed":0,"gold_gain":0,"player_choice":"Donut","damage_taken":0,"max_hp_gain":5,"max_hp_loss":0,"event_name":"Big Fish","floor":2,"gold_loss":0},{"cards_removed":["ats:Strike G"],"damage_healed":0,"gold_gain":0,"player_choice":"Card Removal","damage_taken":0,"max_hp_gain":0,"max_hp_loss":0,"event_name":"The Cleric","floor":3,"gold_loss":50},{"damage_healed":0,"gold_gain":0,"player_choice":"Success","damage_taken":7,"relics_obtained":["Dead Branch"],"max_hp_gain":0,"max_hp_loss":0,"event_name":"Scrap Ooze","floor":11,"gold_loss":0},{"damage_healed":0,"gold_gain":0,"player_choice":"Lose Max HP","damage_taken":0,"relics_obtained":["Golden Idol"],"max_hp_gain":0,"max_hp_loss":6,"event_name":"Golden Idol","floor":13,"gold_loss":0},{"damage_healed":0,"gold_gain":0,"player_choice":"Opened","damage_taken":0,"relics_obtained":["Smiling Mask"],"max_hp_gain":0,"max_hp_loss":0,"event_name":"The Mausoleum","floor":20,"gold_loss":0,"cards_obtained":["Writhe"]}],"is_beta":false,"boss_relics":[{"not_picked":["Fusion Hammer","ats:Sanity Plus"],"picked":"SacredBark"}],"items_purged_floors":[],"is_endless":false,"potions_floor_spawned":[5,8,12],"killed_by":"Cultist and Chosen","ascension_level":5}}