{"host":"ctlqibkg0sskiu65","time":1611209683,"event":{"mods":["AchievementEnabler","Aspiration","BaseMod","BetterRewards","Colored Map","Colored Powertips","Conspire","Fiend Mod","Infinite Spire","Minty Spire (QoL Compilation)","Quick Restart","Replay The Spire","Shop Mod","StSLib","The Bladedancer","The Cursed","The Hierophant","The Jungle","The Kombatant","The Servant 0.9.4","TheBandit"],"gold_per_floor":[116,191,204,204,220,220,238,238,264,278,312,328,7,27,27,101,101,113,93,93,109,9,9,38,38,38,38,51,51,62,93,93,170,170,189,25,25,41,41,41,59,93,93,93,193,204,204,215,215,215],"floor_reached":51,"language":"ENG","playtime":1961,"items_purged":["Strike_G","Strike_G"],"score":1763,"play_id":"a3ac548e-e001-4099-8a66-8127753d686a","local_time":"20210121001443","is_ascension_mode":true,"campfire_choices":[{"data":"Blade Dance","floor":6,"key":"SMITH"},{"data":"Dodge and Roll","floor":8,"key":"SMITH"},{"data":"infinitespire:Neurotoxin","floor":15,"key":"SMITH"},{"data":"infinitespire:Execution","floor":23,"key":"SMITH"},{"data":"Caltrops","floor":25,"key":"SMITH"},{"data":"Backstab","floor":27,"key":"SMITH"},{"data":"Terror","floor":29,"key":"SMITH"},{"data":"Dagger Spray","floor":32,"key":"SMITH"},{"data":"Adrenaline","floor":40,"key":"SMITH"},{"data":"After Image","floor":44,"key":"SMITH"},{"data":"Burst","floor":47,"key":"SMITH"},{"floor":49,"key":"REST"}],"circlet_count":0,"master_deck":["AscendersBane","Strike_G","Strike_G","Strike_G+1","Defend_G","Defend_G","Defend_G","Defend_G","Defend_G","Survivor","Neutralize","Terror+1","Blade Dance+1","Dodge and Roll+1","Cloak And Dagger","infinitespire:Neurotoxin+1","Dagger Spray+1","Backstab+1","infinitespire:Execution+1","PiercingWail","Caltrops+1","Burst+1","Prepared+1","Adrenaline+1","After Image+1"],"relics":["Ring of the Snake","infinitespire:WardingShard","Bronze Scales","Sling","Art of War","Quantum Egg","conspire:DeflatedDodgeball","conspire:SpecialSausage","aspiration:KaomsHeart"],"acts_visited":["Exordium","TheCity","TheBeyond"],"potions_floor_usage":[5,7,11,16,21,24,30,33,41,41,41],"damage_taken":[{"damage":0,"enemies":"Jaw Worm","floor":1,"turns":5},{"damage":0,"enemies":"Small Slimes","floor":3,"turns":5},{"damage":0,"enemies":"Cultist","floor":5,"turns":3},{"damage":0,"enemies":"Lots of Slimes","floor":7,"turns":2},{"damage":0,"enemies":"Blue Slaver","floor":10,"turns":4},{"damage":9,"enemies":"Gremlin Nob","floor":11,"turns":3},{"damage":1,"enemies":"Large Slime","floor":12,"turns":5},{"damage":0,"enemies":"Exordium Wildlife","floor":14,"turns":3},{"damage":8,"enemies":"The Guardian","floor":16,"turns":12},{"damage":0,"enemies":"Shell Parasite","floor":18,"turns":5},{"damage":0,"enemies":"Chosen","floor":21,"turns":3},{"damage":4,"enemies":"Slavers","floor":24,"turns":5},{"damage":0,"enemies":"Centurion and Healer","floor":28,"turns":5},{"damage":6,"enemies":"Snake Plant","floor":30,"turns":4},{"damage":0,"enemies":"conspire:MimicChest","floor":31,"turns":5},{"damage":7,"enemies":"Pondfish","floor":33,"turns":10},{"damage":0,"enemies":"3 Shapes","floor":35,"turns":3},{"damage":0,"enemies":"Orb Walker","floor":38,"turns":3},{"damage":16,"enemies":"Writhing Mass","floor":41,"turns":3},{"damage":36,"enemies":"Nemesis","floor":42,"turns":5},{"damage":3,"enemies":"4 Shapes","floor":46,"turns":7},{"damage":0,"enemies":"Maw","floor":48,"turns":6},{"damage":28,"enemies":"Replay:Hell Engine","floor":50,"turns":8}],"seed_played":"-948577645522816332","potions_obtained":[{"floor":1,"key":"Adrenaline Potion"},{"floor":5,"key":"Explosive Potion"},{"floor":7,"key":"ColorlessPotion"},{"floor":14,"key":"Weak Potion"},{"floor":16,"key":"PowerPotion"},{"floor":19,"key":"FearPotion"},{"floor":28,"key":"Adrenaline Potion"},{"floor":30,"key":"Explosive Potion"},{"floor":33,"key":"Swift Potion"},{"floor":38,"key":"LiquidMemories"},{"floor":41,"key":"Fruit Juice"}],"is_trial":false,"path_per_floor":["M","?","M","?","M","R","M","R","T","M","E","M","$","M","R","B",null,"M","?","AVR","M","$","R","E","R","T","R","M","R","M","?","R","B",null,"M","$","?","M","$","R","M","E","T","R","?","M","R","M","R","B",null],"character_chosen":"THE_SILENT","items_purchased":["infinitespire:WardingShard","Bronze Scales","Sling","conspire:DeflatedDodgeball","aspiration:KMNothing","aspiration:KMNothing","aspiration:KMNothing","Adrenaline"],"campfire_rested":1,"item_purchase_floors":[0,0,0,13,22,22,22,36],"current_hp_per_floor":[63,52,52,52,52,52,52,52,52,52,43,42,42,42,42,34,61,61,61,161,161,161,161,157,157,157,157,157,157,151,151,151,144,164,164,164,164,164,164,164,153,117,117,117,117,114,114,114,166,138],"gold":215,"neow_bonus":"","is_daily":false,"chose_seed":false,"campfire_upgraded":11,"win_rate":0.0,"timestamp":1611209683,"path_taken":["M","?","M","?","M","R","M","R","T","M","E","M","$","M","R","BOSS","M","?","AVR","M","?","R","E","R","T","R","M","R","?","?","R","BOSS","M","$","?","M","?","R","M","E","T","R","?","M","R","?","R","BOSS"],"items_purchased_type":["Relic","Relic","Relic","Relic","Relic","Relic","Relic","Card"],"build_version":"2020-12-22","purchased_purges":2,"victory":true,"max_hp_per_floor":[70,70,70,70,70,70,70,70,70,70,70,70,70,70,70,70,70,70,70,170,170,170,170,170,170,170,170,170,170,170,170,170,170,170,170,170,170,170,170,170,175,175,175,175,175,175,175,175,175,175],"card_choices":[{"not_picked":["Outmaneuver","Dagger Throw"],"picked":"Terror","floor":1},{"not_picked":["Quick Slash","Reflex","Acrobatics"],"picked":"SKIP","floor":3},{"not_picked":["Dagger Throw","Outmaneuver"],"picked":"Blade Dance","floor":5},{"not_picked":["Noxious Fumes","Outmaneuver"],"picked":"Dodge and Roll","floor":7},{"not_picked":["PiercingWail","Poisoned Stab"],"picked":"Cloak And Dagger","floor":10},{"not_picked":["Atom Bomb","ReplayTheSpireMod:The Works"],"picked":"infinitespire:Neurotoxin","floor":11},{"not_picked":["Riddle With Holes","Hidden Blade"],"picked":"Dagger Spray","floor":12},{"not_picked":["Dodge and Roll","Deflect"],"picked":"Backstab","floor":14},{"not_picked":["Escape Plan","Prepared","Acrobatics"],"picked":"SKIP","floor":18},{"not_picked":["Crippling Poison","Dagger Throw"],"picked":"PiercingWail","floor":21},{"not_picked":["Setup","Deadly Poison"],"picked":"Caltrops","floor":24},{"not_picked":["Masterful Stab","Backflip","Deadly Poison"],"picked":"SKIP","floor":28},{"not_picked":["Acrobatics","Cloak And Dagger","Underhanded Strike"],"picked":"SKIP","floor":30},{"not_picked":["Unload","Grand Finale"],"picked":"Burst","floor":33},{"not_picked":["Dagger Throw+1","Bane+1"],"picked":"Prepared+1","floor":35},{"not_picked":["Predator","Slice+1","Eviscerate"],"picked":"SKIP","floor":38},{"not_picked":["Acrobatics","Terror+1"],"picked":"After Image","floor":41},{"not_picked":["Accuracy","Bane+1","Slice"],"picked":"SKIP","floor":42},{"not_picked":["Flechettes","Flying Knee","ReplayTheSpireMod:Shiv Toss"],"picked":"SKIP","floor":46},{"not_picked":["Dagger Throw+1","Backflip+1","Dagger Spray"],"picked":"SKIP","floor":48}],"player_experience":207821,"relics_obtained":[{"floor":9,"key":"Art of War"},{"floor":11,"key":"Quantum Egg"},{"floor":24,"key":"aspiration:KMNothing"},{"floor":26,"key":"aspiration:KMNothing"},{"floor":31,"key":"aspiration:KMNothing"},{"floor":42,"key":"aspiration:KMNothing"},{"floor":43,"key":"aspiration:KMNothing"}],"event_choices":[{"damage_healed":0,"gold_gain":75,"player_choice":"Gather Gold","damage_taken":11,"max_hp_gain":0,"max_hp_loss":0,"event_name":"World of Goop","floor":2,"gold_loss":0},{"damage_healed":0,"gold_gain":0,"player_choice":"Bought 1 Potion","damage_taken":0,"max_hp_gain":0,"max_hp_loss":0,"event_name":"The Woman in Blue","floor":19,"gold_loss":0},{"damage_healed":0,"gold_gain":0,"player_choice":"Ignored","damage_taken":0,"max_hp_gain":0,"max_hp_loss":0,"event_name":"WeMeetAgain","floor":37,"gold_loss":0},{"damage_healed":0,"gold_gain":100,"player_choice":"Pray","damage_taken":0,"max_hp_gain":0,"max_hp_loss":0,"event_name":"Golden Shrine","floor":45,"gold_loss":0}],"is_beta":false,"boss_relics":[{"not_picked":["conspire:RoyalGoblet","conspire:SlowCooker"],"picked":"conspire:SpecialSausage"},{"not_picked":["aspiration:KMNothing","aspiration:KMNothing"],"picked":"aspiration:KMNothing"}],"items_purged_floors":[13,22],"is_endless":false,"potions_floor_spawned":[1,5,7,14,16,28,30,33,38,41],"ascension_level":13}}