{"host":"14itbdr21u872c1w","time":1611244766,"event":{"mods":["AchievementEnabler","BaseMod","Minty Spire (QoL Compilation)","StSLib","SuperFastMode","everything is the same but u backflip on backflip"],"gold_per_floor":[117,136,204,222,222,258,273,287,312,312,312],"floor_reached":10,"language":"KOR","playtime":206,"items_purged":[],"score":119,"play_id":"3b8e8ea2-357f-4089-927b-5a2665ff088b","local_time":"20210122005926","is_ascension_mode":true,"campfire_choices":[],"circlet_count":0,"master_deck":["AscendersBane","Strike_R","Strike_R","Strike_R","Strike_R","Strike_R","Defend_R","Defend_R","Defend_R","Defend_R","Bash","Carnage","Perfected Strike","Ghostly Armor","Shrug It Off","Uppercut","Seeing Red","Twin Strike"],"relics":["Burning Blood","Golden Idol","Peace Pipe","Bag of Marbles"],"acts_visited":["Exordium"],"potions_floor_usage":[6],"damage_taken":[{"damage":1,"enemies":"Cultist","floor":1,"turns":3},{"damage":7,"enemies":"Jaw Worm","floor":2,"turns":2},{"damage":8,"enemies":"Small Slimes","floor":4,"turns":4},{"damage":32,"enemies":"Gremlin Nob","floor":6,"turns":4},{"damage":10,"enemies":"Gremlin Gang","floor":7,"turns":6},{"damage":9,"enemies":"Red Slaver","floor":8,"turns":5},{"damage":27,"enemies":"3 Sentries","floor":10,"turns":6}],"seed_played":"-8733296307030522768","potions_obtained":[{"floor":2,"key":"ColorlessPotion"},{"floor":7,"key":"Strength Potion"}],"is_trial":false,"path_per_floor":["M","M","?","M","?","E","M","M","T","E"],"character_chosen":"IRONCLAD","items_purchased":[],"campfire_rested":0,"item_purchase_floors":[],"current_hp_per_floor":[73,72,72,70,52,26,22,19,19,0,0],"gold":312,"neow_bonus":"THREE_CARDS","is_daily":false,"chose_seed":true,"campfire_upgraded":0,"win_rate":0.0,"timestamp":1611244766,"path_taken":["M","?","?","M","?","E","M","M","T","E"],"items_purchased_type":[],"build_version":"2020-12-22","purchased_purges":0,"victory":false,"max_hp_per_floor":[75,75,75,75,75,75,75,75,75,75,75],"card_choices":[{"not_picked":["Dual Wield","Spot Weakness"],"picked":"Carnage","floor":0},{"not_picked":["Iron Wave","Pommel Strike"],"picked":"Perfected Strike","floor":1},{"not_picked":["Spot Weakness","Warcry"],"picked":"Ghostly Armor","floor":2},{"not_picked":["Cleave","Warcry"],"picked":"Shrug It Off","floor":4},{"not_picked":["Clothesline","Limit Break"],"picked":"Uppercut","floor":6},{"not_picked":["Clash","Sever Soul"],"picked":"Seeing Red","floor":7},{"not_picked":["Whirlwind","Armaments"],"picked":"Twin Strike","floor":8}],"player_experience":344465,"relics_obtained":[{"floor":6,"key":"Peace Pipe"},{"floor":9,"key":"Bag of Marbles"}],"event_choices":[{"damage_healed":0,"gold_gain":68,"player_choice":"Gained Gold","damage_taken":0,"max_hp_gain":0,"max_hp_loss":0,"event_name":"Golden Wing","floor":3,"gold_loss":0},{"damage_healed":0,"gold_gain":0,"player_choice":"Take Damage","damage_taken":18,"relics_obtained":["Golden Idol"],"max_hp_gain":0,"max_hp_loss":0,"event_name":"Golden Idol","floor":5,"gold_loss":0}],"is_beta":false,"boss_relics":[],"items_purged_floors":[],"is_endless":false,"potions_floor_spawned":[2,7],"killed_by":"3 Sentries","ascension_level":14}}