{"host":"zh52cun1g5egmafn","time":1609436554,"event":{"mods":["AchievementEnabler","BaseMod","DeckTracker","Highlight Path","Minty Spire (QoL Compilation)"],"gold_per_floor":[111,128,128,144,155,180,190,190,190,204,236,236,249,262,262,361,361,375,375,386,241,241,241,256,268,321,321,334,346,346,364,364,467,467,486,486,499,515,515,544,251,1,79,94,94,109,109,128,128,128],"floor_reached":51,"playtime":1108,"items_purged":[],"score":1047,"play_id":"eddd596d-af2a-44d5-9152-7046b15189c6","local_time":"20210101024234","is_ascension_mode":false,"campfire_choices":[{"data":"Lockon","floor":8.0,"key":"SMITH"},{"floor":12.0,"key":"REST"},{"floor":15.0,"key":"REST"},{"floor":30,"key":"REST"},{"floor":32,"key":"REST"},{"floor":45,"key":"REST"},{"floor":49,"key":"REST"}],"circlet_count":0,"master_deck":["Darkness+1","Darkness+1","Darkness+1","Multi-Cast+1","Lockon+1","Defragment+1","Defragment+1"],"relics":["FrozenCore","Sozu","Sozu","Sozu","Sozu","Sozu","Sozu","Sozu","Sozu","NeowsBlessing","Toy Ornithopter","Ancient Tea Set","Nunchaku","DataDisk","Orichalcum","Lantern","Calling Bell","Bag of Preparation","Darkstone Periapt","TungstenRod","Sozu","Sozu","Sozu","Sozu","Sozu","HandDrill","Necronomicon","Orichalcum","Bottled Lightning","Lizard Tail","Pear","Frozen Egg 2"],"acts_visited":["Exordium","TheCity","TheBeyond"],"potions_floor_usage":[],"damage_taken":[{"damage":0.0,"enemies":"Cultist","floor":1.0,"turns":1.0},{"damage":0.0,"enemies":"Small Slimes","floor":2.0,"turns":1.0},{"damage":0.0,"enemies":"Jaw Worm","floor":4.0,"turns":1.0},{"damage":0.0,"enemies":"Red Slaver","floor":5.0,"turns":1.0},{"damage":0.0,"enemies":"3 Sentries","floor":6.0,"turns":1.0},{"damage":0.0,"enemies":"Looter","floor":7.0,"turns":1.0},{"damage":0.0,"enemies":"Blue Slaver","floor":10.0,"turns":1.0},{"damage":0.0,"enemies":"Lagavulin","floor":11.0,"turns":1.0},{"damage":0.0,"enemies":"Exordium Thugs","floor":13.0,"turns":1.0},{"damage":0.0,"enemies":"Large Slime","floor":14.0,"turns":1.0},{"damage":0.0,"enemies":"The Guardian","floor":16.0,"turns":1.0},{"damage":0.0,"enemies":"3 Byrds","floor":18.0,"turns":1.0},{"damage":0.0,"enemies":"2 Thieves","floor":20.0,"turns":1.0},{"damage":0,"enemies":"Snecko","floor":24,"turns":1},{"damage":0,"enemies":"Centurion and Healer","floor":25,"turns":1},{"damage":0,"enemies":"Sentry and Sphere","floor":28,"turns":1},{"damage":0,"enemies":"3 Cultists","floor":29,"turns":1},{"damage":0,"enemies":"Centurion and Healer","floor":31,"turns":1},{"damage":0,"enemies":"Automaton","floor":33,"turns":1},{"damage":0,"enemies":"Orb Walker","floor":35,"turns":1},{"damage":0,"enemies":"3 Shapes","floor":37,"turns":1},{"damage":0,"enemies":"Transient","floor":38,"turns":2},{"damage":0,"enemies":"Reptomancer","floor":40,"turns":1},{"damage":0,"enemies":"Maw","floor":44,"turns":1},{"damage":0,"enemies":"Jaw Worm Horde","floor":46,"turns":1},{"damage":0,"enemies":"Spire Growth","floor":48,"turns":1},{"damage":0,"enemies":"Awakened One","floor":50,"turns":2}],"seed_played":"6615385933540520727","potions_obtained":[],"is_trial":false,"path_per_floor":["M","M","?","M","M","E","M","R","T","M","E","R","M","M","R","B",null,"M","?","M","$","?","?","M","M","T","$","M","M","R","M","R","B",null,"M","?","M","M","$","E","$","$","T","M","R","M","?","M","R","B",null],"character_chosen":"DEFECT","items_purchased":["HandDrill","Lizard Tail","Pear"],"campfire_rested":6,"item_purchase_floors":[21,41,42],"current_hp_per_floor":[75,75,75,75,75,75,75,75,75,75,75,75,75,75,75,75,75,75,75,75,75,69,55,55,55,55,55,55,55,80,80,86,86,86,86,86,86,86,86,86,86,96,96,96,96,96,96,96,96,96],"gold":128,"neow_bonus":"THREE_ENEMY_KILL","is_daily":false,"chose_seed":false,"campfire_upgraded":1,"win_rate":0.0,"timestamp":1609436554,"path_taken":["M","?","?","?","M","E","M","R","T","M","E","R","M","M","R","BOSS","M","?","?","$","?","?","M","M","T","$","M","M","R","M","R","BOSS","M","?","M","M","$","E","?","$","T","M","R","M","?","?","R","BOSS"],"items_purchased_type":["Relic","Relic","Relic"],"build_version":"2020-12-22","purchased_purges":0,"victory":true,"max_hp_per_floor":[75,75,75,75,75,75,75,75,75,75,75,75,75,75,75,75,75,75,75,75,75,81,86,86,86,86,86,86,86,86,86,86,86,86,86,86,86,86,86,86,86,96,96,96,96,96,96,96,96,96],"card_choices":[{"not_picked":["Go for the Eyes","Chill"],"picked":"Reprogram","floor":1.0},{"not_picked":["Barrage","Cold Snap","Conserve Battery"],"picked":"SKIP","floor":2.0},{"not_picked":["Sweeping Beam","Beam Cell","Stack"],"picked":"SKIP","floor":4.0},{"not_picked":["Force Field","Amplify","Ball Lightning"],"picked":"SKIP","floor":5.0},{"not_picked":["Static Discharge","Heatsinks"],"picked":"Lockon","floor":6.0},{"not_picked":["Redo","Turbo","Capacitor"],"picked":"SKIP","floor":7.0},{"not_picked":["Hologram","Coolheaded","Heatsinks"],"picked":"SKIP","floor":10.0},{"not_picked":["Leap","Ball Lightning","Conserve Battery"],"picked":"SKIP","floor":11.0},{"not_picked":["Streamline","Rebound","Doom and Gloom"],"picked":"SKIP","floor":13.0},{"not_picked":["Doom and Gloom","Gash","Reboot"],"picked":"SKIP","floor":14.0},{"not_picked":["Turbo+1","Storm","Beam Cell"],"picked":"SKIP","floor":18.0},{"not_picked":["Beam Cell","Leap","Stack"],"picked":"SKIP","floor":20.0},{"not_picked":["Aggregate","Cold Snap","All For One"],"picked":"SKIP","floor":24},{"not_picked":["Melter+1","Lockon","Rebound"],"picked":"SKIP","floor":25},{"not_picked":["Steam","Beam Cell","Sweeping Beam"],"picked":"SKIP","floor":28},{"not_picked":["Go for the Eyes","Beam Cell+1","Sweeping Beam"],"picked":"SKIP","floor":29},{"not_picked":["Chill","Cold Snap+1","Beam Cell"],"picked":"SKIP","floor":31},{"not_picked":["Hologram+1","Beam Cell","Turbo"],"picked":"SKIP","floor":35},{"not_picked":["Force Field+1","Gash","Barrage"],"picked":"SKIP","floor":37},{"not_picked":["Beam Cell","Hello World","Sunder"],"picked":"SKIP","floor":38},{"not_picked":["Hologram","Barrage","Aggregate+1"],"picked":"SKIP","floor":40},{"not_picked":["Barrage+1","Rebound","Ball Lightning+1"],"picked":"SKIP","floor":44},{"not_picked":["Self Repair+1","Fusion+1","Sweeping Beam"],"picked":"SKIP","floor":46},{"not_picked":["Compile Driver+1","Redo+1","Reprogram+1"],"picked":"SKIP","floor":48}],"player_experience":124413,"relics_obtained":[{"floor":6.0,"key":"Toy Ornithopter"},{"floor":9.0,"key":"Ancient Tea Set"},{"floor":11.0,"key":"Nunchaku"},{"floor":17.0,"key":"Bag of Preparation"},{"floor":17.0,"key":"Darkstone Periapt"},{"floor":17.0,"key":"TungstenRod"},{"floor":22,"key":"Necronomicon"},{"floor":26,"key":"Orichalcum"},{"floor":40,"key":"Bottled Lightning"},{"floor":43,"key":"Frozen Egg 2"}],"event_choices":[{"damage_healed":0.0,"max_hp_gain":0.0,"max_hp_loss":0.0,"gold_gain":0.0,"event_name":"Upgrade Shrine","player_choice":"Upgraded","floor":3.0,"gold_loss":0.0,"damage_taken":0.0,"cards_upgraded":["Reprogram"]},{"damage_healed":0.0,"max_hp_gain":0.0,"max_hp_loss":0.0,"gold_gain":0.0,"event_name":"Transmorgrifier","player_choice":"Ignored","floor":19.0,"gold_loss":0.0,"damage_taken":0.0},{"damage_healed":0,"gold_gain":0,"player_choice":"Obtained Book","damage_taken":16,"max_hp_gain":0,"max_hp_loss":0,"event_name":"Cursed Tome","floor":22,"gold_loss":0},{"damage_healed":0,"gold_gain":0,"player_choice":"Shed Blood","damage_taken":20,"max_hp_gain":5,"max_hp_loss":0,"event_name":"Forgotten Altar","floor":23,"gold_loss":0},{"cards_removed":["Defragment"],"damage_healed":0,"gold_gain":0,"player_choice":"Offered Uncommon","damage_taken":0,"max_hp_gain":0,"max_hp_loss":0,"event_name":"Bonfire Elementals","floor":36,"gold_loss":0},{"damage_healed":0,"gold_gain":0,"player_choice":"Ignored","damage_taken":0,"max_hp_gain":0,"max_hp_loss":0,"event_name":"Duplicator","floor":47,"gold_loss":0}],"is_beta":false,"boss_relics":[{"not_picked":["Runic Pyramid","Ectoplasm"],"picked":"Calling Bell"},{"not_picked":["Snecko Eye","Velvet Choker"],"picked":"FrozenCore"}],"items_purged_floors":[],"is_endless":false,"potions_floor_spawned":[1,6,7,11,14,18,20,25,29,37,40,44],"ascension_level":0}}