{"host":"a4s27ghlnr83kbqz","time":1609418868,"event":{"mods":["AchievementEnabler","BaseMod","Colored Map","Minty Spire (QoL Compilation)","Permanent Neow","SuperFastMode"],"gold_per_floor":[11,24,37,55,65,65,97,97,97,117,117,117,117,117,117,194,194,205,205,21,21,21,21,32,32,32,32,46,59,77,92,92,166,166,179,159,59,84,136,136,151,181,181,215,228,228,1,20,20,20],"floor_reached":51,"playtime":1866,"items_purged":["Writhe","Fission","Regret"],"score":1258,"play_id":"175268dd-5ce2-444b-b1c2-4467bba6b27b","local_time":"20201231204748","is_ascension_mode":true,"campfire_choices":[{"data":"Dualcast","floor":6,"key":"SMITH"},{"data":"Zap","floor":8,"key":"SMITH"},{"floor":12,"key":"REST"},{"data":"Defragment","floor":15,"key":"SMITH"},{"floor":23,"key":"REST"},{"data":"Defragment","floor":27,"key":"SMITH"},{"floor":32,"key":"REST"},{"data":"Coolheaded","floor":40,"key":"SMITH"},{"floor":46,"key":"REST"},{"data":"Blizzard","floor":49,"key":"SMITH"}],"circlet_count":0,"master_deck":["AscendersBane","Defend_B","Zap+1","Dualcast+1","Streamline","Defragment+1","Rebound","Capacitor","Hologram","Echo Form","BootSequence","Genetic Algorithm+1","Seek+1","Darkness+1","Sunder+1","Seek+1","Glacier","Coolheaded+1","Defragment+1","Turbo","Coolheaded+1","Electrodynamics","Self Repair+1","Coolheaded+1","Blizzard+1"],"relics":["Cracked Core","Juzu Bracelet","Shuriken","Astrolabe","Blue Candle","Cursed Key","Girya","Incense Burner","White Beast Statue","Strawberry","War Paint","Membership Card"],"acts_visited":["Exordium","TheCity","TheBeyond"],"potions_floor_usage":[7,29,36,39,44,44,50],"damage_taken":[{"damage":0,"enemies":"2 Louse","floor":1,"turns":3},{"damage":2,"enemies":"Small Slimes","floor":2,"turns":3},{"damage":4,"enemies":"Jaw Worm","floor":3,"turns":3},{"damage":7,"enemies":"Looter","floor":4,"turns":3},{"damage":7,"enemies":"Exordium Wildlife","floor":5,"turns":4},{"damage":32,"enemies":"Gremlin Nob","floor":7,"turns":5},{"damage":11,"enemies":"Exordium Thugs","floor":10,"turns":4},{"damage":14,"enemies":"Hexaghost","floor":16,"turns":9},{"damage":21,"enemies":"3 Byrds","floor":18,"turns":4},{"damage":11,"enemies":"Shell Parasite","floor":24,"turns":5},{"damage":6,"enemies":"Sentry and Sphere","floor":28,"turns":5},{"damage":0,"enemies":"3 Cultists","floor":29,"turns":7},{"damage":5,"enemies":"Chosen and Byrds","floor":30,"turns":7},{"damage":11,"enemies":"Snake Plant","floor":31,"turns":4},{"damage":2,"enemies":"Champ","floor":33,"turns":12},{"damage":0,"enemies":"3 Shapes","floor":35,"turns":3},{"damage":14,"enemies":"Mind Bloom Boss Battle","floor":38,"turns":6},{"damage":44,"enemies":"2 Orb Walkers","floor":39,"turns":7},{"damage":7,"enemies":"Orb Walker","floor":41,"turns":5},{"damage":2,"enemies":"Giant Head","floor":42,"turns":10},{"damage":35,"enemies":"Nemesis","floor":44,"turns":13},{"damage":18,"enemies":"Jaw Worm Horde","floor":45,"turns":5},{"damage":0,"enemies":"Sphere and 2 Shapes","floor":48,"turns":3},{"damage":47,"enemies":"Awakened One","floor":50,"turns":12}],"seed_played":"8651031254757844693","potions_obtained":[{"floor":2,"key":"FearPotion"},{"floor":5,"key":"Block Potion"},{"floor":7,"key":"SteroidPotion"},{"floor":29,"key":"Fruit Juice"},{"floor":31,"key":"LiquidMemories"},{"floor":36,"key":"Fruit Juice"},{"floor":38,"key":"ColorlessPotion"},{"floor":41,"key":"SneckoOil"},{"floor":44,"key":"EssenceOfSteel"},{"floor":45,"key":"Swift Potion"}],"is_trial":false,"path_per_floor":["M","M","M","M","M","R","E","R","T","M","?","R","?","?","R","B",null,"M","?","$","?","?","R","M","$","T","R","M","M","M","M","R","B",null,"M","?","$","?","?","R","M","E","T","E","M","R","$","M","R","B",null],"character_chosen":"DEFECT","items_purchased":["Coolheaded","Defragment","Membership Card"],"campfire_rested":4,"item_purchase_floors":[20,20,47],"current_hp_per_floor":[64,62,58,51,44,44,12,12,12,1,1,22,27,27,27,13,60,39,39,39,17,17,41,30,30,30,30,24,29,24,13,38,36,74,74,79,79,85,51,51,54,72,79,54,36,65,65,75,75,28],"gold":20,"neow_bonus":"TRANSFORM_TWO_CARDS","is_daily":false,"chose_seed":false,"campfire_upgraded":6,"win_rate":0.0,"timestamp":1609418868,"path_taken":["M","M","M","M","M","R","E","R","T","M","?","R","?","?","R","BOSS","M","?","$","?","?","R","M","$","T","R","M","M","M","M","R","BOSS","M","?","$","?","?","R","M","E","T","E","M","R","$","M","R","BOSS"],"items_purchased_type":["Card","Card","Relic"],"build_version":"2020-12-22","purchased_purges":3,"victory":true,"max_hp_per_floor":[71,71,71,71,71,71,71,71,71,71,71,71,76,76,76,76,76,76,76,76,81,81,81,81,81,81,81,81,86,86,86,86,86,86,86,91,91,91,91,91,91,91,98,98,98,98,98,98,98,98],"card_choices":[{"not_picked":["Barrage","Cold Snap"],"picked":"Defragment","floor":1},{"not_picked":["Redo","Double Energy"],"picked":"Rebound","floor":2},{"not_picked":["Melter","Heatsinks"],"picked":"Capacitor","floor":3},{"not_picked":["Leap","Redo","Compile Driver"],"picked":"SKIP","floor":4},{"not_picked":["Stack","Fission"],"picked":"Hologram","floor":5},{"not_picked":["Genetic Algorithm","Doom and Gloom"],"picked":"Echo Form","floor":7},{"not_picked":["Fusion","Genetic Algorithm"],"picked":"BootSequence","floor":10},{"not_picked":["Fission","Multi-Cast"],"picked":"Seek","floor":16},{"not_picked":["Conserve Battery","Sweeping Beam"],"picked":"Glacier","floor":18},{"not_picked":["Consume","Steam"],"picked":"Turbo","floor":24},{"not_picked":["Stack","Cold Snap","Conserve Battery"],"picked":"SKIP","floor":28},{"not_picked":["Fusion","Aggregate+1","Storm"],"picked":"SKIP","floor":29},{"not_picked":["Scrape","Leap+1"],"picked":"Coolheaded+1","floor":30},{"not_picked":["Conserve Battery","Chaos","Redo+1"],"picked":"SKIP","floor":31},{"not_picked":["Creative AI","Meteor Strike"],"picked":"Electrodynamics","floor":33},{"not_picked":["Barrage","Cold Snap+1"],"picked":"Self Repair+1","floor":35},{"not_picked":["Meteor Strike","Go for the Eyes"],"picked":"Coolheaded+1","floor":39},{"not_picked":["Genetic Algorithm+1","White Noise","Coolheaded"],"picked":"SKIP","floor":41},{"not_picked":["Hologram","FTL"],"picked":"Blizzard","floor":42},{"not_picked":["Cold Snap","Auto Shields","Gash+1"],"picked":"SKIP","floor":44},{"not_picked":["Ball Lightning","Compile Driver","Cold Snap"],"picked":"SKIP","floor":45},{"not_picked":["Genetic Algorithm+1","Leap+1","Sweeping Beam"],"picked":"SKIP","floor":48}],"player_experience":1066103,"relics_obtained":[{"floor":7,"key":"Juzu Bracelet"},{"floor":9,"key":"Shuriken"},{"floor":38,"key":"Girya"},{"floor":39,"key":"Incense Burner"},{"floor":42,"key":"White Beast Statue"},{"floor":43,"key":"Strawberry"},{"floor":44,"key":"War Paint"}],"event_choices":[{"damage_healed":0,"gold_gain":0,"player_choice":"Ignored","damage_taken":0,"max_hp_gain":0,"max_hp_loss":0,"event_name":"Golden Idol","floor":11,"gold_loss":0},{"damage_healed":0,"gold_gain":0,"player_choice":"Donut","damage_taken":0,"max_hp_gain":5,"max_hp_loss":0,"event_name":"Big Fish","floor":13,"gold_loss":0},{"damage_healed":0,"gold_gain":0,"cards_transformed":["Strike_B"],"player_choice":"Change","damage_taken":0,"max_hp_gain":0,"max_hp_loss":0,"event_name":"Living Wall","floor":14,"gold_loss":0,"cards_obtained":["Genetic Algorithm"]},{"damage_healed":0,"gold_gain":0,"player_choice":"Opened","damage_taken":0,"relics_obtained":["Blue Candle"],"max_hp_gain":0,"max_hp_loss":0,"event_name":"The Mausoleum","floor":19,"gold_loss":0,"cards_obtained":["Writhe"]},{"damage_healed":0,"gold_gain":0,"player_choice":"Shed Blood","damage_taken":27,"max_hp_gain":5,"max_hp_loss":0,"event_name":"Forgotten Altar","floor":21,"gold_loss":0},{"cards_removed":["Defend_B"],"damage_healed":0,"gold_gain":0,"player_choice":"Elegance","damage_taken":0,"max_hp_gain":0,"max_hp_loss":0,"event_name":"Back to Basics","floor":22,"gold_loss":0},{"damage_healed":0,"gold_gain":0,"player_choice":"Bought 1 Potion","damage_taken":0,"max_hp_gain":0,"max_hp_loss":0,"event_name":"The Woman in Blue","floor":36,"gold_loss":0},{"damage_healed":0,"gold_gain":0,"player_choice":"Fight","damage_taken":0,"max_hp_gain":0,"max_hp_loss":0,"event_name":"MindBloom","floor":38,"gold_loss":0},{"damage_healed":0,"gold_gain":0,"player_choice":"Fight","damage_taken":0,"max_hp_gain":0,"max_hp_loss":0,"event_name":"Mysterious Sphere","floor":39,"gold_loss":0}],"is_beta":false,"boss_relics":[{"not_picked":["Snecko Eye","Inserter"],"picked":"Astrolabe"},{"not_picked":["Runic Pyramid","Black Star"],"picked":"Cursed Key"}],"items_purged_floors":[20,37,47],"is_endless":false,"potions_floor_spawned":[2,5,7,10,16,28,29,31,33,38,41,42,44,45,48],"ascension_level":16}}