{"host":"yp47u74hk6n79vj1","time":1609380108,"event":{"mods":["BaseMod","Colored Map","Highlight Path","Minty Spire (QoL Compilation)"],"gold_per_floor":[119,119,119,44,44,44,219,119,119,137,177,202,202,202],"floor_reached":13,"playtime":351,"items_purged":["Strike_R","Doubt"],"score":89,"play_id":"625ef2ec-851e-427c-a064-e4e3181c3b58","local_time":"20201230210148","is_ascension_mode":true,"campfire_choices":[{"floor":6,"key":"RECALL"}],"circlet_count":0,"master_deck":["Strike_R","Strike_R","Strike_R","Strike_R","Defend_R","Defend_R","Defend_R","Defend_R","Spot Weakness","Exhume"],"relics":["Burning Blood","Golden Idol","Matryoshka","Anchor"],"acts_visited":["Exordium"],"potions_floor_usage":[13,13],"damage_taken":[{"damage":7,"enemies":"Small Slimes","floor":1,"turns":3},{"damage":2,"enemies":"2 Louse","floor":10,"turns":4},{"damage":53,"enemies":"Lagavulin","floor":11,"turns":7},{"damage":1,"enemies":"Jaw Worm","floor":12,"turns":4},{"damage":22,"enemies":"3 Sentries","floor":13,"turns":6}],"seed_played":"898961725183526527","potions_obtained":[{"floor":11,"key":"Fire Potion"},{"floor":12,"key":"SkillPotion"}],"is_trial":false,"path_per_floor":["M","?","?","$","$","R","?","$","T","M","E","M","E"],"character_chosen":"IRONCLAD","items_purchased":[],"campfire_rested":0,"item_purchase_floors":[],"current_hp_per_floor":[87,80,58,58,58,58,58,58,58,62,15,20,0,0],"gold":202,"neow_bonus":"TEN_PERCENT_HP_BONUS","is_daily":false,"chose_seed":false,"campfire_upgraded":0,"win_rate":0.0,"timestamp":1609380108,"path_taken":["M","?","?","?","$","R","?","?","T","M","E","M","E"],"items_purchased_type":[],"build_version":"2020-12-22","purchased_purges":2,"victory":false,"max_hp_per_floor":[88,88,88,88,88,88,88,88,88,88,88,88,88,88],"card_choices":[{"not_picked":["Clash","True Grit","Flex"],"picked":"SKIP","floor":1},{"not_picked":["Pommel Strike","Wild Strike"],"picked":"Spot Weakness","floor":10},{"not_picked":["Rupture","Reckless Charge"],"picked":"Exhume","floor":11},{"not_picked":["Heavy Blade","Flex","Warcry"],"picked":"SKIP","floor":12}],"player_experience":586811,"relics_obtained":[{"floor":9,"key":"Matryoshka"},{"floor":11,"key":"Anchor"}],"event_choices":[{"cards_removed":["Bash"],"damage_healed":0,"gold_gain":0,"player_choice":"Card Removal","damage_taken":7,"max_hp_gain":0,"max_hp_loss":0,"event_name":"Golden Wing","floor":2,"gold_loss":0},{"damage_healed":0,"gold_gain":0,"player_choice":"Take Damage","damage_taken":22,"relics_obtained":["Golden Idol"],"max_hp_gain":0,"max_hp_loss":0,"event_name":"Golden Idol","floor":3,"gold_loss":0},{"damage_healed":0,"gold_gain":175,"player_choice":"AGREE","damage_taken":0,"max_hp_gain":0,"max_hp_loss":0,"event_name":"Liars Game","floor":7,"gold_loss":0,"cards_obtained":["Doubt"]}],"is_beta":false,"boss_relics":[],"items_purged_floors":[4,8],"is_endless":false,"potions_floor_spawned":[11,12],"killed_by":"3 Sentries","ascension_level":2}}