{"host":"u2zgzag0koeblr9v","time":1609450737,"event":{"mods":["AchievementEnabler","BaseMod","Colored Map","Key Reminder","Minty Spire (QoL Compilation)"],"gold_per_floor":[116,291,291,301,319,319,349,349,374,12,42,42,42,42,42,172,172,191,191,181,212,212,212,245,259,283,283,319,234,273,297,297,422,422,437,437,458,476,494,527,527,64,113,128,166,166,166,17,17,17,17,17,17,48,48],"floor_reached":56,"playtime":4250,"items_purged":["Doubt"],"score":1693,"play_id":"a10c250a-e0b6-403d-9b6f-8e56f63d0ffc","local_time":"20201231163857","is_ascension_mode":true,"campfire_choices":[{"data":"Glass Knife","floor":6.0,"key":"SMITH"},{"data":"Acrobatics","floor":8.0,"key":"SMITH"},{"data":"Footwork","floor":15.0,"key":"SMITH"},{"data":"Malaise","floor":23.0,"key":"SMITH"},{"data":"Ghostly","floor":27.0,"key":"SMITH"},{"data":"Ghostly","floor":32.0,"key":"SMITH"},{"data":"Ghostly","floor":41.0,"key":"SMITH"},{"data":"Malaise","floor":46.0,"key":"SMITH"},{"floor":49.0,"key":"RECALL"},{"data":"Thinking Ahead","floor":52.0,"key":"SMITH"}],"circlet_count":0,"master_deck":["Strike_G","Strike_G","Strike_G","Strike_G","Defend_G","Defend_G","Defend_G","Defend_G","Defend_G","Survivor","Neutralize","Glass Knife+1","Underhanded Strike","Acrobatics+1","Footwork+1","Dodge and Roll","Malaise+1","Noxious Fumes+1","Ghostly+1","Ghostly+1","Ghostly+1","Ghostly","Ghostly","Noxious Fumes+1","Well Laid Plans+1","Cloak And Dagger+1","Accuracy+1","Backflip","Malaise+1","Leg Sweep+1","Blade Dance","Night Terror","Finesse","Thinking Ahead+1","Flash of Steel","Accuracy+1","Escape Plan"],"relics":["Ring of the Snake","Vajra","Bronze Scales","Lee\u0027s Waffle","Omamori","Frozen Egg 2","Golden Idol","Philosopher\u0027s Stone","Red Mask","MealTicket","Bag of Marbles","Question Card","FossilizedHelix","Bag of Preparation","Busted Crown","Anchor","Medical Kit","TungstenRod","Blood Vial","Happy Flower"],"acts_visited":["Exordium","TheCity","TheBeyond","TheEnding"],"potions_floor_usage":[55],"damage_taken":[{"damage":1.0,"enemies":"Cultist","floor":1.0,"turns":3.0},{"damage":0.0,"enemies":"2 Louse","floor":4.0,"turns":2.0},{"damage":0.0,"enemies":"Jaw Worm","floor":5.0,"turns":3.0},{"damage":30.0,"enemies":"Lagavulin","floor":7.0,"turns":8.0},{"damage":16.0,"enemies":"3 Sentries","floor":11.0,"turns":5.0},{"damage":21.0,"enemies":"Slime Boss","floor":16.0,"turns":14.0},{"damage":2.0,"enemies":"Chosen","floor":18.0,"turns":7.0},{"damage":0.0,"enemies":"2 Thieves","floor":20.0,"turns":4.0},{"damage":6.0,"enemies":"Masked Bandits","floor":21.0,"turns":6.0},{"damage":5.0,"enemies":"Gremlin Leader","floor":24.0,"turns":6.0},{"damage":6.0,"enemies":"Snake Plant","floor":25.0,"turns":4.0},{"damage":0.0,"enemies":"Book of Stabbing","floor":28.0,"turns":6.0},{"damage":0.0,"enemies":"Gremlin Leader","floor":30.0,"turns":7.0},{"damage":10.0,"enemies":"Centurion and Healer","floor":31.0,"turns":6.0},{"damage":0.0,"enemies":"Automaton","floor":33.0,"turns":9.0},{"damage":0.0,"enemies":"3 Shapes","floor":35.0,"turns":5.0},{"damage":0.0,"enemies":"Orb Walker","floor":37.0,"turns":3.0},{"damage":7.0,"enemies":"3 Darklings","floor":38.0,"turns":5.0},{"damage":2.0,"enemies":"Writhing Mass","floor":39.0,"turns":8.0},{"damage":0.0,"enemies":"Nemesis","floor":40.0,"turns":9.0},{"damage":6.0,"enemies":"Sphere and 2 Shapes","floor":44.0,"turns":8.0},{"damage":0.0,"enemies":"Giant Head","floor":45.0,"turns":12.0},{"damage":27.0,"enemies":"Donu and Deca","floor":50.0,"turns":11.0},{"damage":0.0,"enemies":"Shield and Spear","floor":54.0,"turns":13.0},{"damage":2,"enemies":"The Heart","floor":55,"turns":13}],"seed_played":"-6098405473099258781","potions_obtained":[{"floor":3.0,"key":"GamblersBrew"},{"floor":3.0,"key":"Strength Potion"},{"floor":3.0,"key":"CultistPotion"},{"floor":18.0,"key":"Fire Potion"},{"floor":21.0,"key":"LiquidMemories"},{"floor":30.0,"key":"LiquidBronze"},{"floor":40.0,"key":"DuplicationPotion"}],"is_trial":false,"path_per_floor":["M","?","?","M","M","R","E","R","T","$","E","?","?","$","R","B",null,"M","?","M","?","?","R","E","M","T","R","E","?","E","M","R","B",null,"M","?","M","M","M","E","R","$","T","M","E","R","?","$","R","B",null,"R","$","E","B",null],"character_chosen":"THE_SILENT","items_purchased":["Lee\u0027s Waffle","Omamori","Footwork","Medical Kit","TungstenRod","Accuracy+1"],"campfire_rested":0,"item_purchase_floors":[10,10,10,42,42,48],"current_hp_per_floor":[69,69,69,69,69,69,39,39,39,77,61,42,47,47,47,26,82,80,41,41,35,30,30,25,19,19,19,19,19,19,9,9,9,46,46,46,46,39,37,37,37,46,46,40,40,40,31,46,46,19,46,46,46,46,44],"gold":48,"neow_bonus":"ONE_RANDOM_RARE_CARD","is_daily":false,"chose_seed":false,"campfire_upgraded":9,"win_rate":0.0,"timestamp":1609450737,"path_taken":["M","?","?","M","?","R","E","R","T","$","E","?","?","?","R","BOSS","M","?","M","?","?","R","E","M","T","R","E","?","E","M","R","BOSS","M","?","?","?","M","E","R","$","T","M","E","R","?","?","R","BOSS","R","$","E","BOSS"],"items_purchased_type":["Relic","Relic","Card","Relic","Relic","Card"],"build_version":"2020-12-22","purchased_purges":1,"victory":true,"max_hp_per_floor":[70,70,70,70,70,70,70,70,70,77,77,77,82,82,82,82,82,82,41,41,41,46,46,46,46,46,46,46,46,46,46,46,46,46,46,46,46,46,46,46,46,46,46,46,46,46,46,46,46,46,46,46,46,46,46],"card_choices":[{"not_picked":["PiercingWail","Outmaneuver","Deadly Poison"],"picked":"SKIP","floor":1.0},{"not_picked":["Blade Dance","Bane"],"picked":"Underhanded Strike","floor":4.0},{"not_picked":["Flechettes","Prepared","Sucker Punch"],"picked":"SKIP","floor":5.0},{"not_picked":["Reflex","Blade Dance"],"picked":"Acrobatics","floor":7.0},{"not_picked":["Blade Dance","Prepared"],"picked":"Dodge and Roll","floor":11.0},{"not_picked":["Doppelganger","Burst"],"picked":"Malaise","floor":16.0},{"not_picked":["Flying Knee","Bane"],"picked":"Noxious Fumes+1","floor":18.0},{"not_picked":["Underhanded Strike","Outmaneuver+1"],"picked":"Noxious Fumes+1","floor":20.0},{"not_picked":["Grand Finale","Underhanded Strike"],"picked":"Well Laid Plans+1","floor":24.0},{"not_picked":["Deflect+1","Masterful Stab"],"picked":"Cloak And Dagger+1","floor":25.0},{"not_picked":["PiercingWail+1","Cloak And Dagger"],"picked":"Accuracy+1","floor":28.0},{"not_picked":["Tactician","Dodge and Roll+1","Skewer+1"],"picked":"Backflip","floor":30.0},{"not_picked":["Blade Dance","Poisoned Stab+1","Corpse Explosion","Sucker Punch"],"picked":"SKIP","floor":31.0},{"not_picked":["Die Die Die","Corpse Explosion","Burst"],"picked":"Malaise","floor":33.0},{"not_picked":["Quick Slash+1","Dagger Spray"],"picked":"SKIP","floor":35.0},{"not_picked":["Deflect","Eviscerate+1"],"picked":"SKIP","floor":37.0},{"not_picked":["Flying Knee+1"],"picked":"Leg Sweep+1","floor":38.0},{"not_picked":["Concentrate"],"picked":"Blade Dance","floor":39.0},{"not_picked":["Deflect+1"],"picked":"Night Terror","floor":40.0},{"not_picked":["Setup+1","Concentrate"],"picked":"SKIP","floor":44.0},{"not_picked":["Outmaneuver","Slice"],"picked":"SKIP","floor":45.0},{"not_picked":["Panacea"],"picked":"Finesse","floor":47.0},{"not_picked":["Swift Strike"],"picked":"Thinking Ahead","floor":47.0},{"not_picked":["Madness"],"picked":"Flash of Steel","floor":47.0},{"not_picked":["Tactician"],"picked":"Escape Plan","floor":54.0}],"player_experience":369930,"relics_obtained":[{"floor":7.0,"key":"Vajra"},{"floor":9.0,"key":"Bronze Scales"},{"floor":11.0,"key":"Frozen Egg 2"},{"floor":21.0,"key":"Red Mask"},{"floor":24.0,"key":"MealTicket"},{"floor":26.0,"key":"Bag of Marbles"},{"floor":28.0,"key":"Question Card"},{"floor":30.0,"key":"Bag of Preparation"},{"floor":40.0,"key":"Anchor"},{"floor":45.0,"key":"Blood Vial"},{"floor":54.0,"key":"Happy Flower"}],"event_choices":[{"damage_healed":0.0,"max_hp_gain":0.0,"max_hp_loss":0.0,"gold_gain":175.0,"event_name":"Liars Game","player_choice":"AGREE","floor":2.0,"gold_loss":0.0,"damage_taken":0.0,"cards_obtained":["Doubt"]},{"damage_healed":0.0,"max_hp_gain":0.0,"max_hp_loss":0.0,"gold_gain":0.0,"event_name":"Lab","player_choice":"Got Potions","floor":3.0,"gold_loss":0.0,"damage_taken":0.0},{"damage_healed":0.0,"max_hp_gain":0.0,"max_hp_loss":0.0,"gold_gain":0.0,"event_name":"Golden Idol","player_choice":"Take Damage","floor":12.0,"gold_loss":0.0,"damage_taken":19.0,"relics_obtained":["Golden Idol"]},{"damage_healed":0.0,"max_hp_gain":5.0,"max_hp_loss":0.0,"gold_gain":0.0,"event_name":"Big Fish","player_choice":"Donut","floor":13.0,"gold_loss":0.0,"damage_taken":0.0},{"damage_healed":0.0,"max_hp_gain":0.0,"max_hp_loss":41.0,"gold_gain":0.0,"event_name":"Ghosts","player_choice":"Became a Ghost","floor":19.0,"gold_loss":0.0,"damage_taken":0.0,"cards_obtained":["Ghostly","Ghostly","Ghostly","Ghostly","Ghostly"]},{"damage_healed":0.0,"max_hp_gain":0.0,"max_hp_loss":0.0,"gold_gain":0.0,"event_name":"Masked Bandits","player_choice":"Fought Bandits","floor":21.0,"gold_loss":0.0,"damage_taken":0.0},{"damage_healed":0.0,"max_hp_gain":5.0,"max_hp_loss":0.0,"gold_gain":0.0,"event_name":"Forgotten Altar","player_choice":"Shed Blood","floor":22.0,"gold_loss":0.0,"damage_taken":10.0},{"damage_healed":0.0,"max_hp_gain":0.0,"max_hp_loss":0.0,"gold_gain":0.0,"event_name":"Addict","player_choice":"Obtained Relic","floor":29.0,"gold_loss":85.0,"damage_taken":0.0,"relics_obtained":["FossilizedHelix"]},{"cards_removed":["Strike_G"],"damage_healed":0.0,"max_hp_gain":0.0,"max_hp_loss":0.0,"gold_gain":0.0,"event_name":"Purifier","player_choice":"Purged","floor":36.0,"gold_loss":0.0,"damage_taken":0.0},{"damage_healed":0.0,"max_hp_gain":0.0,"max_hp_loss":0.0,"gold_gain":0.0,"event_name":"SensoryStone","player_choice":"Memory 3","floor":47.0,"gold_loss":0.0,"damage_taken":10.0}],"is_beta":false,"boss_relics":[{"not_picked":["SlaversCollar","WristBlade"],"picked":"Philosopher\u0027s Stone"},{"not_picked":["Empty Cage","Snecko Eye"],"picked":"Busted Crown"}],"items_purged_floors":[48],"is_endless":false,"potions_floor_spawned":[4,5,18,21,30,31,35,38,40,44,45],"ascension_level":4}}