{"host":"eocn4tduyrehyy81","time":1609432872,"event":{"mods":["AchievementEnabler","Aspiration","BaseMod","BetterRewards","Custom Start","Minty Spire (QoL Compilation)","Replay The Spire","StSLib"],"gold_per_floor":[112,132,41,41,41,55,55,73,96,18,18,18,18,18,18,43,43,171,171,151,169,16,16,16],"floor_reached":23,"playtime":2664,"items_purged":[],"score":279,"play_id":"25d21b52-1126-48a4-8013-01ee4bb76415","local_time":"20201231104112","is_ascension_mode":false,"campfire_choices":[{"data":"Zap","floor":7,"key":"SMITH"},{"data":"Loop","floor":12,"key":"SMITH"},{"data":"Steam","floor":17,"key":"SMITH"}],"circlet_count":0,"master_deck":["Strike_B","Strike_B","Strike_B","Strike_B","Defend_B","Defend_B","Defend_B","Defend_B","Zap+1","Dualcast","Steam","Undo+1","Flying Knee","Skim","Replay:Hysterical Blindness","Injury","Outmaneuver","Double Energy","Loop+1","Steam+1","Buffer","BootSequence","Poisoned Stab"],"relics":["Cracked Core","aspiration:Nostalgia","Replay:M_StaffOfTheSnake","ReplayTheSpireMod:CursedCoin","Eternal Feather","Golden Idol","Bag of Preparation","aspiration:SilentSkillbook","Gremlin Food"],"acts_visited":["Exordium","TheCity"],"potions_floor_usage":[18],"damage_taken":[{"damage":0,"enemies":"Small Slimes","floor":1,"turns":3},{"damage":2,"enemies":"Jaw Worm","floor":2,"turns":3},{"damage":0,"enemies":"2 Louse","floor":6,"turns":2},{"damage":4,"enemies":"Exordium Wildlife","floor":8,"turns":4},{"damage":1,"enemies":"2 Fungi Beasts","floor":16,"turns":4},{"damage":35,"enemies":"Fading Forest","floor":18,"turns":11},{"damage":32,"enemies":"2 Thieves","floor":20,"turns":5},{"damage":22,"enemies":"Spheric Guardian","floor":21,"turns":6},{"damage":29,"enemies":"3 Cultists","floor":23,"turns":5}],"seed_played":"-9108516302577941816","potions_obtained":[{"floor":2,"key":"Explosive Potion"},{"floor":20,"key":"Elixir"}],"is_trial":false,"path_per_floor":["M","M","$","?","?","M","R","M","T","$","?","R","PTL","PTL","$","M","R","B",null,"M","M","$","M"],"character_chosen":"DEFECT","items_purchased":["aspiration:Nostalgia","Steam","Undo","ReplayTheSpireMod:CursedCoin","Eternal Feather","Loop","Gremlin Food"],"campfire_rested":0,"item_purchase_floors":[0,0,0,3,3,10,22],"current_hp_per_floor":[75,73,73,73,73,73,75,71,71,71,76,80,80,80,80,79,80,55,80,48,26,26,0,0],"gold":16,"neow_bonus":"","is_daily":false,"chose_seed":false,"campfire_upgraded":3,"win_rate":0.0,"timestamp":1609432872,"path_taken":["M","M","$","?","?","M","R","M","T","$","?","R","PTL","PTL","$","?","R","BOSS","M","M","$","M"],"items_purchased_type":["Relic","Card","Card","Relic","Relic","Card","Relic"],"build_version":"2020-12-22","purchased_purges":0,"victory":false,"max_hp_per_floor":[75,75,75,75,75,75,75,75,75,75,80,80,80,80,80,80,80,80,80,80,80,80,80,80],"card_choices":[{"not_picked":["Barrage","BootSequence"],"picked":"Flying Knee","floor":1},{"not_picked":["JustLucky","Cold Snap"],"picked":"Skim","floor":2},{"not_picked":["Beam Cell","Predator"],"picked":"Outmaneuver","floor":6},{"not_picked":["Panic Button","Compile Driver"],"picked":"Double Energy","floor":8},{"not_picked":["Dagger Throw","Go for the Eyes"],"picked":"Steam","floor":16},{"not_picked":["Biased Cognition","Mirror Shield"],"picked":"Buffer","floor":18},{"not_picked":["Steam","Reinforced Body","Underhanded Strike"],"picked":"BootSequence","floor":20},{"not_picked":["Prepared","Undo","Blade Dance+1"],"picked":"Poisoned Stab","floor":21}],"player_experience":44489,"relics_obtained":[{"floor":9,"key":"Bag of Preparation"}],"event_choices":[{"damage_healed":0,"gold_gain":0,"player_choice":"Take Wound","damage_taken":0,"relics_obtained":["Golden Idol"],"max_hp_gain":0,"max_hp_loss":0,"event_name":"Golden Idol","floor":5,"gold_loss":0,"cards_obtained":["Injury"]},{"damage_healed":0,"gold_gain":0,"player_choice":"Donut","damage_taken":0,"max_hp_gain":5,"max_hp_loss":0,"event_name":"Big Fish","floor":11,"gold_loss":0}],"is_beta":false,"boss_relics":[{"not_picked":["ReplayTheSpireMod:DimensionalGlitch","aspiration:RitualDagger"],"picked":"aspiration:SilentSkillbook"}],"items_purged_floors":[],"is_endless":false,"potions_floor_spawned":[2,20],"killed_by":"3 Cultists","ascension_level":0}}