{"host":"bh8a33xhefk4gdoh","time":1609378425,"event":{"mods":["ATMod(阿瑾Mod)","Act Like it!","Alarm Clock","Arknights The Spire","Ascension Reborn","BaseMod","Chinese 32Bit Patch","Colored Powertips","Defuse TimeMaze Blight","Easy Mod","Friendly Minions","Minty Spire (QoL Compilation)","MostiFishMod","Quick Restart","Relic Stats","RumiaBox-露米娅的神秘盒子","Shop Mod","Spicy Shops","StSLib","TestMod","【功能Mod】Neow奖励","【功能Mod】混沌之环修复补丁","【遗物Mod】简单游戏","【遗物卡牌】REMEMod","篝火指南"],"gold_per_floor":[210,223,241,255,272,304,304,304,330,310,326,359,359,377,377,473,473,485,49,65,77,77,103,103,112,135,168,183,212,212,230,230,331,331,345,364,410,410,423,423,449,6,58,74,74,74,104,123,123,123,123,32,25,52,52],"floor_reached":56,"playtime":5409,"items_purged":["EasyMod:card_1","ats:Composite Medical Shells+1"],"score":1383,"play_id":"15c31d7e-c77b-430d-956e-085c65800747","local_time":"20201231093345","is_ascension_mode":true,"campfire_choices":[{"data":"ats:Part Time Job","floor":7.0,"key":"SMITH"},{"data":"ats:Healing Strengthening","floor":13.0,"key":"SMITH"},{"data":"ats:Healing Drone","floor":15.0,"key":"SMITH"},{"data":"ats:Roar Of Ursus","floor":24.0,"key":"SMITH"},{"data":"ats:Encircling Forest","floor":30.0,"key":"SMITH"},{"data":"ats:Song Of Battle","floor":32.0,"key":"SMITH"},{"data":"ats:Composite Medical Shells","floor":40.0,"key":"SMITH"},{"data":"ats:Defend Order","floor":45.0,"key":"SMITH"},{"floor":49.0,"key":"RECALL"}],"circlet_count":0,"master_deck":["ats:Strike C+1","ats:Strike G+1","ats:Strike S+1","ats:Strike V+1","ats:Armor Crushing Shot","ats:Defend+1","ats:Defend+1","ats:Defend+1","ats:Defend+1","ats:Emotion Absorption","ats:Flexible Camouflage","ats:Healing Strengthening+1","ats:Healing Drone+1","ats:Ignite","ats:Support Order+1","ats:Part Time Job+1","ats:Charging Defense","ats:Mental Burst","ats:Roar Of Ursus+1","ats:Sunburst+1","ats:Apocalypse","ats:Revitalization+1","ats:Song Of Battle+1","ats:Ignite+1","ats:Burning Ground+1","ats:Directed Diagnosis","ats:Encircling Forest+1","ats:Sunburst+1","ats:Assault Order+1","ats:Ignite+1","ats:Composite Medical Shells+1","ats:Ignite+1","ats:Defend Order+1","ats:Ignite+1","ats:Guardian Obelisk+1","ats:Counter Healing Mode+1","ats:Volcano+1"],"relics":["ats:Sanity","EasyRelic","REME_ComplimentaryCards","AT_ATBox","DaveBox","testmod-TestBox","testmod-Charity","JellyFishMachine","SynthV:TestCard","ats:Originium","GodSword7","SynthV:C4","EasyMod:Hard_0","testmod-SaigiyounoYou","MerchantsRug","Molten Egg 2","testmod-Maize","EasyMod:Easy_3","Bottled Lightning","PlanX","testmod-NegativeEmotionEnhancer","Mango","Membership Card","EasyMod:Easy_2","GodSword3","Bronze Scales","EasyMod:Easy_8","ats:Rhine Circuitry","ZombieArmy"],"acts_visited":["Exordium","TheCity","TheBeyond","TheEnding"],"potions_floor_usage":[],"damage_taken":[{"damage":0.0,"enemies":"Cultist","floor":1.0,"turns":3.0},{"damage":0.0,"enemies":"Small Slimes","floor":2.0,"turns":4.0},{"damage":0.0,"enemies":"2 Louse","floor":3.0,"turns":2.0},{"damage":5.0,"enemies":"Gremlin Gang","floor":4.0,"turns":5.0},{"damage":5.0,"enemies":"3 Louse","floor":5.0,"turns":3.0},{"damage":37.0,"enemies":"Lagavulin","floor":6.0,"turns":9.0},{"damage":0.0,"enemies":"Blue Slaver","floor":11.0,"turns":2.0},{"damage":8.0,"enemies":"3 Sentries","floor":12.0,"turns":8.0},{"damage":9.0,"enemies":"Lots of Slimes","floor":14.0,"turns":2.0},{"damage":17.0,"enemies":"The Guardian","floor":16.0,"turns":10.0},{"damage":0.0,"enemies":"3 Byrds","floor":18.0,"turns":4.0},{"damage":14.0,"enemies":"2 Thieves","floor":20.0,"turns":3.0},{"damage":38.0,"enemies":"Snecko","floor":21.0,"turns":7.0},{"damage":31.0,"enemies":"REME_1_Revenger","floor":23.0,"turns":4.0},{"damage":0.0,"enemies":"Centurion and Healer","floor":25.0,"turns":5.0},{"damage":12.0,"enemies":"Slavers","floor":27.0,"turns":5.0},{"damage":0.0,"enemies":"3 Cultists","floor":28.0,"turns":2.0},{"damage":11.0,"enemies":"REME_1_Revenger","floor":29.0,"turns":4.0},{"damage":10.0,"enemies":"Sentry and Sphere","floor":31.0,"turns":5.0},{"damage":54.0,"enemies":"Automaton","floor":33.0,"turns":8.0},{"damage":0.0,"enemies":"3 Shapes","floor":35.0,"turns":1.0},{"damage":10.0,"enemies":"Orb Walker","floor":36.0,"turns":2.0},{"damage":27.0,"enemies":"Jaw Worm Horde","floor":37.0,"turns":3.0},{"damage":14.0,"enemies":"Sphere and 2 Shapes","floor":39.0,"turns":3.0},{"damage":51.0,"enemies":"Nemesis","floor":41.0,"turns":5.0},{"damage":0.0,"enemies":"Transient","floor":44.0,"turns":5.0},{"damage":13.0,"enemies":"Reptomancer","floor":47.0,"turns":3.0},{"damage":23.0,"enemies":"Jaw Worm Horde","floor":48.0,"turns":2.0},{"damage":31.0,"enemies":"Donu and Deca","floor":50.0,"turns":5.0},{"damage":76,"enemies":"Shield and Spear","floor":54,"turns":4},{"damage":121,"enemies":"The Heart","floor":55,"turns":7}],"seed_played":"1004397356099742423","potions_obtained":[{"floor":5.0,"key":"GamblersBrew"},{"floor":10.0,"key":"SpeedPotion"},{"floor":21.0,"key":"Dexterity Potion"},{"floor":23.0,"key":"Fire Potion"},{"floor":31.0,"key":"Regen Potion"},{"floor":36.0,"key":"REME_GoldPotion"},{"floor":37.0,"key":"GamblersBrew"},{"floor":41.0,"key":"testmod-EscapePotion"},{"floor":54,"key":"BlessingOfTheForge"}],"is_trial":false,"path_per_floor":["M","M","M","M","M","E","R","?","T","?","M","E","R","M","R","B",null,"M","$","M","M","?","E","R","M","T","E","M","E","R","M","R","B",null,"M","M","M","?","M","R","E","R","T","M","R","?","E","M","R","B",null,"R","$","E","B",null],"character_chosen":"DOCTOR_CLASS","items_purchased":["MerchantsRug","Molten Egg 2","Strawberry","Membership Card","EasyMod:Easy_2","GodSword3","ats:Defend Order","ats:Ignite+1","Bronze Scales","ats:Rhine Circuitry","ats:Volcano+1"],"campfire_rested":0,"item_purchase_floors":[19,19,19,42,42,42,42,42,42,52,53],"current_hp_per_floor":[74,75,76,77,78,68,68,61,62,62,64,82,82,83,83,84,84,85,94,96,97,97,98,98,99,100,101,102,103,103,104,104,105,105,107,100,89,89,109,109,130,133,134,136,136,136,138,124,124,141,141,142,142,96,145],"gold":52,"neow_bonus":"HUNDRED_GOLD","is_daily":false,"chose_seed":false,"campfire_upgraded":8,"win_rate":0.0,"timestamp":1609378425,"path_taken":["M","?","M","M","M","E","R","?","T","?","M","E","R","M","R","BOSS","M","$","M","?","?","E","R","M","T","E","M","E","R","M","R","BOSS","M","M","M","?","?","R","E","R","T","M","R","?","E","M","R","BOSS","R","$","E","BOSS"],"items_purchased_type":["Relic","Relic","Relic","Relic","Relic","Relic","Card","Card","Relic","Relic","Card"],"build_version":"2020-12-22","purchased_purges":2,"victory":true,"max_hp_per_floor":[74,75,76,77,78,79,79,79,80,80,81,82,82,83,83,84,84,85,94,96,97,97,98,98,99,100,101,102,103,103,104,104,105,105,107,109,112,112,114,114,130,133,134,136,136,136,138,140,140,141,141,142,142,144,145],"relic_stats":{"counters":[31,129],"Bronze Scales":[129],"obtain_stats":[{"AT_ATBox":0,"DaveBox":0,"Mango":41,"testmod-NegativeEmotionEnhancer":34,"testmod-Charity":0,"SynthV:C4":9,"EasyMod:Easy_2":42,"EasyMod:Easy_3":26,"EasyMod:Easy_8":47,"Strawberry":19,"ats:Sanity":0,"ats:Rhine Circuitry":52,"ZombieArmy":54,"MerchantsRug":19,"testmod-Maize":23,"testmod-TestBox":0,"JellyFishMachine":0,"EasyMod:Hard_0":12,"War Paint":8,"testmod-SaigiyounoYou":17,"EasyRelic":0,"SynthV:TestCard":1,"ats:Originium":6,"PlanX":29,"Bronze Scales":42,"Molten Egg 2":19,"GodSword7":6,"Bottled Lightning":27,"Membership Card":42,"GodSword3":42,"REME_ComplimentaryCards":0},{"AT_ATBox":0,"DaveBox":0,"Mango":25,"testmod-NegativeEmotionEnhancer":20,"testmod-Charity":0,"SynthV:C4":6,"EasyMod:Easy_2":25,"EasyMod:Easy_3":15,"EasyMod:Easy_8":27,"Strawberry":11,"ats:Sanity":0,"ats:Rhine Circuitry":29,"ZombieArmy":30,"MerchantsRug":11,"testmod-Maize":14,"testmod-TestBox":0,"JellyFishMachine":0,"EasyMod:Hard_0":8,"War Paint":6,"testmod-SaigiyounoYou":10,"EasyRelic":0,"SynthV:TestCard":1,"ats:Originium":6,"PlanX":18,"Bronze Scales":25,"Molten Egg 2":11,"GodSword7":6,"Bottled Lightning":16,"Membership Card":25,"GodSword3":25,"REME_ComplimentaryCards":0},{"AT_ATBox":0,"DaveBox":0,"Mango":104,"testmod-NegativeEmotionEnhancer":93,"testmod-Charity":0,"SynthV:C4":26,"EasyMod:Easy_2":104,"EasyMod:Easy_3":70,"EasyMod:Easy_8":112,"Strawberry":52,"ats:Sanity":0,"ats:Rhine Circuitry":119,"ZombieArmy":123,"MerchantsRug":52,"testmod-Maize":66,"testmod-TestBox":0,"JellyFishMachine":0,"EasyMod:Hard_0":36,"War Paint":26,"testmod-SaigiyounoYou":48,"EasyRelic":0,"SynthV:TestCard":3,"ats:Originium":26,"PlanX":81,"Bronze Scales":104,"Molten Egg 2":52,"GodSword7":26,"Bottled Lightning":75,"Membership Card":104,"GodSword3":104,"REME_ComplimentaryCards":0}]},"card_choices":[{"not_picked":["ats:Explosion Area Strengthen","ats:Consecutive Shot Auto"],"picked":"ats:Flexible Camouflage","floor":1.0},{"not_picked":["ats:Poison Spread","ats:Curse Doll","ats:Cat Scratch","ats:Hammer On"],"picked":"ats:Healing Strengthening","floor":2.0},{"not_picked":["ats:Cat Scratch","ats:Childhood Dance","ats:Explosion Area Strengthen","ats:Flexible Camouflage"],"picked":"ats:Healing Drone","floor":3.0},{"not_picked":["ats:Thermite Blade","ats:Sword Rain","ats:Childhood Dance","ats:Cat Scratch"],"picked":"ats:Ignite","floor":4.0},{"not_picked":["ats:Consecutive Shot Auto","ats:Powerful Strike","ats:Explosion Area Strengthen","ats:Neurotoxin"],"picked":"ats:Support Order","floor":5.0},{"not_picked":["ats:Rat Pack","ats:Childhood Dance","ats:Soul Absorption","ats:Automatic Cover"],"picked":"ats:Part Time Job","floor":6.0},{"not_picked":["ats:Red Shift","ats:Flexible Camouflage","ats:Explosion Area Strengthen","ats:Childhood Dance"],"picked":"ats:Charging Defense","floor":11.0},{"not_picked":["ats:Cat Scratch","ats:Shadow Raid","ats:Steam Pump","ats:Leaping Hammer","ats:Powerful Strike"],"picked":"SKIP","floor":12.0},{"not_picked":["ats:Soul Rend","ats:Hammer On","ats:Flexible Camouflage","ats:Revitalization"],"picked":"ats:Mental Burst","floor":14.0},{"not_picked":["ats:Ambush","ats:Disruption Kick","ats:Echo Reverb","ats:Calcification"],"picked":"ats:Roar Of Ursus","floor":16.0},{"not_picked":["ats:Ignite","ats:Steam Pump","ats:Leaping Hammer","ats:Guardian Obelisk"],"picked":"ats:Sunburst+1","floor":18.0},{"not_picked":["ats:Closed Bolt Burst Fire+1","ats:Neurotoxin","ats:Shell Defense","ats:Automatic Cover+1"],"picked":"ats:Apocalypse","floor":20.0},{"not_picked":["ats:Support Order","ats:Hammer On+1","ats:Thermite Blade+1","ats:Shell Defense+1"],"picked":"ats:Revitalization+1","floor":21.0},{"not_picked":["ats:Wolf Pack+1","ats:Cat Scratch+1","ats:Shell Defense","ats:Curse Doll"],"picked":"ats:Song Of Battle","floor":23.0},{"not_picked":["ats:Leaping Hammer+1","ats:Hammer On+1","ats:Poison Spread+1","ats:Curse Doll"],"picked":"ats:Ignite+1","floor":25.0},{"not_picked":["ats:Hammer On+1","ats:Volcano+1","ats:Assault Order+1","ats:Collapsing Strike+1"],"picked":"ats:Burning Ground+1","floor":27.0},{"not_picked":["ats:Apocalypse+1","ats:Healing Drone","ats:Flexible Camouflage","ats:Leaping Hammer+1"],"picked":"ats:Directed Diagnosis","floor":28.0},{"not_picked":["ats:Apocalypse","ats:Poison Spread+1","ats:Flexible Camouflage","ats:Support Order"],"picked":"ats:Encircling Forest","floor":29.0},{"not_picked":["ats:Guardian Obelisk","ats:Encircling Forest","ats:Defend Order","ats:Blood Oath+1"],"picked":"ats:Sunburst+1","floor":31.0},{"not_picked":["ats:LN2 Cannon+1","ats:Cat Scratch+1","ats:Shell Defense","ats:Soul Absorption"],"picked":"ats:Assault Order+1","floor":35.0},{"not_picked":["ats:Flexible Camouflage+1","ats:Consecutive Shot Auto+1","ats:Curse Doll","ats:Blood Oath+1"],"picked":"ats:Ignite+1","floor":36.0},{"not_picked":["ats:Explosion Area Strengthen+1","ats:Guardian Obelisk+1","ats:Curse Doll+1","ats:Song Of Battle"],"picked":"ats:Composite Medical Shells","floor":37.0},{"not_picked":["ats:Charging Defense","ats:Consecutive Shot Auto+1","ats:Explosion Area Strengthen+1","ats:Assault Order+1"],"picked":"ats:Ignite+1","floor":39.0},{"not_picked":["ats:Calcification","ats:Poison Spread+1","ats:Wolf Pack+1","ats:Echo Reverb","ats:Chain Hook+1"],"picked":"SKIP","floor":41.0},{"not_picked":["ats:Cat Scratch+1","ats:Flexible Camouflage+1","ats:Closed Bolt Burst Fire+1","ats:Steam Pump+1"],"picked":"ats:Composite Medical Shells+1","floor":44.0},{"not_picked":["ats:Revitalization+1","ats:Assault Order","ats:Spore Proliferation","ats:Shadow Raid+1"],"picked":"ats:Guardian Obelisk+1","floor":47.0},{"not_picked":["ats:Ignite+1","ats:Poison Spread+1","ats:Part Time Job","ats:Flexible Camouflage+1"],"picked":"ats:Counter Healing Mode+1","floor":48.0},{"not_picked":["ats:Consecutive Shot Auto+1","ats:Childhood Dance","ats:Counter Healing Mode+1","ats:Sword Rain+1","ats:Powerful Strike+1"],"picked":"SKIP","floor":54}],"player_experience":206616,"relics_obtained":[{"floor":1.0,"key":"SynthV:TestCard"},{"floor":6.0,"key":"ats:Originium"},{"floor":6.0,"key":"GodSword7"},{"floor":9.0,"key":"SynthV:C4"},{"floor":12.0,"key":"ats:Originium"},{"floor":12.0,"key":"EasyMod:Hard_0"},{"floor":23.0,"key":"ats:Originium"},{"floor":23.0,"key":"testmod-Maize"},{"floor":26.0,"key":"EasyMod:Easy_3"},{"floor":27.0,"key":"Bottled Lightning"},{"floor":29.0,"key":"PlanX"},{"floor":41.0,"key":"Mango"},{"floor":47.0,"key":"EasyMod:Easy_8"},{"floor":54,"key":"ZombieArmy"}],"event_choices":[{"damage_healed":0.0,"max_hp_gain":0.0,"max_hp_loss":0.0,"gold_gain":0.0,"event_name":"Scrap Ooze","player_choice":"Success","floor":8.0,"gold_loss":0.0,"damage_taken":7.0,"relics_obtained":["War Paint"]},{"damage_healed":0.0,"max_hp_gain":0.0,"max_hp_loss":0.0,"gold_gain":0.0,"event_name":"The Woman in Blue","player_choice":"Bought 1 Potion","floor":10.0,"gold_loss":0.0,"damage_taken":0.0},{"damage_healed":0.0,"max_hp_gain":0.0,"max_hp_loss":0.0,"gold_gain":0.0,"event_name":"Back to Basics","player_choice":"Simplicity","floor":22.0,"gold_loss":0.0,"damage_taken":0.0,"cards_upgraded":["ats:Strike C","ats:Strike G","ats:Strike S","ats:Strike V","ats:Defend","ats:Defend","ats:Defend"]},{"damage_healed":0.0,"max_hp_gain":0.0,"max_hp_loss":0.0,"gold_gain":0.0,"event_name":"SecretPortal","player_choice":"Ignored","floor":38.0,"gold_loss":0.0,"damage_taken":0.0},{"damage_healed":0.0,"max_hp_gain":0.0,"max_hp_loss":0.0,"gold_gain":0.0,"event_name":"SensoryStone","player_choice":"Memory 1","floor":46.0,"gold_loss":0.0,"damage_taken":0.0}],"is_beta":false,"boss_relics":[{"not_picked":["testmod-Prudence","Astrolabe"],"picked":"testmod-SaigiyounoYou"},{"not_picked":["REME_ChargedStone","Black Star"],"picked":"testmod-NegativeEmotionEnhancer"}],"items_purged_floors":[42,52],"is_endless":false,"potions_floor_spawned":[5,14,16,21,23,25,29,31,36,37,41,54],"ascension_level":0}}