{"host":"1zjc08c6hob33401","time":1609428086,"event":{"mods":["AchievementEnabler","Act Like it!","Aspiration","BaseMod","Downfall","Energized Spire","Evolution","GifTheSpireLib","Hubris","Infinite Spire","Jedi Mod","Minty Spire (QoL Compilation)","Pale of the Ancients","Quick Restart","Replay The Spire","Retaliation","Shop Mod","StSLib","Stuff the Spire","The Blue Laboratory","Wandering Minibosses","vexMod"],"gold_per_floor":[114,126,45,64,77,77,105,3,3,3,3,0,0,0,0,0,0,0,0,0,0,0,0,0,0,0,0,0,0,0],"floor_reached":29,"playtime":1575,"items_purged":["Regret","Defend_B"],"score":344,"play_id":"e9be01ca-3874-47b2-a943-50889a7979e0","local_time":"20201231172126","is_ascension_mode":true,"campfire_choices":[{"data":"Self Repair","floor":6.0,"key":"SMITH"},{"data":"StuffTheSpire:Ambrosia","floor":13.0,"key":"SMITH"},{"data":"ReplayTheSpireMod:Fabricate Wheel","floor":23.0,"key":"SMITH"},{"floor":28,"key":"REST"}],"circlet_count":0,"master_deck":["Strike_B+1","Strike_B+1","Strike_B+1","Defend_B+1","Defend_B+1","Defend_B+1","Zap","Dualcast","BootSequence","Self Repair+1","Barrage","Double Energy","Capacitor","StuffTheSpire:Ambrosia+1","Compile Driver","Streamline","Machine Learning+1","infinitespire:Oblivion","Melter+1","Buffer+1","Rainbow","hubris:Sloth","jedi:locknload","Self Repair"],"relics":["Cracked Core","EVO:Axolotl","ReplayTheSpireMod:CursedCoin","Solar Panel","jedi:ominousloannote","jedi:laserpointer","Carrot","StuffTheSpire:OldFever","Cursed Key","Prayer Wheel","StoneCalendar","aspiration:Lifesprig"],"acts_visited":["Exordium","TheCity"],"potions_floor_usage":[29,29],"damage_taken":[{"damage":5.0,"enemies":"Small Slimes","floor":1.0,"turns":3.0},{"damage":0.0,"enemies":"2 Louse","floor":2.0,"turns":2.0},{"damage":0.0,"enemies":"Jaw Worm","floor":4.0,"turns":3.0},{"damage":10.0,"enemies":"2 Fungi Beasts","floor":5.0,"turns":3.0},{"damage":26.0,"enemies":"Replay:BlueRogue","floor":7.0,"turns":4.0},{"damage":0.0,"enemies":"Looter","floor":12.0,"turns":2.0},{"damage":4.0,"enemies":"Red Slaver","floor":14.0,"turns":2.0},{"damage":62.0,"enemies":"Fading Forest","floor":16.0,"turns":11.0},{"damage":45.0,"enemies":"Shell Parasite","floor":18.0,"turns":5.0},{"damage":11.0,"enemies":"Spheric Guardian","floor":20.0,"turns":3.0},{"damage":61.0,"enemies":"Shelled Parasite and Fungi","floor":21.0,"turns":6.0},{"damage":46.0,"enemies":"Nightmare","floor":24.0,"turns":7.0},{"damage":23,"enemies":"Centurion and Healer","floor":27,"turns":7},{"damage":58,"enemies":"Gremlin Leader","floor":29,"turns":5}],"seed_played":"-8704281389807927171","potions_obtained":[{"floor":4.0,"key":"SteroidPotion"},{"floor":5.0,"key":"Fire Potion"},{"floor":7.0,"key":"jedi:tentaclejuice"},{"floor":12.0,"key":"Elixir"},{"floor":16.0,"key":"blueLaboratory:FruitPreserves"},{"floor":18.0,"key":"Adrenaline Potion"},{"floor":20.0,"key":"blueLaboratory:LouseDecoction"},{"floor":27,"key":"blueLaboratory:LouseDecoction"}],"is_trial":false,"path_per_floor":["M","M","$","M","M","R","E","$","T","?","?","M","R","M","R","B",null,"M","AVR","M","M","?","R","NM","?","T","M","R","E"],"character_chosen":"DEFECT","items_purchased":["ReplayTheSpireMod:CursedCoin","Strawberry","jedi:ominousloannote","jedi:laserpointer","Carrot"],"campfire_rested":1,"item_purchase_floors":[3,3,8,8,8],"current_hp_per_floor":[77,77,84,89,86,86,70,70,70,70,75,76,76,84,84,52,99,68,68,69,20,20,20,28,28,28,19,51,0,0],"gold":0,"neow_bonus":"TEN_PERCENT_HP_BONUS","is_daily":false,"chose_seed":false,"campfire_upgraded":3,"win_rate":0.0,"timestamp":1609428086,"path_taken":["M","M","$","M","M","R","E","$","T","?","?","M","R","M","R","BOSS","M","AVR","M","M","?","R","NM","?","T","?","R","E"],"items_purchased_type":["Relic","Relic","Relic","Relic","Relic"],"build_version":"2020-12-22","purchased_purges":2,"victory":false,"max_hp_per_floor":[82,82,89,89,89,89,89,89,89,89,94,95,95,97,97,99,99,101,101,103,105,105,105,107,107,107,109,109,111,111],"card_choices":[{"not_picked":["ReplayTheSpireMod:Reroute Power","Undo"],"picked":"BootSequence","floor":1.0},{"not_picked":["StuffTheSpire:Plugnplay","Stack"],"picked":"Self Repair","floor":2.0},{"not_picked":["Turbo","jedi:BurstFrost"],"picked":"Barrage","floor":4.0},{"not_picked":["Hologram","Go for the Eyes"],"picked":"Double Energy","floor":5.0},{"not_picked":["StuffTheSpire:GlassShard","Gash"],"picked":"Capacitor","floor":7.0},{"not_picked":["StuffTheSpire:Perfection","StuffTheSpire:CelestialWarden"],"picked":"StuffTheSpire:Ambrosia","floor":10.0},{"not_picked":["hubris:Ukulele","Aggregate"],"picked":"Compile Driver","floor":12.0},{"not_picked":["Hologram","Turbo"],"picked":"Streamline","floor":14.0},{"not_picked":["jedi:BurstDark","jedi:darknesscall"],"picked":"ReplayTheSpireMod:Fabricate Wheel","floor":16.0},{"not_picked":["Steam","Beam Cell","Panic Button+1"],"picked":"SKIP","floor":18.0},{"not_picked":["Leap","Blizzard","StuffTheSpire:GlassShard"],"picked":"SKIP","floor":20.0},{"not_picked":["Compile Driver","Double Energy+1"],"picked":"Melter+1","floor":21.0},{"not_picked":["Blizzard","Tempest"],"picked":"Rainbow","floor":24.0},{"not_picked":["Coolheaded","jedi:BurstLightning"],"picked":"jedi:locknload","floor":27},{"not_picked":["ReplaySolidLightProjector","jedi:BurstLightning"],"picked":"Self Repair","floor":27}],"player_experience":425383,"relics_obtained":[{"floor":7.0,"key":"Solar Panel"},{"floor":9.0,"key":"StuffTheSpire:OldFever"},{"floor":24.0,"key":"StoneCalendar"},{"floor":26.0,"key":"aspiration:Lifesprig"}],"event_choices":[{"damage_healed":0.0,"max_hp_gain":5.0,"max_hp_loss":0.0,"gold_gain":0.0,"event_name":"Big Fish","player_choice":"Donut","floor":11.0,"gold_loss":0.0,"damage_taken":0.0},{"damage_healed":0.0,"max_hp_gain":0.0,"max_hp_loss":0.0,"gold_gain":0.0,"event_name":"Back to Basics","player_choice":"Simplicity","floor":22.0,"gold_loss":0.0,"damage_taken":0.0,"cards_upgraded":["Strike_B","Strike_B","Strike_B","Defend_B","Defend_B","Defend_B"]},{"damage_healed":0.0,"max_hp_gain":0.0,"max_hp_loss":0.0,"gold_gain":0.0,"event_name":"Accursed Blacksmith","player_choice":"Forge","floor":25.0,"gold_loss":0.0,"damage_taken":0.0,"cards_upgraded":["Buffer"]}],"is_beta":false,"boss_relics":[{"not_picked":["aspiration:PoetsPen_weak","ReplayTheSpireMod:DimensionalGlitch"],"picked":"Cursed Key"}],"items_purged_floors":[3,8],"is_endless":false,"potions_floor_spawned":[4,5,7,12,16,18,20,27],"killed_by":"Gremlin Leader","ascension_level":4}}