{"host":"7gewg82ormp6yt4e","time":1609402094,"event":{"mods":["BaseMod","Block Reminder","Colored Map","Colored Powertips","DeckTracker","Highlight Path","Minty Spire (QoL Compilation)","Relic Stats","StSLib"],"gold_per_floor":[116,127,144,21,36,36,64,82,82,82,82,101,101,101,101,174,174,192,107,107,122,47,47,47,47,47],"floor_reached":25,"playtime":1126,"items_purged":["Strike_G"],"score":402,"play_id":"5454f314-2b84-42de-ba85-976ba4be25e5","local_time":"20201231170814","is_ascension_mode":true,"campfire_choices":[{"data":"Predator","floor":6.0,"key":"SMITH"},{"data":"Reflex","floor":11.0,"key":"SMITH"},{"data":"All Out Attack","floor":13.0,"key":"SMITH"},{"data":"Dagger Spray","floor":15.0,"key":"SMITH"},{"floor":23,"key":"REST"}],"circlet_count":0,"master_deck":["AscendersBane","Strike_G","Defend_G","Defend_G","Defend_G","Defend_G","Survivor","Neutralize","Acrobatics","Dagger Spray+1","Terror","Predator+1","Poisoned Stab","All Out Attack+1","Reflex+1","Deflect","Prepared","Grand Finale","Malaise+1","Die Die Die+1","Outmaneuver+1","Underhanded Strike","Corpse Explosion","Dagger Throw","Pain"],"relics":["HoveringKite","Gremlin Horn","Kunai","Astrolabe","Pear","WarpedTongs"],"acts_visited":["Exordium","TheCity"],"potions_floor_usage":[16],"damage_taken":[{"damage":4.0,"enemies":"Jaw Worm","floor":1.0,"turns":8.0},{"damage":0.0,"enemies":"2 Louse","floor":2.0,"turns":4.0},{"damage":5.0,"enemies":"Cultist","floor":3.0,"turns":5.0},{"damage":5.0,"enemies":"2 Fungi Beasts","floor":5.0,"turns":3.0},{"damage":17.0,"enemies":"3 Sentries","floor":7.0,"turns":7.0},{"damage":1.0,"enemies":"Exordium Thugs","floor":8.0,"turns":4.0},{"damage":0.0,"enemies":"Large Slime","floor":12.0,"turns":2.0},{"damage":21,"enemies":"Slime Boss","floor":16,"turns":6},{"damage":9,"enemies":"3 Byrds","floor":18,"turns":3},{"damage":26,"enemies":"Chosen","floor":21,"turns":4},{"damage":53,"enemies":"Sentry and Sphere","floor":25,"turns":7}],"seed_played":"7771979077156870845","potions_obtained":[{"floor":2.0,"key":"Energy Potion"},{"floor":3.0,"key":"Regen Potion"},{"floor":5.0,"key":"DistilledChaos"},{"floor":12.0,"key":"Strength Potion"}],"is_trial":false,"path_per_floor":["M","M","M","$","M","R","E","M","T","?","R","M","R","?","R","B",null,"M","?","?","M","$","R","?","M"],"character_chosen":"THE_SILENT","items_purchased":["Terror","Predator"],"campfire_rested":1,"item_purchase_floors":[4,4],"current_hp_per_floor":[55,55,50,50,45,45,43,42,42,42,42,42,42,33,33,12,53,44,54,54,28,28,50,50,0,0],"gold":47,"neow_bonus":"BOSS_RELIC","is_daily":false,"chose_seed":false,"campfire_upgraded":4,"win_rate":0.0,"timestamp":1609402094,"path_taken":["M","M","M","$","M","R","E","M","T","?","R","M","R","?","R","BOSS","M","?","?","?","$","R","?","M"],"items_purchased_type":["Card","Card"],"build_version":"2020-12-22","purchased_purges":1,"victory":false,"max_hp_per_floor":[66,66,66,66,66,66,66,66,66,66,66,66,66,66,66,66,66,66,76,76,76,76,76,76,76,76],"relic_stats":{"Gremlin Horn":[5,5],"counters":[11,53],"Astrolabe":["Malaise","Die Die Die","Outmaneuver"],"HoveringKite":[23],"Kunai":[6],"obtain_stats":[{"Pear":19,"Gremlin Horn":7,"Astrolabe":17,"HoveringKite":0,"Kunai":9,"Ring of the Snake":0,"WarpedTongs":24},{"Pear":9,"Gremlin Horn":5,"Astrolabe":8,"HoveringKite":0,"Kunai":6,"Ring of the Snake":0,"WarpedTongs":10},{"Pear":42,"Gremlin Horn":27,"Astrolabe":39,"HoveringKite":0,"Kunai":31,"Ring of the Snake":0,"WarpedTongs":46}],"WarpedTongs":[7]},"card_choices":[{"not_picked":["Choke","Distraction"],"picked":"Acrobatics","floor":1.0},{"not_picked":["PiercingWail","Quick Slash"],"picked":"Dagger Spray","floor":2.0},{"not_picked":["Sucker Punch","Dodge and Roll","Cloak And Dagger"],"picked":"SKIP","floor":3.0},{"not_picked":["Acrobatics","Accuracy"],"picked":"Poisoned Stab","floor":5.0},{"not_picked":["Dodge and Roll","Deflect"],"picked":"All Out Attack","floor":7.0},{"not_picked":["PiercingWail","Escape Plan"],"picked":"Reflex","floor":8.0},{"not_picked":["Outmaneuver","Sucker Punch"],"picked":"Prepared","floor":12.0},{"not_picked":["Doppelganger","Corpse Explosion"],"picked":"Grand Finale","floor":16},{"not_picked":["Flying Knee","Acrobatics"],"picked":"Underhanded Strike","floor":18},{"not_picked":["Underhanded Strike","Bane"],"picked":"Dagger Throw","floor":21}],"player_experience":2443531,"relics_obtained":[{"floor":7.0,"key":"Gremlin Horn"},{"floor":9.0,"key":"Kunai"}],"event_choices":[{"damage_healed":0.0,"max_hp_gain":0.0,"max_hp_loss":0.0,"gold_gain":0.0,"cards_transformed":["Strike_G"],"event_name":"Living Wall","player_choice":"Change","floor":10.0,"gold_loss":0.0,"damage_taken":0.0,"cards_obtained":["Deflect"]},{"damage_healed":0.0,"max_hp_gain":0.0,"max_hp_loss":0.0,"gold_gain":0.0,"event_name":"Wheel of Change","player_choice":"Damaged","floor":14.0,"gold_loss":0.0,"damage_taken":9.0},{"damage_healed":0,"gold_gain":0,"player_choice":"Obtained Relic","damage_taken":0,"relics_obtained":["Pear"],"max_hp_gain":0,"max_hp_loss":0,"event_name":"Addict","floor":19,"gold_loss":85},{"damage_healed":0,"gold_gain":0,"player_choice":"1 cards matched","damage_taken":0,"max_hp_gain":0,"max_hp_loss":0,"event_name":"Match and Keep!","floor":20,"gold_loss":0,"cards_obtained":["Corpse Explosion"]},{"damage_healed":0,"gold_gain":0,"player_choice":"Rummage","damage_taken":0,"relics_obtained":["WarpedTongs"],"max_hp_gain":0,"max_hp_loss":0,"event_name":"Accursed Blacksmith","floor":24,"gold_loss":0,"cards_obtained":["Pain"]}],"is_beta":false,"boss_relics":[{"not_picked":["SlaversCollar","Coffee Dripper"],"picked":"Astrolabe"}],"items_purged_floors":[22],"is_endless":false,"potions_floor_spawned":[2,3,5,12],"killed_by":"Sentry and Sphere","ascension_level":20}}