{"host":"37dk0reb6x0du8wx","time":1609407347,"event":{"mods":["BaseMod","Colored Map","DeckTracker","Minty Spire (QoL Compilation)","Quick Restart","StSLib","SuperFastMode","The Dragon Tamer"],"gold_per_floor":[114,127,127,127,138,138,313,345,345,345,357,372,393,408,408,408,408],"floor_reached":16,"playtime":498,"items_purged":[],"score":107,"play_id":"b02d7129-2ccc-41c9-b058-e6c23f7b834f","local_time":"20201231183547","is_ascension_mode":true,"campfire_choices":[{"data":"Zap","floor":6,"key":"SMITH"},{"floor":10,"key":"REST"},{"floor":15,"key":"REST"}],"circlet_count":0,"master_deck":["Strike_B","Strike_B","Strike_B","Defend_B","Defend_B","Defend_B","Defend_B","Zap+1","Dualcast","Tempest+1","Leap","Conserve Battery","Doubt","Leap"],"relics":["Cracked Core","Bird Faced Urn","CaptainsWheel","Odd Mushroom"],"acts_visited":["Exordium"],"potions_floor_usage":[8,16,16],"damage_taken":[{"damage":1,"enemies":"2 Louse","floor":1,"turns":2},{"damage":5,"enemies":"Small Slimes","floor":2,"turns":3},{"damage":0,"enemies":"Cultist","floor":5,"turns":3},{"damage":42,"enemies":"3 Sentries","floor":8,"turns":7},{"damage":0,"enemies":"Blue Slaver","floor":11,"turns":2},{"damage":3,"enemies":"Looter","floor":12,"turns":3},{"damage":8,"enemies":"The Mushroom Lair","floor":13,"turns":5},{"damage":11,"enemies":"Exordium Wildlife","floor":14,"turns":5},{"damage":53,"enemies":"The Guardian","floor":16,"turns":12}],"seed_played":"-1515537933247817698","potions_obtained":[{"floor":5,"key":"Fire Potion"},{"floor":11,"key":"BlessingOfTheForge"},{"floor":12,"key":"BlessingOfTheForge"},{"floor":14,"key":"Ancient Potion"}],"is_trial":false,"path_per_floor":["M","M","?","?","M","R","?","E","T","R","M","M","?","M","R","B"],"character_chosen":"DEFECT","items_purchased":[],"campfire_rested":2,"item_purchase_floors":[],"current_hp_per_floor":[74,69,69,69,69,69,69,27,27,49,49,46,38,27,49,0,0],"gold":408,"neow_bonus":"THREE_CARDS","is_daily":false,"chose_seed":false,"campfire_upgraded":1,"win_rate":0.0,"timestamp":1609407347,"path_taken":["M","M","?","?","?","R","?","E","T","R","M","M","?","M","R","BOSS"],"items_purchased_type":[],"build_version":"2020-12-22","purchased_purges":0,"victory":false,"max_hp_per_floor":[75,75,75,75,75,75,75,75,75,75,75,75,75,75,75,75,75],"card_choices":[{"not_picked":["Cold Snap","Scrape"],"picked":"Tempest","floor":0},{"not_picked":["Hologram","Chaos","Beam Cell"],"picked":"SKIP","floor":1},{"not_picked":["Barrage","Hologram"],"picked":"Leap","floor":2},{"not_picked":["Cold Snap","Melter"],"picked":"Conserve Battery","floor":5},{"not_picked":["Darkness","Hologram","Stack"],"picked":"SKIP","floor":8},{"not_picked":["Tempest","Sweeping Beam","Turbo"],"picked":"SKIP","floor":11},{"not_picked":["Streamline","Coolheaded","Echo Form"],"picked":"SKIP","floor":12},{"not_picked":["Stack","Hologram"],"picked":"Leap","floor":13},{"not_picked":["Coolheaded","Compile Driver","Barrage"],"picked":"SKIP","floor":14}],"player_experience":96862,"relics_obtained":[{"floor":8,"key":"Bird Faced Urn"},{"floor":9,"key":"CaptainsWheel"},{"floor":13,"key":"Odd Mushroom"}],"event_choices":[{"cards_removed":["Strike_B"],"damage_healed":0,"gold_gain":0,"player_choice":"Forget","damage_taken":0,"max_hp_gain":0,"max_hp_loss":0,"event_name":"Living Wall","floor":3,"gold_loss":0},{"damage_healed":0,"gold_gain":0,"player_choice":"Upgraded","damage_taken":0,"max_hp_gain":0,"max_hp_loss":0,"event_name":"Upgrade Shrine","floor":4,"gold_loss":0,"cards_upgraded":["Tempest"]},{"damage_healed":0,"gold_gain":175,"player_choice":"AGREE","damage_taken":0,"max_hp_gain":0,"max_hp_loss":0,"event_name":"Liars Game","floor":7,"gold_loss":0,"cards_obtained":["Doubt"]},{"damage_healed":0,"gold_gain":0,"player_choice":"Fought Mushrooms","damage_taken":0,"max_hp_gain":0,"max_hp_loss":0,"event_name":"Mushrooms","floor":13,"gold_loss":0}],"is_beta":false,"boss_relics":[],"items_purged_floors":[],"is_endless":false,"potions_floor_spawned":[5,11,12,14],"killed_by":"The Guardian","ascension_level":1}}