{"host":"na09lpbrez4gbfiz","time":1609451457,"event":{"mods":["Act Like it!","BaseMod","BetterRewards","Colored Map","Colored Powertips","DeckTracker","Googly Eyes","Highlight Path","Minty Spire (QoL Compilation)","Quick Restart","Spicy Shops","StSLib","SuperFastMode","Synergy Search"],"gold_per_floor":[117,117,117,137,157,185,185,198,245,245,260,287,299,318,318,418,418,437,453,138,138,155,155,183,183,183],"floor_reached":25,"playtime":760,"items_purged":["Defend_R"],"score":378,"play_id":"ac635f6b-8e4e-467f-83ab-0e4035b75272","local_time":"20201231225057","is_ascension_mode":true,"campfire_choices":[{"floor":7,"key":"REST"},{"data":"Bash","floor":15,"key":"SMITH"},{"data":"True Grit","floor":23,"key":"SMITH"}],"circlet_count":0,"master_deck":["AscendersBane","Strike_R","Strike_R","Strike_R","Strike_R","Defend_R","Defend_R","Defend_R","Bash+1","Ghostly Armor","True Grit+1","Metallicize","Whirlwind+1","Feed+1","Bloodletting","Double Tap","Seeing Red","Blood for Blood+1","Inflame","Carnage+1","Rage"],"relics":["Burning Blood","NeowsBlessing","Molten Egg 2","Bag of Preparation","Toy Ornithopter","Orichalcum","Sozu","Lantern","Mango","StoneCalendar"],"acts_visited":["Exordium","TheCity"],"potions_floor_usage":[12,12,12,16,16],"damage_taken":[{"damage":0,"enemies":"Small Slimes","floor":1,"turns":1},{"damage":0,"enemies":"2 Louse","floor":4,"turns":1},{"damage":0,"enemies":"Cultist","floor":5,"turns":1},{"damage":67,"enemies":"3 Sentries","floor":6,"turns":19},{"damage":15,"enemies":"Looter","floor":8,"turns":4},{"damage":10,"enemies":"Blue Slaver","floor":11,"turns":5},{"damage":12,"enemies":"Lagavulin","floor":12,"turns":10},{"damage":0,"enemies":"2 Fungi Beasts","floor":13,"turns":3},{"damage":5,"enemies":"Exordium Thugs","floor":14,"turns":5},{"damage":45,"enemies":"The Guardian","floor":16,"turns":11},{"damage":12,"enemies":"Shell Parasite","floor":18,"turns":3},{"damage":29,"enemies":"Spheric Guardian","floor":19,"turns":6},{"damage":18,"enemies":"Centurion and Healer","floor":22,"turns":6},{"damage":30,"enemies":"Gremlin Leader","floor":24,"turns":5},{"damage":17,"enemies":"Sentry and Sphere","floor":25,"turns":3}],"seed_played":"-6938249387978586566","potions_obtained":[{"floor":3,"key":"Weak Potion"},{"floor":3,"key":"LiquidBronze"},{"floor":3,"key":"Block Potion"},{"floor":4,"key":"DuplicationPotion"},{"floor":6,"key":"DistilledChaos"},{"floor":13,"key":"EssenceOfSteel"},{"floor":14,"key":"AttackPotion"}],"is_trial":false,"path_per_floor":["M","?","?","M","M","E","R","M","T","?","M","E","M","M","R","B",null,"M","M","$","?","M","R","E","M"],"character_chosen":"IRONCLAD","items_purchased":["Inflame","Lantern","Mango"],"campfire_rested":1,"item_purchase_floors":[20,20,20],"current_hp_per_floor":[78,71,71,77,80,19,43,34,34,31,27,36,42,47,47,18,68,62,43,57,48,40,40,16,0,0],"gold":183,"neow_bonus":"THREE_ENEMY_KILL","is_daily":false,"chose_seed":false,"campfire_upgraded":2,"win_rate":0.0,"timestamp":1609451457,"path_taken":["M","?","?","M","?","E","R","M","T","?","M","E","M","M","R","BOSS","M","M","$","?","M","R","E","M"],"items_purchased_type":["Card","Relic","Relic"],"build_version":"2020-12-22","purchased_purges":1,"victory":false,"max_hp_per_floor":[80,80,80,80,80,80,80,80,80,80,80,80,80,84,84,84,84,84,88,102,102,106,106,106,106,106],"card_choices":[{"not_picked":["Thunderclap","Clash"],"picked":"Ghostly Armor","floor":1},{"not_picked":["Clothesline","Disarm","Sword Boomerang"],"picked":"SKIP","floor":4},{"not_picked":["Perfected Strike","True Grit","Cleave"],"picked":"SKIP","floor":5},{"not_picked":["Perfected Strike","Cleave"],"picked":"True Grit","floor":5},{"not_picked":["Feel No Pain","Thunderclap+1","Dual Wield"],"picked":"SKIP","floor":6},{"not_picked":["Entrench","Dark Embrace","Fire Breathing"],"picked":"SKIP","floor":8},{"not_picked":["Warcry","Pommel Strike+1"],"picked":"Metallicize","floor":11},{"not_picked":["Combust","Shockwave"],"picked":"Whirlwind+1","floor":12},{"not_picked":["Heavy Blade+1","Anger+1"],"picked":"Feed+1","floor":13},{"not_picked":["Body Slam+1","Clothesline+1"],"picked":"Bloodletting","floor":14},{"not_picked":["Immolate+1","Impervious"],"picked":"Double Tap","floor":16},{"not_picked":["Sword Boomerang+1","Intimidate"],"picked":"Seeing Red","floor":18},{"not_picked":["Iron Wave+1","Clothesline+1"],"picked":"Blood for Blood+1","floor":19},{"not_picked":["Dual Wield","Twin Strike+1"],"picked":"Carnage+1","floor":22},{"not_picked":["Body Slam+1","Burning Pact"],"picked":"Rage","floor":24}],"player_experience":247415,"relics_obtained":[{"floor":6,"key":"Molten Egg 2"},{"floor":9,"key":"Bag of Preparation"},{"floor":12,"key":"Orichalcum"},{"floor":24,"key":"StoneCalendar"}],"event_choices":[{"cards_removed":["Strike_R"],"damage_healed":0,"gold_gain":0,"player_choice":"Card Removal","damage_taken":7,"max_hp_gain":0,"max_hp_loss":0,"event_name":"Golden Wing","floor":2,"gold_loss":0},{"damage_healed":0,"gold_gain":0,"player_choice":"Got Potions","damage_taken":0,"max_hp_gain":0,"max_hp_loss":0,"event_name":"Lab","floor":3,"gold_loss":0},{"damage_healed":0,"gold_gain":0,"player_choice":"Success","damage_taken":3,"relics_obtained":["Toy Ornithopter"],"max_hp_gain":0,"max_hp_loss":0,"event_name":"Scrap Ooze","floor":10,"gold_loss":0},{"damage_healed":0,"gold_gain":0,"player_choice":"Stopped","damage_taken":9,"max_hp_gain":0,"max_hp_loss":0,"event_name":"Cursed Tome","floor":21,"gold_loss":0}],"is_beta":false,"boss_relics":[{"not_picked":["Pandora\u0027s Box","SacredBark"],"picked":"Sozu"}],"items_purged_floors":[20],"is_endless":false,"potions_floor_spawned":[4,6,13,14,19,22,24],"killed_by":"Sentry and Sphere","ascension_level":10}}