{"host":"1bmpebsu0h6jmm2g","time":1609392504,"event":{"mods":["BaseMod","Colored Map","Highlight Path","Keyboard Shortcuts","Minty Spire (QoL Compilation)","Permanent Neow","Quick Restart","Relic Stats","Slay the Relics Exporter","StSLib","SuperFastMode"],"gold_per_floor":[109,34,45,56,56,95,95,121,121,121,141,161,192,192,192,267,267,286,286,186,186,214,214,246,246,300,300,300,330,340,360,360,440,440,458,458,167,185,199,240,265,296,348,366,396,396,415,415,415,415,415],"floor_reached":52,"playtime":1044,"items_purged":["Writhe","Strike_G","Strike_G"],"score":2176,"play_id":"555b1841-e801-486a-960a-aecced4fbbc7","local_time":"20201231142824","is_ascension_mode":true,"campfire_choices":[{"floor":7.0,"key":"REST"},{"data":"Accuracy","floor":10.0,"key":"SMITH"},{"data":"Flechettes","floor":15.0,"key":"SMITH"},{"data":"Blade Dance","floor":23.0,"key":"SMITH"},{"data":"After Image","floor":25.0,"key":"SMITH"},{"data":"Cloak And Dagger","floor":28.0,"key":"SMITH"},{"data":"Blade Dance","floor":32.0,"key":"SMITH"},{"data":"Impatience","floor":46.0,"key":"SMITH"},{"data":"Escape Plan","floor":49.0,"key":"SMITH"}],"circlet_count":0,"master_deck":["AscendersBane","Strike_G","Defend_G","Defend_G","Defend_G","Defend_G","Defend_G","Survivor","Neutralize+1","After Image+1","Flechettes+1","Blade Dance+1","Sucker Punch","Cloak And Dagger+1","Accuracy+1","Blade Dance+1","Escape Plan+1","Malaise","Flash of Steel+1","Impatience+1","Accuracy+1"],"relics":["Ring of the Snake","CeramicFish","Nunchaku","Ninja Scroll","WristBlade","MutagenicStrength","InkBottle","Mummified Hand","Coffee Dripper","Bag of Marbles","Vajra","The Specimen","Oddly Smooth Stone","Whetstone","Frozen Egg 2"],"acts_visited":["Exordium","TheCity","TheBeyond"],"potions_floor_usage":[50,50],"damage_taken":[{"damage":3.0,"enemies":"Cultist","floor":1.0,"turns":5.0},{"damage":1.0,"enemies":"2 Louse","floor":3.0,"turns":3.0},{"damage":0.0,"enemies":"Small Slimes","floor":4.0,"turns":4.0},{"damage":42.0,"enemies":"Gremlin Nob","floor":6.0,"turns":6.0},{"damage":3.0,"enemies":"Looter","floor":8.0,"turns":3.0},{"damage":4.0,"enemies":"Blue Slaver","floor":11.0,"turns":4.0},{"damage":2.0,"enemies":"Large Slime","floor":12.0,"turns":9.0},{"damage":2.0,"enemies":"3 Sentries","floor":13.0,"turns":6.0},{"damage":2.0,"enemies":"Slime Boss","floor":16.0,"turns":3.0},{"damage":0.0,"enemies":"Spheric Guardian","floor":18.0,"turns":2.0},{"damage":0.0,"enemies":"Chosen","floor":22.0,"turns":4.0},{"damage":1.0,"enemies":"Book of Stabbing","floor":24.0,"turns":3.0},{"damage":4.0,"enemies":"Gremlin Leader","floor":29.0,"turns":2.0},{"damage":0.0,"enemies":"Snecko","floor":30.0,"turns":2.0},{"damage":0.0,"enemies":"Shelled Parasite and Fungi","floor":31.0,"turns":2.0},{"damage":34.0,"enemies":"Champ","floor":33.0,"turns":6.0},{"damage":0.0,"enemies":"3 Shapes","floor":35.0,"turns":2.0},{"damage":0.0,"enemies":"Orb Walker","floor":39.0,"turns":1.0},{"damage":0.0,"enemies":"Giant Head","floor":40.0,"turns":4.0},{"damage":0.0,"enemies":"Mind Bloom Boss Battle","floor":41.0,"turns":1.0},{"damage":0.0,"enemies":"Reptomancer","floor":42.0,"turns":1.0},{"damage":5.0,"enemies":"4 Shapes","floor":44.0,"turns":3.0},{"damage":0.0,"enemies":"Giant Head","floor":45.0,"turns":2.0},{"damage":13.0,"enemies":"Transient","floor":47.0,"turns":6.0},{"damage":0,"enemies":"Donu and Deca","floor":50,"turns":4},{"damage":19,"enemies":"Awakened One","floor":51,"turns":5}],"seed_played":"-2007467600097270477","potions_obtained":[{"floor":3.0,"key":"Energy Potion"},{"floor":11.0,"key":"SpeedPotion"},{"floor":13.0,"key":"SteroidPotion"},{"floor":16.0,"key":"Block Potion"},{"floor":24.0,"key":"Energy Potion"},{"floor":31.0,"key":"LiquidBronze"},{"floor":33.0,"key":"DuplicationPotion"},{"floor":40.0,"key":"PowerPotion"}],"is_trial":false,"path_per_floor":["M","$","M","M","?","E","R","M","T","R","M","M","E","?","R","B",null,"M","?","$","?","M","R","E","R","T","?","R","E","M","M","R","B",null,"M","?","$","?","M","E","?","E","T","M","E","R","M","?","R","B","B",null],"character_chosen":"THE_SILENT","items_purchased":["Bag of Marbles"],"campfire_rested":1,"item_purchase_floors":[37],"current_hp_per_floor":[56,56,55,55,55,13,32,29,29,29,25,23,21,21,21,19,54,54,54,54,54,54,54,53,53,53,53,53,49,49,49,49,15,53,53,53,53,43,43,43,43,43,43,38,38,38,25,25,25,25,6],"gold":415,"neow_bonus":"THREE_RARE_CARDS","is_daily":false,"chose_seed":false,"campfire_upgraded":8,"win_rate":0.0,"timestamp":1609392504,"path_taken":["M","$","M","M","?","E","R","?","T","R","M","M","E","?","R","BOSS","M","?","$","?","M","R","E","R","T","?","R","E","M","M","R","BOSS","M","?","$","?","M","E","?","E","T","M","E","R","M","?","R","BOSS","BOSS"],"items_purchased_type":["Relic"],"build_version":"2020-12-22","purchased_purges":3,"victory":true,"max_hp_per_floor":[66,66,66,66,66,66,66,66,66,66,66,66,66,66,66,66,66,66,66,66,66,66,66,66,66,66,66,66,66,66,66,66,66,66,66,66,66,66,66,66,66,66,66,66,66,66,66,66,66,66,66],"relic_stats":{"Nunchaku":[36],"counters":[26,93],"Mummified Hand":[34],"CeramicFish":72,"Whetstone":["Neutralize","Flash of Steel"],"obtain_stats":[{"The Specimen":41,"CeramicFish":6,"Vajra":40,"Oddly Smooth Stone":42,"Whetstone":43,"Frozen Egg 2":45,"Nunchaku":9,"WristBlade":17,"Ninja Scroll":13,"Mummified Hand":29,"MutagenicStrength":21,"Coffee Dripper":34,"Bag of Marbles":37,"InkBottle":24,"Ring of the Snake":0},{"The Specimen":20,"CeramicFish":4,"Vajra":19,"Oddly Smooth Stone":21,"Whetstone":21,"Frozen Egg 2":23,"Nunchaku":5,"WristBlade":9,"Ninja Scroll":8,"Mummified Hand":13,"MutagenicStrength":10,"Coffee Dripper":16,"Bag of Marbles":17,"InkBottle":12,"Ring of the Snake":0},{"The Specimen":72,"CeramicFish":18,"Vajra":71,"Oddly Smooth Stone":73,"Whetstone":73,"Frozen Egg 2":78,"Nunchaku":21,"WristBlade":43,"Ninja Scroll":40,"Mummified Hand":54,"MutagenicStrength":45,"Coffee Dripper":64,"Bag of Marbles":66,"InkBottle":52,"Ring of the Snake":0}],"InkBottle":[42],"Ring of the Snake":[52]},"card_choices":[{"not_picked":["Burst","Doppelganger"],"picked":"After Image","floor":0.0},{"not_picked":["Bane","Footwork"],"picked":"Flechettes","floor":1.0},{"not_picked":["Distraction","Quick Slash","Underhanded Strike"],"picked":"SKIP","floor":3.0},{"not_picked":["Catalyst","Dash"],"picked":"Blade Dance","floor":4.0},{"not_picked":["Poisoned Stab","Quick Slash"],"picked":"Cloak And Dagger","floor":6.0},{"not_picked":["Bane","Noxious Fumes"],"picked":"Accuracy","floor":8.0},{"not_picked":["Finisher","Riddle With Holes","Choke"],"picked":"SKIP","floor":11.0},{"not_picked":["Dash","Dagger Throw"],"picked":"Blade Dance","floor":12.0},{"not_picked":["Predator","Bouncing Flask","Cloak And Dagger"],"picked":"SKIP","floor":13.0},{"not_picked":["Bane+1","Sucker Punch","All Out Attack"],"picked":"SKIP","floor":18.0},{"not_picked":["Deflect","Calculated Gamble+1"],"picked":"Escape Plan","floor":22.0},{"not_picked":["Prepared","Slice","Venomology"],"picked":"SKIP","floor":24.0},{"not_picked":["Sucker Punch","Burst","Well Laid Plans"],"picked":"SKIP","floor":29.0},{"not_picked":["Setup","Cloak And Dagger","Dodge and Roll"],"picked":"SKIP","floor":30.0},{"not_picked":["Calculated Gamble","Footwork+1","Endless Agony"],"picked":"SKIP","floor":31.0},{"not_picked":["Glass Knife","Envenom"],"picked":"Malaise","floor":33.0},{"not_picked":["Tactician","Flying Knee+1","Calculated Gamble"],"picked":"SKIP","floor":35.0},{"not_picked":["HandOfGreed","Dark Shackles"],"picked":"Flash of Steel","floor":38.0},{"not_picked":["Swift Strike","Transmutation"],"picked":"Impatience","floor":38.0},{"not_picked":["Cloak And Dagger","Footwork","Underhanded Strike"],"picked":"SKIP","floor":39.0},{"not_picked":["Quick Slash","PiercingWail"],"picked":"Accuracy+1","floor":40.0},{"not_picked":["Dodge and Roll","Bouncing Flask","Acrobatics"],"picked":"SKIP","floor":42.0},{"not_picked":["Well Laid Plans","Slice","Eviscerate"],"picked":"SKIP","floor":44.0},{"not_picked":["Footwork+1","Doppelganger","Expertise"],"picked":"SKIP","floor":45.0},{"not_picked":["Calculated Gamble","Flying Knee","Outmaneuver+1"],"picked":"SKIP","floor":47.0}],"player_experience":478710,"relics_obtained":[{"floor":6.0,"key":"CeramicFish"},{"floor":9.0,"key":"Nunchaku"},{"floor":13.0,"key":"Ninja Scroll"},{"floor":24.0,"key":"InkBottle"},{"floor":29.0,"key":"Mummified Hand"},{"floor":40.0,"key":"Vajra"},{"floor":41.0,"key":"The Specimen"},{"floor":42.0,"key":"Oddly Smooth Stone"},{"floor":43.0,"key":"Whetstone"},{"floor":45.0,"key":"Frozen Egg 2"}],"event_choices":[{"damage_healed":0.0,"max_hp_gain":0.0,"max_hp_loss":0.0,"gold_gain":0.0,"cards_transformed":["Strike_G"],"event_name":"Transmorgrifier","player_choice":"Transformed","floor":5.0,"gold_loss":0.0,"damage_taken":0.0,"cards_obtained":["Sucker Punch"]},{"cards_removed":["Strike_G"],"damage_healed":0.0,"max_hp_gain":0.0,"max_hp_loss":0.0,"gold_gain":0.0,"event_name":"Living Wall","player_choice":"Forget","floor":14.0,"gold_loss":0.0,"damage_taken":0.0},{"damage_healed":0.0,"max_hp_gain":0.0,"max_hp_loss":0.0,"gold_gain":0.0,"event_name":"The Mausoleum","player_choice":"Ignored","floor":19.0,"gold_loss":0.0,"damage_taken":0.0},{"damage_healed":0.0,"max_hp_gain":0.0,"max_hp_loss":0.0,"gold_gain":0.0,"event_name":"Drug Dealer","player_choice":"Inject Mutagens","floor":21.0,"gold_loss":0.0,"damage_taken":0.0,"relics_obtained":["MutagenicStrength"]},{"damage_healed":0.0,"max_hp_gain":0.0,"max_hp_loss":0.0,"gold_gain":0.0,"event_name":"Vampires","player_choice":"Ignored","floor":27.0,"gold_loss":0.0,"damage_taken":0.0},{"damage_healed":0.0,"max_hp_gain":0.0,"max_hp_loss":0.0,"gold_gain":0.0,"event_name":"Tomb of Lord Red Mask","player_choice":"Ignored","floor":36.0,"gold_loss":0.0,"damage_taken":0.0},{"damage_healed":0.0,"max_hp_gain":0.0,"max_hp_loss":0.0,"gold_gain":0.0,"event_name":"SensoryStone","player_choice":"Memory 3","floor":38.0,"gold_loss":0.0,"damage_taken":10.0},{"damage_healed":0.0,"max_hp_gain":0.0,"max_hp_loss":0.0,"gold_gain":0.0,"event_name":"MindBloom","player_choice":"Fight","floor":41.0,"gold_loss":0.0,"damage_taken":0.0},{"damage_healed":0.0,"max_hp_gain":0.0,"max_hp_loss":0.0,"gold_gain":0.0,"event_name":"The Moai Head","player_choice":"Ignored","floor":48.0,"gold_loss":0.0,"damage_taken":0.0}],"is_beta":false,"boss_relics":[{"not_picked":["Tiny House","Astrolabe"],"picked":"WristBlade"},{"not_picked":["HoveringKite","Ring of the Serpent"],"picked":"Coffee Dripper"}],"items_purged_floors":[2,20,37],"is_endless":false,"potions_floor_spawned":[3,11,13,16,24,31,33,40,42,45],"ascension_level":20}}