{"host":"jkgg7n5hn1slsm35","time":1609404373,"event":{"mods":["Aspiration","BaseMod","BetterRewards","Conspire","Googly Eyes","Gremlin Skip","Halation","Highlight Path","Hubris","Infinite Spire","Minty Spire (QoL Compilation)","Permanent Neow","StSLib","SuperFastMode","vexMod"],"gold_per_floor":[114,129,144,0,15,15,30,30,55,70,100,115,115,130,130,230,230,245,260,260,275,290,290,290,305,305,320,320,320,335,350,350,450,450,465,465,465,480,480,480,495,495,495,510,510,510,525,333,333,333],"floor_reached":51,"playtime":1284,"items_purged":["Strike_B","Strike_B","Dualcast"],"score":732,"play_id":"64e2c4ad-caba-4e10-b3b7-02598041a031","local_time":"20201231094613","daily_mods":["Heirloom","Time Dilation","Lethality"],"is_ascension_mode":false,"campfire_choices":[{"data":"Zap","floor":6,"key":"SMITH"},{"data":"Beam Cell","floor":8,"key":"SMITH"},{"floor":13,"key":"REST"},{"data":"Beam Cell","floor":15,"key":"SMITH"},{"floor":23,"key":"REST"},{"floor":28,"key":"REST"},{"floor":32,"key":"REST"},{"data":"infinitespire:NeuralNetwork","floor":40,"key":"SMITH"},{"data":"Streamline","floor":42,"key":"SMITH"},{"data":"Scrape","floor":46,"key":"SMITH"},{"data":"Flash of Steel","floor":49,"key":"SMITH"}],"circlet_count":0,"master_deck":["Strike_B","Strike_B","Defend_B","Defend_B","Defend_B","Defend_B","Zap+1","Steam","Beam Cell+1","Steam","Leap","Conserve Battery","Beam Cell+1","Go for the Eyes","Compile Driver","Electrodynamics","Streamline+1","Sweeping Beam","Beam Cell","Ball Lightning","Scrape+1","Creative AI+1","Ball Lightning","infinitespire:NeuralNetwork+1","Beam Cell+1","Good Instincts","Storm+1","Loop+1","Flash of Steel+1"],"relics":["Cracked Core","Bird Faced Urn","Centennial Puzzle","Bronze Scales","Nuclear Battery","FaceOfCleric","Eternal Feather","aspiration:Stellarator","hubris:AstralHammer","hubris:MysteriousPyramids"],"acts_visited":["Exordium","TheCity","TheBeyond"],"potions_floor_usage":[16,33,50,50,50],"damage_taken":[{"damage":0,"enemies":"Cultist","floor":1,"turns":2},{"damage":8,"enemies":"Small Slimes","floor":2,"turns":2},{"damage":0,"enemies":"Jaw Worm","floor":3,"turns":3},{"damage":3,"enemies":"Large Slime","floor":5,"turns":4},{"damage":5,"enemies":"Red Slaver","floor":7,"turns":2},{"damage":0,"enemies":"Looter","floor":10,"turns":3},{"damage":28,"enemies":"3 Sentries","floor":11,"turns":7},{"damage":0,"enemies":"Blue Slaver","floor":12,"turns":3},{"damage":0,"enemies":"Exordium Wildlife","floor":14,"turns":2},{"damage":23,"enemies":"Hexaghost","floor":16,"turns":7},{"damage":20,"enemies":"3 Byrds","floor":18,"turns":2},{"damage":1,"enemies":"2 Thieves","floor":19,"turns":2},{"damage":5,"enemies":"Cultist and Chosen","floor":21,"turns":4},{"damage":22,"enemies":"Centurion and Healer","floor":22,"turns":3},{"damage":0,"enemies":"3 Cultists","floor":25,"turns":3},{"damage":19,"enemies":"Chosen and Byrds","floor":27,"turns":3},{"damage":32,"enemies":"conspire:HollyBat","floor":30,"turns":7},{"damage":4,"enemies":"Snecko","floor":31,"turns":3},{"damage":23,"enemies":"Collector","floor":33,"turns":5},{"damage":12,"enemies":"3 Shapes","floor":35,"turns":5},{"damage":8,"enemies":"3 Darklings","floor":38,"turns":4},{"damage":0,"enemies":"Transient","floor":41,"turns":5},{"damage":8,"enemies":"Spire Growth","floor":44,"turns":2},{"damage":8,"enemies":"Sphere and 2 Shapes","floor":47,"turns":3},{"damage":2,"enemies":"hubris:GrandSnecko","floor":50,"turns":4}],"seed_played":"-5051420239723459148","potions_obtained":[{"floor":1,"key":"Strength Potion"},{"floor":5,"key":"FocusPotion"},{"floor":7,"key":"Swift Potion"},{"floor":18,"key":"FearPotion"},{"floor":30,"key":"FocusPotion"},{"floor":38,"key":"FocusPotion"}],"is_trial":false,"path_per_floor":["M","M","M","$","M","R","M","R","T","M","E","M","R","M","R","B",null,"M","M","?","M","M","R","T","M","T","M","R","?","M","M","R","B",null,"M","?","AVR","M","?","R","M","R","T","M","?","R","M","$","R","B",null],"character_chosen":"DEFECT","items_purchased":["Beam Cell","Steam","Flash of Steel"],"campfire_rested":4,"item_purchase_floors":[4,4,48],"current_hp_per_floor":[75,67,67,67,64,64,59,59,59,59,31,31,53,53,53,30,75,55,56,56,54,35,58,58,59,65,49,85,85,54,51,87,65,88,85,85,85,82,82,90,91,91,91,84,92,92,85,85,93,94],"gold":333,"neow_bonus":"","is_daily":true,"chose_seed":false,"campfire_upgraded":7,"win_rate":0.0,"timestamp":1609404373,"path_taken":["M","M","M","$","?","R","M","R","T","M","E","M","R","M","R","BOSS","M","M","?","?","M","R","?","M","T","M","R","?","?","M","R","BOSS","M","?","AVR","M","?","R","?","R","T","M","?","R","M","?","R","BOSS"],"items_purchased_type":["Card","Card","Card"],"build_version":"2020-12-22","purchased_purges":3,"victory":true,"max_hp_per_floor":[75,75,75,75,75,75,75,75,75,75,75,75,75,75,75,75,75,75,75,75,76,77,77,77,78,84,85,85,85,86,87,87,88,88,89,89,89,90,90,90,91,91,91,92,92,92,93,93,93,94],"card_choices":[{"not_picked":["Reprogram","Chill"],"picked":"Steam","floor":1},{"not_picked":["Leap","Darkness","Loop"],"picked":"SKIP","floor":2},{"not_picked":["Force Field","Genetic Algorithm","Rebound"],"picked":"SKIP","floor":3},{"not_picked":["Hologram","aspiration:Polymerization"],"picked":"Leap","floor":5},{"not_picked":["Barrage","Rip and Tear","Rebound"],"picked":"SKIP","floor":7},{"not_picked":["Lockon","Barrage"],"picked":"Conserve Battery","floor":10},{"not_picked":["conspire:Rain","Heatsinks"],"picked":"Beam Cell","floor":11},{"not_picked":["conspire:Rain","Barrage"],"picked":"Go for the Eyes","floor":12},{"not_picked":["Force Field","Cold Snap"],"picked":"Compile Driver","floor":14},{"not_picked":["All For One","Creative AI"],"picked":"Electrodynamics","floor":16},{"not_picked":["Hologram","Doom and Gloom"],"picked":"Streamline","floor":18},{"not_picked":["Stack","Steam+1"],"picked":"Sweeping Beam","floor":19},{"not_picked":["Skim+1","Turbo"],"picked":"Beam Cell","floor":21},{"not_picked":["conspire:SharedLibrary","Barrage"],"picked":"Ball Lightning","floor":22},{"not_picked":["Buffer","Go for the Eyes","Darkness"],"picked":"SKIP","floor":25},{"not_picked":["Glacier+1","Turbo+1","Hologram"],"picked":"SKIP","floor":27},{"not_picked":["Conserve Battery","Steam"],"picked":"Scrape","floor":30},{"not_picked":["hubris:SpecializedCircuitry","Turbo+1","Static Discharge"],"picked":"SKIP","floor":31},{"not_picked":["Buffer","Machine Learning"],"picked":"Creative AI","floor":33},{"not_picked":["Consume","Skim+1"],"picked":"Ball Lightning","floor":35},{"not_picked":["Auto Shields+1","Skim+1"],"picked":"Beam Cell+1","floor":38},{"not_picked":["Mind Blast","Trip"],"picked":"Good Instincts","floor":39},{"not_picked":["Rebound","Turbo","Hologram"],"picked":"SKIP","floor":41},{"not_picked":["BootSequence","Cold Snap"],"picked":"Storm+1","floor":44},{"not_picked":["Doom and Gloom","Chill"],"picked":"Loop+1","floor":47}],"player_experience":1809640,"relics_obtained":[{"floor":9,"key":"Centennial Puzzle"},{"floor":11,"key":"Bronze Scales"},{"floor":24,"key":"Eternal Feather"},{"floor":26,"key":"vexMod:BerryBomb"},{"floor":43,"key":"hubris:MysteriousPyramids"}],"event_choices":[{"damage_healed":0,"gold_gain":0,"player_choice":"Trade","damage_taken":0,"relics_obtained":["FaceOfCleric"],"max_hp_gain":0,"max_hp_loss":0,"event_name":"FaceTrader","floor":20,"gold_loss":0},{"damage_healed":0,"gold_gain":0,"player_choice":"Ignored","damage_taken":0,"max_hp_gain":0,"max_hp_loss":0,"event_name":"Transmorgrifier","floor":29,"gold_loss":0},{"damage_healed":0,"gold_gain":0,"player_choice":"Memory 1","damage_taken":0,"max_hp_gain":0,"max_hp_loss":0,"event_name":"SensoryStone","floor":39,"gold_loss":0}],"is_beta":false,"boss_relics":[{"not_picked":["conspire:SeveredTorchhead","aspiration:SilentSkillbook"],"picked":"Nuclear Battery"},{"not_picked":["aspiration:PoetsPen_weak","Cursed Key"],"picked":"aspiration:Stellarator"}],"items_purged_floors":[4,37,48],"is_endless":false,"potions_floor_spawned":[1,5,7,10,18,30,31,38,44],"ascension_level":0}}