{"host":"my77oq6kb6j47rwl","time":1609434527,"event":{"mods":["BaseMod","Emptier Cage","Ironclad Rager","Minty Spire (QoL Compilation)","Quick Restart","Rare Cards Sparkle","StSLib"],"gold_per_floor":[113,44,63,79,4,31,10,20,97,15,35,35,69,88,88,186,186,198,218,230,230,250,281,293,293,293],"floor_reached":25,"playtime":2491,"items_purged":["Defend_B"],"score":406,"play_id":"125bc5f3-6296-4720-8cb5-37c3f8b016b1","local_time":"20201231120847","is_ascension_mode":true,"campfire_choices":[{"data":"Defragment","floor":15,"key":"SMITH"}],"circlet_count":0,"master_deck":["AscendersBane","Strike_B+1","Defend_B","Defend_B","Defend_B","Zap","Dualcast","Capacitor","Capacitor","Loop","Cold Snap+1","Leap","Rainbow","Loop","Defragment+1","Conserve Battery","Defragment","Electrodynamics","Conserve Battery","Melter+1","Ball Lightning","Static Discharge","Ball Lightning+1","Hologram+1"],"relics":["Empty Cage","Dead Branch","Letter Opener","Potion Belt","Velvet Choker","Lizard Tail","Whetstone"],"acts_visited":["Exordium","TheCity"],"potions_floor_usage":[6,16,16,16,16,19,23,24],"damage_taken":[{"damage":5,"enemies":"Cultist","floor":1,"turns":4},{"damage":11,"enemies":"2 Louse","floor":3,"turns":4},{"damage":14,"enemies":"Small Slimes","floor":4,"turns":4},{"damage":18,"enemies":"3 Sentries","floor":6,"turns":12},{"damage":7,"enemies":"Red Slaver","floor":8,"turns":5},{"damage":11,"enemies":"Large Slime","floor":11,"turns":7},{"damage":5,"enemies":"Lagavulin","floor":13,"turns":8},{"damage":40,"enemies":"Exordium Thugs","floor":14,"turns":8},{"damage":11,"enemies":"Slime Boss","floor":16,"turns":5},{"damage":19,"enemies":"Chosen","floor":18,"turns":7},{"damage":20,"enemies":"Shell Parasite","floor":19,"turns":6},{"damage":21,"enemies":"Snake Plant","floor":20,"turns":5},{"damage":23,"enemies":"Snecko","floor":22,"turns":7},{"damage":24,"enemies":"Gremlin Leader","floor":23,"turns":4},{"damage":2,"enemies":"Sentry and Sphere","floor":24,"turns":4},{"damage":11,"enemies":"Snake Plant","floor":25,"turns":1}],"seed_played":"6271790569591963717","potions_obtained":[{"floor":4,"key":"DuplicationPotion"},{"floor":8,"key":"BlessingOfTheForge"},{"floor":13,"key":"EntropicBrew"},{"floor":14,"key":"SmokeBomb"},{"floor":18,"key":"Regen Potion"}],"is_trial":false,"path_per_floor":["M","$","M","M","$","E","?","M","T","$","M","?","E","M","R","B",null,"M","M","M","T","M","E","M","M"],"character_chosen":"DEFECT","items_purchased":["Capacitor","Loop"],"campfire_rested":0,"item_purchase_floors":[2,10],"current_hp_per_floor":[63,63,52,38,38,20,20,13,13,13,2,75,70,30,30,19,61,42,37,16,16,30,6,4,0,0],"gold":293,"neow_bonus":"BOSS_RELIC","is_daily":false,"chose_seed":false,"campfire_upgraded":1,"win_rate":0.0,"timestamp":1609434527,"path_taken":["M","$","?","M","?","E","?","M","T","$","M","?","E","M","R","BOSS","M","M","M","?","?","E","M","M"],"items_purchased_type":["Card","Card"],"build_version":"2020-12-22","purchased_purges":1,"victory":false,"max_hp_per_floor":[75,75,75,75,75,75,75,75,75,75,75,75,75,75,75,75,75,75,75,75,75,75,75,75,75,75],"card_choices":[{"not_picked":["Beam Cell","Coolheaded"],"picked":"Capacitor","floor":1},{"not_picked":["Barrage","Doom and Gloom"],"picked":"Loop","floor":3},{"not_picked":["Leap","Sunder"],"picked":"Cold Snap","floor":4},{"not_picked":["Conserve Battery","Rebound"],"picked":"Leap","floor":6},{"not_picked":["Hologram","Steam"],"picked":"Rainbow","floor":8},{"not_picked":["Recycle","Go for the Eyes"],"picked":"Defragment","floor":11},{"not_picked":["Streamline","Sweeping Beam"],"picked":"Conserve Battery","floor":13},{"not_picked":["Chaos","Beam Cell"],"picked":"Defragment","floor":14},{"not_picked":["All For One","Creative AI"],"picked":"Electrodynamics","floor":16},{"not_picked":["FTL","Sweeping Beam"],"picked":"Conserve Battery","floor":18},{"not_picked":["Skim","Cold Snap"],"picked":"Melter+1","floor":19},{"not_picked":["Glacier","Streamline"],"picked":"Ball Lightning","floor":20},{"not_picked":["Steam","Blizzard"],"picked":"Static Discharge","floor":22},{"not_picked":["Meteor Strike","Darkness"],"picked":"Ball Lightning+1","floor":23},{"not_picked":["Melter","Barrage"],"picked":"Hologram+1","floor":24}],"player_experience":980758,"relics_obtained":[{"floor":6,"key":"Dead Branch"},{"floor":9,"key":"Letter Opener"},{"floor":13,"key":"Potion Belt"},{"floor":21,"key":"Lizard Tail"},{"floor":23,"key":"Whetstone"}],"event_choices":[{"damage_healed":0,"gold_gain":0,"player_choice":"Left Gold","damage_taken":0,"max_hp_gain":0,"max_hp_loss":0,"event_name":"World of Goop","floor":7,"gold_loss":21},{"damage_healed":73,"gold_gain":0,"player_choice":"Full Heal","damage_taken":0,"max_hp_gain":0,"max_hp_loss":0,"event_name":"Wheel of Change","floor":12,"gold_loss":0}],"is_beta":false,"boss_relics":[{"not_picked":["Astrolabe","Busted Crown"],"picked":"Velvet Choker"}],"items_purged_floors":[5],"is_endless":false,"potions_floor_spawned":[4,8,13,14,18],"killed_by":"Snake Plant","ascension_level":11}}