{"host":"m1168lp3vv5pgdep","time":1609421122,"event":{"mods":["Act Like it!","Aspiration","BaseMod","Better Altar","Better Match","Better Sensory Stone","Better Skull","Better Third Choice","Block Reminder","CCEM","Curses Come First","Elementarium","Gensokyo","GungeonMod","Hallownest","Hermit","Hubris","Menagerie","Minty Spire (QoL Compilation)","Pale of the Ancients","Permanent Neow","Quick Restart","Small Relic Pack","Spicy Shops","StSLib","The Bug Knight","The Forsaken","Wandering Minibosses","WarShipGirlsR/????R mod"],"gold_per_floor":[111,111,124,134,59,59,92,92,92,142,42,58,86,121,121,222,222,232,250,18,18,18,50,50,94,149,178,178,178,2,19,19,19,19],"floor_reached":33,"playtime":3535,"items_purged":["HollowMod:FocusHealStart","HollowMod:NailStrikeStart","HollowMod:NailStrikeStart","HollowMod:NailStrikeStart"],"score":307,"play_id":"2f310dbc-bb0f-4af2-a2e5-010299fb55eb","local_time":"20201231132522","is_ascension_mode":true,"campfire_choices":[{"floor":6,"key":"RECALL"},{"data":"HollowMod:DoubleDash","floor":8,"key":"SMITH"},{"floor":15,"key":"REST"},{"data":"HollowMod:SlysStrikes","floor":24,"key":"SMITH"},{"floor":28,"key":"REST"},{"data":"HollowMod:BlackTendrils","floor":32,"key":"SMITH"}],"circlet_count":0,"master_deck":["HollowMod:NailStrikeStart","HollowMod:QuickDashStart","HollowMod:QuickDashStart","HollowMod:QuickDashStart","HollowMod:QuickDashStart","HollowMod:PogoStrike","HollowMod:WraithStrike","HollowMod:DescendingDark","HollowMod:CloakDash","HollowMod:FallenFury+1","HollowMod:DoubleDash+1","HollowMod:BlackTendrils","HollowMod:DoubleDash","HollowMod:BlackTendrils+1","HollowMod:SharpenedShadows","HollowMod:SlysStrikes+1","HollowMod:SharpenedShadows","HollowMod:DashSlash","HollowMod:CloakDash+1"],"relics":["HollowMod:VesselMask","Hallownest:DreamNailRelic","DemoMod:AgedBell","Nunchaku","Black Star","DemoMod:PinkGuonStone","Ancient Tea Set","Regal Pillow","Juzu Bracelet","theForsaken:HumbleEgg"],"acts_visited":["Hallownest:Greenpath","Hallownest:CityofTears"],"potions_floor_usage":[13,13,14,16,19,23,33,33,33],"damage_taken":[{"damage":5,"enemies":"Hallownest:2_Baldur","floor":1,"turns":3},{"damage":7,"enemies":"Hallownest:2_Tiktiks_and_1_Crawlid","floor":3,"turns":3},{"damage":5,"enemies":"Hallownest:monsterHuskGuard","floor":4,"turns":4},{"damage":39,"enemies":"Hallownest:eliteMossKnight","floor":7,"turns":10},{"damage":12,"enemies":"Hallownest:Guard_and_Warrior","floor":10,"turns":6},{"damage":3,"enemies":"Hallownest:monsterFoolEater","floor":12,"turns":3},{"damage":4,"enemies":"Hallownest:eliteVengeflyKing","floor":13,"turns":7},{"damage":1,"enemies":"Hallownest:Wandering_and_Horned","floor":14,"turns":3},{"damage":19,"enemies":"Hallownest:BossFalseKnight","floor":16,"turns":12},{"damage":34,"enemies":"Hallownest:2_Mistakes","floor":18,"turns":8},{"damage":7,"enemies":"Hallownest:Flukemon_and_Top","floor":19,"turns":4},{"damage":34,"enemies":"Hallownest:Nosk","floor":23,"turns":10},{"damage":21,"enemies":"Hallownest:2_Husk_Sentries","floor":25,"turns":8},{"damage":23,"enemies":"Hallownest:eliteSoulWarrior","floor":27,"turns":7},{"damage":11,"enemies":"Hallownest:monsterMisterMushroom","floor":31,"turns":6},{"damage":67,"enemies":"Hallownest:BossMantisLord","floor":33,"turns":4}],"seed_played":"8191900101675854287","potions_obtained":[{"floor":7,"key":"PowerPotion"},{"floor":12,"key":"Block Potion"},{"floor":13,"key":"Fire Potion"},{"floor":14,"key":"Block Potion"},{"floor":18,"key":"Fire Potion"},{"floor":25,"key":"Fire Potion"},{"floor":31,"key":"SteroidPotion"}],"is_trial":false,"path_per_floor":["M","?","M","M","?","R","E","R","T","M","$","M","E","M","R","B",null,"M","M","$","?","?","E","R","M","T","E","R","$","$","M","R","B"],"character_chosen":"THE_BUGKNIGHT","items_purchased":["HollowMod:DoubleDash","HollowMod:SharpenedShadows","AttackPotion","AttackPotion"],"campfire_rested":2,"item_purchase_floors":[11,20,20,30],"current_hp_per_floor":[82,82,78,73,73,73,34,34,34,22,22,21,21,24,48,33,82,55,53,53,53,82,57,57,40,40,25,66,61,61,55,55,0,0],"gold":19,"neow_bonus":"TEN_PERCENT_HP_BONUS","is_daily":false,"chose_seed":false,"campfire_upgraded":3,"win_rate":0.0,"timestamp":1609421122,"path_taken":["M","?","?","M","?","R","E","R","T","M","$","M","E","M","R","BOSS","M","M","$","?","?","E","R","M","T","E","R","?","$","M","R","BOSS"],"items_purchased_type":["Card","Card","Potion","Potion"],"build_version":"2020-12-22","purchased_purges":4,"victory":false,"max_hp_per_floor":[82,82,82,82,82,82,82,82,82,82,82,82,82,82,82,82,82,82,82,82,82,82,89,89,89,89,89,89,89,89,89,89,89,89],"card_choices":[{"not_picked":["HollowMod:LifebloodCocoon","HollowMod:DoubleDash"],"picked":"HollowMod:WraithStrike","floor":1},{"not_picked":["HollowMod:DashSlash","HollowMod:NewJinnsSoul"],"picked":"HollowMod:DescendingDark","floor":3},{"not_picked":["HollowMod:SiblingsSouls","HollowMod:LifebloodCocoon"],"picked":"HollowMod:CloakDash","floor":4},{"not_picked":["HollowMod:QuirrelsAssistance+1","HollowMod:SoulEater+1"],"picked":"HollowMod:FallenFury+1","floor":5},{"not_picked":["HollowMod:RecoilStrike","HollowMod:TaintedHusks"],"picked":"HollowMod:DoubleDash","floor":7},{"not_picked":["HollowMod:VengefulSpirit","HollowMod:SlysStrikes"],"picked":"HollowMod:BlackTendrils","floor":10},{"not_picked":["HollowMod:AbyssShriek","HollowMod:NewLittleFool"],"picked":"HollowMod:BlackTendrils","floor":12},{"not_picked":["HollowMod:SoulSplash","HollowMod:SharpenedNail","HollowMod:MidwifesHunger"],"picked":"SKIP","floor":13},{"not_picked":["HollowMod:SoulSplash","HollowMod:CycloneSlash"],"picked":"HollowMod:SharpenedShadows","floor":14},{"not_picked":["HollowMod:LifebloodCore","HollowMod:AwokenDreamNail"],"picked":"HollowMod:SlysStrikes","floor":16},{"not_picked":["HollowMod:RecoilStrike","HollowMod:SoulShaman"],"picked":"HollowMod:ShadowDash","floor":18},{"not_picked":["HollowMod:SharpenedNail","HollowMod:NewGlowingWomb+1","HollowMod:NewLittleFool"],"picked":"SKIP","floor":19},{"not_picked":["HollowMod:SoulSplash+1","HollowMod:FallenFury"],"picked":"HollowMod:DashSlash","floor":23},{"not_picked":["HollowMod:NewJinnsSoul","HollowMod:MothsMistake+1"],"picked":"HollowMod:CloakDash+1","floor":25},{"not_picked":["HollowMod:DungDefenderAura","HollowMod:SoulStrike+1","HollowMod:CoiledNail"],"picked":"SKIP","floor":27},{"not_picked":["HollowMod:FallenFury","HollowMod:LifebloodCocoon+1","HollowMod:HeavyBlow+1"],"picked":"SKIP","floor":31}],"player_experience":241684,"relics_obtained":[{"floor":7,"key":"DemoMod:AgedBell"},{"floor":13,"key":"Nunchaku"},{"floor":23,"key":"DemoMod:PinkGuonStone"},{"floor":23,"key":"Ancient Tea Set"},{"floor":26,"key":"Regal Pillow"},{"floor":27,"key":"Juzu Bracelet"},{"floor":27,"key":"theForsaken:HumbleEgg"}],"event_choices":[{"damage_healed":0,"gold_gain":0,"player_choice":"2","damage_taken":0,"max_hp_gain":0,"max_hp_loss":0,"event_name":"betterMatch:BetterMatch","floor":5,"gold_loss":0,"cards_obtained":["betterMatch:UncommonCard"]}],"is_beta":false,"boss_relics":[{"not_picked":["Runic Dome","aspiration:SecretTechniqueScroll"],"picked":"Black Star"}],"items_purged_floors":[11,20,29,30],"is_endless":false,"potions_floor_spawned":[7,12,13,14,18,25,31],"killed_by":"Hallownest:BossMantisLord","ascension_level":1}}