{"host":"jm9833yuloeli2yd","time":1609381666,"event":{"mods":["AchievementEnabler","BaseMod","Better Altar","Better Match","Better Note","Better Sensory Stone","Better Skull","Better Third Choice","Better Vampires","BetterRewards","Colored Map","Colored Powertips","DeckTracker","Marked Mod","Minty Spire (QoL Compilation)","Permanent Neow","Quick Restart","StSLib","SuperFastMode"],"gold_per_floor":[111,126,126,276,296,323,323,323,405,425,500,36,53,63,63,137,137,156,173,173,173,192,192,192],"floor_reached":23,"playtime":757,"items_purged":["Doubt"],"score":411,"play_id":"fe3f6242-d936-40ae-93d3-53194fdc546e","local_time":"20201230212746","is_ascension_mode":true,"campfire_choices":[{"floor":15,"key":"REST"}],"circlet_count":0,"master_deck":["AscendersBane","Defend_B","Defend_B","Defend_B","Defend_B","Zap+1","Dualcast","Coolheaded","Self Repair","Compile Driver","Genetic Algorithm","Apotheosis","Conserve Battery","Reinforced Body","Turbo","Multi-Cast","Bite","Bite","Bite","Bite","Capacitor"],"relics":["Cracked Core","Centennial Puzzle","Nunchaku","Pen Nib","Pantograph","Chemical X","Runic Pyramid"],"acts_visited":["Exordium","TheCity"],"potions_floor_usage":[6,10,13,16,16,22,23],"damage_taken":[{"damage":2,"enemies":"2 Louse","floor":1,"turns":2},{"damage":0,"enemies":"Jaw Worm","floor":2,"turns":4},{"damage":7,"enemies":"Small Slimes","floor":5,"turns":4},{"damage":43,"enemies":"Lagavulin","floor":6,"turns":8},{"damage":0,"enemies":"3 Louse","floor":10,"turns":3},{"damage":6,"enemies":"2 Fungi Beasts","floor":13,"turns":3},{"damage":9,"enemies":"Exordium Wildlife","floor":14,"turns":4},{"damage":20,"enemies":"The Guardian","floor":16,"turns":10},{"damage":28,"enemies":"3 Byrds","floor":18,"turns":6},{"damage":0,"enemies":"Chosen","floor":19,"turns":8},{"damage":9,"enemies":"Snake Plant","floor":22,"turns":5},{"damage":70,"enemies":"Slavers","floor":23,"turns":5}],"seed_played":"-9090657387124203913","potions_obtained":[{"floor":5,"key":"SteroidPotion"},{"floor":6,"key":"Explosive Potion"},{"floor":13,"key":"PowerPotion"},{"floor":16,"key":"Strength Potion"},{"floor":18,"key":"SneckoOil"}],"is_trial":false,"path_per_floor":["M","M","?","?","M","E","?","?","T","M","?","$","M","M","R","B",null,"M","M","?","?","M","E"],"character_chosen":"DEFECT","items_purchased":["Chemical X","Reinforced Body","AttackPotion","DistilledChaos"],"campfire_rested":1,"item_purchase_floors":[12,12,12,12],"current_hp_per_floor":[62,62,62,62,62,26,15,15,15,22,11,11,15,16,37,49,66,45,55,55,53,53,0,0],"gold":192,"neow_bonus":"RANDOM_COMMON_RELIC","is_daily":false,"chose_seed":false,"campfire_upgraded":0,"win_rate":0.0,"timestamp":1609381666,"path_taken":["M","M","?","?","M","E","?","?","T","M","?","$","M","M","R","BOSS","M","M","?","?","M","E"],"items_purchased_type":["Relic","Card","Potion","Potion"],"build_version":"2020-12-22","purchased_purges":1,"victory":false,"max_hp_per_floor":[71,71,71,71,71,71,71,71,71,71,71,71,71,71,71,71,71,71,71,71,53,53,53,53],"card_choices":[{"not_picked":["Redo","Turbo"],"picked":"Coolheaded","floor":1},{"not_picked":["Steam Power","Turbo"],"picked":"Self Repair","floor":2},{"not_picked":["Stack","Tempest"],"picked":"Compile Driver","floor":5},{"not_picked":["Machine Learning","Fusion"],"picked":"Genetic Algorithm","floor":6},{"not_picked":["Sadistic Nature","Enlightenment"],"picked":"Apotheosis","floor":8},{"not_picked":["Leap","Hologram"],"picked":"Conserve Battery","floor":10},{"not_picked":["Beam Cell","Hello World","Barrage"],"picked":"SKIP","floor":13},{"not_picked":["Fusion","Coolheaded"],"picked":"Turbo","floor":14},{"not_picked":["Thunder Strike","Electrodynamics"],"picked":"Multi-Cast","floor":16},{"not_picked":["Rebound+1","Cold Snap","Stack"],"picked":"SKIP","floor":18},{"not_picked":["Cold Snap","Go for the Eyes","Scrape+1"],"picked":"SKIP","floor":19},{"not_picked":["Self Repair","Fusion"],"picked":"Capacitor","floor":22}],"player_experience":1200588,"relics_obtained":[{"floor":6,"key":"Nunchaku"},{"floor":9,"key":"Pantograph"}],"event_choices":[{"damage_healed":0,"gold_gain":0,"player_choice":"Grow","damage_taken":0,"max_hp_gain":0,"max_hp_loss":0,"event_name":"Living Wall","floor":3,"gold_loss":0,"cards_upgraded":["Zap"]},{"damage_healed":0,"gold_gain":150,"player_choice":"AGREE","damage_taken":126,"max_hp_gain":0,"max_hp_loss":0,"event_name":"betterThird:BetterSerpent","floor":4,"gold_loss":0},{"damage_healed":0,"gold_gain":0,"player_choice":"Relic ","damage_taken":11,"max_hp_gain":0,"max_hp_loss":0,"event_name":"betterThird:BetterScrap","floor":7,"gold_loss":0,"cards_obtained":["Weave"]},{"damage_healed":0,"gold_gain":1,"player_choice":"1","damage_taken":0,"max_hp_gain":0,"max_hp_loss":0,"event_name":"betterStone:BetterStone","floor":8,"gold_loss":0},{"damage_healed":0,"gold_gain":75,"player_choice":"Gold","damage_taken":11,"max_hp_gain":0,"max_hp_loss":0,"event_name":"betterThird:BetterGoop","floor":11,"gold_loss":0},{"damage_healed":0,"gold_gain":0,"player_choice":"Adaptability","damage_taken":0,"max_hp_gain":0,"max_hp_loss":0,"event_name":"betterThird:BetterWriting","floor":20,"gold_loss":0},{"damage_healed":0,"gold_gain":0,"player_choice":"Became a vampire","damage_taken":0,"max_hp_gain":0,"max_hp_loss":18,"event_name":"Vampires","floor":21,"gold_loss":0,"cards_obtained":["Bite","Bite","Bite","Bite"]}],"is_beta":false,"boss_relics":[{"not_picked":["Snecko Eye","Runic Dome"],"picked":"Runic Pyramid"}],"items_purged_floors":[12],"is_endless":false,"potions_floor_spawned":[5,6,13,16,18,19],"killed_by":"Slavers","ascension_level":20}}