{"host":"xv6tnu9e6lzjd13s","time":1609457730,"event":{"mods":["BaseMod","Colored Powertips","Googly Eyes","Minty Spire (QoL Compilation)","Replay The Spire","StSLib"],"gold_per_floor":[112,112,130,205,221,221,239,239,239,267,267,320,320,351,351,455,455,465,465,565,532,532,532,567,567,642,642,642],"floor_reached":27,"playtime":1247,"items_purged":[],"score":262,"play_id":"79bf6306-d9a1-4c45-a93b-b28d3affc394","local_time":"20201231163530","is_ascension_mode":false,"campfire_choices":[{"floor":6,"key":"REST"},{"floor":11,"key":"REST"},{"floor":13,"key":"REST"},{"floor":15,"key":"DIG"},{"data":"1","floor":23,"key":"LIFT"},{"data":"2","floor":25,"key":"LIFT"}],"circlet_count":0,"master_deck":["Strike_R","Strike_R","Strike_R","Defend_R","Defend_R","Defend_R","Defend_R","Bash","Shrug It Off","Impervious","Bloodletting","Ghostly Armor","Ghostly Armor","CurseOfTheBell","Feed","Metallicize","ReplayTheSpireMod:Strike From Hell","Heavy Blade"],"relics":["Fusion Hammer","Replay:Bottled Snecko","Eternal Feather","Onion Ring","Ancient Tea Set","Divine Protection","Bag of Preparation","Calling Bell","Juzu Bracelet","HornCleat","Girya","Dream Catcher","Quantum Egg"],"acts_visited":["Exordium","TheCity"],"potions_floor_usage":[16,16],"damage_taken":[{"damage":1,"enemies":"Jaw Worm","floor":1,"turns":4},{"damage":0,"enemies":"Small Slimes","floor":3,"turns":3},{"damage":1,"enemies":"2 Louse","floor":5,"turns":3},{"damage":0,"enemies":"Looter","floor":7,"turns":3},{"damage":32,"enemies":"Lagavulin","floor":10,"turns":8},{"damage":13,"enemies":"3 Sentries","floor":14,"turns":13},{"damage":70,"enemies":"The Guardian","floor":16,"turns":16},{"damage":13,"enemies":"Shell Parasite","floor":18,"turns":7},{"damage":4,"enemies":"2 Thieves","floor":21,"turns":5},{"damage":0,"enemies":"Slavers","floor":24,"turns":10},{"damage":125,"enemies":"Gremlin Leader","floor":27,"turns":8}],"seed_played":"3251908727271247300","potions_obtained":[{"floor":3,"key":"Dexterity Potion"},{"floor":14,"key":"BlessingOfTheForge"},{"floor":16,"key":"ElixirPotion"},{"floor":18,"key":"FairyPotion"},{"floor":24,"key":"Block Potion"}],"is_trial":false,"path_per_floor":["M","?","M","?","M","R","M","?","T","E","R","T","R","E","R","B",null,"M","?","?","M","?","R","E","R","T","E"],"character_chosen":"IRONCLAD","items_purchased":[],"campfire_rested":3,"item_purchase_floors":[],"current_hp_per_floor":[79,76,76,65,64,80,80,80,80,48,78,78,80,67,76,6,80,67,67,67,63,63,72,75,83,83,0,0],"gold":642,"neow_bonus":"BOSS_RELIC","is_daily":false,"chose_seed":false,"campfire_upgraded":0,"win_rate":0.0,"timestamp":1609457730,"path_taken":["M","?","M","?","M","R","M","?","T","E","R","?","R","E","R","BOSS","M","?","?","M","?","R","E","R","T","E"],"items_purchased_type":[],"build_version":"2020-12-22","purchased_purges":0,"victory":false,"max_hp_per_floor":[80,80,80,80,80,80,80,80,80,80,80,80,80,80,80,80,80,80,80,80,80,80,80,83,83,83,83,83],"card_choices":[{"not_picked":["ReplayTheSpireMod:Strike From Hell","Replay:Undeath\u0027s Touch"],"picked":"Shrug It Off","floor":1},{"not_picked":["ReplayTheSpireMod:Strike From Hell","Flex","Sever Soul"],"picked":"SKIP","floor":3},{"not_picked":["ReplayReversal","Metallicize"],"picked":"Impervious","floor":5},{"not_picked":["Perfected Strike","Power Through"],"picked":"Bloodletting","floor":7},{"not_picked":["Run Through","Combust"],"picked":"Ghostly Armor","floor":10},{"not_picked":["Intimidate","Pommel Strike"],"picked":"Ghostly Armor","floor":14},{"not_picked":["Flex","Sword Boomerang"],"picked":"Feed","floor":18},{"not_picked":["Thunderclap","Inflame","True Grit"],"picked":"SKIP","floor":21},{"not_picked":["Demon Form","Replay:Undeath\u0027s Touch+1","Dark Embrace"],"picked":"SKIP","floor":24}],"player_experience":65414,"relics_obtained":[{"floor":9,"key":"Eternal Feather"},{"floor":10,"key":"Onion Ring"},{"floor":12,"key":"Ancient Tea Set"},{"floor":14,"key":"Divine Protection"},{"floor":15,"key":"Bag of Preparation"},{"floor":17,"key":"Juzu Bracelet"},{"floor":17,"key":"HornCleat"},{"floor":17,"key":"Girya"},{"floor":24,"key":"Dream Catcher"},{"floor":26,"key":"Quantum Egg"}],"event_choices":[{"damage_healed":0,"gold_gain":0,"player_choice":"Success","damage_taken":3,"relics_obtained":["Replay:Bottled Snecko"],"max_hp_gain":0,"max_hp_loss":0,"event_name":"Scrap Ooze","floor":2,"gold_loss":0},{"damage_healed":0,"gold_gain":75,"player_choice":"Gather Gold","damage_taken":11,"max_hp_gain":0,"max_hp_loss":0,"event_name":"World of Goop","floor":4,"gold_loss":0},{"damage_healed":0,"gold_gain":0,"player_choice":"Read","damage_taken":0,"max_hp_gain":0,"max_hp_loss":0,"event_name":"The Library","floor":19,"gold_loss":0,"cards_obtained":["Metallicize"]},{"damage_healed":0,"gold_gain":100,"player_choice":"Pray","damage_taken":0,"max_hp_gain":0,"max_hp_loss":0,"event_name":"Golden Shrine","floor":20,"gold_loss":0},{"damage_healed":0,"gold_gain":0,"cards_transformed":["Strike_R","Strike_R"],"player_choice":"Became Test Subject","damage_taken":0,"max_hp_gain":0,"max_hp_loss":0,"event_name":"Drug Dealer","floor":22,"gold_loss":0,"cards_obtained":["ReplayTheSpireMod:Strike From Hell","Heavy Blade"]}],"is_beta":false,"boss_relics":[{"not_picked":["Runic Cube","Replay:Grab Bag"],"picked":"Calling Bell"}],"items_purged_floors":[],"is_endless":false,"potions_floor_spawned":[3,14,16,18,24],"killed_by":"Gremlin Leader","ascension_level":0}}