{"host":"Krakhan","time":1609422952,"event":{"mods":["AchievementEnabler","BaseMod","Colored Map","Colored Powertips","Faster Ascension Climbing","Highlight Path","Minty Spire (QoL Compilation)","Rare Cards Sparkle","Relic Stats","StSLib"],"gold_per_floor":[115,115,80,54,54,82,82,101,101,12,23,51,63,90,90,90,90],"floor_reached":16,"playtime":616,"items_purged":[],"score":286,"play_id":"0ffe8930-0cfe-4b21-ab36-8d36f38453e7","local_time":"20201231085552","is_ascension_mode":true,"campfire_choices":[{"data":"Go for the Eyes","floor":7.0,"key":"SMITH"},{"data":"Genetic Algorithm","floor":15,"key":"SMITH"}],"circlet_count":0,"master_deck":["AscendersBane","Strike_B","Strike_B","Strike_B","Strike_B","Defend_B","Defend_B","Defend_B","Defend_B","Zap","Dualcast","Go for the Eyes+1","Sweeping Beam","Auto Shields","Gash","Conserve Battery","Defragment","Streamline","Beam Cell","Doom and Gloom","Cold Snap","Ball Lightning","Genetic Algorithm+1"],"relics":["Cracked Core","NeowsBlessing","Prayer Wheel","Symbiotic Virus","Matryoshka","Dream Catcher","Calipers"],"acts_visited":["Exordium"],"potions_floor_usage":[16],"damage_taken":[{"damage":0.0,"enemies":"Jaw Worm","floor":1.0,"turns":1.0},{"damage":0.0,"enemies":"3 Sentries","floor":6.0,"turns":1.0},{"damage":0.0,"enemies":"2 Louse","floor":8.0,"turns":1.0},{"damage":7.0,"enemies":"Small Slimes","floor":11.0,"turns":3.0},{"damage":21.0,"enemies":"Gremlin Nob","floor":12.0,"turns":4.0},{"damage":8.0,"enemies":"Exordium Wildlife","floor":13.0,"turns":5.0},{"damage":8.0,"enemies":"3 Sentries","floor":14.0,"turns":5.0},{"damage":13,"enemies":"Hexaghost","floor":16,"turns":9}],"seed_played":"-7326034625311088628","potions_obtained":[{"floor":6.0,"key":"Energy Potion"},{"floor":11.0,"key":"Swift Potion"},{"floor":14.0,"key":"SneckoOil"}],"is_trial":false,"path_per_floor":["M","?","?","$","?","E","R","M","T","$","M","E","M","E","R","B"],"character_chosen":"DEFECT","items_purchased":["Sweeping Beam","Defragment"],"campfire_rested":0,"item_purchase_floors":[4,10],"current_hp_per_floor":[64,38,55,55,55,55,55,55,55,55,48,27,19,11,11,0,0],"gold":90,"neow_bonus":"THREE_ENEMY_KILL","is_daily":false,"chose_seed":false,"campfire_upgraded":2,"win_rate":0.0,"timestamp":1609422952,"path_taken":["M","?","?","$","?","E","R","M","T","?","M","E","?","E","R","BOSS"],"items_purchased_type":["Card","Card"],"build_version":"2020-12-18","purchased_purges":0,"victory":false,"max_hp_per_floor":[71,71,71,71,71,71,71,71,71,71,71,71,71,71,71,71,71],"relic_stats":{"Dream Catcher":0,"counters":[8,29],"Prayer Wheel":4,"obtain_stats":[{"Dream Catcher":12,"Matryoshka":9,"Calipers":14,"NeowsBlessing":0,"Prayer Wheel":2,"Cracked Core":0,"Symbiotic Virus":6},{"Dream Catcher":5,"Matryoshka":3,"Calipers":7,"NeowsBlessing":0,"Prayer Wheel":1,"Cracked Core":0,"Symbiotic Virus":2},{"Dream Catcher":10,"Matryoshka":3,"Calipers":20,"NeowsBlessing":0,"Prayer Wheel":1,"Cracked Core":0,"Symbiotic Virus":2}]},"card_choices":[{"not_picked":["Steam","Leap"],"picked":"Go for the Eyes","floor":1.0},{"not_picked":["Steam","Steam Power"],"picked":"Auto Shields","floor":6.0},{"not_picked":["Conserve Battery","Hologram"],"picked":"Gash","floor":8.0},{"not_picked":["Coolheaded","Conserve Battery","Hologram"],"picked":"SKIP","floor":8.0},{"not_picked":["Coolheaded","Hologram"],"picked":"Conserve Battery","floor":8.0},{"not_picked":["Heatsinks","Turbo"],"picked":"Streamline","floor":11.0},{"not_picked":["Blizzard","Turbo"],"picked":"Beam Cell","floor":11.0},{"not_picked":["Fusion","Glacier"],"picked":"Doom and Gloom","floor":12.0},{"not_picked":["Barrage","Reinforced Body"],"picked":"Cold Snap","floor":13.0},{"not_picked":["Leap","Compile Driver"],"picked":"Ball Lightning","floor":13.0},{"not_picked":["Core Surge","Chaos"],"picked":"Genetic Algorithm","floor":14.0}],"player_experience":1272015,"relics_obtained":[{"floor":6.0,"key":"Symbiotic Virus"},{"floor":9.0,"key":"Matryoshka"},{"floor":12.0,"key":"Dream Catcher"},{"floor":14.0,"key":"Calipers"}],"event_choices":[{"damage_healed":0.0,"max_hp_gain":0.0,"max_hp_loss":0.0,"gold_gain":0.0,"event_name":"Scrap Ooze","player_choice":"Success","floor":2.0,"gold_loss":0.0,"damage_taken":26.0,"relics_obtained":["Prayer Wheel"]},{"damage_healed":17.0,"max_hp_gain":0.0,"max_hp_loss":0.0,"gold_gain":0.0,"event_name":"The Cleric","player_choice":"Healed","floor":3.0,"gold_loss":35.0,"damage_taken":0.0},{"damage_healed":0.0,"max_hp_gain":0.0,"max_hp_loss":0.0,"gold_gain":0.0,"event_name":"Liars Game","player_choice":"Ignored","floor":5.0,"gold_loss":0.0,"damage_taken":0.0}],"is_beta":true,"boss_relics":[],"items_purged_floors":[],"is_endless":false,"potions_floor_spawned":[6,11,14],"killed_by":"Hexaghost","ascension_level":20}}