{"host":"480qzmvu0s2e3e6w","time":1609430137,"event":{"mods":["BaseMod","Colored Map","DeckTracker","Minty Spire (QoL Compilation)","StSLib","SuperFastMode"],"gold_per_floor":[115,115,126,146,146,146,180,180,180,207,207,218,218,235,235,306,306,325,325,335,353,278,278,193,193,193,193,47,79,92,25,25,104,104,122,137,137,137,148,176,176,5,5,24,39,39,39,55,55,55,55,55,5,39,39,39],"floor_reached":55,"playtime":10967,"items_purged":["Underhanded Strike+1","Expertise"],"score":1269,"play_id":"e8807900-830a-4a7a-b6d5-329efb8bca52","local_time":"20210101005537","is_ascension_mode":true,"campfire_choices":[{"data":"Poisoned Stab","floor":6.0,"key":"SMITH"},{"floor":8.0,"key":"REST"},{"data":"Footwork","floor":11.0,"key":"SMITH"},{"data":"All Out Attack","floor":13.0,"key":"SMITH"},{"data":"Catalyst","floor":15.0,"key":"SMITH"},{"data":"Wraith Form v2","floor":23.0,"key":"SMITH"},{"data":"Deadly Poison","floor":25.0,"key":"SMITH"},{"floor":27.0,"key":"REST"},{"data":"Footwork","floor":32.0,"key":"SMITH"},{"data":"Venomology","floor":41.0,"key":"SMITH"},{"data":"Noxious Fumes","floor":46.0,"key":"SMITH"},{"floor":49,"key":"RECALL"},{"data":"Tactician","floor":52,"key":"SMITH"}],"circlet_count":0,"master_deck":["AscendersBane","Survivor","Neutralize","Poisoned Stab+1","Catalyst+1","Footwork+1","Calculated Gamble","Reflex","Venomology+1","Dodge and Roll","PiercingWail","Tactician+1","Blur","Well Laid Plans","Cloak And Dagger","Wraith Form v2+1","Tactician","Deadly Poison+1","After Image","Catalyst","Footwork+1","After Image","Acrobatics","Burst","Noxious Fumes+1","PiercingWail","Bane+1","Escape Plan+1"],"relics":["Ring of the Snake","NeowsBlessing","HornCleat","Boot","Ornamental Fan","Strawberry","Pandora\u0027s Box","Calipers","Bird Faced Urn","Philosopher\u0027s Stone","Turnip","Smiling Mask","Pen Nib"],"acts_visited":["Exordium","TheCity","TheBeyond","TheEnding"],"potions_floor_usage":[50,50,54,54],"damage_taken":[{"damage":0.0,"enemies":"2 Louse","floor":1.0,"turns":1.0},{"damage":0.0,"enemies":"Cultist","floor":3.0,"turns":1.0},{"damage":0.0,"enemies":"Jaw Worm","floor":4.0,"turns":1.0},{"damage":23.0,"enemies":"Gremlin Nob","floor":7.0,"turns":5.0},{"damage":10.0,"enemies":"Lagavulin","floor":10.0,"turns":6.0},{"damage":0.0,"enemies":"Exordium Wildlife","floor":12.0,"turns":3.0},{"damage":0.0,"enemies":"Looter","floor":14.0,"turns":4.0},{"damage":20.0,"enemies":"Slime Boss","floor":16.0,"turns":11.0},{"damage":3.0,"enemies":"Shell Parasite","floor":18.0,"turns":7.0},{"damage":0.0,"enemies":"Chosen","floor":20.0,"turns":7.0},{"damage":9.0,"enemies":"Snecko","floor":21.0,"turns":5.0},{"damage":29.0,"enemies":"Slavers","floor":29.0,"turns":12.0},{"damage":2.0,"enemies":"Centurion and Healer","floor":30.0,"turns":7.0},{"damage":19.0,"enemies":"Champ","floor":33.0,"turns":9.0},{"damage":15.0,"enemies":"3 Darklings","floor":35.0,"turns":7.0},{"damage":1.0,"enemies":"3 Shapes","floor":36.0,"turns":7.0},{"damage":27.0,"enemies":"3 Darklings","floor":39.0,"turns":7.0},{"damage":0.0,"enemies":"Nemesis","floor":40.0,"turns":7.0},{"damage":11.0,"enemies":"4 Shapes","floor":44.0,"turns":7.0},{"damage":35.0,"enemies":"Jaw Worm Horde","floor":45.0,"turns":5.0},{"damage":37,"enemies":"Transient","floor":48,"turns":5},{"damage":14,"enemies":"Time Eater","floor":50,"turns":6},{"damage":35,"enemies":"Shield and Spear","floor":54,"turns":10},{"damage":99,"enemies":"The Heart","floor":55,"turns":3}],"seed_played":"7915317694465077481","potions_obtained":[{"floor":3.0,"key":"Fire Potion"},{"floor":7.0,"key":"Fire Potion"},{"floor":14.0,"key":"PowerPotion"},{"floor":18.0,"key":"Ancient Potion"},{"floor":33.0,"key":"LiquidBronze"},{"floor":39.0,"key":"GhostInAJar"},{"floor":40.0,"key":"Strength Potion"}],"is_trial":false,"path_per_floor":["M","?","M","M","?","R","E","R","T","E","R","M","R","M","R","B",null,"M","?","M","M","?","R","?","R","T","R","$","E","M","$","R","B",null,"M","M","?","?","M","E","R","$","T","M","M","R","?","M","R","B",null,"R","$","E","B"],"character_chosen":"THE_SILENT","items_purchased":["After Image","Footwork","Noxious Fumes","PiercingWail"],"campfire_rested":2,"item_purchase_floors":[28,31,42,42],"current_hp_per_floor":[59,59,59,59,48,48,25,44,44,41,41,41,41,41,41,21,60,57,57,57,48,48,48,48,48,48,69,69,40,44,44,44,35,64,59,70,70,70,53,65,65,65,65,66,43,43,43,46,46,44,66,66,66,45,0,0],"gold":39,"neow_bonus":"THREE_ENEMY_KILL","is_daily":false,"chose_seed":false,"campfire_upgraded":10,"win_rate":0.0,"timestamp":1609430137,"path_taken":["M","?","M","?","?","R","E","R","T","E","R","M","R","M","R","BOSS","M","?","M","M","?","R","?","R","T","R","$","E","M","?","R","BOSS","M","M","?","?","M","E","R","$","T","?","M","R","?","M","R","BOSS","R","$","E","BOSS"],"items_purchased_type":["Card","Card","Card","Card"],"build_version":"2020-12-22","purchased_purges":2,"victory":false,"max_hp_per_floor":[66,66,66,66,66,66,66,66,66,73,73,73,73,73,73,73,73,73,73,73,73,73,73,73,73,73,73,73,73,73,73,73,73,73,73,73,73,73,73,73,73,73,73,73,73,73,73,73,73,73,73,73,73,73,73,73],"card_choices":[{"not_picked":["Sucker Punch","Dagger Spray"],"picked":"All Out Attack","floor":1.0},{"not_picked":["Acrobatics","Slice"],"picked":"Poisoned Stab","floor":3.0},{"not_picked":["Finisher","Terror"],"picked":"Distraction","floor":4.0},{"not_picked":["Poisoned Stab","Skewer"],"picked":"Catalyst","floor":7.0},{"not_picked":["Terror","Backflip"],"picked":"Footwork","floor":10.0},{"not_picked":["Dodge and Roll","Cloak And Dagger"],"picked":"Calculated Gamble","floor":12.0},{"not_picked":["Bane","Prepared"],"picked":"Reflex","floor":14.0},{"not_picked":["Malaise","Grand Finale"],"picked":"Venomology","floor":16.0},{"not_picked":["Catalyst","Infinite Blades"],"picked":"Backstab","floor":18.0},{"not_picked":["Backflip","Skewer+1"],"picked":"Underhanded Strike+1","floor":20.0},{"not_picked":["Deflect","Predator"],"picked":"Deadly Poison","floor":21.0},{"not_picked":["Escape Plan","Dagger Spray","Blade Dance"],"picked":"SKIP","floor":29.0},{"not_picked":["All Out Attack","Predator+1"],"picked":"Catalyst","floor":30.0},{"not_picked":["Wraith Form v2","Glass Knife"],"picked":"After Image","floor":33.0},{"not_picked":["Blur","Prepared"],"picked":"Acrobatics","floor":35.0},{"not_picked":["Deflect","Deadly Poison","Bane"],"picked":"SKIP","floor":36.0},{"not_picked":["Dagger Throw","Blade Dance","Sucker Punch"],"picked":"SKIP","floor":39.0},{"not_picked":["Crippling Poison","PiercingWail"],"picked":"Burst","floor":40.0},{"not_picked":["Escape Plan","PiercingWail"],"picked":"Bane+1","floor":44.0},{"not_picked":["Blade Dance","Deadly Poison","Bane"],"picked":"SKIP","floor":45.0},{"not_picked":["PiercingWail","Quick Slash+1"],"picked":"Escape Plan+1","floor":48},{"not_picked":["Unload","Sucker Punch","Prepared"],"picked":"SKIP","floor":54}],"player_experience":609306,"relics_obtained":[{"floor":7.0,"key":"Boot"},{"floor":9.0,"key":"Ornamental Fan"},{"floor":10.0,"key":"Strawberry"},{"floor":29.0,"key":"Bird Faced Urn"},{"floor":40.0,"key":"Turnip"},{"floor":43.0,"key":"Smiling Mask"},{"floor":54,"key":"Pen Nib"}],"event_choices":[{"cards_removed":["Strike_G"],"damage_healed":0.0,"max_hp_gain":0.0,"max_hp_loss":0.0,"gold_gain":0.0,"event_name":"Bonfire Elementals","player_choice":"Offered Basic","floor":2.0,"gold_loss":0.0,"damage_taken":0.0},{"damage_healed":0.0,"max_hp_gain":0.0,"max_hp_loss":0.0,"gold_gain":0.0,"event_name":"Scrap Ooze","player_choice":"Success","floor":5.0,"gold_loss":0.0,"damage_taken":11.0,"relics_obtained":["HornCleat"]},{"damage_healed":0.0,"max_hp_gain":0.0,"max_hp_loss":0.0,"gold_gain":0.0,"event_name":"Cursed Tome","player_choice":"Ignored","floor":19.0,"gold_loss":0.0,"damage_taken":0.0},{"cards_removed":["Distraction"],"damage_healed":0.0,"max_hp_gain":0.0,"max_hp_loss":0.0,"gold_gain":0.0,"event_name":"Beggar","player_choice":"Gave Gold","floor":22.0,"gold_loss":75.0,"damage_taken":0.0},{"damage_healed":0.0,"max_hp_gain":0.0,"max_hp_loss":0.0,"gold_gain":0.0,"event_name":"Addict","player_choice":"Obtained Relic","floor":24.0,"gold_loss":85.0,"damage_taken":0.0,"relics_obtained":["Calipers"]},{"cards_removed":["All Out Attack"],"damage_healed":0.0,"max_hp_gain":0.0,"max_hp_loss":0.0,"gold_gain":0.0,"event_name":"Falling","player_choice":"Removed Attack","floor":37.0,"gold_loss":0.0,"damage_taken":0.0},{"cards_removed":["Backstab"],"damage_healed":0.0,"max_hp_gain":0.0,"max_hp_loss":0.0,"gold_gain":0.0,"event_name":"Purifier","player_choice":"Purged","floor":38.0,"gold_loss":0.0,"damage_taken":0.0},{"damage_healed":0,"gold_gain":0,"player_choice":"Ignored","damage_taken":0,"max_hp_gain":0,"max_hp_loss":0,"event_name":"Mysterious Sphere","floor":47,"gold_loss":0}],"is_beta":false,"boss_relics":[{"not_picked":["Coffee Dripper","Black Star"],"picked":"Pandora\u0027s Box"},{"not_picked":["Cursed Key","Velvet Choker"],"picked":"Philosopher\u0027s Stone"}],"items_purged_floors":[42,53],"is_endless":false,"potions_floor_spawned":[3,7,14,18,33,36,39,40],"killed_by":"The Heart","ascension_level":15}}