{"host":"zit9o0ax6c2l3y2b","time":1609379651,"event":{"mods":["Aspiration","BaseMod","Colored Map","Conspire","Downfall","Glutton Mod","Hermit","Hubris","Infinite Spire","Minty Spire (QoL Compilation)","Random Character Button","Relic Filter","Replay The Spire","Shade Mod","Shop Mod","StSLib","The Construct","The Cursed","The Disciple","The Runesmith","TheArtist"],"gold_per_floor":[109,34,57,18,31,57,57,89,89,119,119,119,137,156,156,259,259,286,302,316,333,355,355,394,394,444,478,478,505,216,227,227,337,337,347,647,660,683,683,683,715,715,715,772,798,798,817,836,836,843],"floor_reached":51,"playtime":3228,"items_purged":["Parasite"],"score":695,"play_id":"eafd3cfe-690c-4ed6-bbf3-e87f3408306c","local_time":"20201230205411","is_ascension_mode":true,"campfire_choices":[{"data":"hermit:HighCaliber","floor":7.0,"key":"SMITH"},{"data":"hermit:TakeAim","floor":11.0,"key":"SMITH"},{"floor":15.0,"key":"REST"},{"floor":23.0,"key":"REST"},{"floor":25.0,"key":"REST"},{"floor":28.0,"key":"REST"},{"floor":32,"key":"REST"},{"data":"hermit:Dissolve","floor":40,"key":"SMITH"},{"floor":42,"key":"REST"},{"data":"hermit:Gambit","floor":49,"key":"SMITH"}],"circlet_count":0,"master_deck":["hermit:Strike_Hermit","hermit:Strike_Hermit","hermit:Strike_Hermit","hermit:Strike_Hermit","hermit:Defend_Hermit+1","hermit:Defend_Hermit","hermit:Defend_Hermit","hermit:Defend_Hermit","hermit:Snapshot","hermit:Covet+1","hermit:HighCaliber+1","hermit:CursedWeapon","hermit:TakeAim+1","hermit:Scavenge+1","hermit:WideOpen","hermit:Combo+1","hermit:Vantage","hermit:FinalCanter","hermit:Midnight","hermit:Snipe","hermit:FullyLoaded+1","hermit:Virtue","hermit:Gambit+1","hermit:Coalescence","hermit:Headshot+1","hermit:CursedWeapon","hermit:Showdown","hermit:Enervate+1","hermit:Gestalt+1","hermit:Dissolve+1","hermit:Virtue","hermit:Dive","infinitespire:Starlight"],"relics":["hermit:Momento","NeowsBlessing","infinitespire:Beetle Shell","War Paint","Smiling Mask","infinitespire:WardingShard","Frozen Egg 2","hubris:Backtick","hubris:AstralHammer","hubris:TenFootPole","Bronze Scales","Calipers","DollysMirror","Busted Crown","Replay:Towering Pillar of Hats","construct:FoamFinger","hubris:BundleOfHerbs","Runesmith:AutoHammer","Medical Kit","conspire:SpecialSausage"],"acts_visited":["Exordium","TheCity","TheBeyond"],"potions_floor_usage":[39,41,50],"damage_taken":[{"damage":0.0,"enemies":"Cultist","floor":1.0,"turns":1.0},{"damage":2.0,"enemies":"Small Slimes","floor":5.0,"turns":1.0},{"damage":0.0,"enemies":"Gremlin Nob","floor":6.0,"turns":1.0},{"damage":17.0,"enemies":"Lagavulin","floor":8.0,"turns":8.0},{"damage":13.0,"enemies":"3 Sentries","floor":10.0,"turns":8.0},{"damage":2.0,"enemies":"Jaw Worm","floor":13.0,"turns":3.0},{"damage":13.0,"enemies":"Exordium Wildlife","floor":14.0,"turns":3.0},{"damage":2.0,"enemies":"Fading Forest","floor":16.0,"turns":11.0},{"damage":2.0,"enemies":"Spheric Guardian","floor":18.0,"turns":4.0},{"damage":8.0,"enemies":"2 Thieves","floor":19.0,"turns":4.0},{"damage":20.0,"enemies":"Shelled Parasite and Fungi","floor":20.0,"turns":4.0},{"damage":20.0,"enemies":"Cultist and Chosen","floor":21.0,"turns":6.0},{"damage":22.0,"enemies":"3 Cultists","floor":22.0,"turns":4.0},{"damage":7.0,"enemies":"Slavers","floor":24.0,"turns":3.0},{"damage":23.0,"enemies":"Book of Stabbing","floor":27.0,"turns":4.0},{"damage":23.0,"enemies":"Centurion and Healer","floor":29.0,"turns":6.0},{"damage":3,"enemies":"Shelled Parasite and Fungi","floor":31,"turns":4},{"damage":26,"enemies":"Collector","floor":33,"turns":10},{"damage":2,"enemies":"Orb Walker","floor":35,"turns":2},{"damage":2,"enemies":"3 Shapes","floor":37,"turns":3},{"damage":14,"enemies":"Writhing Mass","floor":38,"turns":5},{"damage":0,"enemies":"3 Darklings","floor":39,"turns":2},{"damage":27,"enemies":"Reptomancer","floor":41,"turns":9},{"damage":15,"enemies":"Mind Bloom Boss Battle","floor":44,"turns":4},{"damage":5,"enemies":"Spire Growth","floor":47,"turns":3},{"damage":2,"enemies":"Writhing Mass","floor":48,"turns":1},{"damage":32,"enemies":"Replay:Hell Engine","floor":50,"turns":10}],"seed_played":"-197064649739723904","potions_obtained":[{"floor":1.0,"key":"Block Potion"},{"floor":8.0,"key":"Energy Potion"},{"floor":14.0,"key":"sneckomod:MuddlingPotion"},{"floor":18.0,"key":"DistilledChaos"},{"floor":20.0,"key":"hexamod:EctoCoolerPotion"},{"floor":21.0,"key":"Explosive Potion"},{"floor":22.0,"key":"ColorlessPotion"},{"floor":27.0,"key":"Explosive Potion"},{"floor":35,"key":"SmokeBomb"},{"floor":48,"key":"Venom Potion"}],"is_trial":false,"path_per_floor":["M","$","T","$","M","E","R","E","T","E","R","?","M","M","R","B",null,"M","M","M","M","M","R","E","R","T","E","R","M","$","M","R","B",null,"M","?","M","M","M","R","E","R","T","?","T","AVR","M","M","R","B",null],"character_chosen":"HERMIT","items_purchased":["hermit:CursedWeapon","hermit:TakeAim","DollysMirror","hermit:Showdown","hermit:Enervate+1"],"campfire_rested":6,"item_purchase_floors":[2,4,30,30,30],"current_hp_per_floor":[75,75,75,75,73,73,73,56,56,43,43,43,41,28,50,48,75,73,65,45,25,3,25,18,40,40,17,39,16,16,13,35,9,75,73,73,71,57,57,57,30,52,52,37,37,37,42,40,40,63],"gold":843,"neow_bonus":"THREE_ENEMY_KILL","is_daily":false,"chose_seed":false,"campfire_upgraded":4,"win_rate":0.0,"timestamp":1609379651,"path_taken":["M","$","?","$","M","E","R","E","T","E","R","?","M","M","R","BOSS","M","M","?","M","M","R","E","R","T","E","R","M","$","M","R","BOSS","M","?","M","M","?","R","E","R","T","?","?","AVR","M","M","R","BOSS"],"items_purchased_type":["Card","Card","Relic","Card","Card"],"build_version":"2020-12-22","purchased_purges":1,"victory":true,"max_hp_per_floor":[75,75,75,75,75,75,75,75,75,75,75,75,75,75,75,75,75,75,75,75,75,75,75,75,75,75,75,75,75,75,75,75,75,75,75,75,75,75,75,75,75,75,75,75,75,72,72,72,72,72],"card_choices":[{"not_picked":["hermit:Brawl","hermit:Dive"],"picked":"hermit:HighCaliber","floor":1.0},{"not_picked":["hermit:Coalescence","hermit:Quickdraw","hermit:BodyArmor"],"picked":"SKIP","floor":5.0},{"not_picked":["hermit:Glare","hermit:Enervate"],"picked":"hermit:Scavenge","floor":6.0},{"not_picked":["hermit:Enervate","hermit:BodyArmor"],"picked":"hermit:WideOpen","floor":8.0},{"not_picked":["hermit:Roulette","hermit:Feint"],"picked":"hermit:Combo+1","floor":10.0},{"not_picked":["hermit:Coalescence","hermit:TakeAim+1"],"picked":"hermit:Vantage","floor":13.0},{"not_picked":["hermit:GoldenBullet","hermit:Quickdraw","hermit:Desperado"],"picked":"SKIP","floor":14.0},{"not_picked":["hermit:Reprieve","hermit:Purgatory"],"picked":"hermit:FinalCanter","floor":16.0},{"not_picked":["hermit:Misfire","hermit:NoHoldsBarred"],"picked":"hermit:Midnight","floor":18.0},{"not_picked":["hermit:Roulette","hermit:HoleUp"],"picked":"hermit:Snipe","floor":19.0},{"not_picked":["hermit:Vantage+1","hermit:Quickdraw"],"picked":"hermit:FullyLoaded+1","floor":20.0},{"not_picked":["hermit:ShadowCloak+1","hermit:WideOpen"],"picked":"hermit:Virtue","floor":21.0},{"not_picked":["hermit:Dive","hermit:CursedWeapon"],"picked":"hermit:Gambit","floor":22.0},{"not_picked":["hermit:Misfire+1","hermit:ShadowCloak+1"],"picked":"hermit:Coalescence","floor":24.0},{"not_picked":["hermit:HoleUp","hermit:Gestalt"],"picked":"hermit:Headshot+1","floor":27.0},{"not_picked":["hermit:HighCaliber","hermit:Snipe","hermit:Roulette"],"picked":"SKIP","floor":29.0},{"not_picked":["hermit:Maintenance","hermit:Quickdraw+1"],"picked":"hermit:Gestalt+1","floor":31},{"not_picked":["hermit:EternalForm+1","hermit:Magnum"],"picked":"hermit:Dissolve","floor":33},{"not_picked":[],"picked":"hermit:Virtue","floor":35},{"not_picked":["hermit:Coalescence+1"],"picked":"SKIP","floor":37},{"not_picked":["hermit:Misfire+1"],"picked":"SKIP","floor":38},{"not_picked":["hermit:Dive"],"picked":"SKIP","floor":41},{"not_picked":[],"picked":"hermit:Dive","floor":41},{"not_picked":["hermit:CalledShot"],"picked":"SKIP","floor":47},{"not_picked":["hermit:Coalescence+1"],"picked":"SKIP","floor":48}],"player_experience":401139,"relics_obtained":[{"floor":3.0,"key":"infinitespire:Beetle Shell"},{"floor":6.0,"key":"War Paint"},{"floor":8.0,"key":"Smiling Mask"},{"floor":9.0,"key":"infinitespire:WardingShard"},{"floor":10.0,"key":"Frozen Egg 2"},{"floor":24.0,"key":"hubris:TenFootPole"},{"floor":26.0,"key":"Bronze Scales"},{"floor":27.0,"key":"Calipers"},{"floor":41,"key":"Replay:Towering Pillar of Hats"},{"floor":43,"key":"construct:FoamFinger"},{"floor":44,"key":"hubris:BundleOfHerbs"},{"floor":45,"key":"Runesmith:AutoHammer"}],"event_choices":[{"damage_healed":0.0,"max_hp_gain":0.0,"max_hp_loss":0.0,"gold_gain":0.0,"event_name":"Accursed Blacksmith","player_choice":"Forge","floor":12.0,"gold_loss":0.0,"damage_taken":0.0,"cards_upgraded":["hermit:Scavenge"]},{"damage_healed":0,"gold_gain":300,"player_choice":"Gold","damage_taken":0,"max_hp_gain":0,"max_hp_loss":0,"event_name":"Wheel of Change","floor":36,"gold_loss":0},{"damage_healed":0,"gold_gain":0,"player_choice":"Fight","damage_taken":0,"max_hp_gain":0,"max_hp_loss":0,"event_name":"MindBloom","floor":44,"gold_loss":0}],"is_beta":false,"boss_relics":[{"not_picked":["hubris:HollowSoul","aspiration:DefectSkillbook"],"picked":"hubris:Backtick"},{"not_picked":["Fusion Hammer","Runic Pyramid"],"picked":"Busted Crown"}],"items_purged_floors":[46],"is_endless":false,"potions_floor_spawned":[1,8,14,18,20,21,22,27,35,39,48],"ascension_level":1}}