{"host":"5o2n8gt0sn3szjgb","time":1609434051,"event":{"mods":["BaseMod","BetterRewards","Library of Ruina","Library of Ruina Extra","Lobotomy","LobotomyExtend","Minty Spire (QoL Compilation)","StSLib"],"gold_per_floor":[113,38,38,54,71,98,110,138,164,164,184,184,84,95,95,173,173,187,206,219,94,112,112,146,146,169,200,50,83,83,83,83,154,154,154,154],"floor_reached":35,"playtime":3372,"items_purged":["Dodge","LightAttack","LightDefense","LightDefense"],"score":838,"play_id":"47395d4e-8e89-47fe-9f3b-9be4e75b6491","local_time":"20210101010051","is_ascension_mode":true,"campfire_choices":[{"data":"FocusedStrikes","floor":10.0,"key":"SMITH"},{"data":"Reload","floor":12.0,"key":"SMITH"},{"data":"Zzzzzap","floor":15.0,"key":"SMITH"},{"data":"LeRegole","floor":23.0,"key":"SMITH"},{"data":"Punishment","floor":25.0,"key":"SMITH"},{"data":"WillProduceFineSilk","floor":30.0,"key":"SMITH"},{"floor":32.0,"key":"RECALL"}],"circlet_count":0,"master_deck":["ApocalypseBird","PunishingBird","LongBird","BigBird","DespairKnight","AscendersBane","LightDefense","ChargeAndCover+1","FocusedStrikes+1","Reload+1","Zzzzzap+1","FieryBird","VoidDream","BlowItUp+1","Punishment+1","DriedUp+1","SkyClearingCut+1","BizarreAttack+1","LeRegole+1","Woodsman","WillProduceFineSilk+1","UnavoidableGaze+1"],"relics":["PageOfLibrarian","CogitoBucket","RabbitCall","LetterFromLob","PageOfPinocchio","PageOfSingingMachine","Whetstone","SkinProphecy","WantedRequest","Astrolabe","BackwardClock","Lamp_r","Bag of Marbles","Boot","PageOfTodaysShyLook","SwordSharpenedByTears_r","Twilight","Runic Dome"],"acts_visited":["Exordium","TheCity","TheBeyond"],"potions_floor_usage":[35],"damage_taken":[{"damage":2.0,"enemies":"Cultist","floor":1.0,"turns":5.0},{"damage":0.0,"enemies":"2 Louse","floor":4.0,"turns":4.0},{"damage":2.0,"enemies":"Jaw Worm","floor":5.0,"turns":3.0},{"damage":11.0,"enemies":"3 Sentries","floor":6.0,"turns":9.0},{"damage":0.0,"enemies":"Exordium Wildlife","floor":7.0,"turns":2.0},{"damage":13.0,"enemies":"Gremlin Nob","floor":8.0,"turns":3.0},{"damage":15.0,"enemies":"Exordium Thugs","floor":11.0,"turns":6.0},{"damage":0.0,"enemies":"3 Louse","floor":14.0,"turns":3.0},{"damage":23.0,"enemies":"The Guardian","floor":16.0,"turns":10.0},{"damage":0.0,"enemies":"2 Thieves","floor":18.0,"turns":3.0},{"damage":0.0,"enemies":"3 Byrds","floor":19.0,"turns":4.0},{"damage":18.0,"enemies":"Shelled Parasite and Fungi","floor":20.0,"turns":14.0},{"damage":0.0,"enemies":"Chosen and Byrds","floor":22.0,"turns":3.0},{"damage":6.0,"enemies":"Book of Stabbing","floor":24.0,"turns":5.0},{"damage":3.0,"enemies":"Slavers","floor":27.0,"turns":3.0},{"damage":0.0,"enemies":"Gremlin Leader","floor":29.0,"turns":4.0},{"damage":75.0,"enemies":"Slavers","floor":31.0,"turns":12.0},{"damage":2.0,"enemies":"Champ","floor":33.0,"turns":6.0},{"damage":92,"enemies":"3 Shapes","floor":35,"turns":3}],"seed_played":"8491186772601700265","potions_obtained":[{"floor":4.0,"key":"Weak Potion"},{"floor":14.0,"key":"Weak Potion"},{"floor":16.0,"key":"DuplicationPotion"},{"floor":31.0,"key":"Swift Potion"},{"floor":33.0,"key":"LiquidMemories"}],"is_trial":false,"path_per_floor":["M","$","?","M","M","E","M","E","T","R","M","R","$","M","R","B",null,"M","M","M","$","M","R","E","R","T","E","$","E","R","E","R","B",null,"M"],"character_chosen":"Librarian","items_purchased":[],"campfire_rested":0,"item_purchase_floors":[],"current_hp_per_floor":[52,52,52,54,52,41,43,30,30,30,27,27,27,34,34,15,75,73,69,47,47,57,57,69,69,69,88,88,86,86,37,37,31,94,0,0],"gold":154,"neow_bonus":"","is_daily":false,"chose_seed":false,"campfire_upgraded":6,"win_rate":0.0,"timestamp":1609434051,"path_taken":["M","?","?","M","M","E","M","E","T","R","M","R","$","?","R","BOSS","M","M","M","$","M","R","E","R","T","E","$","E","R","E","R","BOSS","M"],"items_purchased_type":[],"build_version":"2020-12-22","purchased_purges":4,"victory":false,"max_hp_per_floor":[78,78,78,63,91,91,91,91,91,91,91,91,91,93,93,95,95,97,99,103,103,105,105,107,107,107,109,109,111,111,113,113,115,115,119,119],"card_choices":[{"not_picked":["Alriune","Wellcheers","FairyFestival"],"picked":"Singing Bowl","floor":1.0},{"not_picked":["SingingMachine","Porccubus"],"picked":"PunishingBird","floor":1.0},{"not_picked":["EnergyStrike","FormingStorm","Clone","SteelKnuckles","Execute_lor","ViolentFlame","ExtractFuel","PinpointShot"],"picked":"Reload","floor":1.0},{"not_picked":["Scorched","Scarecrow","NakedNest"],"picked":"Singing Bowl","floor":4.0},{"not_picked":["Overcharge","Outburst","WrathOfTorment","SuppressingShot","Rewind","FormingStorm","RapidGashes","Wallop_lor","SetFire"],"picked":"SKIP","floor":4.0},{"not_picked":["MeatLantern","QueenBee","BeautyBeast"],"picked":"Singing Bowl","floor":5.0},{"not_picked":["RushDown","Outburst","Rewind","NonstopAssault","Reload","GuidanceOfTheGears","ClassAndRespect","PreemptiveStrike","Quickness"],"picked":"SKIP","floor":5.0},{"not_picked":["RushDown","Outburst","Rewind","NonstopAssault","Reload","GuidanceOfTheGears","ClassAndRespect","PreemptiveStrike","Quickness"],"picked":"SKIP","floor":5.0},{"not_picked":["Wellcheers","OSAHOGD"],"picked":"FieryBird","floor":6.0},{"not_picked":["Eradication","HandleRequest","GrazeTheGrass","BackAttack","ExtremeEdge","PinpointShot","SunsetBlade","ButterflySlash","SuppressingShot"],"picked":"SKIP","floor":6.0},{"not_picked":["SpiderBud","Porccubus","WallGazer"],"picked":"Singing Bowl","floor":7.0},{"not_picked":["OSAHOGD","WallGazer"],"picked":"VoidDream","floor":7.0},{"not_picked":["EnergyShield","UpbeatPerformance","Crush","RapidGashes","TendonChords","Standoff","NightInTheBackstreets","SinglePointStab","Pound"],"picked":"SKIP","floor":7.0},{"not_picked":["Wellcheers","MeatLantern","HappyTeddy"],"picked":"Singing Bowl","floor":8.0},{"not_picked":["Thrust","FormingStorm","DarkCloud","FlyingSword","Quickness","DefenseOrder","IngredientHunt","RatsGuideToSurvival"],"picked":"BlowItUp","floor":8.0},{"not_picked":["GreedKing","FairyFestival","SpiderBud"],"picked":"Singing Bowl","floor":11.0},{"not_picked":["Riposte","AsThePrescriptOrders","SharpSwipe","Multislash","Unlock1","Bvapour","FocusFire","UnavoidableGaze","PinpointShot"],"picked":"SKIP","floor":11.0},{"not_picked":["SilentOrchestra","GalaxyChild","OldLady"],"picked":"Singing Bowl","floor":14.0},{"not_picked":["FairyFestival","QueenBee"],"picked":"Mercenary","floor":14.0},{"not_picked":["Standoff","HandleRequest","Outburst","Multislash","SpearedSweep","Pound","Riposte","GrazeTheGrass","WillOfThePrescript"],"picked":"SKIP","floor":14.0},{"not_picked":["Castigation","Tttonst"],"picked":"Punishment","floor":16.0},{"not_picked":["Laetitia","BeautyBeast","LaLuna"],"picked":"Singing Bowl","floor":16.0},{"not_picked":["YoureTooSlow+1","GrazeTheGrass","FleetEdge","DefenseOrder","SpearedSweep","Reload","BayonetCombat","ClassAndRespect"],"picked":"LeRegole","floor":18.0},{"not_picked":["Funeral","SpiderBud"],"picked":"BigBird","floor":18.0},{"not_picked":["CherryBlossoms","BeautyBeast","Wellcheers"],"picked":"Singing Bowl","floor":19.0},{"not_picked":["MultiBlock","SilentMist","Marionette+1","SharpSwipe+1","Tailoring","SenseQuarry","Riposte","BindingArms","FierceCharge"],"picked":"SKIP","floor":19.0},{"not_picked":["FairyFestival","Scarecrow","MHz"],"picked":"Singing Bowl","floor":20.0},{"not_picked":["MeatLantern","GreedKing"],"picked":"Woodsman","floor":20.0},{"not_picked":["FleetEdge","StructuralAnalysis","PinpointShot","MultiHit+1","BindingChains","HiddenBlade","EnergyStrike","SearingSword+1","NightInTheBackstreets+1"],"picked":"SKIP","floor":20.0},{"not_picked":["NakedNest","CrumblingArmor","OldLady"],"picked":"Singing Bowl","floor":22.0},{"not_picked":["BeautyBeast","Bloodbath"],"picked":"QueenOfHatred","floor":22.0},{"not_picked":["BackAttack+1","BizarreAttack","EnergyShield","SuppressingShot","BladeWhirl","SinglePointStab","Rewind","LeRegole","FrontalAssault"],"picked":"SKIP","floor":22.0},{"not_picked":["SharpNails","EnergyStrike","Pound","CombatPreparation","Rewind","Multislash","Parry","UncannyStrike+1"],"picked":"WillProduceFineSilk","floor":24.0},{"not_picked":["NakedNest","BeautyBeast","HeroicMonk"],"picked":"Singing Bowl","floor":24.0},{"not_picked":["ShyLook","WallGazer"],"picked":"DespairKnight","floor":24.0},{"not_picked":["FleetFootsteps","GuidanceOfTheGears","TraceOfFumes","UpbeatPerformance","DarkCloud","HiddenBlade","Diversion","ScratchThat"],"picked":"UnavoidableGaze+1","floor":27.0},{"not_picked":["OldLady","Scarecrow","Variant"],"picked":"Singing Bowl","floor":27.0},{"not_picked":["CENSORED","SpiderBud"],"picked":"LongBird","floor":29.0},{"not_picked":["MultiHit","AsThePrescriptOrders","Retaliate","MindCrush","SunsetBlade","EndlessBattle","FrontalAssault","ChopItOff","MindWhip"],"picked":"SKIP","floor":29.0},{"not_picked":["ShyLook","Bloodbath","Rudolta"],"picked":"Singing Bowl","floor":31.0},{"not_picked":["HappyTeddy","Freischutz","Porccubus"],"picked":"Singing Bowl","floor":33.0}],"player_experience":443184,"relics_obtained":[{"floor":1.0,"key":"LetterFromLob"},{"floor":6.0,"key":"PageOfPinocchio"},{"floor":8.0,"key":"PageOfSingingMachine"},{"floor":9.0,"key":"Whetstone"},{"floor":24.0,"key":"Bag of Marbles"},{"floor":27.0,"key":"Boot"},{"floor":29.0,"key":"PageOfTodaysShyLook"},{"floor":31.0,"key":"Twilight"}],"event_choices":[{"damage_healed":0.0,"max_hp_gain":0.0,"max_hp_loss":0.0,"gold_gain":0.0,"cards_transformed":["LightDefense"],"event_name":"Transmorgrifier","player_choice":"Transformed","floor":3.0,"gold_loss":0.0,"damage_taken":0.0,"cards_obtained":["Zzzzzap"]}],"is_beta":false,"boss_relics":[{"not_picked":["Coffee Dripper","SlaversCollar"],"picked":"Astrolabe"},{"not_picked":["Pandora\u0027s Box","SacredBark"],"picked":"Runic Dome"}],"items_purged_floors":[2,13,21,28],"is_endless":false,"potions_floor_spawned":[4,14,16,19,22,31,33],"killed_by":"3 Shapes","ascension_level":15}}