{"host":"miejrq8yypas90n2","time":1609407715,"event":{"mods":["Act Like it!","BaseMod","CapriCore","Colored Powertips","Gensokyo","Marisa£®ÏF”Í°°ƒß¿Ì…≥£©","Minty Spire (QoL Compilation)","Onozuka Komachi Mod","StSLib","The Immortal","The Servant 0.9.4"],"gold_per_floor":[114,39,39,55,66,66,96,96,96,96,113,113,147,164,164,261,261,274,274,28,28,39,39,39],"floor_reached":23,"playtime":969,"items_purged":["Strike_MRS","Pain"],"score":310,"play_id":"91c5d9c5-acf3-4d44-91b0-088dcc9e18d1","local_time":"20201231174155","is_ascension_mode":true,"campfire_choices":[{"data":"EventHorizon","floor":6.0,"key":"SMITH"},{"data":"FinalSpark","floor":8.0,"key":"SMITH"},{"data":"MilkyWay","floor":15.0,"key":"SMITH"}],"circlet_count":0,"master_deck":["Defend_MRS","Defend_MRS","Defend_MRS","Defend_MRS","MasterSpark","UpSweep","IllusionStar","EventHorizon+1","FinalSpark+1","AsteroidBelt","MilkyWay+1","TreasureHunter","ShootingEcho","Bite","Bite","Bite","Bite","Bite","Acceleration+1","IllusionStar+1","SuperPerseids","StarlightTyphoon","Singularity","MagicChant"],"relics":["BewitchedHakkero","Lantern","Gensokyo:LunaticRedEyes","Mercury Hourglass","Ancient Tea Set","Gensokyo:Mercy","Strawberry","Orrery"],"acts_visited":["Gensokyo:Gensokyo","TheCity"],"potions_floor_usage":[],"damage_taken":[{"damage":0.0,"enemies":"Gensokyo:3_Fairies","floor":1.0,"turns":4.0},{"damage":4.0,"enemies":"Gensokyo:Gryphon","floor":4.0,"turns":2.0},{"damage":0.0,"enemies":"Gensokyo:2_Kodama","floor":5.0,"turns":2.0},{"damage":27.0,"enemies":"Gensokyo:Cirno","floor":7.0,"turns":5.0},{"damage":0.0,"enemies":"Gensokyo:LivingMonolith","floor":11.0,"turns":2.0},{"damage":1.0,"enemies":"Gensokyo:Mamizou","floor":13.0,"turns":4.0},{"damage":1.0,"enemies":"Gensokyo:Python_and_Kodama","floor":14.0,"turns":3.0},{"damage":16.0,"enemies":"Gensokyo:Kokoro","floor":16.0,"turns":9.0},{"damage":3.0,"enemies":"Chosen","floor":18.0,"turns":3.0},{"damage":6,"enemies":"3 Byrds","floor":22,"turns":4},{"damage":0,"enemies":"Book of Stabbing","floor":23,"turns":1}],"seed_played":"4427509186386461806","potions_obtained":[{"floor":1.0,"key":"Regen Potion"},{"floor":4.0,"key":"AttackPotion"},{"floor":11.0,"key":"Block Potion"}],"is_trial":false,"path_per_floor":["M","$","?","M","M","R","E","R","T","?","M","?","E","M","R","B",null,"M","?","$","?","M","E"],"character_chosen":"MARISA","items_purchased":["Orrery"],"campfire_rested":0,"item_purchase_floors":[20],"current_hp_per_floor":[68,68,68,64,64,64,37,37,37,30,30,30,36,35,35,19,66,63,57,57,57,55,55,55],"gold":39,"neow_bonus":"RANDOM_COMMON_RELIC","is_daily":false,"chose_seed":false,"campfire_upgraded":3,"win_rate":0.0,"timestamp":1609407715,"path_taken":["M","$","?","M","?","R","E","R","T","?","?","?","E","M","R","BOSS","M","?","$","?","M","E"],"items_purchased_type":["Relic"],"build_version":"2020-12-22","purchased_purges":2,"victory":false,"max_hp_per_floor":[75,75,75,75,75,75,75,75,75,75,75,75,82,82,82,82,82,82,57,57,57,57,57,57],"card_choices":[{"not_picked":["OrrerysSun","EnergyFlow"],"picked":"IllusionStar","floor":1.0},{"not_picked":["DC","GravityBeat"],"picked":"EventHorizon","floor":4.0},{"not_picked":["OpenUniverse","DC"],"picked":"ShootTheMoon","floor":5.0},{"not_picked":["6A","GasGiant"],"picked":"FinalSpark","floor":7.0},{"not_picked":["ShootingEcho","WitchLeyline"],"picked":"AsteroidBelt","floor":11.0},{"not_picked":["MeteoricShower","SporeBomb","LuminesStrike"],"picked":"SKIP","floor":13.0},{"not_picked":["NonDirectionalLaser","MysteriousBeam"],"picked":"MilkyWay","floor":14.0},{"not_picked":["UltimateShortwave","ManaRampage"],"picked":"TreasureHunter","floor":16.0},{"not_picked":["MysteriousBeam+1","EnergyFlow+1"],"picked":"ShootingEcho","floor":18.0},{"not_picked":["PropBag","EventHorizon+1"],"picked":"Acceleration+1","floor":20.0},{"not_picked":["ShootingEcho+1","ChargingUp+1"],"picked":"IllusionStar+1","floor":20.0},{"not_picked":["MeteoricShower","PowerUp"],"picked":"SuperPerseids","floor":20.0},{"not_picked":["PowerUp","IllusionStar"],"picked":"StarlightTyphoon","floor":20.0},{"not_picked":["WitchOfGreed","UnstableBomb+1"],"picked":"Singularity","floor":20.0},{"not_picked":["LuminesStrike","6A","IllusionStar"],"picked":"SKIP","floor":22}],"player_experience":173189,"relics_obtained":[{"floor":7.0,"key":"Mercury Hourglass"},{"floor":9.0,"key":"Ancient Tea Set"},{"floor":13.0,"key":"Strawberry"}],"event_choices":[{"damage_healed":0.0,"max_hp_gain":0.0,"max_hp_loss":25.0,"gold_gain":0.0,"event_name":"Vampires","player_choice":"Became a vampire","floor":19.0,"gold_loss":0.0,"damage_taken":0.0,"cards_obtained":["Bite","Bite","Bite","Bite","Bite"]},{"damage_healed":0,"gold_gain":0,"player_choice":"Read","damage_taken":0,"max_hp_gain":0,"max_hp_loss":0,"event_name":"The Library","floor":21,"gold_loss":0,"cards_obtained":["MagicChant"]}],"is_beta":false,"boss_relics":[{"not_picked":["Runic Pyramid","Velvet Choker"],"picked":"BewitchedHakkero"}],"items_purged_floors":[2,20],"is_endless":false,"potions_floor_spawned":[1,4,11,16,18],"killed_by":"Book of Stabbing","ascension_level":6}}