{"host":"56ghxnzsglgdq727","time":1609458147,"event":{"mods":["AchievementEnabler","BaseMod","Minty Spire (QoL Compilation)"],"gold_per_floor":[114,129,129,144,69,69,84,84,109,124,124,124,124,139,139,239,239,254,4,19,19,34,34,64,79,79,79,79,79,79,94,94,94,94],"floor_reached":33,"playtime":837,"items_purged":["Defend_B","Strike_B"],"score":282,"play_id":"9c319b5c-1619-4225-9fbb-ed3563bf46ca","local_time":"20201231184227","daily_mods":["Heirloom","Time Dilation","Lethality"],"is_ascension_mode":false,"campfire_choices":[{"data":"Go for the Eyes","floor":6,"key":"SMITH"},{"data":"Strike_B","floor":8,"key":"SMITH"},{"data":"Strike_B","floor":13,"key":"SMITH"},{"data":"Go for the Eyes","floor":15,"key":"SMITH"},{"data":"Core Surge","floor":23,"key":"SMITH"},{"floor":27,"key":"REST"},{"floor":32,"key":"REST"}],"circlet_count":0,"master_deck":["Strike_B+1","Strike_B+1","Strike_B+1","Defend_B","Defend_B","Defend_B","Zap","Go for the Eyes+1","Go for the Eyes+1","Core Surge+1","Go for the Eyes","Beam Cell","Go for the Eyes+1","Loop+1","Beam Cell"],"relics":["Cracked Core","WingedGreaves","Oddly Smooth Stone","Cables","Inserter","Tiny Chest","Akabeko","Mummified Hand","Mercury Hourglass"],"acts_visited":["Exordium","TheCity"],"potions_floor_usage":[7,10,16,18,22,33],"damage_taken":[{"damage":0,"enemies":"Cultist","floor":1,"turns":2},{"damage":0,"enemies":"2 Louse","floor":2,"turns":2},{"damage":0,"enemies":"Jaw Worm","floor":4,"turns":2},{"damage":14,"enemies":"Exordium Thugs","floor":7,"turns":3},{"damage":3,"enemies":"Blue Slaver","floor":10,"turns":2},{"damage":0,"enemies":"Exordium Wildlife","floor":14,"turns":2},{"damage":48,"enemies":"Hexaghost","floor":16,"turns":6},{"damage":20,"enemies":"3 Byrds","floor":18,"turns":2},{"damage":1,"enemies":"Spheric Guardian","floor":20,"turns":3},{"damage":5,"enemies":"Centurion and Healer","floor":22,"turns":3},{"damage":30,"enemies":"Slavers","floor":24,"turns":3},{"damage":13,"enemies":"Cultist and Chosen","floor":25,"turns":4},{"damage":0,"enemies":"Chosen and Byrds","floor":31,"turns":3},{"damage":80,"enemies":"Automaton","floor":33,"turns":6}],"seed_played":"-5051420239723459148","potions_obtained":[{"floor":1,"key":"SkillPotion"},{"floor":7,"key":"Energy Potion"},{"floor":10,"key":"LiquidBronze"},{"floor":16,"key":"PowerPotion"},{"floor":20,"key":"FocusPotion"},{"floor":24,"key":"PotionOfCapacity"},{"floor":31,"key":"ColorlessPotion"}],"is_trial":false,"path_per_floor":["M","M","?","M","$","R","M","R","T","M","T","?","R","M","R","B",null,"M","$","M","$","M","R","E","M","T","R","?","?","T","M","R","B"],"character_chosen":"DEFECT","items_purchased":["Tiny Chest"],"campfire_rested":2,"item_purchase_floors":[19],"current_hp_per_floor":[75,75,75,75,75,75,61,61,61,58,58,58,58,58,58,10,75,55,55,54,54,49,49,19,6,6,28,28,28,28,28,50,0,0],"gold":94,"neow_bonus":"","is_daily":true,"chose_seed":false,"campfire_upgraded":5,"win_rate":0.0,"timestamp":1609458147,"path_taken":["M","?","?","M","$","R","M","R","T","?","?","?","R","M","R","BOSS","M","$","M","?","M","R","E","M","T","R","?","?","?","M","R","BOSS"],"items_purchased_type":["Relic"],"build_version":"2020-12-22","purchased_purges":2,"victory":false,"max_hp_per_floor":[75,75,75,75,75,75,75,75,75,75,75,75,75,75,75,75,75,75,75,75,75,75,75,75,75,75,75,75,75,75,75,75,75,75],"card_choices":[{"not_picked":["Sweeping Beam","Skim","Turbo"],"picked":"SKIP","floor":1},{"not_picked":["Darkness","Aggregate"],"picked":"Go for the Eyes","floor":2},{"not_picked":["Undo","Cold Snap","Auto Shields"],"picked":"SKIP","floor":4},{"not_picked":["Sweeping Beam","Hologram","Double Energy"],"picked":"SKIP","floor":7},{"not_picked":["Conserve Battery","Stack","Chaos"],"picked":"SKIP","floor":10},{"not_picked":["Melter","Rebound"],"picked":"Go for the Eyes","floor":14},{"not_picked":["Meteor Strike","Multi-Cast"],"picked":"Core Surge","floor":16},{"not_picked":["Leap","Undo"],"picked":"Go for the Eyes","floor":18},{"not_picked":["Cold Snap","Coolheaded"],"picked":"Beam Cell","floor":20},{"not_picked":["Turbo","Skim"],"picked":"Go for the Eyes+1","floor":22},{"not_picked":["Thunder Strike","Coolheaded+1","Blizzard"],"picked":"SKIP","floor":24},{"not_picked":["Hologram+1","Go for the Eyes"],"picked":"Loop+1","floor":25},{"not_picked":["Reprogram","Rebound"],"picked":"Beam Cell","floor":31}],"player_experience":71580,"relics_obtained":[{"floor":9,"key":"Oddly Smooth Stone"},{"floor":11,"key":"Cables"},{"floor":24,"key":"Akabeko"},{"floor":26,"key":"Mummified Hand"},{"floor":30,"key":"Mercury Hourglass"}],"event_choices":[{"cards_removed":["Dualcast"],"damage_healed":0,"gold_gain":0,"player_choice":"Offered Basic","damage_taken":0,"max_hp_gain":0,"max_hp_loss":0,"event_name":"Bonfire Elementals","floor":3,"gold_loss":0},{"damage_healed":0,"gold_gain":0,"player_choice":"Forge","damage_taken":0,"max_hp_gain":0,"max_hp_loss":0,"event_name":"Accursed Blacksmith","floor":12,"gold_loss":0,"cards_upgraded":["Strike_B"]},{"damage_healed":0,"gold_gain":0,"player_choice":"Ignored","damage_taken":0,"max_hp_gain":0,"max_hp_loss":0,"event_name":"Ghosts","floor":28,"gold_loss":0}],"is_beta":false,"boss_relics":[{"not_picked":["Sozu","Black Star"],"picked":"Inserter"}],"items_purged_floors":[5,19],"is_endless":false,"potions_floor_spawned":[1,7,10,16,20,24,31],"killed_by":"Automaton","ascension_level":0}}