{"host":"tpad8qsc9e0g0pa5","time":1609410738,"event":{"mods":["BaseMod","Minty Spire (QoL Compilation)","Quick Restart","StSLib","The Bug Knight","The Servant 0.9.4"],"gold_per_floor":[112,112,22,97,116,116,141,141,141,170,170,19,34,48,48,48,48],"floor_reached":16,"playtime":1508,"items_purged":["HollowMod:NailStrikeStart"],"score":146,"play_id":"862dba29-8844-4c71-9bac-03385b030547","local_time":"20201231183218","is_ascension_mode":true,"campfire_choices":[{"data":"HollowMod:SoulShaman","floor":6.0,"key":"SMITH"},{"data":"HollowMod:Hiveblood","floor":8.0,"key":"SMITH"},{"floor":11.0,"key":"REST"},{"floor":15.0,"key":"REST"}],"circlet_count":0,"master_deck":["HollowMod:NailStrikeStart","HollowMod:NailStrikeStart","HollowMod:NailStrikeStart","HollowMod:QuickDashStart","HollowMod:QuickDashStart","HollowMod:QuickDashStart","HollowMod:FocusHealStart","HollowMod:PogoStrike","HollowMod:NewLittleFool","HollowMod:SoulVessel","HollowMod:DashSlash","HollowMod:SoulShaman+1","HollowMod:Hiveblood+1","HollowMod:PerfectDash","HollowMod:SoulEater"],"relics":["HollowMod:VesselMask","NeowsBlessing","Pantograph","HollowMod:LifeEnderRelic","Singing Bowl"],"acts_visited":["Exordium"],"potions_floor_usage":[16],"damage_taken":[{"damage":0.0,"enemies":"Jaw Worm","floor":1.0,"turns":1.0},{"damage":0.0,"enemies":"2 Louse","floor":5.0,"turns":1.0},{"damage":0.0,"enemies":"Lagavulin","floor":7.0,"turns":2.0},{"damage":62.0,"enemies":"Gremlin Nob","floor":10.0,"turns":5.0},{"damage":16.0,"enemies":"Cultist","floor":13.0,"turns":3.0},{"damage":35.0,"enemies":"Blue Slaver","floor":14.0,"turns":5.0},{"damage":114,"enemies":"Hexaghost","floor":16,"turns":16}],"seed_played":"-3421084363889329030","potions_obtained":[{"floor":7.0,"key":"Dexterity Potion"},{"floor":10.0,"key":"AttackPotion"}],"is_trial":false,"path_per_floor":["M","?","$","?","M","R","E","R","T","E","R","$","M","M","R","B"],"character_chosen":"THE_BUGKNIGHT","items_purchased":["HollowMod:SoulVessel","HollowMod:DashSlash","HollowMod:SoulEater"],"campfire_rested":2,"item_purchase_floors":[3,3,12],"current_hp_per_floor":[75,75,75,68,68,68,68,68,68,24,46,46,39,25,48,0,0],"gold":48,"neow_bonus":"THREE_ENEMY_KILL","is_daily":false,"chose_seed":false,"campfire_upgraded":2,"win_rate":0.0,"timestamp":1609410738,"path_taken":["M","?","$","?","M","R","E","R","T","E","R","$","M","?","R","BOSS"],"items_purchased_type":["Card","Card","Card"],"build_version":"2020-12-22","purchased_purges":1,"victory":false,"max_hp_per_floor":[75,75,75,75,75,75,75,75,75,75,75,75,77,79,79,79,79],"card_choices":[{"not_picked":["HollowMod:DashSlash","HollowMod:ShadowDash"],"picked":"HollowMod:NewLittleFool","floor":1.0},{"not_picked":["HollowMod:HowlingWraiths","HollowMod:CornifersMapStart"],"picked":"HollowMod:SoulShaman","floor":5.0},{"not_picked":["HollowMod:DashSlash","HollowMod:LifebloodCocoon"],"picked":"HollowMod:Hiveblood","floor":7.0},{"not_picked":["HollowMod:BrokenVessel","HollowMod:SiblingsSouls"],"picked":"HollowMod:PerfectDash","floor":10.0},{"not_picked":["HollowMod:MonarchWings","HollowMod:GreatSlash","HollowMod:CycloneSlash"],"picked":"Singing Bowl","floor":13.0},{"not_picked":["HollowMod:SoulEater","HollowMod:QuirrelsAssistance","HollowMod:GreatSlash"],"picked":"Singing Bowl","floor":14.0}],"player_experience":293950,"relics_obtained":[{"floor":7.0,"key":"Pantograph"},{"floor":9.0,"key":"HollowMod:LifeEnderRelic"},{"floor":10.0,"key":"Singing Bowl"}],"event_choices":[{"cards_removed":["HollowMod:QuickDashStart"],"damage_healed":0.0,"max_hp_gain":0.0,"max_hp_loss":0.0,"gold_gain":0.0,"event_name":"Living Wall","player_choice":"Forget","floor":2.0,"gold_loss":0.0,"damage_taken":0.0},{"damage_healed":0.0,"max_hp_gain":0.0,"max_hp_loss":0.0,"gold_gain":75.0,"event_name":"FaceTrader","player_choice":"Touch","floor":4.0,"gold_loss":0.0,"damage_taken":7.0}],"is_beta":false,"boss_relics":[],"items_purged_floors":[12],"is_endless":false,"potions_floor_spawned":[7,10],"killed_by":"Hexaghost","ascension_level":2}}