{"host":"82vjcvwyw2j7afb1","time":1609436186,"event":{"mods":["BaseMod","Colored Map","DeckTracker","Keyboard Shortcuts","Minty Spire (QoL Compilation)","Permanent Neow","Quick Restart","StSLib","SuperFastMode","everything is the same but u backflip on backflip"],"gold_per_floor":[218,218,228,228,11,11,31,31,109,109,37,50,89,113,113,239,302,325,82,98,13,13,13,46,46,99,99,24,24,48,84,84,205,205,225,249,180,543,558,558,558,576,576,615,630,5,5,26,26,26],"floor_reached":51,"playtime":2480,"items_purged":["Injury","Strike_R","Parasite"],"score":912,"play_id":"343dcd11-69af-4513-8f18-e7e357c0a447","local_time":"20210101023626","is_ascension_mode":true,"campfire_choices":[{"data":"Bash","floor":6.0,"key":"SMITH"},{"data":"Warcry","floor":8.0,"key":"SMITH"},{"data":"Inflame","floor":10.0,"key":"SMITH"},{"data":"Flex","floor":15.0,"key":"SMITH"},{"data":"Flex","floor":23.0,"key":"SMITH"},{"data":"Battle Trance","floor":25.0,"key":"SMITH"},{"floor":29.0,"key":"REST"},{"floor":32.0,"key":"REST"},{"floor":40.0,"key":"REST"},{"floor":47.0,"key":"REST"},{"floor":49,"key":"REST"}],"circlet_count":0,"master_deck":["Strike_R","Strike_R","Strike_R+1","Defend_R","Defend_R","Defend_R","Bash+1","Hemokinesis+1","Power Through","Inflame+1","Flex+1","Warcry+1","Flex+1","Second Wind","Rupture","Battle Trance+1","Reaper","Twin Strike","Clash","Hemokinesis+1","Pommel Strike+1","Flex+1","Brutality","Cleave+1","Rupture+1","Dual Wield","Warcry+1","Second Wind+1","Panacea"],"relics":["Burning Blood","Golden Idol","Mercury Hourglass","Charon\u0027s Ashes","Tiny House","Anchor","Mango","Strawberry","Bag of Preparation","Regal Pillow","Sozu","Old Coin","Whetstone","Oddly Smooth Stone","Bottled Tornado","OrangePellets"],"acts_visited":["Exordium","TheCity","TheBeyond"],"potions_floor_usage":[],"damage_taken":[{"damage":12.0,"enemies":"Jaw Worm","floor":1.0,"turns":3.0},{"damage":8.0,"enemies":"2 Louse","floor":3.0,"turns":2.0},{"damage":3.0,"enemies":"Small Slimes","floor":7.0,"turns":4.0},{"damage":10.0,"enemies":"Blue Slaver","floor":12.0,"turns":3.0},{"damage":4.0,"enemies":"Lagavulin","floor":13.0,"turns":5.0},{"damage":2.0,"enemies":"2 Fungi Beasts","floor":14.0,"turns":2.0},{"damage":4.0,"enemies":"Slime Boss","floor":16.0,"turns":6.0},{"damage":20.0,"enemies":"Shell Parasite","floor":18.0,"turns":3.0},{"damage":4.0,"enemies":"3 Byrds","floor":20.0,"turns":3.0},{"damage":40.0,"enemies":"Gremlin Leader","floor":24.0,"turns":6.0},{"damage":39.0,"enemies":"Snecko","floor":30.0,"turns":5.0},{"damage":24.0,"enemies":"Slavers","floor":31.0,"turns":4.0},{"damage":116.0,"enemies":"Collector","floor":33.0,"turns":8.0},{"damage":3.0,"enemies":"Orb Walker","floor":35.0,"turns":2.0},{"damage":13.0,"enemies":"3 Darklings","floor":36.0,"turns":3.0},{"damage":71.0,"enemies":"Mind Bloom Boss Battle","floor":38.0,"turns":5.0},{"damage":34.0,"enemies":"Maw","floor":39.0,"turns":5.0},{"damage":6.0,"enemies":"Jaw Worm Horde","floor":42.0,"turns":3.0},{"damage":33.0,"enemies":"Reptomancer","floor":44.0,"turns":4.0},{"damage":21.0,"enemies":"Writhing Mass","floor":45.0,"turns":5.0},{"damage":32,"enemies":"Maw","floor":48,"turns":4},{"damage":102,"enemies":"Donu and Deca","floor":50,"turns":6}],"seed_played":"656985781146415977","potions_obtained":[{"floor":1.0,"key":"Explosive Potion"},{"floor":7.0,"key":"DuplicationPotion"},{"floor":13.0,"key":"Strength Potion"},{"floor":17.0,"key":"Ancient Potion"},{"floor":18.0,"key":"SpeedPotion"},{"floor":30.0,"key":"LiquidMemories"}],"is_trial":false,"path_per_floor":["M","?","M","?","$","R","M","R","T","R","$","M","E","M","R","B",null,"M","$","M","?","$","R","E","R","T","$","?","R","M","E","R","B",null,"M","M","$","?","M","R","?","M","T","E","M","$","R","M","R","B",null],"character_chosen":"IRONCLAD","items_purchased":["Inflame","Flex","Warcry","Second Wind","Anchor","Dual Wield","Bottled Tornado","OrangePellets","Panacea"],"campfire_rested":5,"item_purchase_floors":[5,5,5,11,19,37,46,46,46],"current_hp_per_floor":[74,74,72,72,72,72,75,75,75,75,75,71,73,77,77,79,85,71,71,73,87,87,87,60,60,60,60,60,91,58,40,86,14,106,106,106,106,53,32,78,78,81,81,54,39,39,84,58,103,56],"gold":26,"neow_bonus":"HUNDRED_GOLD","is_daily":false,"chose_seed":false,"campfire_upgraded":6,"win_rate":0.0,"timestamp":1609436186,"path_taken":["M","?","M","?","$","R","M","R","T","R","$","M","E","M","R","BOSS","M","$","M","?","?","R","E","R","T","?","?","R","M","E","R","BOSS","M","M","$","?","M","R","?","?","T","E","M","$","R","M","R","BOSS"],"items_purchased_type":["Card","Card","Card","Card","Relic","Card","Relic","Relic","Card"],"build_version":"2020-12-22","purchased_purges":3,"victory":true,"max_hp_per_floor":[80,80,80,80,80,80,80,80,80,80,80,80,80,80,80,80,85,85,85,85,99,99,99,106,106,106,106,106,106,106,106,106,106,106,106,106,106,106,106,106,106,106,106,106,106,103,103,103,103,103],"card_choices":[{"not_picked":["Blood for Blood","Shockwave"],"picked":"Hemokinesis","floor":1.0},{"not_picked":["Infernal Blade","Uppercut"],"picked":"Power Through","floor":3.0},{"not_picked":["Armaments","Power Through"],"picked":"Flex","floor":7.0},{"not_picked":["Warcry","Shrug It Off"],"picked":"Rupture","floor":12.0},{"not_picked":["Twin Strike","Dropkick"],"picked":"Battle Trance","floor":13.0},{"not_picked":["Headbutt","Wild Strike","Havoc"],"picked":"SKIP","floor":14.0},{"not_picked":["Fiend Fire","Brutality"],"picked":"Reaper","floor":16.0},{"not_picked":["True Grit","Havoc"],"picked":"Twin Strike","floor":18.0},{"not_picked":["Thunderclap","Anger"],"picked":"Clash","floor":20.0},{"not_picked":["Dual Wield","Pommel Strike+1"],"picked":"Hemokinesis","floor":24.0},{"not_picked":["Combust+1","Havoc"],"picked":"Pommel Strike+1","floor":30.0},{"not_picked":["Armaments","Corruption"],"picked":"Flex+1","floor":31.0},{"not_picked":["Fiend Fire","Bludgeon"],"picked":"Brutality","floor":33.0},{"not_picked":["Flex+1","Clash+1"],"picked":"Cleave+1","floor":35.0},{"not_picked":["True Grit+1","Anger"],"picked":"Rupture+1","floor":36.0},{"not_picked":["Rupture","Inflame"],"picked":"Warcry+1","floor":38.0},{"not_picked":["Body Slam","Wild Strike","Rupture+1"],"picked":"SKIP","floor":39.0},{"not_picked":["Anger+1","Rampage+1","Body Slam+1"],"picked":"SKIP","floor":42.0},{"not_picked":["Bloodletting","Havoc+1"],"picked":"Second Wind+1","floor":44.0},{"not_picked":["Disarm+1","Searing Blow","Brutality"],"picked":"SKIP","floor":45.0},{"not_picked":["Dual Wield","True Grit","Iron Wave+1"],"picked":"SKIP","floor":48}],"player_experience":35041,"relics_obtained":[{"floor":9.0,"key":"Mercury Hourglass"},{"floor":13.0,"key":"Charon\u0027s Ashes"},{"floor":24.0,"key":"Strawberry"},{"floor":26.0,"key":"Bag of Preparation"},{"floor":31.0,"key":"Regal Pillow"},{"floor":38.0,"key":"Old Coin"},{"floor":43.0,"key":"Whetstone"},{"floor":44.0,"key":"Oddly Smooth Stone"}],"event_choices":[{"cards_removed":["Defend_R"],"damage_healed":0.0,"max_hp_gain":0.0,"max_hp_loss":0.0,"gold_gain":0.0,"event_name":"Living Wall","player_choice":"Forget","floor":2.0,"gold_loss":0.0,"damage_taken":0.0},{"damage_healed":0.0,"max_hp_gain":0.0,"max_hp_loss":0.0,"gold_gain":0.0,"event_name":"Golden Idol","player_choice":"Take Wound","floor":4.0,"gold_loss":0.0,"damage_taken":0.0,"relics_obtained":["Golden Idol"],"cards_obtained":["Injury"]},{"damage_healed":0.0,"max_hp_gain":0.0,"max_hp_loss":0.0,"gold_gain":0.0,"event_name":"Addict","player_choice":"Obtained Relic","floor":21.0,"gold_loss":85.0,"damage_taken":0.0,"relics_obtained":["Mango"]},{"cards_removed":["Strike_R"],"damage_healed":0.0,"max_hp_gain":0.0,"max_hp_loss":0.0,"gold_gain":0.0,"event_name":"Beggar","player_choice":"Gave Gold","floor":28.0,"gold_loss":75.0,"damage_taken":0.0},{"damage_healed":0.0,"max_hp_gain":0.0,"max_hp_loss":0.0,"gold_gain":0.0,"event_name":"MindBloom","player_choice":"Fight","floor":38.0,"gold_loss":0.0,"damage_taken":0.0},{"damage_healed":0.0,"max_hp_gain":0.0,"max_hp_loss":0.0,"gold_gain":0.0,"event_name":"The Woman in Blue","player_choice":"Bought 0 Potions","floor":41.0,"gold_loss":0.0,"damage_taken":0.0}],"is_beta":false,"boss_relics":[{"not_picked":["Astrolabe","Busted Crown"],"picked":"Tiny House"},{"not_picked":["Calling Bell","Runic Cube"],"picked":"Sozu"}],"items_purged_floors":[5,19,46],"is_endless":false,"potions_floor_spawned":[1,7,13,14,18,30,35,36,38],"ascension_level":2}}