{"host":"1sep654oresgee70","time":1609375639,"event":{"mods":["2.2 Compatiblity","Aspiration","BaseMod","Better Altar","Better Match","Better Note","Better Sensory Stone","Better Skull","Better Third Choice","Better Vampires","Better-Laid Plans","BetterRewards","Block Reminder","Conspire","Curses Come First","Displayed Cursed Tome","Gold Saver","Hubris","Infinite Spire","Minty Spire (QoL Compilation)","Potion Indicator Mod","Red Circlet Mod","Replay The Spire","Shop Mod","Spicy Shops","StSLib","Thieving Mod","Transform Curses","UnlockEverythingMod"],"gold_per_floor":[275,290,290,305,5,5,20,20,45,60,60,60,75,90,90,190,190,205,23,38,12,12,12,27,27,27],"floor_reached":25,"playtime":599,"items_purged":[],"score":195,"play_id":"a4d04fcd-a073-437a-bafb-02c562c513de","local_time":"20201231014719","daily_mods":["Heirloom","Time Dilation","Lethality"],"is_ascension_mode":false,"campfire_choices":[{"floor":6,"key":"REST"},{"floor":8,"key":"REST"},{"floor":15,"key":"REST"},{"floor":23,"key":"REST"}],"circlet_count":0,"master_deck":["Strike_B","Strike_B","Strike_B","Defend_B","Defend_B","Defend_B","Defend_B","Zap+1","Dualcast","ReplayTheSpireMod:Dual Polarity","hubris:Ukulele","Crystallizer","Leap","Ball Lightning","Apotheosis","Violence","Madness","Coolheaded","Steam","Self Repair","Capacitor","Electrodynamics","FTL","Chaos","Mind Blast","ReplaySolidLightProjector+1","Conserve Battery","hubris:Ukulele"],"relics":["Cracked Core","Replay:Towering Pillar of Hats","ReplayTheSpireMod:ShopPack","hubris:ToyBattleship","aspiration:TomeofQuesting","Replay:WaspNest","Snecko Eye"],"acts_visited":["Exordium","TheCity"],"potions_floor_usage":[16,16,25],"damage_taken":[{"damage":0,"enemies":"Cultist","floor":1,"turns":2},{"damage":3,"enemies":"2 Louse","floor":2,"turns":2},{"damage":9,"enemies":"Jaw Worm","floor":4,"turns":2},{"damage":27,"enemies":"Exordium Thugs","floor":7,"turns":3},{"damage":0,"enemies":"Blue Slaver","floor":10,"turns":1},{"damage":12,"enemies":"Exordium Wildlife","floor":13,"turns":2},{"damage":3,"enemies":"Large Slime","floor":14,"turns":3},{"damage":39,"enemies":"Hexaghost","floor":16,"turns":7},{"damage":20,"enemies":"3 Byrds","floor":18,"turns":2},{"damage":30,"enemies":"Spheric Guardian","floor":20,"turns":4},{"damage":25,"enemies":"Centurion and Healer","floor":24,"turns":4},{"damage":31,"enemies":"Slavers","floor":25,"turns":1}],"seed_played":"-5051420239723459148","potions_obtained":[{"floor":1,"key":"SkillPotion"},{"floor":4,"key":"DistilledChaos"},{"floor":10,"key":"SpeedPotion"},{"floor":24,"key":"PotionOfCapacity"}],"is_trial":false,"path_per_floor":["M","M","?","M","$","R","M","R","T","M","T","?","M","M","R","B",null,"M","$","M","$","$","R","M","E"],"character_chosen":"DEFECT","items_purchased":["ReplayTheSpireMod:ShopPack","Leap","Ball Lightning","hubris:ToyBattleship","Chaos","Mind Blast","Conserve Battery"],"campfire_rested":4,"item_purchase_floors":[5,5,5,5,19,19,21],"current_hp_per_floor":[75,72,72,63,63,75,48,70,70,70,70,70,58,55,75,43,75,55,55,25,25,25,47,29,0,0],"gold":27,"neow_bonus":"","is_daily":true,"chose_seed":false,"campfire_upgraded":0,"win_rate":0.0,"timestamp":1609375639,"path_taken":["M","?","?","M","$","R","M","R","T","?","?","?","M","M","R","BOSS","M","$","M","?","$","R","M","E"],"items_purchased_type":["Relic","Card","Card","Relic","Card","Card","Card"],"build_version":"2020-12-22","purchased_purges":0,"victory":false,"max_hp_per_floor":[75,75,75,75,75,75,75,75,75,75,75,75,75,75,75,75,75,75,75,75,75,75,75,75,75,75],"card_choices":[{"not_picked":["ReplayTheSpireMod:Calculation Training","Compile Driver"],"picked":"ReplayTheSpireMod:Dual Polarity","floor":1},{"not_picked":["Sweeping Beam","Blizzard"],"picked":"hubris:Ukulele","floor":2},{"not_picked":["Blizzard","Stack"],"picked":"Crystallizer","floor":4},{"not_picked":["Mayhem","Master of Strategy"],"picked":"Apotheosis","floor":5},{"not_picked":["Specialist","hubris:Ssssneak"],"picked":"Violence","floor":5},{"not_picked":["Impatience","Swift Strike"],"picked":"Madness","floor":5},{"not_picked":["Go for the Eyes","Melter"],"picked":"Coolheaded","floor":7},{"not_picked":["Blizzard","Panic Button"],"picked":"Steam","floor":10},{"not_picked":["White Noise","Chill"],"picked":"Self Repair","floor":13},{"not_picked":["Blizzard","Leap"],"picked":"Capacitor","floor":14},{"not_picked":["hubris:DoWhile","Echo Form"],"picked":"Electrodynamics","floor":16},{"not_picked":["ReplayTheSpireMod:Reroute Power","Compile Driver"],"picked":"FTL","floor":18},{"not_picked":["Go for the Eyes","Steam"],"picked":"ReplaySolidLightProjector+1","floor":20},{"not_picked":["ReplayTheSpireMod:Reroute Power","Compile Driver+1"],"picked":"hubris:Ukulele","floor":24}],"player_experience":2412532,"relics_obtained":[{"floor":9,"key":"aspiration:TomeofQuesting"},{"floor":11,"key":"Replay:WaspNest"}],"event_choices":[{"damage_healed":0,"gold_gain":0,"player_choice":"Upgraded","damage_taken":0,"max_hp_gain":0,"max_hp_loss":0,"event_name":"Upgrade Shrine","floor":3,"gold_loss":0,"cards_upgraded":["Zap"]},{"cards_removed":["Strike_B"],"damage_healed":0,"gold_gain":0,"player_choice":"Offered Basic","damage_taken":0,"max_hp_gain":0,"max_hp_loss":0,"event_name":"Bonfire Elementals","floor":12,"gold_loss":0}],"is_beta":false,"boss_relics":[{"not_picked":["hubris:CrackedHourglass","hubris:RunicObelisk"],"picked":"Snecko Eye"}],"items_purged_floors":[],"is_endless":false,"potions_floor_spawned":[1,4,10,14,24],"killed_by":"Slavers","ascension_level":0}}