{"host":"xjyie0ctswsml60g","time":1609416819,"event":{"mods":["AchievementEnabler","BaseMod","Colored Map","Minty Spire (QoL Compilation)","Quick Restart","SuperFastMode"],"gold_per_floor":[116,129,143,157,157,198,198,233,233,34,50,0,75,91,91,210,210,223,223,54,72,72,72,72,95,118,161,161,201,81,100,100,100,100],"floor_reached":33,"playtime":1143,"items_purged":["Defend_P"],"score":285,"play_id":"daeae113-4cda-4b38-b4aa-6204d9d95538","local_time":"20201231141339","is_ascension_mode":false,"campfire_choices":[{"floor":7.0,"key":"RECALL"},{"data":"Judgement","floor":15.0,"key":"SMITH"},{"data":"Establishment","floor":23.0,"key":"SMITH"},{"data":"Eruption","floor":28.0,"key":"SMITH"},{"floor":32,"key":"REST"}],"circlet_count":0,"master_deck":["Strike_P","Strike_P","Defend_P","Defend_P","Defend_P","Eruption+1","Vigilance","CarveReality","EmptyFist","EmptyBody","Perseverance","Judgement+1","FollowUp","PathToVictory+1","PathToVictory+1","Establishment+1","Protect+1","Swivel+1","Apotheosis+1","FlurryOfBlows","Wish+1","Protect+1","PathToVictory+1"],"relics":["PureWater","Golden Idol","Blue Candle","Odd Mushroom","Toxic Egg 2","Lee\u0027s Waffle","VioletLotus","MutagenicStrength","Vajra","InkBottle"],"acts_visited":["Exordium","TheCity"],"potions_floor_usage":[29,29],"damage_taken":[{"damage":4.0,"enemies":"Small Slimes","floor":1.0,"turns":3.0},{"damage":10.0,"enemies":"Jaw Worm","floor":2.0,"turns":3.0},{"damage":0.0,"enemies":"2 Louse","floor":3.0,"turns":1.0},{"damage":0.0,"enemies":"2 Fungi Beasts","floor":4.0,"turns":2.0},{"damage":21.0,"enemies":"3 Sentries","floor":6.0,"turns":7.0},{"damage":14.0,"enemies":"The Mushroom Lair","floor":8.0,"turns":4.0},{"damage":1.0,"enemies":"Red Slaver","floor":11.0,"turns":2.0},{"damage":0.0,"enemies":"Large Slime","floor":14.0,"turns":2.0},{"damage":17.0,"enemies":"The Guardian","floor":16.0,"turns":7.0},{"damage":0.0,"enemies":"Chosen","floor":18.0,"turns":3.0},{"damage":12.0,"enemies":"Shell Parasite","floor":21.0,"turns":2.0},{"damage":8.0,"enemies":"3 Cultists","floor":25.0,"turns":5.0},{"damage":14.0,"enemies":"Book of Stabbing","floor":27.0,"turns":5.0},{"damage":30,"enemies":"Gremlin Leader","floor":29,"turns":4},{"damage":10,"enemies":"Snake Plant","floor":31,"turns":2},{"damage":37,"enemies":"Automaton","floor":33,"turns":8}],"seed_played":"3594733880108475880","potions_obtained":[{"floor":2.0,"key":"Dexterity Potion"},{"floor":3.0,"key":"Block Potion"},{"floor":6.0,"key":"LiquidBronze"},{"floor":11.0,"key":"Block Potion"},{"floor":18.0,"key":"FearPotion"},{"floor":27.0,"key":"Ambrosia"}],"is_trial":false,"path_per_floor":["M","M","M","M","?","E","R","?","T","$","M","?","?","M","R","B",null,"M","?","$","M","$","R","?","M","T","E","R","E","$","M","R","B"],"character_chosen":"WATCHER","items_purchased":["PathToVictory+1","Lee\u0027s Waffle","Apotheosis+1","PathToVictory+1"],"campfire_rested":1,"item_purchase_floors":[10,10,20,30],"current_hp_per_floor":[75,65,65,65,46,25,25,11,11,86,85,85,74,74,74,57,86,86,86,86,74,74,74,74,66,66,52,52,22,22,12,37,0,0],"gold":100,"neow_bonus":"TEN_PERCENT_HP_BONUS","is_daily":false,"chose_seed":false,"campfire_upgraded":3,"win_rate":0.0,"timestamp":1609416819,"path_taken":["M","M","M","M","?","E","R","?","T","$","M","?","?","M","R","BOSS","M","?","$","?","$","R","?","M","T","E","R","E","$","M","R","BOSS"],"items_purchased_type":["Card","Relic","Card","Card"],"build_version":"2020-12-22","purchased_purges":1,"victory":false,"max_hp_per_floor":[79,79,79,79,79,79,79,79,79,86,86,86,86,86,86,86,86,86,86,86,86,86,86,86,86,86,86,86,86,86,86,86,86,86],"card_choices":[{"not_picked":["SashWhip","Weave"],"picked":"CarveReality","floor":1.0},{"not_picked":["Halt","EmptyMind"],"picked":"EmptyFist","floor":2.0},{"not_picked":["WreathOfFlame","Vault"],"picked":"EmptyBody","floor":3.0},{"not_picked":["ClearTheMind","Consecrate"],"picked":"Perseverance","floor":4.0},{"not_picked":["Halt","EmptyBody"],"picked":"Judgement","floor":6.0},{"not_picked":["EmptyBody","Collect"],"picked":"FollowUp","floor":8.0},{"not_picked":["FearNoEvil","Weave"],"picked":"PathToVictory+1","floor":11.0},{"not_picked":["BattleHymn","Conclude","Evaluate+1"],"picked":"SKIP","floor":14.0},{"not_picked":["LessonLearned","Devotion"],"picked":"Establishment","floor":16.0},{"not_picked":["ReachHeaven","BowlingBash"],"picked":"Protect+1","floor":18.0},{"not_picked":["CutThroughFate","ThirdEye+1"],"picked":"FlurryOfBlows","floor":21.0},{"not_picked":["FollowUp","ClearTheMind+1","FearNoEvil"],"picked":"SKIP","floor":25.0},{"not_picked":["SashWhip","Collect+1"],"picked":"Wish+1","floor":27.0},{"not_picked":["ForeignInfluence+1","ThirdEye+1"],"picked":"Protect+1","floor":29},{"not_picked":["LikeWater","Vengeance+1","SignatureMove"],"picked":"SKIP","floor":31}],"player_experience":460315,"relics_obtained":[{"floor":6.0,"key":"Blue Candle"},{"floor":8.0,"key":"Odd Mushroom"},{"floor":9.0,"key":"Toxic Egg 2"},{"floor":27.0,"key":"Vajra"},{"floor":29,"key":"InkBottle"}],"event_choices":[{"damage_healed":0.0,"max_hp_gain":0.0,"max_hp_loss":0.0,"gold_gain":0.0,"event_name":"Golden Idol","player_choice":"Take Damage","floor":5.0,"gold_loss":0.0,"damage_taken":19.0,"relics_obtained":["Golden Idol"]},{"damage_healed":0.0,"max_hp_gain":0.0,"max_hp_loss":0.0,"gold_gain":0.0,"event_name":"Mushrooms","player_choice":"Fought Mushrooms","floor":8.0,"gold_loss":0.0,"damage_taken":0.0},{"cards_removed":["Strike_P"],"damage_healed":0.0,"max_hp_gain":0.0,"max_hp_loss":0.0,"gold_gain":0.0,"event_name":"The Cleric","player_choice":"Card Removal","floor":12.0,"gold_loss":50.0,"damage_taken":0.0},{"damage_healed":0.0,"max_hp_gain":0.0,"max_hp_loss":0.0,"gold_gain":75.0,"event_name":"World of Goop","player_choice":"Gather Gold","floor":13.0,"gold_loss":0.0,"damage_taken":11.0},{"damage_healed":0.0,"max_hp_gain":0.0,"max_hp_loss":0.0,"gold_gain":0.0,"cards_transformed":["Strike_P"],"event_name":"Transmorgrifier","player_choice":"Transformed","floor":19.0,"gold_loss":0.0,"damage_taken":0.0,"cards_obtained":["Swivel"]},{"damage_healed":0.0,"max_hp_gain":0.0,"max_hp_loss":0.0,"gold_gain":0.0,"event_name":"Drug Dealer","player_choice":"Inject Mutagens","floor":24.0,"gold_loss":0.0,"damage_taken":0.0,"relics_obtained":["MutagenicStrength"]}],"is_beta":false,"boss_relics":[{"not_picked":["Philosopher\u0027s Stone","SlaversCollar"],"picked":"VioletLotus"}],"items_purged_floors":[30],"is_endless":false,"potions_floor_spawned":[2,3,6,11,18,27],"killed_by":"Automaton","ascension_level":0}}