{"host":"l60rmjjsfi0fipmi","time":1609435402,"event":{"mods":["BaseMod","Colored Map","DeckTracker","Highlight Path","Minty Spire (QoL Compilation)"],"gold_per_floor":[117,127,137,137,137,137,162,177,177,193,211,230,230,258,258,356,406,421,421,476,493,98,98,98,98,98,124,138,38,38,53,53,156,156,172,172,47,66,80,94,94,129,129,142,157,157,157],"floor_reached":46,"playtime":6067,"items_purged":["Bite","Bite","Defend_P"],"score":484,"play_id":"e1e8e5c6-d0dd-47bb-894a-c66175310388","local_time":"20201231122322","is_ascension_mode":false,"campfire_choices":[{"data":"BattleHymn","floor":6,"key":"SMITH"},{"floor":13,"key":"REST"},{"data":"ThirdEye","floor":15,"key":"SMITH"},{"data":"Apotheosis","floor":23,"key":"SMITH"},{"data":"Vigilance","floor":25,"key":"SMITH"},{"floor":32,"key":"REST"},{"floor":41,"key":"REST"}],"circlet_count":0,"master_deck":["Defend_P","Defend_P","Defend_P","Eruption+1","Vigilance+1","FlurryOfBlows","ThirdEye+1","Protect","BattleHymn+1","Alpha","FollowUp","Consecrate","Meditate","EmptyFist","LikeWater","Bite","Bite","Bite","ClearTheMind","Apotheosis+1","Nirvana+1","ThirdEye+1","Judgement","JustLucky","Perseverance+1"],"relics":["HolyWater","Bronze Scales","Strawberry","Mummified Hand","Tiny House","Bag of Preparation","Happy Flower","Mercury Hourglass","PreservedInsect","Eternal Feather","Lantern"],"acts_visited":["Exordium","TheCity","TheBeyond"],"potions_floor_usage":[28,36,42,42,42],"damage_taken":[{"damage":0,"enemies":"2 Louse","floor":1,"turns":3},{"damage":0,"enemies":"Jaw Worm","floor":2,"turns":6},{"damage":1,"enemies":"Cultist","floor":3,"turns":4},{"damage":14,"enemies":"3 Sentries","floor":7,"turns":10},{"damage":8,"enemies":"Large Slime","floor":8,"turns":4},{"damage":3,"enemies":"Exordium Thugs","floor":10,"turns":5},{"damage":0,"enemies":"Blue Slaver","floor":11,"turns":2},{"damage":7,"enemies":"2 Fungi Beasts","floor":12,"turns":3},{"damage":2,"enemies":"Lagavulin","floor":14,"turns":6},{"damage":24,"enemies":"Hexaghost","floor":16,"turns":9},{"damage":20,"enemies":"Spheric Guardian","floor":18,"turns":4},{"damage":3,"enemies":"3 Byrds","floor":21,"turns":3},{"damage":30,"enemies":"Slavers","floor":27,"turns":4},{"damage":27,"enemies":"Snake Plant","floor":28,"turns":4},{"damage":8,"enemies":"Snecko","floor":31,"turns":5},{"damage":24,"enemies":"Automaton","floor":33,"turns":8},{"damage":8,"enemies":"3 Shapes","floor":35,"turns":4},{"damage":0,"enemies":"Orb Walker","floor":38,"turns":4},{"damage":5,"enemies":"Sphere and 2 Shapes","floor":39,"turns":4},{"damage":34,"enemies":"Jaw Worm Horde","floor":40,"turns":4},{"damage":34,"enemies":"Reptomancer","floor":42,"turns":6},{"damage":18,"enemies":"Spire Growth","floor":44,"turns":4},{"damage":21,"enemies":"Transient","floor":45,"turns":5},{"damage":91,"enemies":"Giant Head","floor":46,"turns":8}],"seed_played":"-1841364831313101511","potions_obtained":[{"floor":1,"key":"FearPotion"},{"floor":2,"key":"DistilledChaos"},{"floor":3,"key":"Block Potion"},{"floor":14,"key":"Explosive Potion"},{"floor":17,"key":"Ancient Potion"},{"floor":18,"key":"Fire Potion"},{"floor":31,"key":"PowerPotion"},{"floor":36,"key":"Ambrosia"},{"floor":36,"key":"Fruit Juice"},{"floor":36,"key":"SkillPotion"},{"floor":38,"key":"DuplicationPotion"}],"is_trial":false,"path_per_floor":["M","M","M","?","?","R","E","M","T","M","M","M","R","E","R","B",null,"M","?","T","M","$","R","?","R","T","E","M","$","$","M","R","B",null,"M","?","$","M","M","M","R","E","T","M","M","E"],"character_chosen":"WATCHER","items_purchased":["Apotheosis","Happy Flower"],"campfire_rested":3,"item_purchase_floors":[22,22],"current_hp_per_floor":[72,72,71,57,57,57,43,35,42,39,39,32,55,53,53,29,84,64,58,58,57,57,57,57,57,57,33,18,18,18,20,37,28,58,50,55,55,61,59,31,49,24,24,15,3,0,0],"gold":157,"neow_bonus":"THREE_CARDS","is_daily":false,"chose_seed":false,"campfire_upgraded":4,"win_rate":0.0,"timestamp":1609435402,"path_taken":["M","M","M","?","?","R","E","M","T","M","?","M","R","E","R","BOSS","M","?","?","M","$","R","?","R","T","E","M","?","$","M","R","BOSS","M","?","?","M","M","?","R","E","T","M","M","E"],"items_purchased_type":["Card","Relic"],"build_version":"2020-12-22","purchased_purges":3,"victory":false,"max_hp_per_floor":[72,72,72,72,72,72,72,72,79,79,79,79,79,79,79,79,84,84,58,58,58,58,58,58,58,58,58,58,58,58,58,58,58,58,58,63,63,63,63,63,63,63,63,63,63,63,63],"card_choices":[{"not_picked":["JustLucky","ClearTheMind"],"picked":"FlurryOfBlows","floor":0},{"not_picked":["FollowUp","Prostrate"],"picked":"ThirdEye","floor":1},{"not_picked":["Study","Tantrum"],"picked":"Protect","floor":2},{"not_picked":["Prostrate","WreathOfFlame"],"picked":"BattleHymn","floor":3},{"not_picked":["InnerPeace","BowlingBash"],"picked":"FollowUp","floor":7},{"not_picked":["SashWhip","Collect"],"picked":"Consecrate","floor":8},{"not_picked":["Halt","SashWhip"],"picked":"Meditate","floor":10},{"not_picked":["Tantrum","FlyingSleeves","PathToVictory"],"picked":"SKIP","floor":11},{"not_picked":["CutThroughFate","PathToVictory","FearNoEvil"],"picked":"SKIP","floor":12},{"not_picked":["EmptyBody","Halt","MasterReality"],"picked":"SKIP","floor":14},{"not_picked":["Fasting2","Pray"],"picked":"EmptyFist","floor":17},{"not_picked":["BowlingBash","SandsOfTime"],"picked":"LikeWater","floor":18},{"not_picked":["BowlingBash","EmptyFist"],"picked":"ClearTheMind","floor":21},{"not_picked":["Conclude","PathToVictory"],"picked":"Nirvana+1","floor":27},{"not_picked":["BowlingBash","Meditate","Prostrate+1"],"picked":"SKIP","floor":28},{"not_picked":["SignatureMove","Vengeance"],"picked":"ThirdEye+1","floor":31},{"not_picked":["Ragnarok","Scrawl"],"picked":"Judgement","floor":33},{"not_picked":["Prostrate+1","Fasting2+1","Consecrate"],"picked":"SKIP","floor":35},{"not_picked":["JustLucky","FlyingSleeves+1","CrushJoints"],"picked":"SKIP","floor":38},{"not_picked":["JustLucky","ClearTheMind+1","Vault"],"picked":"SKIP","floor":39},{"not_picked":["EmptyMind+1","Indignation","DeceiveReality"],"picked":"SKIP","floor":40},{"not_picked":["FlurryOfBlows","ClearTheMind+1"],"picked":"JustLucky","floor":42},{"not_picked":["SandsOfTime+1","EmptyFist+1"],"picked":"Perseverance+1","floor":44},{"not_picked":["EmptyBody+1","Consecrate+1","PathToVictory"],"picked":"SKIP","floor":45}],"player_experience":138196,"relics_obtained":[{"floor":7,"key":"Bronze Scales"},{"floor":9,"key":"Strawberry"},{"floor":14,"key":"Mummified Hand"},{"floor":20,"key":"Bag of Preparation"},{"floor":26,"key":"Mercury Hourglass"},{"floor":27,"key":"PreservedInsect"},{"floor":42,"key":"Eternal Feather"},{"floor":43,"key":"Lantern"}],"event_choices":[{"damage_healed":0,"gold_gain":0,"player_choice":"Entered Light","damage_taken":14,"max_hp_gain":0,"max_hp_loss":0,"event_name":"Shining Light","floor":4,"gold_loss":0,"cards_upgraded":["Strike_P","Eruption"]},{"damage_healed":0,"gold_gain":0,"cards_transformed":["Strike_P"],"player_choice":"Transformed","damage_taken":0,"max_hp_gain":0,"max_hp_loss":0,"event_name":"Transmorgrifier","floor":5,"gold_loss":0,"cards_obtained":["Alpha"]},{"damage_healed":0,"gold_gain":0,"player_choice":"Became a vampire","damage_taken":0,"max_hp_gain":0,"max_hp_loss":26,"event_name":"Vampires","floor":19,"gold_loss":0,"cards_obtained":["Bite","Bite","Bite","Bite","Bite"]},{"damage_healed":0,"gold_gain":0,"player_choice":"Ignored","damage_taken":0,"max_hp_gain":0,"max_hp_loss":0,"event_name":"Ghosts","floor":24,"gold_loss":0},{"damage_healed":0,"gold_gain":0,"player_choice":"Got Potions","damage_taken":0,"max_hp_gain":0,"max_hp_loss":0,"event_name":"Lab","floor":36,"gold_loss":0}],"is_beta":false,"boss_relics":[{"not_picked":["SlaversCollar","Coffee Dripper"],"picked":"Tiny House"},{"not_picked":["Runic Dome","VioletLotus"],"picked":"HolyWater"}],"items_purged_floors":[22,29,37],"is_endless":false,"potions_floor_spawned":[1,2,3,12,14,18,31,33,35,38],"killed_by":"Giant Head","ascension_level":0}}