{"host":"2461dio7vetlq1z3","time":1609420575,"event":{"mods":["2.2 Compatiblity","AchievementEnabler","Aspiration","BaseMod","Better Third Choice","Friendly Minions","Hermit","Minty Spire (QoL Compilation)","Relic Stats","Spicy Shops","StSLib","Waifu the Spire"],"gold_per_floor":[117,117,133,34,45,75,75,0,0,0,25,25,25,39,39,39,39],"floor_reached":16,"playtime":404,"items_purged":["Strike_R"],"score":216,"play_id":"8c3820b7-5561-47e9-8aaa-74ac34bcedcc","local_time":"20201231141615","is_ascension_mode":true,"campfire_choices":[{"floor":7,"key":"REST"},{"data":"Bash","floor":10,"key":"SMITH"},{"floor":13,"key":"REST"},{"floor":15,"key":"REST"}],"circlet_count":0,"master_deck":["AscendersBane","Strike_R","Strike_R","Strike_R","Defend_R","Defend_R","Defend_R","Defend_R","Bash+1","Wild Strike","Feel No Pain","Wild Strike","Second Wind","Dark Embrace","Evolve","Shrug It Off"],"relics":["Sozu","Nunchaku","Shuriken","Potion Belt"],"acts_visited":["Exordium"],"potions_floor_usage":[],"damage_taken":[{"damage":1,"enemies":"Cultist","floor":1,"turns":3},{"damage":2,"enemies":"2 Louse","floor":3,"turns":3},{"damage":9,"enemies":"Jaw Worm","floor":5,"turns":2},{"damage":44,"enemies":"Lagavulin","floor":6,"turns":7},{"damage":20,"enemies":"Gremlin Nob","floor":11,"turns":4},{"damage":19,"enemies":"Exordium Thugs","floor":14,"turns":5},{"damage":35,"enemies":"The Guardian","floor":16,"turns":10}],"seed_played":"-5543277598588508445","potions_obtained":[],"is_trial":false,"path_per_floor":["M","?","M","$","M","E","R","?","T","R","E","$","R","M","R","B"],"character_chosen":"IRONCLAD","items_purchased":["Wild Strike"],"campfire_rested":3,"item_purchase_floors":[4],"current_hp_per_floor":[67,63,61,61,52,8,30,30,30,30,10,10,32,13,35,0,0],"gold":39,"neow_bonus":"BOSS_RELIC","is_daily":false,"chose_seed":false,"campfire_upgraded":1,"win_rate":0.0,"timestamp":1609420575,"path_taken":["M","?","?","?","M","E","R","?","T","R","E","$","R","M","R","BOSS"],"items_purchased_type":["Card"],"build_version":"2020-12-22","purchased_purges":1,"victory":false,"max_hp_per_floor":[75,75,75,75,75,75,75,75,75,75,75,75,75,75,75,75,75],"relic_stats":{"Sozu":4,"Nunchaku":[3],"counters":[7,34],"Shuriken":[3],"obtain_stats":[{"Sozu":0,"Potion Belt":11,"Nunchaku":6,"Shuriken":9,"Burning Blood":0},{"Sozu":0,"Potion Belt":5,"Nunchaku":4,"Shuriken":4,"Burning Blood":0},{"Sozu":0,"Potion Belt":19,"Nunchaku":15,"Shuriken":15,"Burning Blood":0}]},"card_choices":[{"not_picked":["Iron Wave","Fire Breathing"],"picked":"Wild Strike","floor":1},{"not_picked":["Havoc","Thunderclap"],"picked":"Feel No Pain","floor":3},{"not_picked":["Flex","Metallicize"],"picked":"Second Wind","floor":5},{"not_picked":["Anger","Sever Soul"],"picked":"Dark Embrace","floor":6},{"not_picked":["Seeing Red","Armaments"],"picked":"Evolve","floor":11},{"not_picked":["Entrench","Anger"],"picked":"Shrug It Off","floor":14}],"player_experience":1035682,"relics_obtained":[{"floor":6,"key":"Nunchaku"},{"floor":9,"key":"Shuriken"},{"floor":11,"key":"Potion Belt"}],"event_choices":[{"damage_healed":0,"gold_gain":0,"player_choice":"Bought 0 Potions","damage_taken":0,"max_hp_gain":0,"max_hp_loss":0,"event_name":"The Woman in Blue","floor":2,"gold_loss":0},{"cards_removed":["Strike_R"],"damage_healed":0,"gold_gain":0,"player_choice":"Card Removal","damage_taken":0,"max_hp_gain":0,"max_hp_loss":0,"event_name":"The Cleric","floor":8,"gold_loss":75}],"is_beta":false,"boss_relics":[],"items_purged_floors":[4],"is_endless":false,"potions_floor_spawned":[1,6,11,14],"killed_by":"The Guardian","ascension_level":20}}