{"host":"56ghxnzsglgdq727","time":1609457291,"event":{"mods":["AchievementEnabler","BaseMod","Minty Spire (QoL Compilation)"],"gold_per_floor":[116,136,8,28,45,45,74,74,74,74,74,84,84,140,140,240,240,255,269,118,133,133,133,144,159,159,159,87,87,87],"floor_reached":29,"playtime":847,"items_purged":["Dualcast","Defend_B"],"score":289,"play_id":"92c653b9-ca84-444f-8b1a-13134417f307","local_time":"20201231182811","is_ascension_mode":true,"campfire_choices":[{"data":"Gash","floor":6,"key":"SMITH"},{"floor":13,"key":"REST"},{"floor":15,"key":"REST"},{"data":"Gash","floor":23,"key":"SMITH"},{"data":"All For One","floor":27,"key":"SMITH"}],"circlet_count":0,"master_deck":["Strike_B","Strike_B","Strike_B+1","Strike_B","Defend_B","Defend_B","Defend_B","Zap","All For One+1","Beam Cell+1","Gash+1","Gash+1","Go for the Eyes","Machine Learning","Streamline","Streamline","Beam Cell","Writhe","Beam Cell","FTL"],"relics":["Cracked Core","Dead Branch","Question Card","Letter Opener","Coffee Dripper","Nunchaku","Ginger"],"acts_visited":["Exordium","TheCity"],"potions_floor_usage":[12,16,16,25],"damage_taken":[{"damage":0,"enemies":"Small Slimes","floor":1,"turns":3},{"damage":12,"enemies":"Jaw Worm","floor":2,"turns":4},{"damage":0,"enemies":"Cultist","floor":4,"turns":3},{"damage":2,"enemies":"Blue Slaver","floor":5,"turns":3},{"damage":30,"enemies":"3 Sentries","floor":7,"turns":7},{"damage":0,"enemies":"Large Slime","floor":12,"turns":2},{"damage":0,"enemies":"Slime Boss","floor":16,"turns":6},{"damage":17,"enemies":"2 Thieves","floor":18,"turns":3},{"damage":3,"enemies":"3 Byrds","floor":19,"turns":4},{"damage":37,"enemies":"Cultist and Chosen","floor":21,"turns":5},{"damage":7,"enemies":"Centurion and Healer","floor":24,"turns":4},{"damage":9,"enemies":"Shelled Parasite and Fungi","floor":25,"turns":4},{"damage":0,"enemies":"Cultist and Chosen","floor":29,"turns":1}],"seed_played":"-4441263818258995945","potions_obtained":[{"floor":2,"key":"BlessingOfTheForge"},{"floor":5,"key":"Dexterity Potion"},{"floor":12,"key":"LiquidMemories"},{"floor":19,"key":"Energy Potion"},{"floor":24,"key":"Block Potion"}],"is_trial":false,"path_per_floor":["M","M","$","M","M","R","E","?","T","?","?","M","R","?","R","B",null,"M","M","$","M","?","R","M","M","T","R","$","M"],"character_chosen":"DEFECT","items_purchased":["Gash","Streamline","FTL"],"campfire_rested":2,"item_purchase_floors":[3,20,28],"current_hp_per_floor":[75,63,63,63,61,61,31,16,16,4,4,4,26,26,48,48,75,58,55,55,18,18,18,11,2,2,2,2,2,2],"gold":87,"neow_bonus":"ONE_RANDOM_RARE_CARD","is_daily":false,"chose_seed":false,"campfire_upgraded":3,"win_rate":0.0,"timestamp":1609457291,"path_taken":["M","M","$","M","M","R","E","?","T","?","?","?","R","?","R","BOSS","M","M","$","M","?","R","M","M","T","R","$","M"],"items_purchased_type":["Card","Card","Card"],"build_version":"2020-12-22","purchased_purges":2,"victory":false,"max_hp_per_floor":[75,75,75,75,75,75,75,75,75,75,75,75,75,75,75,75,75,75,75,75,75,75,75,75,75,75,75,75,75,75],"card_choices":[{"not_picked":["Turbo","Leap"],"picked":"Beam Cell","floor":1},{"not_picked":["Fusion","Stack"],"picked":"Gash","floor":2},{"not_picked":["Leap","Defragment","Lockon"],"picked":"SKIP","floor":4},{"not_picked":["Heatsinks","Tempest"],"picked":"Go for the Eyes","floor":5},{"not_picked":["Conserve Battery","Redo","Reinforced Body"],"picked":"SKIP","floor":7},{"not_picked":["Turbo","Auto Shields","Glacier","Reinforced Body"],"picked":"SKIP","floor":12},{"not_picked":["Multi-Cast","Amplify","Reboot"],"picked":"Machine Learning","floor":16},{"not_picked":["Stack","Storm","Consume+1"],"picked":"Streamline","floor":18},{"not_picked":["Conserve Battery","Melter","Storm+1","Compile Driver"],"picked":"SKIP","floor":19},{"not_picked":["Cold Snap","Steam","Barrage+1"],"picked":"Beam Cell","floor":21},{"not_picked":["Storm+1","Ball Lightning","Stack","Heatsinks"],"picked":"SKIP","floor":24},{"not_picked":["Rebound+1","Chaos","Conserve Battery"],"picked":"Beam Cell","floor":25}],"player_experience":70733,"relics_obtained":[{"floor":7,"key":"Dead Branch"},{"floor":9,"key":"Question Card"},{"floor":26,"key":"Ginger"}],"event_choices":[{"damage_healed":0,"gold_gain":0,"player_choice":"Entered Light","damage_taken":15,"max_hp_gain":0,"max_hp_loss":0,"event_name":"Shining Light","floor":8,"gold_loss":0,"cards_upgraded":["Strike_B","Beam Cell"]},{"damage_healed":0,"gold_gain":0,"player_choice":"Success","damage_taken":12,"relics_obtained":["Letter Opener"],"max_hp_gain":0,"max_hp_loss":0,"event_name":"Scrap Ooze","floor":10,"gold_loss":0},{"damage_healed":0,"gold_gain":0,"player_choice":"Ignored","damage_taken":0,"max_hp_gain":0,"max_hp_loss":0,"event_name":"Golden Idol","floor":11,"gold_loss":0},{"damage_healed":0,"gold_gain":56,"player_choice":"Gained Gold","damage_taken":0,"max_hp_gain":0,"max_hp_loss":0,"event_name":"Golden Wing","floor":14,"gold_loss":0},{"damage_healed":0,"gold_gain":0,"player_choice":"Opened","damage_taken":0,"relics_obtained":["Nunchaku"],"max_hp_gain":0,"max_hp_loss":0,"event_name":"The Mausoleum","floor":22,"gold_loss":0,"cards_obtained":["Writhe"]}],"is_beta":false,"boss_relics":[{"not_picked":["Calling Bell","Snecko Eye"],"picked":"Coffee Dripper"}],"items_purged_floors":[3,20],"is_endless":false,"potions_floor_spawned":[2,5,12,19,24],"killed_by":"Cultist and Chosen","ascension_level":1}}