{"host":"nz11ypxva4e39b7q","time":1609419890,"event":{"mods":["BaseMod","Better Altar","Better Skull","Better Third Choice","Better Vampires","Colored Map","Minty Spire (QoL Compilation)","Spicy Shops","StSLib"],"gold_per_floor":[109,121,121,41,41,41,60,60,60,98,169,213,213,240,240,336,336,354,354,380,380,41,41,73,53,76,108,120,120,135,169,169,242,242,255,268,281,297,31,62,62,77,77,87,105,132,149,182,182,182,182,182,182,7,41,41,41],"floor_reached":56,"playtime":4310,"items_purged":["Corruption+1","Strike_R","Strike_R"],"score":2021,"play_id":"50ebf04c-d419-42f6-b9c7-1525601f0f18","local_time":"20201231140450","is_ascension_mode":true,"campfire_choices":[{"data":"Armaments","floor":6.0,"key":"SMITH"},{"data":"1","floor":13.0,"key":"LIFT"},{"data":"2","floor":15.0,"key":"LIFT"},{"data":"3","floor":23.0,"key":"LIFT"},{"data":"Battle Trance","floor":29.0,"key":"SMITH"},{"data":"RitualDagger","floor":32.0,"key":"SMITH"},{"floor":41.0,"key":"RECALL"},{"data":"Rampage","floor":49,"key":"SMITH"},{"data":"Power Through","floor":53,"key":"SMITH"}],"circlet_count":0,"master_deck":["AscendersBane","Strike_R","Defend_R","Defend_R","Defend_R","Bash","Armaments+1","Rampage+1","Shockwave","Thunderclap","Battle Trance+1","Fiend Fire","Flame Barrier+1","Fiend Fire+1","RitualDagger+1","Shrug It Off+1","Second Wind","Pommel Strike+1","Feed+1","Power Through+1","Headbutt+1","Exhume","Feel No Pain+1","Evolve+1","Thunderclap+1","Shrug It Off+1"],"relics":["Burning Blood","Strawberry","Bloody Idol","Toolbox","Bronze Scales","Frozen Egg 2","Girya","Ancient Tea Set","MealTicket","Astrolabe","Orichalcum","Blood Vial","Paper Frog","Happy Flower","Gambling Chip","Molten Egg 2","Black Star","Regal Pillow","Red Skull","White Beast Statue","Smiling Mask","Bottled Flame","Toy Ornithopter","Centennial Puzzle","Lantern"],"acts_visited":["Exordium","TheCity","TheBeyond","TheEnding"],"potions_floor_usage":[45,48,50,51,55,56],"damage_taken":[{"damage":5.0,"enemies":"2 Louse","floor":1.0,"turns":3.0},{"damage":9.0,"enemies":"Jaw Worm","floor":2.0,"turns":4.0},{"damage":0.0,"enemies":"Small Slimes","floor":7.0,"turns":2.0},{"damage":29.0,"enemies":"Gremlin Nob","floor":10.0,"turns":4.0},{"damage":17.0,"enemies":"Gremlin Nob","floor":11.0,"turns":4.0},{"damage":23.0,"enemies":"3 Sentries","floor":12.0,"turns":8.0},{"damage":27.0,"enemies":"The Guardian","floor":16.0,"turns":11.0},{"damage":0.0,"enemies":"Chosen","floor":18.0,"turns":1.0},{"damage":22.0,"enemies":"Book of Stabbing","floor":24.0,"turns":5.0},{"damage":9.0,"enemies":"Gremlin Leader","floor":27.0,"turns":4.0},{"damage":3.0,"enemies":"2 Thieves","floor":28.0,"turns":3.0},{"damage":12.0,"enemies":"Snecko","floor":30.0,"turns":6.0},{"damage":25.0,"enemies":"Book of Stabbing","floor":31.0,"turns":4.0},{"damage":62.0,"enemies":"Collector","floor":33.0,"turns":7.0},{"damage":32.0,"enemies":"3 Darklings","floor":35.0,"turns":4.0},{"damage":18.0,"enemies":"3 Shapes","floor":36.0,"turns":4.0},{"damage":34.0,"enemies":"Jaw Worm Horde","floor":37.0,"turns":5.0},{"damage":14.0,"enemies":"4 Shapes","floor":38.0,"turns":8.0},{"damage":3.0,"enemies":"Reptomancer","floor":40.0,"turns":2.0},{"damage":0.0,"enemies":"Transient","floor":42.0,"turns":6.0},{"damage":25.0,"enemies":"Maw","floor":44.0,"turns":7.0},{"damage":25,"enemies":"Sphere and 2 Shapes","floor":45,"turns":12},{"damage":6,"enemies":"Spire Growth","floor":47,"turns":4},{"damage":10,"enemies":"Nemesis","floor":48,"turns":7},{"damage":53,"enemies":"Time Eater","floor":50,"turns":7},{"damage":31,"enemies":"Donu and Deca","floor":51,"turns":11},{"damage":49,"enemies":"Shield and Spear","floor":55,"turns":6},{"damage":81,"enemies":"The Heart","floor":56,"turns":6}],"seed_played":"3297259729609481079","potions_obtained":[{"floor":2.0,"key":"Block Potion"},{"floor":10.0,"key":"Ancient Potion"},{"floor":12.0,"key":"FearPotion"},{"floor":24.0,"key":"EntropicBrew"},{"floor":25.0,"key":"Regen Potion"},{"floor":28.0,"key":"SkillPotion"},{"floor":30.0,"key":"GamblersBrew"},{"floor":35.0,"key":"SneckoOil"},{"floor":38.0,"key":"LiquidMemories"},{"floor":42.0,"key":"Weak Potion"},{"floor":44.0,"key":"BloodPotion"},{"floor":45,"key":"AttackPotion"},{"floor":47,"key":"Weak Potion"},{"floor":48,"key":"AttackPotion"},{"floor":55,"key":"BlessingOfTheForge"}],"is_trial":false,"path_per_floor":["M","M","?","$","?","R","M","?","T","E","?","E","R","T","R","B",null,"M","?","T","?","$","R","E","?","T","E","M","R","M","E","R","B",null,"M","M","M","M","$","E","R","M","T","M","M","T","M","E","R","B","B",null,"R","$","E","B"],"character_chosen":"IRONCLAD","items_purchased":["Toolbox","Paper Frog","Exhume","Regen Potion","Thunderclap+1","Block Potion"],"campfire_rested":0,"item_purchase_floors":[4,22,39,39,54,54],"current_hp_per_floor":[76,73,73,73,73,73,74,79,79,56,45,28,28,28,28,7,61,67,61,61,13,28,28,45,45,50,66,79,79,78,65,65,16,63,48,47,30,33,48,63,63,76,76,83,75,80,87,94,94,54,36,86,86,101,74,0,0],"gold":41,"neow_bonus":"RANDOM_COMMON_RELIC","is_daily":false,"chose_seed":false,"campfire_upgraded":5,"win_rate":0.0,"timestamp":1609419890,"path_taken":["M","M","?","$","?","R","M","?","T","E","?","E","R","?","R","BOSS","M","?","?","?","?","R","E","?","T","E","M","R","M","E","R","BOSS","M","M","M","M","$","E","R","?","T","M","M","?","M","E","R","BOSS","BOSS","R","$","E","BOSS"],"items_purchased_type":["Relic","Relic","Card","Potion","Card","Potion"],"build_version":"2020-12-22","purchased_purges":3,"victory":false,"max_hp_per_floor":[82,82,74,74,74,74,74,79,79,79,79,79,79,79,79,79,79,79,79,79,79,79,79,79,79,79,79,79,79,79,79,79,79,79,83,87,91,95,95,95,95,95,95,95,99,99,99,103,103,103,103,103,103,103,107,107,107],"card_choices":[{"not_picked":["True Grit","Wild Strike"],"picked":"Armaments","floor":1.0},{"not_picked":["Twin Strike","Flex"],"picked":"Rampage","floor":2.0},{"not_picked":["Twin Strike","Perfected Strike"],"picked":"Shockwave","floor":7.0},{"not_picked":["Shockwave","Havoc"],"picked":"Thunderclap","floor":10.0},{"not_picked":["Armaments","Whirlwind"],"picked":"Battle Trance","floor":11.0},{"not_picked":["Searing Blow","Heavy Blade","Bludgeon"],"picked":"SKIP","floor":12.0},{"not_picked":["Offering","Corruption+1"],"picked":"Fiend Fire","floor":16.0},{"not_picked":["Wild Strike","Entrench","Fire Breathing+1"],"picked":"SKIP","floor":18.0},{"not_picked":["Pommel Strike","Wild Strike","Evolve+1"],"picked":"SKIP","floor":24.0},{"not_picked":["Flex","Headbutt"],"picked":"Shrug It Off+1","floor":27.0},{"not_picked":["Clash","Corruption+1","Armaments"],"picked":"SKIP","floor":28.0},{"not_picked":["Infernal Blade","Perfected Strike"],"picked":"Second Wind","floor":30.0},{"not_picked":["Burning Pact","Thunderclap+1"],"picked":"Pommel Strike+1","floor":31.0},{"not_picked":["Corruption+1","Immolate+1"],"picked":"Feed+1","floor":33.0},{"not_picked":["Cleave+1","Shrug It Off"],"picked":"Power Through","floor":35.0},{"not_picked":["Wild Strike+1","Anger+1","Armaments"],"picked":"SKIP","floor":36.0},{"not_picked":["Flame Barrier","Body Slam+1"],"picked":"Headbutt+1","floor":37.0},{"not_picked":["Havoc","Warcry","Twin Strike+1"],"picked":"SKIP","floor":38.0},{"not_picked":["Cleave+1","Feed+1","Fire Breathing+1"],"picked":"SKIP","floor":40.0},{"not_picked":["Wild Strike+1","Metallicize+1","Pommel Strike+1"],"picked":"SKIP","floor":42.0},{"not_picked":["Shockwave","Body Slam+1"],"picked":"Feel No Pain+1","floor":44.0},{"not_picked":["Havoc","Heavy Blade+1","Dropkick+1"],"picked":"SKIP","floor":45},{"not_picked":["Thunderclap+1","Whirlwind+1"],"picked":"Evolve+1","floor":47},{"not_picked":["Infernal Blade","Fire Breathing+1","Demon Form+1"],"picked":"SKIP","floor":48},{"not_picked":["Juggernaut+1","Headbutt+1"],"picked":"Shrug It Off+1","floor":55}],"player_experience":952988,"relics_obtained":[{"floor":9.0,"key":"Bronze Scales"},{"floor":10.0,"key":"Frozen Egg 2"},{"floor":11.0,"key":"Girya"},{"floor":12.0,"key":"Ancient Tea Set"},{"floor":14.0,"key":"MealTicket"},{"floor":20.0,"key":"Orichalcum"},{"floor":24.0,"key":"Happy Flower"},{"floor":27.0,"key":"Gambling Chip"},{"floor":31.0,"key":"Molten Egg 2"},{"floor":40.0,"key":"Regal Pillow"},{"floor":40.0,"key":"Red Skull"},{"floor":43.0,"key":"White Beast Statue"},{"floor":46,"key":"Smiling Mask"},{"floor":48,"key":"Bottled Flame"},{"floor":48,"key":"Toy Ornithopter"},{"floor":55,"key":"Centennial Puzzle"},{"floor":55,"key":"Lantern"}],"event_choices":[{"damage_healed":0.0,"max_hp_gain":0.0,"max_hp_loss":8.0,"gold_gain":0.0,"event_name":"Golden Idol","player_choice":"Lose Max HP","floor":3.0,"gold_loss":0.0,"damage_taken":0.0,"relics_obtained":["Golden Idol"]},{"damage_healed":0.0,"max_hp_gain":0.0,"max_hp_loss":0.0,"gold_gain":0.0,"event_name":"The Cleric","player_choice":"Leave","floor":5.0,"gold_loss":0.0,"damage_taken":0.0},{"damage_healed":0.0,"max_hp_gain":5.0,"max_hp_loss":0.0,"gold_gain":0.0,"event_name":"Big Fish","player_choice":"Donut","floor":8.0,"gold_loss":0.0,"damage_taken":0.0},{"damage_healed":0.0,"max_hp_gain":0.0,"max_hp_loss":0.0,"gold_gain":30.0,"event_name":"Dead Adventurer","player_choice":"Searched \u00273\u0027 times","floor":11.0,"gold_loss":0.0,"damage_taken":0.0},{"damage_healed":0.0,"max_hp_gain":0.0,"max_hp_loss":0.0,"gold_gain":0.0,"event_name":"betterThird:BetterNest","player_choice":"Dagger","floor":19.0,"gold_loss":0.0,"damage_taken":6.0,"cards_obtained":["RitualDagger"]},{"damage_healed":0.0,"max_hp_gain":61.0,"max_hp_loss":13.0,"gold_gain":0.0,"event_name":"betterAltar:BetterAltar","player_choice":" GoldIdol Vial Potion ","floor":21.0,"potions_obtained":["betterAltar:AltarPotion"],"relics_lost":["Golden Idol"],"gold_loss":0.0,"damage_taken":48.0,"relics_obtained":["Bloody Idol","Blood Vial"]},{"damage_healed":0.0,"max_hp_gain":0.0,"max_hp_loss":0.0,"gold_gain":0.0,"event_name":"The Woman in Blue","player_choice":"Bought 1 Potion","floor":25.0,"gold_loss":0.0,"damage_taken":0.0}],"is_beta":false,"boss_relics":[{"not_picked":["SacredBark","Pandora\u0027s Box"],"picked":"Astrolabe"},{"not_picked":["Runic Cube","Runic Dome"],"picked":"Black Star"}],"items_purged_floors":[22,39,54],"is_endless":false,"potions_floor_spawned":[2,10,12,24,28,30,35,38,42,44,45,47,48,55],"killed_by":"The Heart","ascension_level":20}}