{"host":"5trcja4hacd149zc","time":1609387102,"event":{"mods":["BaseMod","Colored Map","GifTheSpireLib","Minty Spire (QoL Compilation)","Relic Stats","StSLib"],"gold_per_floor":[118,11,11,31,31,31,59,59,59,59,59,59,71,107,107,189,189,208,123,123,144,45,79,79,79,79],"floor_reached":25,"playtime":466,"items_purged":[],"score":500,"play_id":"4105fbd9-d2d2-41d7-8946-69e876ed431d","local_time":"20201230215822","is_ascension_mode":true,"campfire_choices":[{"data":"Hemokinesis","floor":6,"key":"SMITH"},{"data":"Bludgeon","floor":8,"key":"SMITH"},{"data":"Bash","floor":10,"key":"SMITH"},{"data":"True Grit","floor":15,"key":"SMITH"},{"data":"Feel No Pain","floor":24,"key":"SMITH"}],"circlet_count":0,"master_deck":["AscendersBane","Strike_R","Strike_R","Strike_R","Defend_R","Defend_R","Defend_R","Defend_R","Bash+1","Hemokinesis+1","Feel No Pain","Shrug It Off","Pommel Strike","Bludgeon+1","True Grit+1","Pommel Strike","Corruption","Intimidate","Feel No Pain+1","Spot Weakness"],"relics":["Burning Blood","NeowsBlessing","Meat on the Bone","Pantograph","Smiling Mask","CeramicFish","Busted Crown","Juzu Bracelet","Gremlin Horn"],"acts_visited":["Exordium","TheCity"],"potions_floor_usage":[14,16,23],"damage_taken":[{"damage":0,"enemies":"2 Louse","floor":1,"turns":1},{"damage":2,"enemies":"Cultist","floor":4,"turns":1},{"damage":0,"enemies":"3 Sentries","floor":7,"turns":1},{"damage":0,"enemies":"Jaw Worm","floor":13,"turns":1},{"damage":14,"enemies":"Lagavulin","floor":14,"turns":3},{"damage":52,"enemies":"The Guardian","floor":16,"turns":10},{"damage":26,"enemies":"Shell Parasite","floor":18,"turns":3},{"damage":2,"enemies":"Chosen","floor":21,"turns":2},{"damage":27,"enemies":"Book of Stabbing","floor":23,"turns":5},{"damage":43,"enemies":"Slavers","floor":25,"turns":5}],"seed_played":"-8164628772201064779","potions_obtained":[{"floor":4,"key":"Energy Potion"},{"floor":7,"key":"Fire Potion"},{"floor":21,"key":"Energy Potion"}],"is_trial":false,"path_per_floor":["M","$","?","M","$","R","E","R","T","R","?","?","M","E","R","B",null,"M","?","?","M","$","E","R","E"],"character_chosen":"IRONCLAD","items_purchased":["Feel No Pain","Shrug It Off","Feel No Pain","Spot Weakness"],"campfire_rested":0,"item_purchase_floors":[2,2,22,22],"current_hp_per_floor":[74,74,74,75,75,75,75,75,75,75,75,57,63,55,55,41,67,47,47,47,51,51,42,42,0,0],"gold":79,"neow_bonus":"THREE_ENEMY_KILL","is_daily":false,"chose_seed":false,"campfire_upgraded":5,"win_rate":0.0,"timestamp":1609387102,"path_taken":["M","$","?","M","?","R","E","R","T","R","?","?","?","E","R","BOSS","M","?","?","M","$","E","R","E"],"items_purchased_type":["Card","Card","Card","Card"],"build_version":"2020-12-22","purchased_purges":0,"victory":false,"max_hp_per_floor":[75,75,75,75,75,75,75,75,75,75,75,75,75,75,75,75,75,75,75,75,75,75,75,75,75,75],"relic_stats":{"Busted Crown":6,"Gremlin Horn":[2,2],"counters":[10,32],"Pantograph":20,"CeramicFish":45,"Juzu Bracelet":0,"Smiling Mask":0,"obtain_stats":[{"Busted Crown":17,"NeowsBlessing":0,"Gremlin Horn":23,"Pantograph":9,"CeramicFish":14,"Juzu Bracelet":19,"Smiling Mask":12,"Burning Blood":0,"Meat on the Bone":7},{"Busted Crown":6,"NeowsBlessing":0,"Gremlin Horn":9,"Pantograph":3,"CeramicFish":5,"Juzu Bracelet":7,"Smiling Mask":3,"Burning Blood":0,"Meat on the Bone":3},{"Busted Crown":17,"NeowsBlessing":0,"Gremlin Horn":27,"Pantograph":3,"CeramicFish":7,"Juzu Bracelet":20,"Smiling Mask":3,"Burning Blood":0,"Meat on the Bone":3}],"Burning Blood":45,"Meat on the Bone":24},"card_choices":[{"not_picked":["Perfected Strike","Clothesline"],"picked":"Hemokinesis","floor":1},{"not_picked":["Headbutt","Clash"],"picked":"Pommel Strike","floor":4},{"not_picked":["Armaments","Intimidate"],"picked":"Bludgeon","floor":7},{"not_picked":["Headbutt","Blood for Blood"],"picked":"True Grit","floor":13},{"not_picked":["Flex","Twin Strike"],"picked":"Pommel Strike","floor":14},{"not_picked":["Exhume","Brutality"],"picked":"Corruption","floor":16},{"not_picked":["Twin Strike+1"],"picked":"SKIP","floor":18},{"not_picked":[],"picked":"Intimidate","floor":21},{"not_picked":["Clothesline"],"picked":"SKIP","floor":23}],"player_experience":759408,"relics_obtained":[{"floor":7,"key":"Meat on the Bone"},{"floor":9,"key":"Pantograph"},{"floor":14,"key":"CeramicFish"},{"floor":23,"key":"Gremlin Horn"}],"event_choices":[{"cards_removed":["Strike_R"],"damage_healed":0,"gold_gain":0,"player_choice":"Purged","damage_taken":0,"max_hp_gain":0,"max_hp_loss":0,"event_name":"Purifier","floor":3,"gold_loss":0},{"damage_healed":0,"gold_gain":0,"player_choice":"Leave","damage_taken":0,"max_hp_gain":0,"max_hp_loss":0,"event_name":"The Cleric","floor":11,"gold_loss":0},{"damage_healed":0,"gold_gain":0,"player_choice":"Success","damage_taken":18,"relics_obtained":["Smiling Mask"],"max_hp_gain":0,"max_hp_loss":0,"event_name":"Scrap Ooze","floor":12,"gold_loss":0},{"damage_healed":0,"gold_gain":0,"player_choice":"Obtained Relic","damage_taken":0,"relics_obtained":["Juzu Bracelet"],"max_hp_gain":0,"max_hp_loss":0,"event_name":"Addict","floor":19,"gold_loss":85},{"cards_removed":["Strike_R"],"damage_healed":0,"gold_gain":0,"player_choice":"Purged","damage_taken":0,"max_hp_gain":0,"max_hp_loss":0,"event_name":"Purifier","floor":20,"gold_loss":0}],"is_beta":false,"boss_relics":[{"not_picked":["Runic Pyramid","Empty Cage"],"picked":"Busted Crown"}],"items_purged_floors":[],"is_endless":false,"potions_floor_spawned":[4,7,21],"killed_by":"Slavers","ascension_level":20}}