{"host":"sqkk9o2m8hbeeiah","time":1609430298,"event":{"mods":["AchievementEnabler","Astrologer","BaseMod","Better Note","Minty Spire (QoL Compilation)","Permanent Neow","Quick Restart","Replay The Spire","Somnambulant","StSLib","The Construct","Trackpad","Waifu the Spire"],"gold_per_floor":[114,129,144,111,126,126,141,141,166,181,211,211,211,211,211,226,226,326,326,341,121,136,236,32,32,62,77,77,77,77,15,30,45,45,45,45],"floor_reached":35,"playtime":1713,"items_purged":[],"score":304,"play_id":"cae4944b-29c1-4d8b-aa79-d9208b46e82a","local_time":"20210101025818","daily_mods":["Heirloom","Colorless Cards","Lethality"],"is_ascension_mode":false,"campfire_choices":[{"data":"astrologer:MeteorShower","floor":6,"key":"SMITH"},{"data":"astrologer:MeteorShower","floor":8,"key":"SMITH"},{"data":"astrologer:Strike","floor":15,"key":"SMITH"},{"data":"astrologer:MeteorShower","floor":17,"key":"SMITH"},{"floor":25,"key":"REST"},{"floor":29,"key":"REST"}],"circlet_count":0,"master_deck":["astrologer:Strike+1","astrologer:Strike","astrologer:Strike","astrologer:Strike","astrologer:Defend","astrologer:Defend","astrologer:Defend","astrologer:Defend","astrologer:NorthStar","astrologer:TheFool","astrologer:MeteorShower+1","astrologer:TheStar","astrologer:Moonlight","astrologer:Opposition","astrologer:Opposition","astrologer:MeteorShower+1","astrologer:Opposition","astrologer:Alignment","astrologer:MeteorShower+1","astrologer:Wish","astrologer:Eclipse","astrologer:Confirmation","astrologer:MeteorShower","astrologer:Radiance","astrologer:Radiance","astrologer:ReadTheStars+1","astrologer:SolarFlare+1","Madness"],"relics":["astrologer:SkyMirror","Replay:PocketPolymizer","Potion Belt","Lantern","Strawberry","Lee\u0027s Waffle","StrikeDummy","Pantograph","Tiny Chest"],"acts_visited":["Exordium","TheCity"],"potions_floor_usage":[20,20,26,26,27,32,35,35,35],"damage_taken":[{"damage":0,"enemies":"Cultist","floor":1,"turns":3},{"damage":0,"enemies":"2 Louse","floor":2,"turns":2},{"damage":2,"enemies":"Jaw Worm","floor":3,"turns":2},{"damage":4,"enemies":"Exordium Thugs","floor":5,"turns":3},{"damage":0,"enemies":"Blue Slaver","floor":7,"turns":2},{"damage":7,"enemies":"Exordium Wildlife","floor":10,"turns":2},{"damage":7,"enemies":"3 Sentries","floor":11,"turns":3},{"damage":0,"enemies":"Large Slime","floor":16,"turns":3},{"damage":4,"enemies":"Slime Boss","floor":18,"turns":7},{"damage":41,"enemies":"3 Byrds","floor":20,"turns":3},{"damage":0,"enemies":"Spheric Guardian","floor":22,"turns":2},{"damage":55,"enemies":"Slavers","floor":26,"turns":6},{"damage":23,"enemies":"Centurion and Healer","floor":27,"turns":4},{"damage":0,"enemies":"Cultist and Chosen","floor":32,"turns":3},{"damage":9,"enemies":"Chosen and Byrds","floor":33,"turns":4},{"damage":57,"enemies":"Collector","floor":35,"turns":3}],"seed_played":"-5051420239723459148","potions_obtained":[{"floor":1,"key":"SpeedPotion"},{"floor":5,"key":"BlessingOfTheForge"},{"floor":7,"key":"Dexterity Potion"},{"floor":11,"key":"Toxic Potion"},{"floor":18,"key":"Block Potion"},{"floor":20,"key":"Languid Potion"},{"floor":27,"key":"SkillPotion"},{"floor":32,"key":"Venom Potion"},{"floor":34,"key":"Fire Potion"},{"floor":34,"key":"FearPotion"}],"is_trial":false,"path_per_floor":["M","M","M","$","M","R","M","R","T","M","E","PTL","PTL","?","R","M","R","B",null,"M","$","M","?","$","R","E","M","T","R","$","?","M","M","R","B"],"character_chosen":"ASTROLOGER","items_purchased":["astrologer:Opposition","Strawberry","astrologer:Confirmation","Lee\u0027s Waffle","astrologer:Radiance"],"campfire_rested":2,"item_purchase_floors":[4,21,21,24,24],"current_hp_per_floor":[70,70,68,68,64,64,64,64,64,57,50,50,50,70,70,70,70,66,70,29,36,36,36,84,84,29,6,6,31,31,31,31,22,22,0,0],"gold":45,"neow_bonus":"","is_daily":true,"chose_seed":false,"campfire_upgraded":4,"win_rate":0.0,"timestamp":1609430298,"path_taken":["M","M","M","$","?","R","M","R","T","M","E","PTL","PTL","?","R","M","R","BOSS","M","$","M","?","$","R","E","M","T","R","?","?","?","M","R","BOSS"],"items_purchased_type":["Card","Relic","Card","Relic","Card"],"build_version":"2020-12-22","purchased_purges":0,"victory":false,"max_hp_per_floor":[70,70,70,70,70,70,70,70,70,70,70,70,70,70,70,70,70,70,70,70,77,77,77,84,84,84,84,84,84,84,84,84,84,84,84,84],"card_choices":[{"not_picked":["Replay:Sssssssssshield","astrologer:FrozenStar"],"picked":"astrologer:MeteorShower","floor":1},{"not_picked":["astrologer:Glimpse","astrologer:ReadTheStars"],"picked":"astrologer:TheStar","floor":2},{"not_picked":["Mind Blast","astrologer:TheDevil"],"picked":"astrologer:Moonlight","floor":3},{"not_picked":["astrologer:SpaceDust","astrologer:Novile"],"picked":"astrologer:MeteorShower","floor":5},{"not_picked":["astrologer:Conjunction","astrologer:StarOfRegret"],"picked":"astrologer:Opposition","floor":7},{"not_picked":["astrologer:Opposition","astrologer:SolarFlare"],"picked":"Discovery","floor":10},{"not_picked":["astrologer:Stardust","astrologer:Still"],"picked":"astrologer:Alignment","floor":11},{"not_picked":["astrologer:Glimpse","astrologer:Still"],"picked":"astrologer:MeteorShower","floor":16},{"not_picked":["Secret Technique","Mayhem"],"picked":"astrologer:Wish","floor":18},{"not_picked":["astrologer:Conjunction","astrologer:FadingStar"],"picked":"astrologer:Eclipse","floor":20},{"not_picked":["astrologer:CometStrike","Madness"],"picked":"astrologer:MeteorShower","floor":22},{"not_picked":["ReplayTheSpireMod:Private Reserves","Magnetism"],"picked":"astrologer:Radiance","floor":26},{"not_picked":["astrologer:LonelyStar+1","astrologer:TheHermit"],"picked":"astrologer:ReadTheStars+1","floor":27},{"not_picked":["Deep Breath","astrologer:Still+1"],"picked":"astrologer:SolarFlare+1","floor":32},{"not_picked":["astrologer:CometStrike","astrologer:SolarFlare"],"picked":"Madness","floor":33}],"player_experience":793630,"relics_obtained":[{"floor":9,"key":"Potion Belt"},{"floor":11,"key":"Lantern"},{"floor":26,"key":"StrikeDummy"},{"floor":28,"key":"Pantograph"}],"event_choices":[{"cards_removed":["Discovery"],"damage_healed":20,"gold_gain":0,"player_choice":"Offered Uncommon","damage_taken":0,"max_hp_gain":0,"max_hp_loss":0,"event_name":"Bonfire Elementals","floor":14,"gold_loss":0},{"damage_healed":0,"gold_gain":100,"player_choice":"Pray","damage_taken":0,"max_hp_gain":0,"max_hp_loss":0,"event_name":"Golden Shrine","floor":23,"gold_loss":0},{"damage_healed":0,"gold_gain":0,"player_choice":"Paid Gold","damage_taken":0,"relics_obtained":["Tiny Chest"],"max_hp_gain":0,"max_hp_loss":0,"event_name":"WeMeetAgain","floor":31,"gold_loss":62}],"is_beta":false,"boss_relics":[{"not_picked":["Replay:Drink Me","Runic Dome","trackpad:StolenKidneys"]}],"items_purged_floors":[],"is_endless":false,"potions_floor_spawned":[1,5,7,11,18,20,27,32],"killed_by":"Collector","ascension_level":0}}