{"host":"dhyczjm99amxd3qx","time":1609378637,"event":{"mods":["BaseMod","Colored Map","Googly Eyes","Highlight Path","Minty Spire (QoL Compilation)","Quick Restart","StSLib"],"gold_per_floor":[18,38,58,75,92,124,124,124,124,74,74,108,119,119,119],"floor_reached":14,"playtime":1386,"items_purged":["Defend_G"],"score":133,"play_id":"e15c292a-2cc6-4474-b8c2-99edcf97d17b","local_time":"20201230203717","is_ascension_mode":true,"campfire_choices":[{"data":"Cloak And Dagger","floor":7,"key":"SMITH"},{"data":"Cloak And Dagger","floor":11,"key":"SMITH"}],"circlet_count":0,"master_deck":["Strike_G","Strike_G","Strike_G","Defend_G","Defend_G","Defend_G","Survivor","Neutralize","Cloak And Dagger+1","PiercingWail","Well Laid Plans","Blade Dance","Cloak And Dagger+1"],"relics":["Ring of the Snake","Bag of Marbles","Smiling Mask","Vajra"],"acts_visited":["Exordium"],"potions_floor_usage":[12,14],"damage_taken":[{"damage":4,"enemies":"Cultist","floor":1,"turns":4},{"damage":0,"enemies":"2 Louse","floor":2,"turns":2},{"damage":2,"enemies":"Jaw Worm","floor":3,"turns":8},{"damage":6,"enemies":"Looter","floor":4,"turns":5},{"damage":0,"enemies":"Lots of Slimes","floor":5,"turns":5},{"damage":31,"enemies":"Gremlin Nob","floor":6,"turns":5},{"damage":18,"enemies":"Lagavulin","floor":12,"turns":8},{"damage":1,"enemies":"3 Louse","floor":13,"turns":2},{"damage":0,"enemies":"3 Sentries","floor":14,"turns":5}],"seed_played":"8925402513862169980","potions_obtained":[{"floor":4,"key":"Ancient Potion"},{"floor":6,"key":"EssenceOfSteel"}],"is_trial":false,"path_per_floor":["M","M","M","M","M","E","R","?","T","$","R","E","M","E"],"character_chosen":"THE_SILENT","items_purchased":[],"campfire_rested":0,"item_purchase_floors":[],"current_hp_per_floor":[59,59,57,51,51,20,20,20,20,20,20,2,1,1,1],"gold":119,"neow_bonus":"REMOVE_TWO","is_daily":false,"chose_seed":false,"campfire_upgraded":2,"win_rate":0.0,"timestamp":1609378637,"path_taken":["M","M","?","M","M","E","R","?","T","?","R","E","M","E"],"items_purchased_type":[],"build_version":"2020-12-22","purchased_purges":1,"victory":false,"max_hp_per_floor":[70,70,70,70,70,70,70,70,70,70,70,70,70,70,70],"card_choices":[{"not_picked":["Deadly Poison","Bane"],"picked":"Cloak And Dagger","floor":1},{"not_picked":["Deadly Poison","Predator"],"picked":"PiercingWail","floor":2},{"not_picked":["Storm of Steel","Quick Slash"],"picked":"Well Laid Plans","floor":3},{"not_picked":["Poisoned Stab","Flechettes"],"picked":"Blade Dance","floor":4},{"not_picked":["Dagger Throw","Slice"],"picked":"Cloak And Dagger","floor":5},{"not_picked":["Acrobatics","Expertise","Backflip"],"picked":"SKIP","floor":6},{"not_picked":["Finisher","Well Laid Plans","Deadly Poison"],"picked":"SKIP","floor":12},{"not_picked":["Riddle With Holes","Choke","PiercingWail"],"picked":"SKIP","floor":13}],"player_experience":235543,"relics_obtained":[{"floor":6,"key":"Bag of Marbles"},{"floor":9,"key":"Smiling Mask"},{"floor":12,"key":"Vajra"}],"event_choices":[{"cards_removed":["Strike_G"],"damage_healed":0,"gold_gain":0,"player_choice":"Offered Basic","damage_taken":0,"max_hp_gain":0,"max_hp_loss":0,"event_name":"Bonfire Elementals","floor":8,"gold_loss":0}],"is_beta":false,"boss_relics":[],"items_purged_floors":[10],"is_endless":false,"potions_floor_spawned":[4,6],"killed_by":"3 Sentries","ascension_level":6}}