{"host":"oeeu8njhzvf3llor","time":1609458477,"event":{"mods":["BaseMod","Better Match","Better Note","Better Skull","Better Third Choice","Hubris","Minty Spire (QoL Compilation)","Rare Cards Sparkle","Replay The Spire","Shop Mod","Spicy Shops","StSLib","Swap Starting Deck Mod"],"gold_per_floor":[213,213,236,236,260,260,134,134,184,184,199,232,247,283,283,409,409,434,108,108,123,48,380,393,420,444,455,488,126,142,142,142,246,246,262,124,124,124],"floor_reached":37,"playtime":1463,"items_purged":["Strike_B","Strike_B","Strike_B"],"score":510,"play_id":"36609fc7-000c-4c28-9cc5-cb05c29313a0","local_time":"20201231184757","is_ascension_mode":true,"campfire_choices":[{"data":"Zap","floor":6.0,"key":"SMITH"},{"data":"Dualcast","floor":8.0,"key":"SMITH"},{"data":"Ball Lightning","floor":10.0,"key":"SMITH"},{"floor":15.0,"key":"REST"},{"floor":32.0,"key":"REST"}],"circlet_count":0,"master_deck":["Defend_B","Defend_B","Defend_B","Defend_B","Zap+1","Dualcast+1","Ball Lightning+1","BootSequence","Conserve Battery","Sweeping Beam","Loop","Go for the Eyes","Thunder Strike","Streamline+1","Core Surge","All For One","Ball Lightning","Defragment","Conserve Battery+1","Rainbow","Static Discharge+1"],"relics":["Cracked Core","Bloody Idol","Regal Pillow","Tiny Chest","Cables","Snecko Eye","DataDisk","Ginger","Ancient Tea Set","FossilizedHelix","Runic Capacitor","Gremlin Horn","Sozu","MerchantsRug"],"acts_visited":["TheBeyond"],"potions_floor_usage":[],"damage_taken":[{"damage":0.0,"enemies":"2 Louse","floor":1.0,"turns":2.0},{"damage":0.0,"enemies":"Small Slimes","floor":3.0,"turns":2.0},{"damage":0.0,"enemies":"Cultist","floor":5.0,"turns":3.0},{"damage":3.0,"enemies":"3 Louse","floor":11.0,"turns":3.0},{"damage":25.0,"enemies":"Gremlin Nob","floor":12.0,"turns":4.0},{"damage":0.0,"enemies":"2 Fungi Beasts","floor":13.0,"turns":2.0},{"damage":21.0,"enemies":"Lagavulin","floor":14.0,"turns":4.0},{"damage":22.0,"enemies":"Hexaghost","floor":16.0,"turns":9.0},{"damage":0.0,"enemies":"Chosen","floor":18.0,"turns":4.0},{"damage":10.0,"enemies":"2 Thieves","floor":21.0,"turns":3.0},{"damage":21.0,"enemies":"Book of Stabbing","floor":23.0,"turns":5.0},{"damage":7.0,"enemies":"3 Cultists","floor":24.0,"turns":3.0},{"damage":0.0,"enemies":"Gremlin Leader","floor":25.0,"turns":6.0},{"damage":8.0,"enemies":"Sentry and Sphere","floor":27.0,"turns":5.0},{"damage":59.0,"enemies":"Slavers","floor":28.0,"turns":5.0},{"damage":0.0,"enemies":"Cultist and Chosen","floor":30.0,"turns":4.0},{"damage":53.0,"enemies":"Automaton","floor":33.0,"turns":7.0},{"damage":25,"enemies":"3 Shapes","floor":35,"turns":2},{"damage":59,"enemies":"2 Orb Walkers","floor":37,"turns":4}],"seed_played":"7329856703860631723","potions_obtained":[{"floor":3.0,"key":"SkillPotion"},{"floor":13.0,"key":"AttackPotion"},{"floor":16.0,"key":"BlessingOfTheForge"},{"floor":24.0,"key":"FairyPotion"},{"floor":27.0,"key":"Energy Potion"},{"floor":30.0,"key":"Dexterity Potion"}],"is_trial":false,"path_per_floor":["M","?","M","?","M","R","$","R","T","R","M","E","M","E","R","B",null,"M","$","?","M","?","E","M","E","T","M","E","$","M","T","R","B",null,"M","$","?"],"character_chosen":"DEFECT","items_purchased":["Sweeping Beam","DataDisk","Core Surge","Ball Lightning","Runic Capacitor","Defragment","MerchantsRug"],"campfire_rested":2,"item_purchase_floors":[7,19,19,29,29,29,36],"current_hp_per_floor":[75,69,69,69,69,69,69,69,69,69,66,41,41,20,55,33,69,69,69,69,69,69,58,56,61,66,63,9,9,14,14,49,25,69,49,54,0,0],"gold":124,"neow_bonus":"HUNDRED_GOLD","is_daily":false,"chose_seed":false,"campfire_upgraded":3,"win_rate":0.0,"timestamp":1609458477,"path_taken":["M","?","M","?","M","R","$","R","T","R","M","E","?","E","R","BOSS","M","$","?","M","?","E","M","E","T","M","E","$","M","?","R","BOSS","M","$","?"],"items_purchased_type":["Card","Relic","Card","Card","Relic","Card","Relic"],"build_version":"2020-12-22","purchased_purges":3,"victory":false,"max_hp_per_floor":[75,69,69,69,69,69,69,69,69,69,69,69,69,69,69,69,69,69,69,69,69,69,69,69,69,69,69,69,69,69,69,69,69,69,69,69,69,69],"card_choices":[{"not_picked":["Scrape","Tempest"],"picked":"Ball Lightning","floor":1.0},{"not_picked":["Leap","Barrage"],"picked":"BootSequence","floor":3.0},{"not_picked":["Gash","Steam"],"picked":"Conserve Battery","floor":5.0},{"not_picked":["Compile Driver","Rebound","FTL"],"picked":"SKIP","floor":11.0},{"not_picked":["Skim","Stack","Leap"],"picked":"SKIP","floor":12.0},{"not_picked":["Go for the Eyes","Beam Cell"],"picked":"Loop","floor":13.0},{"not_picked":["FTL","Creative AI"],"picked":"Go for the Eyes","floor":14.0},{"not_picked":["Fission","Machine Learning"],"picked":"Thunder Strike","floor":16.0},{"not_picked":["Consume+1","Go for the Eyes+1"],"picked":"Streamline+1","floor":18.0},{"not_picked":["Turbo","Stack+1","Consume+1"],"picked":"SKIP","floor":21.0},{"not_picked":["Chaos","Streamline+1"],"picked":"All For One","floor":23.0},{"not_picked":["Rebound","Turbo","Gash"],"picked":"SKIP","floor":24.0},{"not_picked":["Streamline","Redo+1","Leap"],"picked":"SKIP","floor":25.0},{"not_picked":["Aggregate","Auto Shields","Undo"],"picked":"SKIP","floor":27.0},{"not_picked":["Cold Snap","Double Energy","FTL"],"picked":"SKIP","floor":28.0},{"not_picked":["Loop","Compile Driver"],"picked":"Conserve Battery+1","floor":30.0},{"not_picked":["Core Surge","Machine Learning"],"picked":"Rainbow","floor":33.0},{"not_picked":["Steam","Barrage"],"picked":"Static Discharge+1","floor":35}],"player_experience":481253,"relics_obtained":[{"floor":9.0,"key":"Regal Pillow"},{"floor":12.0,"key":"Tiny Chest"},{"floor":14.0,"key":"Cables"},{"floor":23.0,"key":"Old Coin"},{"floor":25.0,"key":"Ginger"},{"floor":26.0,"key":"Ancient Tea Set"},{"floor":28.0,"key":"FossilizedHelix"},{"floor":31.0,"key":"Gremlin Horn"}],"event_choices":[{"damage_healed":0.0,"max_hp_gain":0.0,"max_hp_loss":6.0,"gold_gain":0.0,"event_name":"Golden Idol","player_choice":"Lose Max HP","floor":2.0,"gold_loss":0.0,"damage_taken":0.0,"relics_obtained":["Golden Idol"]},{"damage_healed":0.0,"max_hp_gain":0.0,"max_hp_loss":0.0,"gold_gain":0.0,"event_name":"The Woman in Blue","player_choice":"Bought 0 Potions","floor":4.0,"gold_loss":0.0,"damage_taken":0.0},{"damage_healed":0.0,"max_hp_gain":0.0,"max_hp_loss":0.0,"gold_gain":0.0,"event_name":"Forgotten Altar","player_choice":"Gave Idol","floor":20.0,"relics_lost":["Golden Idol"],"gold_loss":0.0,"damage_taken":0.0,"relics_obtained":["Bloody Idol"]},{"cards_removed":["Strike_B"],"damage_healed":0.0,"max_hp_gain":0.0,"max_hp_loss":0.0,"gold_gain":0.0,"event_name":"Beggar","player_choice":"Gave Gold","floor":22.0,"gold_loss":75.0,"damage_taken":0.0},{"damage_healed":0,"gold_gain":0,"player_choice":"Fight","damage_taken":0,"max_hp_gain":0,"max_hp_loss":0,"event_name":"Mysterious Sphere","floor":37,"gold_loss":0}],"is_beta":false,"boss_relics":[{"not_picked":["Philosopher\u0027s Stone","Tiny House"],"picked":"Snecko Eye"},{"not_picked":["FrozenCore","Runic Pyramid"],"picked":"Sozu"}],"items_purged_floors":[7,19,29],"is_endless":false,"potions_floor_spawned":[3,13,16,24,27,30],"killed_by":"2 Orb Walkers","ascension_level":1}}