{"host":"105qxwehnceiqt9g","time":1609417724,"event":{"mods":["ATMod(°¢èªMod)","Act Like it!","Aspiration","BaseMod","BetterRewards","CapriCore","Custom Start","Gensokyo","GifTheSpireLib","Hallownest","Minty Spire (QoL Compilation)","Replay The Spire","Shop Mod","Spicy Shops","StSLib","The Bug Knight","The Immortal","Waifu the Spire","WarShipGirlsR/Õ½½¢ÉÙÅ®R mod","Yuyuko","vexMod"],"gold_per_floor":[110,123,123,123,113,113,147,162,186,186,186,209,60,60,60,60,60],"floor_reached":16,"playtime":1235,"items_purged":["Sickly"],"score":96,"play_id":"5d0bfeca-b5f8-4cde-a291-3c76aeac8a44","local_time":"20201231202844","is_ascension_mode":false,"campfire_choices":[{"data":"rmod:windflower","floor":6,"key":"SMITH"},{"data":"rmod:ammunitionsupply","floor":15,"key":"SMITH"}],"circlet_count":0,"master_deck":["rmod:strick","rmod:strick","rmod:strick","rmod:defend","rmod:defend","rmod:defend","rmod:basicallowance","rmod:maingunfire","AT_FamilyPortrait","rmod:luckystar","rmod:aluminumsupply","rmod:fuelsupply","rmod:windflower+1","rmod:diamondstrike","rmod:ammunitionsupply+1","rmod:ammunitionsupply"],"relics":["rmod:firstchargereward","AT_ATBox","ReplayTheSpireMod:Ring of Collecting","Juzu Bracelet","Prayer Wheel","ReplayTheSpireMod:Ring of Challenge","Oddly Smooth Stone","ReplayTheSpireMod:Ring of Addiction","SacredBark","White Beast Statue","Boot","Lantern"],"acts_visited":["Hallownest:Greenpath"],"potions_floor_usage":[1,7,7,16,16],"damage_taken":[{"damage":0,"enemies":"Hallownest:2_MossCreeps","floor":1,"turns":4},{"damage":4,"enemies":"2_ Uuma","floor":2,"turns":5},{"damage":2,"enemies":"Hallownest:eliteMossKnight","floor":7,"turns":5},{"damage":11,"enemies":"Hallownest:monsterHuskWarrior","floor":8,"turns":3},{"damage":8,"enemies":"Hallownest:monsterAspidMother","floor":11,"turns":3},{"damage":124,"enemies":"Hallownest:BossHornet","floor":16,"turns":7}],"seed_played":"5171123077736919531","potions_obtained":[{"floor":1,"key":"Fire Potion"},{"floor":12,"key":"Reflective Coating"},{"floor":12,"key":"SteroidPotion"}],"is_trial":false,"path_per_floor":["M","M","?","?","?","R","E","M","T","?","M","T","$","?","R","B"],"character_chosen":"PRAEFECT","items_purchased":["Lantern"],"campfire_rested":0,"item_purchase_floors":[13],"current_hp_per_floor":[82,78,75,75,75,75,73,62,62,53,45,45,45,52,52,0,0],"gold":60,"neow_bonus":"TEN_PERCENT_HP_BONUS","is_daily":false,"chose_seed":false,"campfire_upgraded":2,"win_rate":0.0,"timestamp":1609417724,"path_taken":["M","M","?","?","?","R","E","M","T","?","M","?","$","?","R","BOSS"],"items_purchased_type":["Relic"],"build_version":"2020-12-22","purchased_purges":1,"victory":false,"max_hp_per_floor":[82,82,75,75,75,75,75,75,75,75,75,75,75,75,75,73,73],"card_choices":[{"not_picked":["rmod:fuelsupply","rmod:lonelyqueen"],"picked":"rmod:luckystar","floor":1},{"not_picked":["rmod:mineteam","rmod:tearstotiara"],"picked":"rmod:aluminumsupply","floor":2},{"not_picked":[],"picked":"rmod:fuelsupply","floor":5},{"not_picked":[],"picked":"rmod:windflower","floor":5},{"not_picked":["rmod:supportescort","rmod:aluminumsupply","rmod:fletcherpendant"],"picked":"SKIP","floor":7},{"not_picked":["rmod:gendarmerie","rmod:fuelsupply"],"picked":"rmod:diamondstrike","floor":8},{"not_picked":["rmod:supportescort","rmod:mineteam","rmod:aviationdawn"],"picked":"SKIP","floor":8},{"not_picked":["rmod:victimresponsibility","rmod:heivgo"],"picked":"rmod:ammunitionsupply","floor":11},{"not_picked":["rmod:tearstotiara","rmod:steelsupply"],"picked":"rmod:ammunitionsupply","floor":11}],"player_experience":85974,"relics_obtained":[{"floor":4,"key":"ReplayTheSpireMod:Ring of Collecting"},{"floor":7,"key":"Juzu Bracelet"},{"floor":9,"key":"ReplayTheSpireMod:Ring of Challenge"},{"floor":9,"key":"Oddly Smooth Stone"},{"floor":12,"key":"ReplayTheSpireMod:Ring of Addiction"},{"floor":12,"key":"SacredBark"},{"floor":12,"key":"White Beast Statue"},{"floor":12,"key":"Boot"}],"event_choices":[],"is_beta":false,"boss_relics":[],"items_purged_floors":[13],"is_endless":false,"potions_floor_spawned":[1,2],"killed_by":"Hallownest:BossHornet","ascension_level":0}}