{"host":"zydufobuumzsx0vb","time":1609410598,"event":{"mods":["Act Like it!","BaseMod","Better Note","CapriCore","Colored Map","Minty Spire (QoL Compilation)","Rare Cards Sparkle","Replay The Spire","Spicy Shops","StSLib","SuperFastMode","The Immortal"],"gold_per_floor":[111,386,15,33,48,48,78,78,126,126,141,169,7,7,7,7],"floor_reached":14,"playtime":681,"items_purged":["Regret"],"score":98,"play_id":"be0e2c4e-0102-4ee6-b886-1385e7e4ce9a","local_time":"20201231182958","is_ascension_mode":false,"campfire_choices":[{"data":"MokouMod:BurningDraft","floor":6,"key":"SMITH"},{"data":"MokouMod:ScorchedEarth","floor":8,"key":"SMITH"}],"circlet_count":0,"master_deck":["MokouMod:Strike","MokouMod:Strike","MokouMod:Strike","MokouMod:Strike","MokouMod:Strike","MokouMod:Defend","MokouMod:Defend","MokouMod:Defend","MokouMod:HeatSpark","MokouMod:BurningDraft+1","MokouMod:Overheat+1","MokouMod:ImperishableFlame+1","MokouMod:SubterraneanCore+1","MokouMod:ScorchedEarth+1","MokouMod:WarmUp+1","MokouMod:EnchantingBambooForest","MokouMod:GuidingSmoke"],"relics":["MokouMod:PhoenixFeather","NeowsBlessing","Toxic Egg 2","Ancient Tea Set","Bronze Scales","Membership Card"],"acts_visited":["Exordium"],"potions_floor_usage":[12],"damage_taken":[{"damage":0,"enemies":"Small Slimes","floor":1,"turns":1},{"damage":0,"enemies":"Cultist","floor":4,"turns":1},{"damage":0,"enemies":"2 Louse","floor":5,"turns":1},{"damage":7,"enemies":"Replay:BlueRogue","floor":7,"turns":6},{"damage":5,"enemies":"Exordium Thugs","floor":11,"turns":4},{"damage":55,"enemies":"Gremlin Nob","floor":12,"turns":5},{"damage":0,"enemies":"Lagavulin","floor":14,"turns":2}],"seed_played":"-7771793083929677595","potions_obtained":[{"floor":4,"key":"ColorlessPotion"},{"floor":7,"key":"BlessingOfTheForge"},{"floor":12,"key":"Languid Potion"}],"is_trial":false,"path_per_floor":["M","?","$","M","M","R","E","R","T","?","M","E","$","E"],"character_chosen":"MKU","items_purchased":["Toxic Egg 2","MokouMod:Overheat+1","Membership Card","MokouMod:GuidingSmoke"],"campfire_rested":0,"item_purchase_floors":[3,3,13,13],"current_hp_per_floor":[75,75,75,75,75,75,68,68,68,61,56,1,1,1,1,1],"gold":7,"neow_bonus":"THREE_ENEMY_KILL","is_daily":false,"chose_seed":false,"campfire_upgraded":2,"win_rate":0.0,"timestamp":1609410598,"path_taken":["M","?","$","?","M","R","E","R","T","?","M","E","?","E"],"items_purchased_type":["Relic","Card","Relic","Card"],"build_version":"2020-12-22","purchased_purges":1,"victory":false,"max_hp_per_floor":[75,75,75,75,75,75,75,75,75,75,75,75,75,75,75,75],"card_choices":[{"not_picked":["MokouMod:Meltdown","MokouMod:Ember"],"picked":"MokouMod:BurningDraft","floor":1},{"not_picked":["MokouMod:InfernalWave","MokouMod:IgneousBlow"],"picked":"MokouMod:ImperishableFlame+1","floor":4},{"not_picked":["MokouMod:UncontrollableSolarReaction","MokouMod:GuidingSmoke"],"picked":"MokouMod:SubterraneanCore+1","floor":5},{"not_picked":["MokouMod:HeatTransfer+1","MokouMod:AdaptivePyromancy"],"picked":"MokouMod:ScorchedEarth","floor":7},{"not_picked":["MokouMod:FujiyamaVolcano","MokouMod:ResoluteFlare"],"picked":"MokouMod:WarmUp+1","floor":11},{"not_picked":["MokouMod:BurningDraft+1","MokouMod:ControlledCombustion+1"],"picked":"MokouMod:EnchantingBambooForest","floor":12}],"player_experience":40412,"relics_obtained":[{"floor":7,"key":"Ancient Tea Set"},{"floor":12,"key":"Bronze Scales"}],"event_choices":[{"damage_healed":0,"gold_gain":275,"player_choice":"Desecrate","damage_taken":0,"max_hp_gain":0,"max_hp_loss":0,"event_name":"Golden Shrine","floor":2,"gold_loss":0,"cards_obtained":["Regret"]},{"cards_removed":["MokouMod:Defend"],"damage_healed":0,"gold_gain":0,"player_choice":"Card Removal","damage_taken":7,"max_hp_gain":0,"max_hp_loss":0,"event_name":"Golden Wing","floor":10,"gold_loss":0}],"is_beta":false,"boss_relics":[],"items_purged_floors":[3],"is_endless":false,"potions_floor_spawned":[4,7,12],"killed_by":"Lagavulin","ascension_level":0}}