{"host":"a4s27ghlnr83kbqz","time":1609420254,"event":{"mods":["AchievementEnabler","BaseMod","Colored Map","Minty Spire (QoL Compilation)","Permanent Neow","SuperFastMode"],"gold_per_floor":[111,36,51,66,84,84,110,110,165,210,242,266,291,322,334,422,434,434,354,254,254,254],"floor_reached":21,"playtime":519,"items_purged":["Shame","Strike_R"],"score":390,"play_id":"38d33778-8244-480b-8641-1364b9c42ca5","local_time":"20201231211054","is_ascension_mode":true,"campfire_choices":[{"data":"Uppercut","floor":6,"key":"SMITH"},{"data":"Bludgeon","floor":8,"key":"SMITH"},{"data":"Metallicize","floor":15,"key":"SMITH"}],"circlet_count":0,"master_deck":["AscendersBane","Strike_R","Strike_R","Defend_R","Defend_R","Defend_R","Defend_R","Bash","Uppercut+1","Reckless Charge","Pommel Strike","Flame Barrier","Metallicize+1","Bludgeon+1","Wild Strike","Feel No Pain","Offering","Impervious","Burning Pact+1"],"relics":["Burning Blood","MawBank","Toy Ornithopter","Ectoplasm"],"acts_visited":["Exordium","TheCity"],"potions_floor_usage":[12],"damage_taken":[{"damage":1,"enemies":"Cultist","floor":1,"turns":3},{"damage":8,"enemies":"2 Louse","floor":3,"turns":2},{"damage":11,"enemies":"Jaw Worm","floor":4,"turns":4},{"damage":3,"enemies":"3 Louse","floor":5,"turns":4},{"damage":29,"enemies":"Lagavulin","floor":7,"turns":6},{"damage":3,"enemies":"Gremlin Nob","floor":10,"turns":3},{"damage":11,"enemies":"Exordium Wildlife","floor":11,"turns":3},{"damage":32,"enemies":"Gremlin Gang","floor":12,"turns":6},{"damage":10,"enemies":"2 Fungi Beasts","floor":13,"turns":3},{"damage":3,"enemies":"Blue Slaver","floor":14,"turns":2},{"damage":14,"enemies":"The Guardian","floor":16,"turns":13},{"damage":15,"enemies":"Spheric Guardian","floor":18,"turns":5},{"damage":18,"enemies":"2 Thieves","floor":19,"turns":4},{"damage":43,"enemies":"3 Cultists","floor":21,"turns":6}],"seed_played":"2575503611886539981","potions_obtained":[{"floor":1,"key":"SteroidPotion"},{"floor":5,"key":"FairyPotion"},{"floor":10,"key":"EssenceOfSteel"},{"floor":13,"key":"Strength Potion"},{"floor":16,"key":"CultistPotion"}],"is_trial":false,"path_per_floor":["M","$","M","M","M","R","E","R","T","E","M","M","M","M","R","B",null,"M","M","$","M"],"character_chosen":"IRONCLAD","items_purchased":[],"campfire_rested":0,"item_purchase_floors":[],"current_hp_per_floor":[73,73,71,66,69,69,46,46,46,49,44,23,19,22,22,14,60,51,39,39,0,0],"gold":254,"neow_bonus":"TRANSFORM_TWO_CARDS","is_daily":false,"chose_seed":false,"campfire_upgraded":3,"win_rate":0.0,"timestamp":1609420254,"path_taken":["M","$","M","M","M","R","E","R","T","E","M","?","M","M","R","BOSS","M","M","$","M"],"items_purchased_type":[],"build_version":"2020-12-22","purchased_purges":2,"victory":false,"max_hp_per_floor":[75,75,75,75,75,75,75,75,75,75,75,75,75,75,75,75,75,75,75,75,75,75],"card_choices":[{"not_picked":["Headbutt","True Grit"],"picked":"Pommel Strike","floor":1},{"not_picked":["True Grit","Infernal Blade"],"picked":"Flame Barrier","floor":3},{"not_picked":["Thunderclap","Rampage","Whirlwind"],"picked":"SKIP","floor":4},{"not_picked":["True Grit","Thunderclap"],"picked":"Metallicize","floor":5},{"not_picked":["Dark Embrace","Sword Boomerang"],"picked":"Bludgeon","floor":7},{"not_picked":["Iron Wave","Sword Boomerang","Thunderclap"],"picked":"SKIP","floor":10},{"not_picked":["Dark Embrace","Heavy Blade"],"picked":"Wild Strike","floor":11},{"not_picked":["Iron Wave","Cleave"],"picked":"Feel No Pain","floor":12},{"not_picked":["True Grit","Cleave"],"picked":"Offering","floor":13},{"not_picked":["Clash","Carnage","Spot Weakness"],"picked":"SKIP","floor":14},{"not_picked":["Fiend Fire","Demon Form"],"picked":"Impervious","floor":16},{"not_picked":["True Grit","Body Slam"],"picked":"Burning Pact+1","floor":18},{"not_picked":["Sever Soul","Entrench","Perfected Strike"],"picked":"SKIP","floor":19}],"player_experience":1067969,"relics_obtained":[{"floor":9,"key":"MawBank"},{"floor":10,"key":"Toy Ornithopter"}],"event_choices":[],"is_beta":false,"boss_relics":[{"not_picked":["Runic Dome","SacredBark"],"picked":"Ectoplasm"}],"items_purged_floors":[2,20],"is_endless":false,"potions_floor_spawned":[1,5,10,11,13,16,19],"killed_by":"3 Cultists","ascension_level":20}}