{"host":"Krakhan","time":1609419592,"event":{"mods":["AchievementEnabler","BaseMod","Colored Map","Colored Powertips","Faster Ascension Climbing","Highlight Path","Minty Spire (QoL Compilation)","Rare Cards Sparkle","Relic Stats","StSLib"],"gold_per_floor":[114,10,85,85,85,103,120,154,154,154,154],"floor_reached":10,"playtime":327,"items_purged":[],"score":132,"play_id":"95c6044c-b3d2-48c0-868f-4bc1280b4c12","local_time":"20201231075952","is_ascension_mode":true,"campfire_choices":[],"circlet_count":0,"master_deck":["AscendersBane","Strike_R","Strike_R","Strike_R","Strike_R","Strike_R","Defend_R","Defend_R","Defend_R","Defend_R","Bash","Anger","Iron Wave","Iron Wave","Hemokinesis"],"relics":["SlaversCollar","Gremlin Horn","StrikeDummy"],"acts_visited":["Exordium"],"potions_floor_usage":[8],"damage_taken":[{"damage":19,"enemies":"Cultist","floor":1,"turns":6},{"damage":9,"enemies":"2 Louse","floor":6,"turns":3},{"damage":0,"enemies":"Small Slimes","floor":7,"turns":4},{"damage":23,"enemies":"Gremlin Nob","floor":8,"turns":4},{"damage":7,"enemies":"3 Sentries","floor":10,"turns":3}],"seed_played":"-551714149195498097","potions_obtained":[{"floor":8,"key":"Ancient Potion"}],"is_trial":false,"path_per_floor":["M","$","?","?","?","M","M","E","T","E"],"character_chosen":"IRONCLAD","items_purchased":["Iron Wave","ColorlessPotion"],"campfire_rested":0,"item_purchase_floors":[2,2],"current_hp_per_floor":[49,49,38,38,38,29,29,6,6,0,0],"gold":154,"neow_bonus":"BOSS_RELIC","is_daily":false,"chose_seed":false,"campfire_upgraded":0,"win_rate":0.0,"timestamp":1609419592,"path_taken":["M","?","?","?","?","M","M","E","T","E"],"items_purchased_type":["Card","Potion"],"build_version":"2020-12-18","purchased_purges":0,"victory":false,"max_hp_per_floor":[75,75,75,75,75,75,75,75,75,75,75],"relic_stats":{"Gremlin Horn":[1,1],"counters":[5,20],"obtain_stats":[{"SlaversCollar":0,"Gremlin Horn":8,"StrikeDummy":9,"Burning Blood":0},{"SlaversCollar":0,"Gremlin Horn":4,"StrikeDummy":4,"Burning Blood":0},{"SlaversCollar":0,"Gremlin Horn":17,"StrikeDummy":17,"Burning Blood":0}]},"card_choices":[{"not_picked":["Evolve","Battle Trance"],"picked":"Anger","floor":1},{"not_picked":["Rupture","Rage"],"picked":"Iron Wave","floor":6},{"not_picked":["True Grit","Armaments"],"picked":"Hemokinesis","floor":7},{"not_picked":["Entrench","Burning Pact","Reckless Charge"],"picked":"SKIP","floor":8}],"player_experience":1269770,"relics_obtained":[{"floor":8,"key":"Gremlin Horn"},{"floor":9,"key":"StrikeDummy"}],"event_choices":[{"damage_healed":0,"gold_gain":75,"player_choice":"Gather Gold","damage_taken":11,"max_hp_gain":0,"max_hp_loss":0,"event_name":"World of Goop","floor":3,"gold_loss":0},{"damage_healed":0,"gold_gain":0,"player_choice":"Ignored","damage_taken":0,"max_hp_gain":0,"max_hp_loss":0,"event_name":"Golden Wing","floor":4,"gold_loss":0},{"damage_healed":0,"gold_gain":0,"player_choice":"Ignored","damage_taken":0,"max_hp_gain":0,"max_hp_loss":0,"event_name":"Liars Game","floor":5,"gold_loss":0}],"is_beta":true,"boss_relics":[],"items_purged_floors":[],"is_endless":false,"potions_floor_spawned":[8],"killed_by":"3 Sentries","ascension_level":20}}