{"host":"jm9833yuloeli2yd","time":1609390856,"event":{"mods":["AchievementEnabler","BaseMod","Better Altar","Better Match","Better Note","Better Sensory Stone","Better Skull","Better Third Choice","Better Vampires","BetterRewards","Colored Map","Colored Powertips","DeckTracker","Marked Mod","Minty Spire (QoL Compilation)","Permanent Neow","Quick Restart","StSLib","SuperFastMode"],"gold_per_floor":[113,124,142,142,142,176,190,210,210,161,161,161],"floor_reached":11,"playtime":318,"items_purged":[],"score":150,"play_id":"e0cc2675-cb1f-4ab1-bf01-44d51165d821","local_time":"20201231000056","is_ascension_mode":true,"campfire_choices":[],"circlet_count":0,"master_deck":["AscendersBane","Strike_B","Strike_B","Strike_B","Defend_B","Defend_B","Defend_B","Defend_B","Zap","Dualcast","FTL+1","Chill","Cold Snap","Recycle","Leap","Self Repair","Genetic Algorithm"],"relics":["Cracked Core","Blood Vial","Medical Kit","Smiling Mask","Odd Mushroom","Akabeko"],"acts_visited":["Exordium"],"potions_floor_usage":[6,6,8],"damage_taken":[{"damage":1,"enemies":"Cultist","floor":1,"turns":3},{"damage":12,"enemies":"Small Slimes","floor":2,"turns":3},{"damage":0,"enemies":"2 Louse","floor":3,"turns":2},{"damage":37,"enemies":"Lagavulin","floor":6,"turns":7},{"damage":0,"enemies":"2 Fungi Beasts","floor":7,"turns":4},{"damage":6,"enemies":"The Mushroom Lair","floor":8,"turns":4},{"damage":13,"enemies":"Exordium Thugs","floor":10,"turns":7},{"damage":18,"enemies":"3 Sentries","floor":11,"turns":6}],"seed_played":"-8553035323028428228","potions_obtained":[{"floor":1,"key":"PotionOfCapacity"},{"floor":2,"key":"AttackPotion"},{"floor":6,"key":"Explosive Potion"}],"is_trial":false,"path_per_floor":["M","M","M","?","?","E","M","?","T","M","E"],"character_chosen":"DEFECT","items_purchased":["FTL","Blood Vial","Medical Kit"],"campfire_rested":0,"item_purchase_floors":[0,0,0],"current_hp_per_floor":[58,48,50,43,43,8,10,13,13,9,0,0],"gold":161,"neow_bonus":"","is_daily":false,"chose_seed":false,"campfire_upgraded":0,"win_rate":0.0,"timestamp":1609390856,"path_taken":["M","M","M","?","?","E","M","?","T","M","E"],"items_purchased_type":["Card","Relic","Relic"],"build_version":"2020-12-22","purchased_purges":0,"victory":false,"max_hp_per_floor":[71,71,71,71,71,71,71,71,71,71,71,71],"card_choices":[{"not_picked":["Turbo","Barrage"],"picked":"Chill","floor":1},{"not_picked":["Scrape","Gash"],"picked":"Cold Snap","floor":2},{"not_picked":["Sweeping Beam","Coolheaded"],"picked":"Recycle","floor":3},{"not_picked":["Darkness","Stack"],"picked":"Leap","floor":6},{"not_picked":["Streamline","Gash"],"picked":"Self Repair","floor":7},{"not_picked":["Stack","Recycle"],"picked":"Genetic Algorithm","floor":8},{"not_picked":["Hologram","Double Energy","Conserve Battery"],"picked":"SKIP","floor":10}],"player_experience":1200588,"relics_obtained":[{"floor":6,"key":"Smiling Mask"},{"floor":8,"key":"Odd Mushroom"},{"floor":9,"key":"Akabeko"}],"event_choices":[{"cards_removed":["Strike_B"],"damage_healed":0,"gold_gain":0,"player_choice":"Card Removal","damage_taken":7,"max_hp_gain":0,"max_hp_loss":0,"event_name":"Golden Wing","floor":4,"gold_loss":0},{"damage_healed":0,"gold_gain":0,"player_choice":"Grow","damage_taken":0,"max_hp_gain":0,"max_hp_loss":0,"event_name":"Living Wall","floor":5,"gold_loss":0,"cards_upgraded":["FTL"]},{"damage_healed":0,"gold_gain":0,"player_choice":"Fought Mushrooms","damage_taken":0,"max_hp_gain":0,"max_hp_loss":0,"event_name":"Mushrooms","floor":8,"gold_loss":0}],"is_beta":false,"boss_relics":[],"items_purged_floors":[],"is_endless":false,"potions_floor_spawned":[1,2,3,6],"killed_by":"3 Sentries","ascension_level":20}}