{"host":"y76ypncwubx6puhd","time":1609444235,"event":{"mods":["BaseMod","Bestiary","Better Third Choice","Block Reminder","Colored Powertips","Curses Come First","Downfall","Hermit","Minty Spire (QoL Compilation)","Relic Stats","StSLib"],"gold_per_floor":[110,122,140,156,167,167,198,213,260,270,235,235,254,205,205,310,310,322,322,50,69,69,69,79,79,79,79,104,104,131,131,131,236,236,256,267,280,280,41,41,74,54,103,138,90,101,112,124,124,124],"floor_reached":51,"playtime":5488,"items_purged":["Defend_R"],"score":774,"play_id":"d67d7b12-f158-4720-944e-e2876c1f5dc2","local_time":"20210101035035","is_ascension_mode":false,"campfire_choices":[{"data":"Searing Blow","floor":6,"key":"SMITH"},{"data":"Searing Blow+1","floor":12,"key":"SMITH"},{"floor":15,"key":"REST"},{"data":"Searing Blow+2","floor":23,"key":"SMITH"},{"data":"Seeing Red","floor":25,"key":"SMITH"},{"data":"Seeing Red","floor":27,"key":"SMITH"},{"data":"Dark Embrace","floor":29,"key":"SMITH"},{"data":"Bloodletting","floor":32,"key":"SMITH"},{"data":"Fire Breathing","floor":40,"key":"SMITH"},{"floor":49,"key":"REST"}],"circlet_count":0,"master_deck":["Strike_R","Strike_R+1","Strike_R","Strike_R","Strike_R","Defend_R","Defend_R","Defend_R","Bash","Searing Blow+3","Cleave","Infernal Blade","Second Wind","Seeing Red+1","Seeing Red+1","Clash","Anger+1","Bloodletting+1","Flex","Reaper","Pommel Strike","Slimebound:CheckThePlaybook","Shrug It Off","Shockwave+1","Dark Embrace+1","Shrug It Off","Flex+1","Metallicize+1","Barricade","Heavy Blade","Blood for Blood","Pommel Strike+1","Fire Breathing+1","Power Through+1","Shrug It Off+1","Headbutt","Parasite","Blood for Blood+1","Spot Weakness+1"],"relics":["Burning Blood","Bag of Marbles","Whetstone","betterThird:SlimedRelic","Mark of Pain","Happy Flower","Pear","Centennial Puzzle","Eternal Feather","MutagenicStrength","Black Star","Lee\u0027s Waffle","Lantern","Regal Pillow","MealTicket","Vajra","Incense Burner"],"acts_visited":["Exordium","TheCity","TheBeyond"],"potions_floor_usage":[18,18,24,33,33,37,41,47,47,48,50],"damage_taken":[{"damage":9,"enemies":"Cultist","floor":1,"turns":4},{"damage":2,"enemies":"2 Louse","floor":2,"turns":2},{"damage":15,"enemies":"Small Slimes","floor":3,"turns":2},{"damage":0,"enemies":"3 Louse","floor":4,"turns":3},{"damage":18,"enemies":"2 Fungi Beasts","floor":5,"turns":3},{"damage":33,"enemies":"Gremlin Nob","floor":7,"turns":5},{"damage":11,"enemies":"Exordium Wildlife","floor":8,"turns":3},{"damage":0,"enemies":"3 Louse","floor":10,"turns":2},{"damage":15,"enemies":"Exordium Thugs","floor":13,"turns":3},{"damage":4,"enemies":"Slime Boss","floor":16,"turns":6},{"damage":10,"enemies":"Spheric Guardian","floor":18,"turns":3},{"damage":18,"enemies":"Chosen","floor":21,"turns":5},{"damage":5,"enemies":"Sentry and Sphere","floor":24,"turns":5},{"damage":22,"enemies":"Book of Stabbing","floor":28,"turns":3},{"damage":28,"enemies":"Slavers","floor":30,"turns":4},{"damage":37,"enemies":"Collector","floor":33,"turns":8},{"damage":24,"enemies":"3 Shapes","floor":35,"turns":1},{"damage":31,"enemies":"Orb Walker","floor":36,"turns":4},{"damage":51,"enemies":"4 Shapes","floor":37,"turns":5},{"damage":48,"enemies":"Reptomancer","floor":41,"turns":5},{"damage":18,"enemies":"Nemesis","floor":44,"turns":5},{"damage":5,"enemies":"Writhing Mass","floor":46,"turns":3},{"damage":31,"enemies":"Maw","floor":47,"turns":7},{"damage":22,"enemies":"Transient","floor":48,"turns":5},{"damage":44,"enemies":"Donu and Deca","floor":50,"turns":8}],"seed_played":"5548363879182787978","potions_obtained":[{"floor":2,"key":"SkillPotion"},{"floor":4,"key":"Dexterity Potion"},{"floor":5,"key":"Explosive Potion"},{"floor":7,"key":"ColorlessPotion"},{"floor":13,"key":"champ:CounterPotion"},{"floor":18,"key":"EssenceOfSteel"},{"floor":28,"key":"CultistPotion"},{"floor":30,"key":"SpeedPotion"},{"floor":33,"key":"PowerPotion"},{"floor":36,"key":"Strength Potion"},{"floor":42,"key":"Dexterity Potion"},{"floor":46,"key":"PowerPotion"},{"floor":47,"key":"Strength Potion"}],"is_trial":false,"path_per_floor":["M","M","M","M","M","R","E","M","T","M","?","R","M","?","R","B",null,"M","?","$","M","?","R","M","R","T","R","E","R","E","?","R","B",null,"M","M","M","?","$","R","E","?","T","E","$","M","M","M","R","B",null],"character_chosen":"IRONCLAD","items_purchased":["Shrug It Off","Happy Flower","Lee\u0027s Waffle","Fire Breathing","PowerPotion","Headbutt"],"campfire_rested":2,"item_purchase_floors":[20,20,39,39,39,45],"current_hp_per_floor":[77,80,71,77,65,65,38,33,33,39,59,59,50,39,63,65,80,76,72,72,66,66,66,67,67,77,77,67,67,60,60,75,50,82,64,41,8,8,89,89,47,47,47,35,50,51,26,10,72,48],"gold":124,"neow_bonus":"THREE_CARDS","is_daily":false,"chose_seed":false,"campfire_upgraded":8,"win_rate":0.0,"timestamp":1609444235,"path_taken":["M","M","?","?","M","R","E","M","T","M","?","R","M","?","R","BOSS","M","?","$","M","?","R","M","R","T","R","E","R","E","?","R","BOSS","M","M","M","?","$","R","E","?","T","E","$","M","?","M","R","BOSS"],"items_purchased_type":["Card","Relic","Relic","Card","Potion","Card"],"build_version":"2020-12-22","purchased_purges":1,"victory":true,"max_hp_per_floor":[80,80,80,80,80,80,80,80,80,80,80,80,80,80,80,80,80,80,72,72,72,72,72,72,72,82,82,82,82,82,82,82,82,82,82,82,82,82,89,89,89,89,89,89,89,89,89,89,89,89],"relic_stats":{"Centennial Puzzle":[33],"Lee\u0027s Waffle":81,"Regal Pillow":15,"Happy Flower":[22],"counters":[25,104],"Eternal Feather":36,"MealTicket":15,"Black Star":2,"Whetstone":["Anger","Strike_R"],"obtain_stats":[{"Lee\u0027s Waffle":39,"Lantern":41,"Regal Pillow":41,"Pear":26,"Happy Flower":20,"Vajra":44,"Eternal Feather":30,"Incense Burner":44,"Whetstone":9,"Burning Blood":0,"Centennial Puzzle":28,"betterThird:SlimedRelic":14,"MutagenicStrength":31,"MealTicket":43,"Mark of Pain":17,"Bag of Marbles":7,"Black Star":34},{"Lee\u0027s Waffle":19,"Lantern":20,"Regal Pillow":20,"Pear":13,"Happy Flower":11,"Vajra":21,"Eternal Feather":15,"Incense Burner":21,"Whetstone":7,"Burning Blood":0,"Centennial Puzzle":14,"betterThird:SlimedRelic":9,"MutagenicStrength":15,"MealTicket":20,"Mark of Pain":10,"Bag of Marbles":6,"Black Star":16},{"Lee\u0027s Waffle":71,"Lantern":76,"Regal Pillow":76,"Pear":46,"Happy Flower":36,"Vajra":81,"Eternal Feather":53,"Incense Burner":81,"Whetstone":22,"Burning Blood":0,"Centennial Puzzle":49,"betterThird:SlimedRelic":27,"MutagenicStrength":53,"MealTicket":76,"Mark of Pain":33,"Bag of Marbles":19,"Black Star":61}],"Burning Blood":149},"card_choices":[{"not_picked":["Flex","Infernal Blade"],"picked":"Searing Blow","floor":0},{"not_picked":["Warcry","Entrench"],"picked":"Cleave","floor":1},{"not_picked":["Searing Blow","Pummel"],"picked":"Infernal Blade","floor":2},{"not_picked":["Iron Wave","Whirlwind"],"picked":"Second Wind","floor":3},{"not_picked":["Uppercut","Dual Wield"],"picked":"Seeing Red","floor":4},{"not_picked":["Clothesline","Ghostly Armor"],"picked":"Seeing Red","floor":5},{"not_picked":["Shockwave","Fiend Fire"],"picked":"Clash","floor":7},{"not_picked":["Disarm","Headbutt"],"picked":"Anger","floor":8},{"not_picked":["Warcry","Rampage"],"picked":"Bloodletting","floor":10},{"not_picked":["Seeing Red","Headbutt"],"picked":"Flex","floor":13},{"not_picked":["Corruption","Impervious"],"picked":"Reaper","floor":16},{"not_picked":["Power Through","Pummel"],"picked":"Pommel Strike","floor":18},{"not_picked":["Sword Boomerang","Heavy Blade"],"picked":"Shockwave+1","floor":21},{"not_picked":["Cleave","Entrench"],"picked":"Shrug It Off","floor":24},{"not_picked":["Dropkick","Sword Boomerang"],"picked":"Flex+1","floor":28},{"not_picked":["Body Slam","Brutality"],"picked":"Metallicize+1","floor":30},{"not_picked":["Reaper","Double Tap"],"picked":"Barricade","floor":33},{"not_picked":["Cleave","Body Slam+1"],"picked":"Heavy Blade","floor":35},{"not_picked":["Shockwave","Clash+1"],"picked":"Blood for Blood","floor":36},{"not_picked":["Perfected Strike+1","Headbutt"],"picked":"Pommel Strike+1","floor":37},{"not_picked":["Inflame+1","Cleave+1"],"picked":"Power Through+1","floor":41},{"not_picked":["Second Wind","Ghostly Armor+1"],"picked":"Shrug It Off+1","floor":44},{"not_picked":["Combust+1","Intimidate","Heavy Blade"],"picked":"SKIP","floor":46},{"not_picked":["Limit Break","Flame Barrier+1"],"picked":"Blood for Blood+1","floor":47},{"not_picked":["Hemokinesis+1","Disarm+1"],"picked":"Spot Weakness+1","floor":48}],"player_experience":15772,"relics_obtained":[{"floor":7,"key":"Bag of Marbles"},{"floor":9,"key":"Whetstone"},{"floor":26,"key":"Pear"},{"floor":28,"key":"Centennial Puzzle"},{"floor":30,"key":"Eternal Feather"},{"floor":41,"key":"Lantern"},{"floor":41,"key":"Regal Pillow"},{"floor":43,"key":"MealTicket"},{"floor":44,"key":"Vajra"},{"floor":44,"key":"Incense Burner"}],"event_choices":[{"damage_healed":20,"gold_gain":0,"player_choice":"Healed","damage_taken":0,"max_hp_gain":0,"max_hp_loss":0,"event_name":"The Cleric","floor":11,"gold_loss":35},{"damage_healed":0,"gold_gain":0,"player_choice":"Slimed","damage_taken":11,"max_hp_gain":0,"max_hp_loss":0,"event_name":"betterThird:BetterGoop","floor":14,"gold_loss":49},{"damage_healed":0,"gold_gain":0,"player_choice":"Read","damage_taken":0,"max_hp_gain":0,"max_hp_loss":0,"event_name":"The Library","floor":22,"gold_loss":0,"cards_obtained":["Dark Embrace"]},{"damage_healed":0,"gold_gain":0,"player_choice":"Inject Mutagens","damage_taken":0,"relics_obtained":["MutagenicStrength"],"max_hp_gain":0,"max_hp_loss":0,"event_name":"Drug Dealer","floor":31,"gold_loss":0},{"damage_healed":0,"gold_gain":0,"player_choice":"Ignored","damage_taken":0,"max_hp_gain":0,"max_hp_loss":0,"event_name":"Tomb of Lord Red Mask","floor":38,"gold_loss":0},{"damage_healed":0,"gold_gain":0,"player_choice":"Bought 1 Potion","damage_taken":0,"max_hp_gain":0,"max_hp_loss":0,"event_name":"The Woman in Blue","floor":42,"gold_loss":0}],"is_beta":false,"boss_relics":[{"not_picked":["Velvet Choker","Philosopher\u0027s Stone"],"picked":"Mark of Pain"},{"not_picked":["SacredBark","Fusion Hammer"],"picked":"Black Star"}],"items_purged_floors":[20],"is_endless":false,"potions_floor_spawned":[2,4,5,7,13,18,28,30,33,36,46,47],"ascension_level":0}}