{"host":"3yynf0dn84873kbr","time":1609421707,"event":{"mods":["Act Like it!","Bard","BaseMod","CapriCore","Lobotomy","LobotomyExtend","Marisa£®ÏF”Í°°ƒß¿Ì…≥£©","Minty Spire (QoL Compilation)","StSLib","[IsaacMod]“‘»ˆº‚À˛"],"gold_per_floor":[112,123,123,123,138,138,138,148,148,161,161,193,193,211,211,310,310,326,326,346,356,367,367,416,455,531,597,446,446,446,446,446,582,582,628,628,225,295,326,326,326,344,414,414,414,461,461,494,494,542,542],"floor_reached":52,"playtime":1538,"items_purged":[],"score":777,"play_id":"29cbcb29-6726-4786-a8c5-21ac193ae356","local_time":"20201231213507","is_ascension_mode":false,"campfire_choices":[{"data":"UpSweep","floor":6,"key":"SMITH"},{"data":"PropBag","floor":11,"key":"SMITH"},{"floor":15,"key":"REST"},{"data":"MysteriousBeam","floor":23,"key":"SMITH"},{"data":"EscapeVelocity","floor":32,"key":"SMITH"},{"data":"SuperNova","floor":40,"key":"SMITH"},{"data":"SuperNova","floor":44,"key":"SMITH"},{"data":"MysteriousBeam","floor":47,"key":"SMITH"},{"data":"OortCloud","floor":49,"key":"SMITH"}],"circlet_count":0,"master_deck":["Strike_MRS+1","Strike_MRS+1","Strike_MRS+1","Strike_MRS+1","Defend_MRS+1","Defend_MRS+1","Defend_MRS+1","Defend_MRS+1","MasterSpark","UpSweep+1","ChargeUpSpray","Singularity","MysteriousBeam","PropBag+1","SuperNova+1","AsteroidBelt","MysteriousBeam+1","Robbery+1","Parasite","Parasite","WitchLeyline+1","PropBag+1","GasGiant","SprinkleStarSeal+1","EscapeVelocity+1","SuperNova+1","SuperPerseids+1","MysteriousBeam+1","SuperPerseids+1","OortCloud+1"],"relics":["MiniHakkero","HushsDoor","GuppysPaw","AnarchistCookbook","BelialBook","War Paint","Coffee Dripper","GuppysHead","NineLifeCat","ShroomBag","PillsDrop","Orrery","LetterFromLob","Sozu","Singing Bowl","Sling","Prayer Wheel","BookofShadows","PunchingBag"],"acts_visited":["Exordium","TheCity","TheBeyond"],"potions_floor_usage":[14],"damage_taken":[{"damage":1,"enemies":"Jaw Worm","floor":1,"turns":3},{"damage":10,"enemies":"Small Slimes","floor":2,"turns":3},{"damage":0,"enemies":"Cultist","floor":5,"turns":3},{"damage":13,"enemies":"2 Fungi Beasts","floor":8,"turns":3},{"damage":0,"enemies":"Looter","floor":10,"turns":1},{"damage":13,"enemies":"3 Sentries","floor":12,"turns":4},{"damage":3,"enemies":"Exordium Wildlife","floor":14,"turns":3},{"damage":22,"enemies":"The Guardian","floor":16,"turns":8},{"damage":0,"enemies":"Shell Parasite","floor":18,"turns":2},{"damage":0,"enemies":"2 Thieves","floor":20,"turns":1},{"damage":0,"enemies":"Snake Plant","floor":21,"turns":4},{"damage":0,"enemies":"Snecko","floor":22,"turns":3},{"damage":6,"enemies":"Slavers","floor":24,"turns":3},{"damage":0,"enemies":"3 Cultists","floor":25,"turns":4},{"damage":0,"enemies":"Chosen and Byrds","floor":27,"turns":3},{"damage":8,"enemies":"Champ","floor":33,"turns":5},{"damage":0,"enemies":"3 Shapes","floor":35,"turns":2},{"damage":0,"enemies":"Mind Bloom Boss Battle","floor":38,"turns":4},{"damage":0,"enemies":"Orb Walker","floor":39,"turns":3},{"damage":0,"enemies":"Sphere and 2 Shapes","floor":42,"turns":4},{"damage":0,"enemies":"Reptomancer","floor":46,"turns":3},{"damage":0,"enemies":"4 Shapes","floor":48,"turns":3},{"damage":0,"enemies":"Awakened One","floor":50,"turns":4}],"seed_played":"-794561026949540851","potions_obtained":[{"floor":5,"key":"Fire Potion"},{"floor":8,"key":"DuplicationPotion"},{"floor":10,"key":"BottledSpark"},{"floor":18,"key":"SteroidPotion"},{"floor":25,"key":"SkillPotion"}],"is_trial":false,"path_per_floor":["M","M","$","?","M","R","?","M","T","M","R","E","?","M","R","B",null,"M","?","M","M","M","R","E","M","T","M","$","?","?","?","R","B",null,"M","?","$","?","M","R","?","M","T","R","?","E","R","M","R","B",null,null],"character_chosen":"MARISA","items_purchased":["GuppysHead","NineLifeCat","CasketOfStar","Orrery","Singing Bowl","Sling"],"campfire_rested":1,"item_purchase_floors":[17,17,17,28,37,37],"current_hp_per_floor":[74,64,64,49,49,49,49,36,36,36,36,23,16,13,35,13,9,9,9,3,3,1,1,1,1,1,1,1,1,1,1,1,1,1,1,1,1,3,1,1,3,1,1,1,1,1,1,3,3,3,3],"gold":542,"neow_bonus":"THREE_CARDS","is_daily":false,"chose_seed":false,"campfire_upgraded":8,"win_rate":0.0,"timestamp":1609421707,"path_taken":["M","M","$","?","M","R","?","?","T","M","R","E","?","M","R","BOSS","M","?","M","M","M","R","E","M","T","M","?","?","?","?","R","BOSS","M","?","$","?","M","R","?","M","T","R","?","E","R","?","R","BOSS"],"items_purchased_type":["Relic","Relic","Card","Relic","Relic","Relic"],"build_version":"2020-12-22","purchased_purges":0,"victory":true,"max_hp_per_floor":[75,75,75,75,75,75,75,75,75,75,75,75,75,75,75,75,9,9,9,3,3,1,1,1,1,1,1,1,1,1,1,1,1,1,1,1,1,3,1,1,3,1,1,1,1,1,1,3,3,3,3],"card_choices":[{"not_picked":[],"picked":"Bomb","floor":0},{"not_picked":["LuminesStrike","GravityBeat"],"picked":"ChargeUpSpray","floor":0},{"not_picked":["GrandCross","IllusionStar"],"picked":"Singularity","floor":1},{"not_picked":["Robbery","SatelliteIllusion","DragonMeteor"],"picked":"SKIP","floor":2},{"not_picked":["LuminesStrike","ChargeUpSpray"],"picked":"Bomb","floor":5},{"not_picked":["IllusionStar","GalacticHalo"],"picked":"MysteriousBeam","floor":8},{"not_picked":["DarkSpark","GrandCross"],"picked":"PropBag","floor":10},{"not_picked":["NonDirectionalLaser","MeteoricShower","PulseMagic"],"picked":"SKIP","floor":12},{"not_picked":["WitchLeyline","GalacticHalo"],"picked":"FairyDestructionRay","floor":14},{"not_picked":["EscapeVelocity","TreasureHunter"],"picked":"SuperNova","floor":16},{"not_picked":["MagicChant","EnergyRecoil","GalacticHalo"],"picked":"SKIP","floor":18},{"not_picked":["NonDirectionalLaser","StarBarrage"],"picked":"AsteroidBelt","floor":20},{"not_picked":["OpenUniverse+1","AsteroidBelt"],"picked":"MysteriousBeam","floor":21},{"not_picked":["PowerUp+1","NonDirectionalLaser"],"picked":"Robbery+1","floor":22},{"not_picked":["MaximisePower","RefractionSpark+1","ShootingEcho"],"picked":"SKIP","floor":24},{"not_picked":["DC","GalacticHalo"],"picked":"WitchLeyline+1","floor":25},{"not_picked":["EnergyRecoil","GrandCross"],"picked":"PropBag+1","floor":27},{"not_picked":["Robbery+1","6A"],"picked":"GasGiant","floor":28},{"not_picked":["SporeBomb+1","PowerUp"],"picked":"SprinkleStarSeal+1","floor":28},{"not_picked":["ManaConvection","PowerUp"],"picked":"EscapeVelocity","floor":28},{"not_picked":["IllusionStar","6A+1"],"picked":"SuperNova","floor":28},{"not_picked":["WitchOfGreed+1","EventHorizon"],"picked":"SuperPerseids+1","floor":28},{"not_picked":["DeepEcoloBomb","SporeBomb"],"picked":"MysteriousBeam","floor":35},{"not_picked":["AlicesGift+1","DragonMeteor+1","GalacticHalo+1"],"picked":"Singing Bowl","floor":38},{"not_picked":["GalacticHalo+1","StarlightTyphoon+1","DC+1"],"picked":"Singing Bowl","floor":39},{"not_picked":["Robbery+1","AsteroidBelt","GrandCross+1"],"picked":"Singing Bowl","floor":39},{"not_picked":["Discovery","Dramatic Entrance","Blind"],"picked":"Singing Bowl","floor":41},{"not_picked":["RefractionSpark","PowerUp+1","ShootingEcho+1"],"picked":"Singing Bowl","floor":42},{"not_picked":["DC","MachineGunSpark","MagicChant+1"],"picked":"Singing Bowl","floor":42},{"not_picked":["ManaRampage","GravityBeat+1"],"picked":"SuperPerseids+1","floor":46},{"not_picked":["LuminesStrike","MysteriousBeam+1","Occultation"],"picked":"Singing Bowl","floor":48},{"not_picked":["Acceleration","IllusionStar+1"],"picked":"OortCloud","floor":48}],"player_experience":140190,"relics_obtained":[{"floor":9,"key":"AnarchistCookbook"},{"floor":12,"key":"BelialBook"},{"floor":24,"key":"ShroomBag"},{"floor":26,"key":"PillsDrop"},{"floor":33,"key":"LetterFromLob"},{"floor":38,"key":"Prayer Wheel"},{"floor":43,"key":"BookofShadows"},{"floor":46,"key":"PunchingBag"}],"event_choices":[{"damage_healed":0,"gold_gain":0,"player_choice":"Entered Light","damage_taken":15,"max_hp_gain":0,"max_hp_loss":0,"event_name":"Shining Light","floor":4,"gold_loss":0,"cards_upgraded":["Strike_MRS","Strike_MRS"]},{"damage_healed":0,"gold_gain":0,"player_choice":"Leave","damage_taken":0,"max_hp_gain":0,"max_hp_loss":0,"event_name":"The Cleric","floor":7,"gold_loss":0},{"damage_healed":0,"gold_gain":0,"player_choice":"Success","damage_taken":7,"relics_obtained":["War Paint"],"max_hp_gain":0,"max_hp_loss":0,"event_name":"Scrap Ooze","floor":13,"gold_loss":0},{"damage_healed":0,"gold_gain":0,"player_choice":"Simplicity","damage_taken":0,"max_hp_gain":0,"max_hp_loss":0,"event_name":"Back to Basics","floor":19,"gold_loss":0,"cards_upgraded":["Strike_MRS","Strike_MRS","Defend_MRS","Defend_MRS"]},{"cards_removed":["FairyDestructionRay"],"damage_healed":0,"gold_gain":0,"player_choice":"Purged","damage_taken":0,"max_hp_gain":0,"max_hp_loss":0,"event_name":"Purifier","floor":29,"gold_loss":0},{"damage_healed":0,"gold_gain":0,"player_choice":"Ignored","damage_taken":0,"max_hp_gain":0,"max_hp_loss":0,"event_name":"Vampires","floor":30,"gold_loss":0},{"cards_removed":["CasketOfStar"],"damage_healed":0,"gold_gain":0,"player_choice":"Removed Power","damage_taken":0,"max_hp_gain":0,"max_hp_loss":0,"event_name":"Falling","floor":36,"gold_loss":0},{"damage_healed":0,"gold_gain":0,"player_choice":"Fight","damage_taken":0,"max_hp_gain":0,"max_hp_loss":0,"event_name":"MindBloom","floor":38,"gold_loss":0},{"damage_healed":0,"gold_gain":0,"player_choice":"Memory 1","damage_taken":0,"max_hp_gain":0,"max_hp_loss":0,"event_name":"SensoryStone","floor":41,"gold_loss":0}],"is_beta":false,"boss_relics":[{"not_picked":["Velvet Choker","Fusion Hammer"],"picked":"Coffee Dripper"},{"not_picked":[]},{"not_picked":["Runic Pyramid","Busted Crown"],"picked":"Sozu"},{"not_picked":[]}],"items_purged_floors":[],"is_endless":false,"potions_floor_spawned":[5,8,10,18,25,33,46],"ascension_level":0}}