{"host":"aryqrlgvv7cx3d7m","time":1609408207,"event":{"mods":["AchievementEnabler","BaseMod","Downfall","Hermit","Infinite Spire","Marisa????????","Minty Spire (QoL Compilation)","Remilia??????","Replay The Spire","StSLib","The Cursed","The Hierophant","The Servant 0.9.4"],"gold_per_floor":[116,116,134,154,2,2,18,48,101,119,74,27,27,45,45,150,150,169,169,169,169,169,169,169,169],"floor_reached":24,"playtime":1891,"items_purged":[],"score":196,"play_id":"91385c9c-53da-49ac-beb5-e30486c852b3","local_time":"20201231045007","is_ascension_mode":false,"campfire_choices":[{"data":"KidneyShot","floor":6,"key":"SMITH"},{"floor":13,"key":"REST"},{"data":"Spin","floor":15,"key":"SMITH"},{"floor":23,"key":"REST"}],"circlet_count":0,"master_deck":["Strike_S","Strike_S","Strike_S","Strike_S","Defend_S","Defend_S","Defend_S","Defend_S","KidneyShot+1","GearUp","Duplication","Barrier","Contraction","SilverBlades","PendulumOfEternity","Spin+1","Replace","Starlight","Snipe","SoulSculpture","CommonCold","ReplayTheSpireMod:Faulty Equipment","Overencumbered","Hightail+1","Impatience+1","Slimebound:CheckThePlaybook+1","Slimebound:Icky"],"relics":["Uniform","Centennial Puzzle","Question Card","ReplayTheSpireMod:Lightbulb","Replay:Ancient Bell","Pen Nib","Toxic Egg 2","PocketWatch","PreservedInsect"],"acts_visited":["Exordium","TheCity"],"potions_floor_usage":[8,20,20],"damage_taken":[{"damage":7,"enemies":"Small Slimes","floor":1,"turns":5},{"damage":0,"enemies":"Cultist","floor":3,"turns":4},{"damage":0,"enemies":"2 Louse","floor":4,"turns":6},{"damage":0,"enemies":"Blue Slaver","floor":7,"turns":6},{"damage":15,"enemies":"Lagavulin","floor":8,"turns":13},{"damage":0,"enemies":"Large Slime","floor":10,"turns":8},{"damage":0,"enemies":"Looter","floor":11,"turns":5},{"damage":9,"enemies":"Exordium Thugs","floor":14,"turns":4},{"damage":52,"enemies":"Slime Boss","floor":16,"turns":11},{"damage":41,"enemies":"2 Thieves","floor":18,"turns":5},{"damage":0,"enemies":"3 Byrds","floor":20,"turns":1},{"damage":52,"enemies":"Gremlin Leader","floor":24,"turns":9}],"seed_played":"-2303176025847239929","potions_obtained":[{"floor":4,"key":"Fruit Juice"},{"floor":10,"key":"SmokeBomb"},{"floor":16,"key":"Dexterity Potion"},{"floor":18,"key":"BlessingOfTheForge"}],"is_trial":false,"path_per_floor":["M","?","M","M","$","R","M","E","T","M","M","$","R","M","R","B",null,"M","?","M","?","?","R","E"],"character_chosen":"THE_SERVANT","items_purchased":["Centennial Puzzle","Starlight"],"campfire_rested":2,"item_purchase_floors":[5,12],"current_hp_per_floor":[64,64,64,64,64,64,64,54,54,54,54,54,76,67,67,15,76,35,23,23,23,23,45,0,0],"gold":169,"neow_bonus":"TEN_PERCENT_HP_BONUS","is_daily":false,"chose_seed":false,"campfire_upgraded":2,"win_rate":0.0,"timestamp":1609408207,"path_taken":["M","?","M","M","?","R","?","E","T","M","M","?","R","M","R","BOSS","M","?","?","?","?","R","E"],"items_purchased_type":["Relic","Card"],"build_version":"2020-12-22","purchased_purges":0,"victory":false,"max_hp_per_floor":[71,71,71,71,71,71,71,76,76,76,76,76,76,76,76,76,76,76,76,76,76,76,76,76,76],"card_choices":[{"not_picked":["Starlight","StarChef"],"picked":"GearUp","floor":1},{"not_picked":["Foresight","Defy"],"picked":"Barrier","floor":3},{"not_picked":["Replace","ShatteredReality"],"picked":"Contraction","floor":4},{"not_picked":["BottledTime","Shuttle"],"picked":"SilverBlades","floor":7},{"not_picked":["MurderousAura","Starlight"],"picked":"PendulumOfEternity","floor":8},{"not_picked":["Ricochet","Replace","FastForward"],"picked":"Spin","floor":10},{"not_picked":["SpecialFormula","FloweringNight","Advance"],"picked":"Replace","floor":11},{"not_picked":["ShiftingGears","Rewind","Alleviate"],"picked":"Snipe","floor":14},{"not_picked":["PendulumOfEternity","ForgedInTime","LightFlow"],"picked":"SoulSculpture","floor":16},{"not_picked":["Sloth_TH","infinitespire:Pacifist","Writhe"],"picked":"CommonCold","floor":17},{"not_picked":["Sloth_TH","Lust_TH","Clumsy"],"picked":"ReplayTheSpireMod:Faulty Equipment","floor":17},{"not_picked":["Sloth_TH","Regret","Pain"],"picked":"Overencumbered","floor":17},{"not_picked":["ReturningBlade","TimeWarp","Foresight"],"picked":"Hightail+1","floor":18}],"player_experience":2192,"relics_obtained":[{"floor":8,"key":"Question Card"},{"floor":9,"key":"ReplayTheSpireMod:Lightbulb"}],"event_choices":[{"damage_healed":0,"gold_gain":0,"cards_transformed":["Exchange"],"player_choice":"Transformed","damage_taken":0,"max_hp_gain":0,"max_hp_loss":0,"event_name":"Transmorgrifier","floor":2,"gold_loss":0,"cards_obtained":["Duplication"]},{"damage_healed":0,"gold_gain":0,"player_choice":"CARD ","damage_taken":12,"max_hp_gain":0,"max_hp_loss":0,"event_name":"Knowing Skull","floor":19,"potions_obtained":[],"gold_loss":0,"cards_obtained":["Impatience"]},{"damage_healed":0,"gold_gain":0,"player_choice":"Opened","damage_taken":0,"relics_obtained":["PreservedInsect"],"max_hp_gain":0,"max_hp_loss":0,"event_name":"The Mausoleum","floor":22,"gold_loss":0}],"is_beta":false,"boss_relics":[{"not_picked":["Busted Crown","Cursed Key"],"picked":"Replay:Ancient Bell"},{"not_picked":["Grinning Jar","Bag of Marbles"],"picked":"Pen Nib"},{"not_picked":["Replay:Accelerometer","Replay:Bottled Steam"],"picked":"Toxic Egg 2"},{"not_picked":["Girya","infinitespire:Lychee Nut"],"picked":"PocketWatch"}],"items_purged_floors":[],"is_endless":false,"potions_floor_spawned":[4,10,16,18],"killed_by":"Gremlin Leader","ascension_level":0}}