{"host":"egwexuw5uvnxf11j","time":1609446295,"event":{"mods":["2.2 Compatiblity","Aspiration","BaseMod","Better Altar","Better Note","Better Sensory Stone","Better Third Choice","Displayed Cursed Tome","Downfall","Hermit","Key Reminder","Koishi","Marisa????????","Minty Spire (QoL Compilation)","Quick Restart","Shade Mod","Spicy Shops","StSLib","The Construct","The Cursed","The Hierophant","The Runesmith","The Senshi","The Servant 0.9.4","Transform Curses"],"gold_per_floor":[118,118,118,44,70,70,102,114,172,215,227,239,283,309,321,434,446,473,465,493,505,505],"floor_reached":21,"playtime":789,"items_purged":[],"score":203,"play_id":"d0ded7fb-fa59-4dc9-b407-cc170aa99e5e","local_time":"20201231152455","is_ascension_mode":true,"campfire_choices":[{"data":"hermit:Snapshot","floor":6,"key":"SMITH"},{"data":"hermit:LowProfile","floor":8,"key":"SMITH"},{"floor":11,"key":"REST"},{"floor":15,"key":"REST"}],"circlet_count":0,"master_deck":["hermit:Strike_Hermit","hermit:Strike_Hermit","hermit:Strike_Hermit","hermit:Strike_Hermit","hermit:Defend_Hermit","hermit:Defend_Hermit","hermit:Defend_Hermit","hermit:Defend_Hermit","hermit:Snapshot+1","hermit:Covet","hermit:Malice","hermit:Grudge","hermit:LowProfile+1","hermit:Brawl","hermit:Roulette","hermit:HoleUp","hermit:HighNoon","hermit:Spite","hermit:Desperado"],"relics":["hermit:ClaspedLocket","Lantern","PreservedInsect","MawBank","keyreminder:keyreminder","theSenshi:SailorFukuRelic","Bag of Marbles","Blue Candle"],"acts_visited":["Exordium","TheCity"],"potions_floor_usage":[16,16,21],"damage_taken":[{"damage":6,"enemies":"Jaw Worm","floor":1,"turns":3},{"damage":4,"enemies":"3 Sentries","floor":7,"turns":4},{"damage":21,"enemies":"Lagavulin","floor":10,"turns":5},{"damage":14,"enemies":"Gremlin Nob","floor":13,"turns":4},{"damage":2,"enemies":"2 Louse","floor":14,"turns":2},{"damage":52,"enemies":"Slime Boss","floor":16,"turns":12},{"damage":48,"enemies":"Spheric Guardian","floor":18,"turns":6},{"damage":10,"enemies":"Chosen","floor":20,"turns":4},{"damage":25,"enemies":"Snake Plant","floor":21,"turns":3}],"seed_played":"-2691748391737188956","potions_obtained":[{"floor":1,"key":"BlessingOfTheForge"},{"floor":13,"key":"Ancient Potion"},{"floor":14,"key":"Swift Potion"},{"floor":18,"key":"Fire Potion"},{"floor":19,"key":"AttackPotion"}],"is_trial":false,"path_per_floor":["M","?","?","$","T","R","E","R","T","E","R","$","E","M","R","B",null,"M","?","M","M"],"character_chosen":"HERMIT","items_purchased":["hermit:Grudge"],"campfire_rested":2,"item_purchase_floors":[4],"current_hp_per_floor":[76,73,81,81,81,81,77,77,77,56,80,80,66,64,82,30,82,34,34,24,0,0],"gold":505,"neow_bonus":"TEN_PERCENT_HP_BONUS","is_daily":false,"chose_seed":false,"campfire_upgraded":2,"win_rate":0.0,"timestamp":1609446295,"path_taken":["M","?","?","$","?","R","E","R","T","E","R","$","E","M","R","BOSS","M","?","?","M"],"items_purchased_type":["Card"],"build_version":"2020-12-22","purchased_purges":0,"victory":false,"max_hp_per_floor":[82,82,82,82,82,82,82,82,82,82,82,82,82,82,82,82,82,82,82,82,82,82],"card_choices":[{"not_picked":["hermit:Spite","hermit:Snipe"],"picked":"hermit:Malice","floor":1},{"not_picked":["hermit:CalledShot","hermit:WideOpen"],"picked":"hermit:LowProfile","floor":7},{"not_picked":["hermit:LowProfile","hermit:CalledShot"],"picked":"hermit:Brawl","floor":10},{"not_picked":["hermit:Vantage","hermit:Snipe"],"picked":"hermit:Roulette","floor":13},{"not_picked":["hermit:Snipe","hermit:Dive"],"picked":"hermit:HoleUp","floor":14},{"not_picked":["hermit:Purgatory","hermit:Adapt"],"picked":"hermit:HighNoon","floor":16},{"not_picked":["hermit:Vantage","hermit:WideOpen+1"],"picked":"hermit:Spite","floor":18},{"not_picked":["hermit:TrackingShot","hermit:Headshot"],"picked":"hermit:Desperado","floor":20}],"player_experience":2108466,"relics_obtained":[{"floor":5,"key":"PreservedInsect"},{"floor":7,"key":"MawBank"},{"floor":9,"key":"theSenshi:SailorFukuRelic"},{"floor":10,"key":"Bag of Marbles"},{"floor":13,"key":"Blue Candle"}],"event_choices":[{"damage_healed":0,"gold_gain":0,"player_choice":"Relic ","damage_taken":3,"max_hp_gain":0,"max_hp_loss":0,"event_name":"betterThird:BetterScrap","floor":2,"gold_loss":0,"cards_obtained":["Perseverance"]},{"damage_healed":0,"gold_gain":0,"player_choice":"Bought 1 Potion","damage_taken":0,"max_hp_gain":0,"max_hp_loss":0,"event_name":"The Woman in Blue","floor":19,"gold_loss":0}],"is_beta":false,"boss_relics":[{"not_picked":["Busted Crown","aspiration:FutureDiary"],"picked":"hermit:ClaspedLocket"}],"items_purged_floors":[],"is_endless":false,"potions_floor_spawned":[1,13,14,18,20],"killed_by":"Snake Plant","ascension_level":1}}