{"host":"er8s5flrc5z1a07t","time":1609373854,"event":{"mods":["2.2 Compatiblity","Act Like it!","Bard","BaseMod","Better Note","Better Third Choice","Downfall","Duelist Mod","Elementarium","Energized Spire","GifTheSpireLib","Hermit","Hubris","Infinite Spire","Minty Spire (QoL Compilation)","Relic Stats","Replay The Spire","Shop Mod","StSLib","Stuff the Spire","Synergy Search","The Cursed","The Disciple","The Mystic"],"gold_per_floor":[368,382,171,190,209,209,238,238,238,272,272,272,272],"floor_reached":12,"playtime":418,"items_purged":["Looming Evil"],"score":163,"play_id":"8e56bb71-4fb1-426e-a109-837355ef5401","local_time":"20201230191734","is_ascension_mode":true,"campfire_choices":[{"floor":6,"key":"REST"},{"floor":8,"key":"REST"}],"circlet_count":0,"master_deck":["AscendersBane","Strike_G","Strike_G","Strike_G","Strike_G","Strike_G","Defend_G","Defend_G","Defend_G","Defend_G","Defend_G","Survivor","Neutralize","StuffTheSpire:Shiver","Distraction","Blade Dance","Accuracy","Cloak And Dagger","Blade Dance","Dodge and Roll","StuffTheSpire:Sprint","Injury"],"relics":["Ring of the Snake","Bottled Lightning","hubris:Reverence","Juzu Bracelet","Golden Idol"],"acts_visited":["Exordium"],"potions_floor_usage":[5,10],"damage_taken":[{"damage":15,"enemies":"Cultist","floor":1,"turns":5},{"damage":8,"enemies":"Small Slimes","floor":2,"turns":6},{"damage":9,"enemies":"2 Louse","floor":4,"turns":2},{"damage":11,"enemies":"Large Slime","floor":5,"turns":6},{"damage":22,"enemies":"Gremlin Nob","floor":7,"turns":4},{"damage":8,"enemies":"3 Sentries","floor":10,"turns":9},{"damage":38,"enemies":"Gremlin Nob","floor":12,"turns":4}],"seed_played":"2123921725763270173","potions_obtained":[{"floor":4,"key":"Adrenaline Potion"},{"floor":5,"key":"Fire Potion"},{"floor":10,"key":"Ancient Potion"}],"is_trial":false,"path_per_floor":["M","M","$","M","M","R","E","R","T","E","?","E"],"character_chosen":"THE_SILENT","items_purchased":["Blade Dance","Accuracy"],"campfire_rested":2,"item_purchase_floors":[3,3],"current_hp_per_floor":[44,36,36,27,16,35,13,32,32,24,24,0,0],"gold":272,"neow_bonus":"TWO_FIFTY_GOLD","is_daily":false,"chose_seed":false,"campfire_upgraded":0,"win_rate":0.0,"timestamp":1609373854,"path_taken":["M","?","$","M","M","R","E","R","T","E","?","E"],"items_purchased_type":["Card","Card"],"build_version":"2020-12-22","purchased_purges":1,"victory":false,"max_hp_per_floor":[66,66,66,66,66,66,66,66,66,66,66,66,66],"relic_stats":{"counters":[7,36],"Golden Idol":0,"Juzu Bracelet":0,"obtain_stats":[{"Golden Idol":11,"Juzu Bracelet":10,"Bottled Lightning":7,"Ring of the Snake":0,"hubris:Reverence":9},{"Golden Idol":6,"Juzu Bracelet":6,"Bottled Lightning":5,"Ring of the Snake":0,"hubris:Reverence":5},{"Golden Idol":32,"Juzu Bracelet":32,"Bottled Lightning":23,"Ring of the Snake":0,"hubris:Reverence":23}],"Ring of the Snake":[14]},"card_choices":[{"not_picked":["Flying Knee","ReplayTheSpireMod:Shiv Toss"],"picked":"StuffTheSpire:Shiver","floor":1},{"not_picked":["Prepared","Deflect"],"picked":"Distraction","floor":2},{"not_picked":["Crippling Poison","StuffTheSpire:Incursion"],"picked":"Cloak And Dagger","floor":4},{"not_picked":["StuffTheSpire:MirrorStance","Wraith Form v2"],"picked":"Blade Dance","floor":5},{"not_picked":["Predator","Expertise"],"picked":"Dodge and Roll","floor":7},{"not_picked":["Dagger Spray","Acrobatics"],"picked":"StuffTheSpire:Sprint","floor":10}],"player_experience":1191082,"relics_obtained":[{"floor":7,"key":"Bottled Lightning"},{"floor":9,"key":"hubris:Reverence"},{"floor":10,"key":"Juzu Bracelet"}],"event_choices":[{"damage_healed":0,"gold_gain":0,"player_choice":"Take Wound","damage_taken":0,"relics_obtained":["Golden Idol"],"max_hp_gain":0,"max_hp_loss":0,"event_name":"Golden Idol","floor":11,"gold_loss":0,"cards_obtained":["Injury"]}],"is_beta":false,"boss_relics":[],"items_purged_floors":[3],"is_endless":false,"potions_floor_spawned":[4,5,10],"killed_by":"Gremlin Nob","ascension_level":17}}