{"host":"e9p60owc4sjzscoh","time":1609404408,"event":{"mods":["BaseMod","Hubris","Marisa????????","Minty Spire (QoL Compilation)","Remilia??????","StSLib","The Animator","The Cursed","The Senshi","The Servant 0.9.4"],"gold_per_floor":[114,133,208,223,176,176,176,176,176,226,241,256,256,271,271,374,374,394,412,422,422,232,232,232,232,258,258,271,271,289,289,289],"floor_reached":31,"playtime":1597,"items_purged":[],"score":227,"play_id":"77b313e3-7e9b-4289-a51c-3b5a91dfe749","local_time":"20201231004648","is_ascension_mode":false,"campfire_choices":[{"data":"theSenshi:RoseThrow","floor":6,"key":"SMITH"},{"floor":8,"key":"RECALL"},{"floor":15,"key":"REST"},{"floor":23,"key":"REST"},{"floor":27,"key":"REST"},{"data":"theSenshi:MoonPrincessHalation","floor":29,"key":"SMITH"}],"circlet_count":0,"master_deck":["theSenshi:SailorKick","theSenshi:SailorKick","theSenshi:SailorKick","theSenshi:SailorKick+1","theSenshi:SailorBlock","theSenshi:SailorBlock","theSenshi:SailorBlock","theSenshi:SailorBlock","theSenshi:RoseThrow+1","theSenshi:MoonPrismPowerMakeUp","theSenshi:TallSilhouette","theSenshi:LunasBite","theSenshi:TuxedoMaskAssists","theSenshi:SailorMarsAssists+1","theSenshi:UranusStrength","theSenshi:LunasBite","theSenshi:LunasBite","theSenshi:IWillPunishYou","theSenshi:VenusGlamour+1","theSenshi:SupersonicWaves+1","theSenshi:SailorMarsAssists","Decay","theSenshi:MoonPrincessHalation+1","theSenshi:SailorVenusAssists"],"relics":["theSenshi:TransformationBroochRelic","NeowsBlessing","Whetstone","hubris:HollowSoul","hubris:Icosahedron","theSenshi:RedHairPiecesRelic","Orichalcum"],"acts_visited":["Exordium","TheCity"],"potions_floor_usage":[2,31],"damage_taken":[{"damage":0,"enemies":"Cultist","floor":1,"turns":1},{"damage":0,"enemies":"Jaw Worm","floor":2,"turns":1},{"damage":0,"enemies":"2 Louse","floor":4,"turns":1},{"damage":27,"enemies":"Gremlin Gang","floor":11,"turns":5},{"damage":0,"enemies":"2 Fungi Beasts","floor":12,"turns":2},{"damage":11,"enemies":"Blue Slaver","floor":14,"turns":2},{"damage":49,"enemies":"Hexaghost","floor":16,"turns":12},{"damage":31,"enemies":"Chosen","floor":18,"turns":6},{"damage":3,"enemies":"3 Byrds","floor":19,"turns":6},{"damage":68,"enemies":"Snake Plant","floor":20,"turns":6},{"damage":20,"enemies":"Sentry and Sphere","floor":28,"turns":4},{"damage":15,"enemies":"Cultist and Chosen","floor":30,"turns":4},{"damage":16,"enemies":"Snake Plant","floor":31,"turns":3}],"seed_played":"-5341110736495498348","potions_obtained":[{"floor":1,"key":"Energy Potion"},{"floor":2,"key":"Fruit Juice"},{"floor":12,"key":"Ancient Potion"},{"floor":13,"key":"SteroidPotion"},{"floor":14,"key":"FairyPotion"},{"floor":28,"key":"SteroidPotion"}],"is_trial":false,"path_per_floor":["M","M","?","M","$","R","$","R","T","T","M","M","?","M","R","B",null,"M","M","M","?","$","R","?","?","T","R","M","R","M","M"],"character_chosen":"THE_SENSHI","items_purchased":["theSenshi:SailorMarsAssists","theSenshi:RedHairPiecesRelic","theSenshi:SailorMarsAssists"],"campfire_rested":3,"item_purchase_floors":[5,22,22],"current_hp_per_floor":[75,80,69,69,69,69,69,69,69,69,42,42,42,31,55,6,80,49,46,2,2,2,26,52,52,52,76,56,56,41,0,0],"gold":289,"neow_bonus":"THREE_ENEMY_KILL","is_daily":false,"chose_seed":false,"campfire_upgraded":2,"win_rate":0.0,"timestamp":1609404408,"path_taken":["M","M","?","M","$","R","?","R","T","?","M","M","?","M","R","BOSS","M","M","?","?","$","R","?","?","T","R","M","R","?","M"],"items_purchased_type":["Card","Relic","Card"],"build_version":"2020-12-22","purchased_purges":0,"victory":false,"max_hp_per_floor":[75,80,80,80,80,80,80,80,80,80,80,80,80,80,80,80,80,80,80,80,80,80,80,80,80,80,80,80,80,80,80,80],"card_choices":[{"not_picked":["theSenshi:SailorStarMakerAssists","theSenshi:InTheNickOfTime"],"picked":"theSenshi:TallSilhouette","floor":1},{"not_picked":["theSenshi:MoonKick","theSenshi:SchoolBag"],"picked":"theSenshi:LunasBite","floor":2},{"not_picked":["theSenshi:UranusStrength","theSenshi:SailorStarMakerAssists"],"picked":"theSenshi:TuxedoMaskAssists","floor":4},{"not_picked":["theSenshi:SaturnsMystery","theSenshi:SailorVenusAssists"],"picked":"theSenshi:UranusStrength","floor":11},{"not_picked":["theSenshi:TallSilhouette","theSenshi:GatheringStrength"],"picked":"theSenshi:LunasBite","floor":12},{"not_picked":["theSenshi:SupersonicWaves","theSenshi:MoonKick"],"picked":"theSenshi:LunasBite","floor":14},{"not_picked":["theSenshi:SailorStarHealerAssists","theSenshi:SilverMoonCrystalPowerKiss"],"picked":"theSenshi:IWillPunishYou","floor":16},{"not_picked":["theSenshi:SchoolBag","theSenshi:EncouragingSpeech","theSenshi:YouCanTalk"],"picked":"SKIP","floor":18},{"not_picked":["theSenshi:SailorVenusAssists","theSenshi:SupersonicWaves"],"picked":"theSenshi:VenusGlamour+1","floor":19},{"not_picked":["theSenshi:MoonlightKnight","theSenshi:SailorPlanetAttack"],"picked":"theSenshi:SupersonicWaves+1","floor":20},{"not_picked":["theSenshi:MoonKick+1","theSenshi:SupersonicWaves"],"picked":"theSenshi:MoonPrincessHalation","floor":28},{"not_picked":["theSenshi:SupersonicWaves","theSenshi:SailorUranusAssists"],"picked":"theSenshi:SailorVenusAssists","floor":30}],"player_experience":28594,"relics_obtained":[{"floor":10,"key":"Whetstone"},{"floor":26,"key":"Orichalcum"}],"event_choices":[{"damage_healed":0,"gold_gain":75,"player_choice":"Gather Gold","damage_taken":11,"max_hp_gain":0,"max_hp_loss":0,"event_name":"World of Goop","floor":3,"gold_loss":0},{"damage_healed":0,"gold_gain":0,"player_choice":"Got Potions","damage_taken":0,"max_hp_gain":0,"max_hp_loss":0,"event_name":"Lab","floor":13,"gold_loss":0},{"damage_healed":26,"gold_gain":0,"player_choice":"Heal","damage_taken":0,"max_hp_gain":0,"max_hp_loss":0,"event_name":"The Library","floor":24,"gold_loss":0},{"damage_healed":0,"gold_gain":0,"player_choice":"Smashed Altar","damage_taken":0,"max_hp_gain":0,"max_hp_loss":0,"event_name":"Forgotten Altar","floor":25,"gold_loss":0,"cards_obtained":["Decay"]}],"is_beta":false,"boss_relics":[{"not_picked":["hubris:BlackHole","Coffee Dripper"],"picked":"hubris:HollowSoul"}],"items_purged_floors":[],"is_endless":false,"potions_floor_spawned":[1,2,12,14,28],"killed_by":"Snake Plant","ascension_level":0}}