{"host":"uonldg9uriwfhjjx","time":1609379250,"event":{"mods":["AchievementEnabler","BaseMod","Minty Spire (QoL Compilation)","Relic Stats"],"gold_per_floor":[111,111,286,9,9,44,65,65,146,146,164,184,198,222,222,312,312,328,328,328,74,74,74,74],"floor_reached":23,"playtime":885,"items_purged":["Doubt","Strike_B"],"score":312,"play_id":"6c8850f6-3b06-4862-889d-2fba08aaa2fe","local_time":"20201230204730","is_ascension_mode":true,"campfire_choices":[{"data":"Chrysalis","floor":8,"key":"SMITH"},{"data":"Chaos","floor":10,"key":"SMITH"},{"data":"Capacitor","floor":15,"key":"SMITH"}],"circlet_count":0,"master_deck":["AscendersBane","Strike_B","Strike_B","Defend_B","Defend_B","Defend_B+1","Defend_B","Zap","Dualcast","Electrodynamics","Chaos+1","Cold Snap","Chrysalis+1","Ball Lightning","Redo","Coolheaded+1","Capacitor+1","Machine Learning"],"relics":["Cracked Core","Golden Idol","Pantograph","Bottled Tornado","Inserter","War Paint"],"acts_visited":["Exordium","TheCity"],"potions_floor_usage":[16,18,18,23,23],"damage_taken":[{"damage":9,"enemies":"Jaw Worm","floor":1,"turns":3},{"damage":19,"enemies":"Lagavulin","floor":6,"turns":6},{"damage":0,"enemies":"2 Louse","floor":7,"turns":1},{"damage":8,"enemies":"Small Slimes","floor":11,"turns":2},{"damage":14,"enemies":"Red Slaver","floor":12,"turns":2},{"damage":1,"enemies":"2 Fungi Beasts","floor":13,"turns":2},{"damage":6,"enemies":"Blue Slaver","floor":14,"turns":4},{"damage":30,"enemies":"Slime Boss","floor":16,"turns":8},{"damage":20,"enemies":"Spheric Guardian","floor":18,"turns":6},{"damage":41,"enemies":"Slavers","floor":23,"turns":4}],"seed_played":"-6606688496582384944","potions_obtained":[{"floor":6,"key":"EssenceOfDarkness"},{"floor":13,"key":"EntropicBrew"},{"floor":18,"key":"SkillPotion"},{"floor":22,"key":"PotionOfCapacity"},{"floor":22,"key":"EssenceOfDarkness"}],"is_trial":false,"path_per_floor":["M","?","?","$","?","E","M","R","T","R","M","M","M","M","R","B",null,"M","?","?","$","?","E"],"character_chosen":"DEFECT","items_purchased":["Cold Snap","Chrysalis","War Paint"],"campfire_rested":0,"item_purchase_floors":[4,4,21],"current_hp_per_floor":[59,59,59,59,59,40,40,40,40,40,32,18,17,11,11,6,53,33,33,33,33,33,0,0],"gold":74,"neow_bonus":"ONE_RANDOM_RARE_CARD","is_daily":false,"chose_seed":false,"campfire_upgraded":3,"win_rate":0.0,"timestamp":1609379250,"path_taken":["M","?","?","$","?","E","M","R","T","R","?","M","M","M","R","BOSS","M","?","?","$","?","E"],"items_purchased_type":["Card","Card","Relic"],"build_version":"2020-12-22","purchased_purges":2,"victory":false,"max_hp_per_floor":[75,69,69,69,69,69,69,69,69,69,69,69,69,69,69,69,69,69,69,69,69,69,69,69],"relic_stats":{"Inserter":[5],"counters":[10,38],"Golden Idol":48,"Pantograph":25,"War Paint":["Defend_B","Coolheaded"],"obtain_stats":[{"Inserter":17,"Golden Idol":2,"Pantograph":6,"Bottled Tornado":9,"War Paint":21,"Cracked Core":0},{"Inserter":8,"Golden Idol":1,"Pantograph":2,"Bottled Tornado":3,"War Paint":9,"Cracked Core":0},{"Inserter":28,"Golden Idol":3,"Pantograph":9,"Bottled Tornado":10,"War Paint":34,"Cracked Core":0}]},"card_choices":[{"not_picked":["Cold Snap","Aggregate"],"picked":"Chaos","floor":1},{"not_picked":["Hologram","Streamline","Sweeping Beam"],"picked":"SKIP","floor":6},{"not_picked":["Steam","Gash"],"picked":"Ball Lightning","floor":7},{"not_picked":["Hello World","Rebound"],"picked":"Redo","floor":11},{"not_picked":["Rebound","Stack","Compile Driver"],"picked":"SKIP","floor":12},{"not_picked":["Gash","Redo"],"picked":"Coolheaded","floor":13},{"not_picked":["Sweeping Beam","Creative AI"],"picked":"Capacitor","floor":14},{"not_picked":["Creative AI","Amplify"],"picked":"Machine Learning","floor":16},{"not_picked":["Beam Cell","Stack+1","Sweeping Beam"],"picked":"SKIP","floor":18}],"player_experience":690252,"relics_obtained":[{"floor":6,"key":"Pantograph"},{"floor":9,"key":"Bottled Tornado"}],"event_choices":[{"damage_healed":0,"gold_gain":0,"player_choice":"Lose Max HP","damage_taken":0,"relics_obtained":["Golden Idol"],"max_hp_gain":0,"max_hp_loss":6,"event_name":"Golden Idol","floor":2,"gold_loss":0},{"damage_healed":0,"gold_gain":175,"player_choice":"AGREE","damage_taken":0,"max_hp_gain":0,"max_hp_loss":0,"event_name":"Liars Game","floor":3,"gold_loss":0,"cards_obtained":["Doubt"]},{"cards_removed":["Strike_B"],"damage_healed":0,"gold_gain":0,"player_choice":"Card Removal","damage_taken":0,"max_hp_gain":0,"max_hp_loss":0,"event_name":"Wheel of Change","floor":5,"gold_loss":0},{"damage_healed":0,"gold_gain":0,"player_choice":"Ignored","damage_taken":0,"max_hp_gain":0,"max_hp_loss":0,"event_name":"Vampires","floor":19,"gold_loss":0},{"damage_healed":0,"gold_gain":0,"player_choice":"Ignored","damage_taken":0,"max_hp_gain":0,"max_hp_loss":0,"event_name":"Ghosts","floor":20,"gold_loss":0},{"damage_healed":0,"gold_gain":0,"player_choice":"Got Potions","damage_taken":0,"max_hp_gain":0,"max_hp_loss":0,"event_name":"Lab","floor":22,"gold_loss":0}],"is_beta":false,"boss_relics":[{"not_picked":["Fusion Hammer","Calling Bell"],"picked":"Inserter"}],"items_purged_floors":[4,21],"is_endless":false,"potions_floor_spawned":[6,13,18],"killed_by":"Slavers","ascension_level":13}}