{"host":"x4juqxtivqd4pvh0","time":1609453324,"event":{"mods":["AchievementEnabler","BaseMod","Colored Map","Colored Powertips","Googly Eyes","Minty Spire (QoL Compilation)","Rare Cards Sparkle","Shop Mod","SuperFastMode"],"gold_per_floor":[116,136,136,39,39,39,54,69,142,152,169,169,119,142,142,245,245,265,265,265,265,265,364,394,73,73,73,90,104,104,121,121,121,121],"floor_reached":33,"playtime":1398,"items_purged":[],"score":235,"play_id":"d8845de9-4528-4bb8-88e9-a8c6aab5c5a3","local_time":"20210101085204","is_ascension_mode":false,"campfire_choices":[{"data":"Inflame","floor":6.0,"key":"SMITH"},{"data":"Carnage","floor":15.0,"key":"SMITH"},{"floor":27,"key":"REST"},{"data":"Seeing Red","floor":30,"key":"SMITH"},{"data":"Bludgeon","floor":32,"key":"SMITH"}],"circlet_count":0,"master_deck":["Strike_R+1","Strike_R+1","Strike_R+1","Strike_R+1","Strike_R+1","Defend_R+1","Defend_R+1","Defend_R+1","Defend_R+1","Clash","Good Instincts","Carnage+1","Shrug It Off","Twin Strike","Shrug It Off","Twin Strike","Seeing Red+1","Heavy Blade","Twin Strike","Bludgeon+1"],"relics":["Burning Blood","NeowsBlessing","HornCleat","Odd Mushroom","Juzu Bracelet","Red Mask","FossilizedHelix","Ancient Tea Set"],"acts_visited":["Exordium","TheCity"],"potions_floor_usage":[33,33,33],"damage_taken":[{"damage":0.0,"enemies":"2 Louse","floor":1.0,"turns":1.0},{"damage":0.0,"enemies":"Cultist","floor":2.0,"turns":1.0},{"damage":0.0,"enemies":"Small Slimes","floor":7.0,"turns":1.0},{"damage":5.0,"enemies":"2 Fungi Beasts","floor":8.0,"turns":3.0},{"damage":0.0,"enemies":"Blue Slaver","floor":10.0,"turns":3.0},{"damage":0.0,"enemies":"Large Slime","floor":11.0,"turns":4.0},{"damage":7.0,"enemies":"The Mushroom Lair","floor":14.0,"turns":5.0},{"damage":49.0,"enemies":"Hexaghost","floor":16.0,"turns":11.0},{"damage":28,"enemies":"Spheric Guardian","floor":18,"turns":6},{"damage":62,"enemies":"Masked Bandits","floor":24,"turns":11},{"damage":0,"enemies":"Shell Parasite","floor":28,"turns":5},{"damage":0,"enemies":"Shelled Parasite and Fungi","floor":29,"turns":6},{"damage":0,"enemies":"Cultist and Chosen","floor":31,"turns":6},{"damage":102,"enemies":"Collector","floor":33,"turns":13}],"seed_played":"-4094905555330505457","potions_obtained":[{"floor":1.0,"key":"Energy Potion"},{"floor":2.0,"key":"CultistPotion"},{"floor":3.0,"key":"BloodPotion"},{"floor":3.0,"key":"Fire Potion"},{"floor":16.0,"key":"ElixirPotion"},{"floor":28,"key":"BloodPotion"},{"floor":31,"key":"Weak Potion"}],"is_trial":false,"path_per_floor":["M","M","?","$","?","R","M","M","T","M","M","$","?","?","R","B",null,"M","?","?","?","?","?","?","$","T","R","M","M","R","M","R","B"],"character_chosen":"IRONCLAD","items_purchased":["Good Instincts","FossilizedHelix","Seeing Red"],"campfire_rested":1,"item_purchase_floors":[4,25,25],"current_hp_per_floor":[80,80,80,80,80,80,80,80,80,80,80,80,80,79,79,36,80,58,58,58,58,80,80,24,24,24,48,54,60,60,66,66,0,0],"gold":121,"neow_bonus":"THREE_ENEMY_KILL","is_daily":false,"chose_seed":false,"campfire_upgraded":4,"win_rate":0.0,"timestamp":1609453324,"path_taken":["M","M","?","?","?","R","M","M","T","M","?","$","?","?","R","BOSS","M","?","?","?","?","?","?","?","T","R","M","M","R","M","R","BOSS"],"items_purchased_type":["Card","Relic","Card"],"build_version":"2020-12-22","purchased_purges":0,"victory":false,"max_hp_per_floor":[80,80,80,80,80,80,80,80,80,80,80,80,80,80,80,80,80,80,80,80,80,80,80,80,80,80,80,80,80,80,80,80,80,80],"card_choices":[{"not_picked":["Uppercut","Body Slam","Armaments"],"picked":"SKIP","floor":1.0},{"not_picked":["Wild Strike","Cleave"],"picked":"Clash","floor":2.0},{"not_picked":["Flame Barrier","True Grit","Entrench"],"picked":"SKIP","floor":7.0},{"not_picked":["Body Slam","Barricade"],"picked":"Carnage","floor":8.0},{"not_picked":["Armaments","Power Through"],"picked":"Shrug It Off","floor":10.0},{"not_picked":["Evolve","Perfected Strike"],"picked":"Twin Strike","floor":11.0},{"not_picked":["Infernal Blade","True Grit"],"picked":"Shrug It Off","floor":18},{"not_picked":["Rupture","Intimidate"],"picked":"Twin Strike","floor":24},{"not_picked":["Rupture+1","Perfected Strike"],"picked":"Heavy Blade","floor":28},{"not_picked":["Armaments","Warcry"],"picked":"Twin Strike","floor":29},{"not_picked":["True Grit","Wild Strike"],"picked":"Bludgeon","floor":31}],"player_experience":46724,"relics_obtained":[{"floor":9.0,"key":"HornCleat"},{"floor":14.0,"key":"Odd Mushroom"},{"floor":24,"key":"Red Mask"},{"floor":26,"key":"Ancient Tea Set"}],"event_choices":[{"damage_healed":0.0,"max_hp_gain":0.0,"max_hp_loss":0.0,"gold_gain":0.0,"event_name":"Lab","player_choice":"Got Potions","floor":3.0,"gold_loss":0.0,"damage_taken":0.0},{"damage_healed":0.0,"max_hp_gain":0.0,"max_hp_loss":0.0,"gold_gain":0.0,"cards_transformed":["Bash"],"event_name":"Transmorgrifier","player_choice":"Transformed","floor":5.0,"gold_loss":0.0,"damage_taken":0.0,"cards_obtained":["Inflame"]},{"cards_removed":["Inflame"],"damage_healed":0.0,"max_hp_gain":0.0,"max_hp_loss":0.0,"gold_gain":0.0,"event_name":"The Cleric","player_choice":"Card Removal","floor":13.0,"gold_loss":50.0,"damage_taken":0.0},{"damage_healed":0.0,"max_hp_gain":0.0,"max_hp_loss":0.0,"gold_gain":0.0,"event_name":"Mushrooms","player_choice":"Fought Mushrooms","floor":14.0,"gold_loss":0.0,"damage_taken":0.0},{"damage_healed":0,"gold_gain":0,"player_choice":"Opened","damage_taken":0,"relics_obtained":["Juzu Bracelet"],"max_hp_gain":0,"max_hp_loss":0,"event_name":"The Mausoleum","floor":19,"gold_loss":0},{"damage_healed":0,"gold_gain":0,"player_choice":"Ignored","damage_taken":0,"max_hp_gain":0,"max_hp_loss":0,"event_name":"Vampires","floor":20,"gold_loss":0},{"damage_healed":0,"gold_gain":0,"player_choice":"Simplicity","damage_taken":0,"max_hp_gain":0,"max_hp_loss":0,"event_name":"Back to Basics","floor":21,"gold_loss":0,"cards_upgraded":["Strike_R","Strike_R","Strike_R","Strike_R","Strike_R","Defend_R","Defend_R","Defend_R","Defend_R"]},{"damage_healed":26,"gold_gain":0,"player_choice":"Heal","damage_taken":0,"max_hp_gain":0,"max_hp_loss":0,"event_name":"The Library","floor":22,"gold_loss":0},{"damage_healed":0,"gold_gain":99,"player_choice":"Stole From Cult","damage_taken":0,"max_hp_gain":0,"max_hp_loss":0,"event_name":"Nest","floor":23,"gold_loss":0},{"damage_healed":0,"gold_gain":0,"player_choice":"Fought Bandits","damage_taken":0,"max_hp_gain":0,"max_hp_loss":0,"event_name":"Masked Bandits","floor":24,"gold_loss":0}],"is_beta":false,"boss_relics":[{"not_picked":["Snecko Eye","Busted Crown","Philosopher\u0027s Stone"]}],"items_purged_floors":[],"is_endless":false,"potions_floor_spawned":[1,2,8,10,16,24,28,31],"killed_by":"Collector","ascension_level":0}}