{"host":"nzm1i0l8mrsm8hd2","time":1609417189,"event":{"mods":["Act Like it!","Aspiration","BaseMod","Conspire","Gensokyo","Minty Spire (QoL Compilation)","Pale of the Ancients","Quick Restart","RumiaBox-露米娅的神秘盒子","Spicy Shops","StSLib","The Alterego"],"gold_per_floor":[113,133,133,58,72,72,72,85,136,136,36,36,68,79,79,179,179,199,199,199,123,123,158,183,183,183,234,234,259,281,75,75,185,185,208,208,86,86,107,288,288,309,334,357,357,388,402,421,421,421,434,454,454,454,454,471,471,16,16,16],"floor_reached":61,"playtime":3102,"items_purged":["alterego_mod:Strike","alterego_mod:Strike","alterego_mod:Defend"],"score":1526,"play_id":"bc02f8e0-6c6c-49f6-9a7b-0e27a84539ac","local_time":"20201231201949","is_ascension_mode":false,"campfire_choices":[{"data":"alterego_mod:BigMeatyClaws","floor":6.0,"key":"SMITH"},{"data":"alterego_mod:IndependentAction","floor":10.0,"key":"SMITH"},{"data":"alterego_mod:Impale","floor":15.0,"key":"SMITH"},{"data":"Cloak And Dagger","floor":25.0,"key":"SMITH"},{"data":"alterego_mod:Support","floor":28.0,"key":"SMITH"},{"data":"alterego_mod:Lift","floor":32.0,"key":"SMITH"},{"data":"alterego_mod:Venus","floor":41,"key":"SMITH"},{"data":"Cloak And Dagger+1","floor":49,"key":"SMITH"},{"data":"Cloak And Dagger+2","floor":55,"key":"SMITH"},{"data":"Cloak And Dagger+3","floor":57,"key":"SMITH"}],"circlet_count":0,"master_deck":["alterego_mod:Impale+1","alterego_mod:BigMeatyClaws+1","alterego_mod:Nekomimi","alterego_mod:Support+1","alterego_mod:IndependentAction+1","alterego_mod:Undulate","alterego_mod:Valkyrie+1","Gensokyo:MenInBlack","Dodge and Roll","Cloak And Dagger+4","alterego_mod:Undulate","alterego_mod:ChallengeComplete+1","alterego_mod:PurpleHair","alterego_mod:Lift+1","alterego_mod:Venus+1","alterego_mod:Birthday+1","alterego_mod:STier+1","alterego_mod:DiscoLights","alterego_mod:STier","alterego_mod:DiscoLights+1","alterego_mod:Cushion","alterego_mod:Birthday+1"],"relics":["alterego_mod:MasochisticConstitution","aspiration:Nostalgia","Burning Blood","Gensokyo:Justice","InkBottle","aspiration:Lifesprig","Black Star","Whetstone","Bronze Scales","The Courier","aspiration:SeaSaltIceCream","AddBug","aspiration:Nostalgia","Ring of the Snake","aspiration:ChemicalBlood","EasyGame_NEW","Lantern","Gensokyo:DualWield","conspire:InfiniteJournal","HornCleat","MagicDraw3","aspiration:Lifesprig","Regal Pillow","Incense Burner","conspire:Dentures","CaptainsWheel","EasyGame_NEW","paleoftheancients:Timepiece","paleoftheancients:KeyRelic","Coffee Dripper","Gremlin Horn","paleoftheancients:SoulOfTheShowman","Bottled Lightning","Pen Nib","SecretRecord"],"acts_visited":["Exordium","Gensokyo:Gensokyo","Gensokyo:Gensokyoer","Gensokyo:Gensokyoest"],"potions_floor_usage":[33,35,40,46,52,56,56,56,60],"damage_taken":[{"damage":15.0,"enemies":"Gensokyo:Gryphon","floor":1.0,"turns":4.0},{"damage":4.0,"enemies":"Gensokyo:2_Kodama","floor":2.0,"turns":4.0},{"damage":5.0,"enemies":"Gensokyo:3_Fairies","floor":5.0,"turns":5.0},{"damage":4.0,"enemies":"Gensokyo:VengefulSpirit","floor":8.0,"turns":4.0},{"damage":8.0,"enemies":"Gensokyo:Cirno","floor":13.0,"turns":5.0},{"damage":15.0,"enemies":"Gensokyo:3_Kodama","floor":14.0,"turns":4.0},{"damage":0.0,"enemies":"Gensokyo:Reimu","floor":16.0,"turns":6.0},{"damage":6.0,"enemies":"Gensokyo:3_Dogs","floor":18.0,"turns":4.0},{"damage":31.0,"enemies":"Gensokyo:Tenshi","floor":23.0,"turns":5.0},{"damage":0.0,"enemies":"Gensokyo:CosmicMonolith","floor":24.0,"turns":3.0},{"damage":38.0,"enemies":"conspire:MimicChest","floor":27.0,"turns":7.0},{"damage":0.0,"enemies":"Gensokyo:Chomper_and_Gloop","floor":29.0,"turns":6.0},{"damage":14.0,"enemies":"Gensokyo:Slime_Group","floor":30.0,"turns":5.0},{"damage":11,"enemies":"Gensokyo:Eternal_Rivals","floor":33,"turns":9},{"damage":19,"enemies":"Gensokyo:AncientGuardian","floor":35,"turns":7},{"damage":0,"enemies":"Gensokyo:3_Boulders","floor":39,"turns":2},{"damage":12,"enemies":"Gensokyo:Doremy","floor":40,"turns":4},{"damage":1,"enemies":"Gensokyo:SeedOfUnknown","floor":42,"turns":4},{"damage":4,"enemies":"Gensokyo:Dusk_and_Dawn","floor":44,"turns":3},{"damage":4,"enemies":"Gensokyo:Kasen","floor":46,"turns":2},{"damage":0,"enemies":"Gensokyo:Rafflesia","floor":47,"turns":7},{"damage":0,"enemies":"Gensokyo:Sharpion","floor":48,"turns":4},{"damage":9,"enemies":"Gensokyo:Scarlet_Devils","floor":50,"turns":6},{"damage":0,"enemies":"Gensokyo:Scarlet_Devils","floor":51,"turns":6},{"damage":2,"enemies":"Gensokyo:Scarlet_Devils","floor":52,"turns":8},{"damage":0,"enemies":"Gensokyo:Scarlet_Devils","floor":56,"turns":6},{"damage":0,"enemies":"paleoftheancients:N","floor":60,"turns":4}],"seed_played":"-7580333581085155586","potions_obtained":[{"floor":2.0,"key":"FearPotion"},{"floor":8.0,"key":"Fruit Juice"},{"floor":13.0,"key":"Fire Potion"},{"floor":14.0,"key":"Ancient Potion"},{"floor":27.0,"key":"SkillPotion"},{"floor":30.0,"key":"CultistPotion"},{"floor":35,"key":"DistilledChaos"},{"floor":42,"key":"EntropicBrew"}],"is_trial":false,"path_per_floor":["M","M","?","$","M","R","?","M","T","R","$","T","E","M","R","B",null,"M","?","?","$","?","E","M","R","T","?","R","M","M","COS","R","B",null,"M","?","$","?","M","E","R","M","T","M","?","E","M","M","R","B","M","M","?","T","R","M","R","$","?","B",null],"character_chosen":"The_Alterego","items_purchased":["Whetstone","Lantern","Pen Nib","SecretRecord"],"campfire_rested":0,"item_purchase_floors":[21,37,58,58],"current_hp_per_floor":[62,72,72,72,73,73,80,86,86,86,86,86,85,77,77,83,88,89,81,81,81,81,64,70,70,70,39,39,52,62,62,62,65,85,73,73,73,73,82,80,80,88,88,89,89,90,90,90,90,91,91,92,92,92,92,92,92,92,92,92],"gold":16,"neow_bonus":"NOSTALGIA","is_daily":false,"chose_seed":false,"campfire_upgraded":10,"win_rate":0.0,"timestamp":1609417189,"path_taken":["M","?","?","?","M","R","?","M","T","R","$","?","E","?","R","BOSS","M","?","?","$","?","E","M","R","T","?","R","?","M","COS","R","BOSS","M","?","$","?","M","E","R","M","T","M","?","E","M","M","R","BOSS","M","M","?","T","R","M","R","$","?","BOSS"],"items_purchased_type":["Relic","Relic","Relic","Relic"],"build_version":"2020-12-22","purchased_purges":3,"victory":true,"max_hp_per_floor":[71,72,72,72,73,73,80,86,86,86,86,86,87,88,88,88,88,89,81,81,81,81,82,82,82,82,83,83,83,84,84,84,85,85,86,86,86,86,86,87,87,88,88,89,89,90,90,90,90,91,91,92,92,92,92,92,92,92,92,92],"card_choices":[{"not_picked":["alterego_mod:Maid","alterego_mod:DeftHands"],"picked":"alterego_mod:Nekomimi","floor":1.0},{"not_picked":["alterego_mod:1TonWallop","alterego_mod:Cooking"],"picked":"alterego_mod:Support","floor":2.0},{"not_picked":["alterego_mod:BusterCard","alterego_mod:Skirt"],"picked":"alterego_mod:IndependentAction","floor":5.0},{"not_picked":["alterego_mod:BustOut","alterego_mod:Pet"],"picked":"alterego_mod:Belle","floor":8.0},{"not_picked":["alterego_mod:PerceptionDisorder","alterego_mod:DustData","alterego_mod:Cooking"],"picked":"SKIP","floor":13.0},{"not_picked":["alterego_mod:Bloomers","alterego_mod:DeftHands"],"picked":"alterego_mod:Undulate","floor":14.0},{"not_picked":["alterego_mod:VirginLaserPalladion","alterego_mod:AlterEgo"],"picked":"alterego_mod:Valkyrie","floor":16.0},{"not_picked":["alterego_mod:IndependentAction+1","alterego_mod:GoddessCore","alterego_mod:DeftHands"],"picked":"SKIP","floor":18.0},{"not_picked":["Gensokyo:TekeTeke","Gensokyo:EightFeetTall"],"picked":"Gensokyo:MenInBlack","floor":19.0},{"not_picked":["alterego_mod:Nekomimi","alterego_mod:PerceptionDisorder","alterego_mod:BeGentle"],"picked":"SKIP","floor":23.0},{"not_picked":["alterego_mod:Nekomimi","alterego_mod:Maid+1"],"picked":"alterego_mod:Undulate","floor":24.0},{"not_picked":["alterego_mod:GoddessCore","alterego_mod:Valentines"],"picked":"alterego_mod:ChallengeComplete+1","floor":27.0},{"not_picked":["alterego_mod:Mirror","alterego_mod:Lingerie"],"picked":"alterego_mod:PurpleHair","floor":29.0},{"not_picked":["alterego_mod:MaintainEyeContact","alterego_mod:DiscoLights"],"picked":"alterego_mod:Lift","floor":30.0},{"not_picked":["alterego_mod:STier","alterego_mod:Palingenesis"],"picked":"alterego_mod:Venus","floor":33},{"not_picked":["alterego_mod:BiFurious+1","alterego_mod:ChallengeComplete+1"],"picked":"alterego_mod:Birthday+1","floor":35},{"not_picked":["alterego_mod:RingBreak","alterego_mod:BrynhildrRomantia"],"picked":"alterego_mod:STier","floor":35},{"not_picked":["alterego_mod:Skirt+1","alterego_mod:Cooking+1"],"picked":"alterego_mod:DiscoLights","floor":39},{"not_picked":["alterego_mod:PerceptionDisorder","alterego_mod:Smother","alterego_mod:IndependentAction"],"picked":"SKIP","floor":40},{"not_picked":["alterego_mod:Swimsuit","alterego_mod:Cooking"],"picked":"alterego_mod:STier","floor":42},{"not_picked":["alterego_mod:SakuraFive+1","alterego_mod:Cooking","alterego_mod:Collar+1"],"picked":"SKIP","floor":44},{"not_picked":["alterego_mod:Clap+1","alterego_mod:Pet+1"],"picked":"alterego_mod:DiscoLights+1","floor":46},{"not_picked":["alterego_mod:Jiggle","alterego_mod:Rip+1"],"picked":"alterego_mod:Cushion","floor":47},{"not_picked":["alterego_mod:SakuraLabyrinth+1","alterego_mod:PerceptionDisorder"],"picked":"alterego_mod:Birthday+1","floor":48},{"not_picked":["alterego_mod:Crossover","alterego_mod:Bounce","alterego_mod:HighServant"],"picked":"SKIP","floor":51},{"not_picked":["alterego_mod:Alter","alterego_mod:DiscoLights","alterego_mod:Rip"],"picked":"SKIP","floor":52},{"not_picked":["alterego_mod:Bounce+1","alterego_mod:Undulate+1","alterego_mod:TrashNCrash"],"picked":"SKIP","floor":56}],"player_experience":566051,"relics_obtained":[{"floor":12.0,"key":"InkBottle"},{"floor":13.0,"key":"aspiration:Lifesprig"},{"floor":23.0,"key":"Bronze Scales"},{"floor":23.0,"key":"The Courier"},{"floor":26.0,"key":"aspiration:SeaSaltIceCream"},{"floor":27.0,"key":"aspiration:Nostalgia"},{"floor":27.0,"key":"aspiration:ChemicalBlood"},{"floor":40,"key":"HornCleat"},{"floor":40,"key":"MagicDraw3"},{"floor":42,"key":"aspiration:Lifesprig"},{"floor":43,"key":"Regal Pillow"},{"floor":46,"key":"conspire:Dentures"},{"floor":46,"key":"CaptainsWheel"},{"floor":48,"key":"EasyGame_NEW"},{"floor":51,"key":"paleoftheancients:SoulOfTheShowman"},{"floor":52,"key":"paleoftheancients:SoulOfTheSilent"},{"floor":54,"key":"Bottled Lightning"},{"floor":56,"key":"paleoftheancients:SoulOfTheBandit"}],"event_choices":[{"damage_healed":0,"gold_gain":0,"player_choice":"Leave","damage_taken":0,"max_hp_gain":0,"max_hp_loss":0,"event_name":"conspire:Investor","floor":53,"gold_loss":0}],"is_beta":false,"boss_relics":[{"not_picked":["Astrolabe","Calling Bell"],"picked":"Black Star"},{"not_picked":["Empty Cage","SlaversCollar"],"picked":"EasyGame_NEW"}],"items_purged_floors":[4,11,58],"is_endless":false,"potions_floor_spawned":[2,8,13,14,27,30,35,42,47,48,51],"ascension_level":0}}