{"host":"hkfd27larxvbrzdx","time":1609430858,"event":{"mods":["AchievementEnabler","BaseMod","Colored Map","Colored Powertips","DeckTracker","Minty Spire (QoL Compilation)"],"gold_per_floor":[119,119,119,130,80,114,114,142,142,142,157,157,173,173,173,276,276,287,302,302,302],"floor_reached":20,"playtime":1472,"items_purged":[],"score":228,"play_id":"85f57e0c-5fa8-4d85-8050-c1161b8d6e50","local_time":"20210101000738","is_ascension_mode":true,"campfire_choices":[{"data":"Zap","floor":10,"key":"SMITH"},{"data":"Hologram","floor":12,"key":"SMITH"},{"data":"Defragment","floor":15,"key":"SMITH"}],"circlet_count":0,"master_deck":["Strike_B","Strike_B","Defend_B","Defend_B","Defend_B","Defend_B","Zap+1","Dualcast","Barrage","Hologram+1","Go for the Eyes","Defragment+1","Sweeping Beam","Rip and Tear","Multi-Cast","Steam+1"],"relics":["Cracked Core","NeowsBlessing","Question Card","Vajra","Art of War","Sozu"],"acts_visited":["Exordium","TheCity"],"potions_floor_usage":[8,16,16,16],"damage_taken":[{"damage":0,"enemies":"Jaw Worm","floor":1,"turns":1},{"damage":0,"enemies":"Cultist","floor":4,"turns":1},{"damage":0,"enemies":"3 Sentries","floor":6,"turns":1},{"damage":11,"enemies":"Lagavulin","floor":8,"turns":5},{"damage":0,"enemies":"Small Slimes","floor":11,"turns":3},{"damage":6,"enemies":"Looter","floor":13,"turns":2},{"damage":45,"enemies":"Slime Boss","floor":16,"turns":8},{"damage":21,"enemies":"3 Byrds","floor":18,"turns":4},{"damage":19,"enemies":"Spheric Guardian","floor":19,"turns":4},{"damage":48,"enemies":"Masked Bandits","floor":20,"turns":3}],"seed_played":"-1666751196206800555","potions_obtained":[{"floor":1,"key":"Swift Potion"},{"floor":2,"key":"PowerPotion"},{"floor":2,"key":"Regen Potion"},{"floor":2,"key":"Fire Potion"},{"floor":11,"key":"PowerPotion"},{"floor":13,"key":"Fruit Juice"}],"is_trial":false,"path_per_floor":["M","?","$","M","?","E","?","E","T","R","M","R","M","$","R","B",null,"M","M","?"],"character_chosen":"DEFECT","items_purchased":[],"campfire_rested":0,"item_purchase_floors":[],"current_hp_per_floor":[75,75,75,75,75,75,75,64,64,64,64,64,58,58,58,30,80,59,40,0,0],"gold":302,"neow_bonus":"THREE_ENEMY_KILL","is_daily":false,"chose_seed":false,"campfire_upgraded":3,"win_rate":0.0,"timestamp":1609430858,"path_taken":["M","?","$","?","?","E","?","E","T","R","M","R","M","$","R","BOSS","M","?","?"],"items_purchased_type":[],"build_version":"2020-12-22","purchased_purges":0,"victory":false,"max_hp_per_floor":[75,75,75,75,75,75,75,75,75,75,75,75,75,75,75,80,80,80,80,80,80],"card_choices":[{"not_picked":["Capacitor","Lockon"],"picked":"Barrage","floor":1},{"not_picked":["Beam Cell","Go for the Eyes"],"picked":"Hologram","floor":4},{"not_picked":["Hello World","Stack"],"picked":"Go for the Eyes","floor":6},{"not_picked":["Hyperbeam","Machine Learning","Creative AI"],"picked":"Defragment","floor":8},{"not_picked":["Chaos","Scrape","Storm"],"picked":"Sweeping Beam","floor":11},{"not_picked":["White Noise","Hello World","Doom and Gloom"],"picked":"Rip and Tear","floor":13},{"not_picked":["Electrodynamics","Fission","Thunder Strike"],"picked":"Multi-Cast","floor":16},{"not_picked":["Cold Snap","Barrage","Rebound+1"],"picked":"Steam+1","floor":18},{"not_picked":["Double Energy+1","Stack","Storm","Steam Power"],"picked":"SKIP","floor":19}],"player_experience":183235,"relics_obtained":[{"floor":6,"key":"Question Card"},{"floor":8,"key":"Vajra"},{"floor":9,"key":"Art of War"}],"event_choices":[{"damage_healed":0,"gold_gain":0,"player_choice":"Got Potions","damage_taken":0,"max_hp_gain":0,"max_hp_loss":0,"event_name":"Lab","floor":2,"gold_loss":0},{"cards_removed":["Strike_B"],"damage_healed":0,"gold_gain":0,"player_choice":"Card Removal","damage_taken":0,"max_hp_gain":0,"max_hp_loss":0,"event_name":"The Cleric","floor":5,"gold_loss":50},{"cards_removed":["Strike_B"],"damage_healed":0,"gold_gain":0,"player_choice":"Offered Basic","damage_taken":0,"max_hp_gain":0,"max_hp_loss":0,"event_name":"Bonfire Elementals","floor":7,"gold_loss":0},{"damage_healed":0,"gold_gain":0,"player_choice":"Fought Bandits","damage_taken":0,"max_hp_gain":0,"max_hp_loss":0,"event_name":"Masked Bandits","floor":20,"gold_loss":0}],"is_beta":false,"boss_relics":[{"not_picked":["Runic Pyramid","Velvet Choker"],"picked":"Sozu"}],"items_purged_floors":[],"is_endless":false,"potions_floor_spawned":[1,11,13,18,19],"killed_by":"Masked Bandits","ascension_level":2}}