{"host":"4amcrcg6ktw8dbzk","time":1609392463,"event":{"mods":["ATMod(°¢èªMod)","BaseMod","Dota2Spire","Minty Spire (QoL Compilation)","MostiFishMod","Spicy Shops","StSLib","Waifu the Spire"],"gold_per_floor":[209,34,46,58,68,68,110,110,110,146,175,219,219,246,246,328,328,344,357,381,57,86,124,124,144,144,144,170,183,183,215,215,295,295,295],"floor_reached":34,"playtime":1939,"items_purged":["Strike_G","Defend_G"],"score":981,"play_id":"ebc5e0ef-1caa-48ec-9143-c680246f44fb","local_time":"20201231132743","is_ascension_mode":true,"campfire_choices":[{"data":"AT_FocusSwordFire","floor":6.0,"key":"SMITH"},{"data":"AT_FamilyPortrait","floor":8,"key":"SMITH"},{"data":"AT_ArcaneSupremacy","floor":15,"key":"SMITH"},{"floor":24,"key":"REST"},{"floor":30,"key":"REST"},{"floor":32,"key":"REST"}],"circlet_count":0,"master_deck":["AscendersBane"],"relics":["Ring of the Snake","DaveBox","AT_ATBox","ShadowXiaoBlade","SynthV:TestCard","CeramicFish","Mango","Paper Crane","Dota2Spire:RefresherOrb","Membership Card","Prayer Wheel","ImprovedEquipment","FixedStarFall"],"acts_visited":["Exordium","TheCity"],"potions_floor_usage":[7,16],"damage_taken":[{"damage":0.0,"enemies":"2 Louse","floor":1.0,"turns":2.0},{"damage":0.0,"enemies":"Cultist","floor":3.0,"turns":1.0},{"damage":4.0,"enemies":"Jaw Worm","floor":4.0,"turns":3.0},{"damage":16.0,"enemies":"Exordium Wildlife","floor":5.0,"turns":3.0},{"damage":5,"enemies":"3 Sentries","floor":7,"turns":3},{"damage":0,"enemies":"Gremlin Nob","floor":10,"turns":2},{"damage":1,"enemies":"Blue Slaver","floor":11,"turns":2},{"damage":15,"enemies":"3 Sentries","floor":12,"turns":3},{"damage":0,"enemies":"Exordium Thugs","floor":14,"turns":2},{"damage":0,"enemies":"Slime Boss","floor":16,"turns":3},{"damage":0,"enemies":"Chosen","floor":18,"turns":3},{"damage":11,"enemies":"Spheric Guardian","floor":19,"turns":3},{"damage":19,"enemies":"Snake Plant","floor":20,"turns":3},{"damage":29,"enemies":"Shelled Parasite and Fungi","floor":22,"turns":4},{"damage":0,"enemies":"Cultist and Chosen","floor":23,"turns":3},{"damage":5,"enemies":"Snake Plant","floor":25,"turns":3},{"damage":7,"enemies":"Snecko","floor":28,"turns":5},{"damage":0,"enemies":"Centurion and Healer","floor":29,"turns":3},{"damage":26,"enemies":"Cultist and Chosen","floor":31,"turns":6},{"damage":0,"enemies":"Automaton","floor":33,"turns":4}],"seed_played":"695317787929627927","potions_obtained":[{"floor":1.0,"key":"AttackPotion"},{"floor":11,"key":"Dexterity Potion"},{"floor":12,"key":"EssenceOfSteel"},{"floor":16,"key":"Dexterity Potion"}],"is_trial":false,"path_per_floor":["M","$","M","M","M","R","E","R","T","E","M","E","?","M","R","B",null,"M","M","M","$","M","M","R","M","T","?","M","M","R","M","R","B",null],"character_chosen":"THE_SILENT","items_purchased":["Membership Card","Prayer Wheel","MostiFishMod:Dislodge"],"campfire_rested":3,"item_purchase_floors":[21,21,21],"current_hp_per_floor":[59,59,59,55,39,39,34,34,34,48,47,32,32,32,32,32,68,68,57,38,38,9,9,33,28,28,28,21,25,49,23,47,47,47,47],"gold":295,"neow_bonus":"HUNDRED_GOLD","is_daily":false,"chose_seed":false,"campfire_upgraded":3,"win_rate":0.0,"timestamp":1609392463,"path_taken":["M","$","M","M","M","R","E","R","T","E","M","E","?","?","R","BOSS","M","M","?","$","?","M","R","M","T","?","M","M","R","M","R","BOSS"],"items_purchased_type":["Relic","Relic","Card"],"build_version":"2020-12-22","purchased_purges":2,"victory":false,"max_hp_per_floor":[66,66,66,66,66,66,66,66,66,80,80,80,80,80,80,80,80,80,80,80,80,80,80,80,80,80,80,80,80,80,80,80,80,80,80],"card_choices":[{"not_picked":["Prepared","Dodge and Roll"],"picked":"Infinite Blades","floor":1.0},{"not_picked":["Backstab","Crippling Poison","Prepared","Underhanded Strike"],"picked":"Dagger Spray","floor":3.0},{"not_picked":["Flechettes","Slice","MostiFishMod:PreservedThorns","Dagger Throw"],"picked":"AT_FocusSwordFire","floor":4.0},{"not_picked":["Flying Knee","PiercingWail","AT_WindRun","Poisoned Stab"],"picked":"Backflip","floor":5.0},{"not_picked":["Expertise","Deflect","AT_WomanClash","MostiFishMod:PerfectParry"],"picked":"Backflip","floor":7},{"not_picked":["Deadly Poison","Acrobatics","Storm of Steel","Slice"],"picked":"AT_ArcaneSupremacy","floor":10},{"not_picked":["Quick Slash","Setup","Outmaneuver","Backflip"],"picked":"Concentrate","floor":11},{"not_picked":["Outmaneuver","Backstab","Quick Slash","Noxious Fumes"],"picked":"Choke","floor":12},{"not_picked":["Outmaneuver","Backstab","Catalyst","AT_TwilightShroud"],"picked":"Blur","floor":14},{"not_picked":["MostiFishMod:Opportunism","Venomology","MostiFishMod:SpreadingSpore","MostiFishMod:VineMother"],"picked":"AT_EssenceShift","floor":16},{"not_picked":["Outmaneuver","Predator","MostiFishMod:InvigoratingSolution","Flechettes","Slice"],"picked":"SKIP","floor":18},{"not_picked":["Prepared","Distraction+1","AT_WomanClash","Storm of Steel","MostiFishMod:PreservedThorns"],"picked":"SKIP","floor":19},{"not_picked":["Slice","Bouncing Flask","MostiFishMod:PerfectParry","Quick Slash"],"picked":"Acrobatics","floor":20},{"not_picked":["Dagger Spray","AT_Desolate","Quick Slash","Acrobatics"],"picked":"Cloak And Dagger","floor":22},{"not_picked":["AT_WindFlip","AT_WindRun","Cloak And Dagger","Blade Dance"],"picked":"Prepared","floor":22},{"not_picked":["MostiFishMod:PerfectParry","Dagger Throw","PiercingWail","Prepared"],"picked":"MostiFishMod:LethalBlade","floor":23},{"not_picked":["Prepared","PiercingWail+1","AT_WindFlip","Poisoned Stab"],"picked":"Expertise","floor":23},{"not_picked":["MostiFishMod:VineMother","MostiFishMod:PoisonShield","Dagger Spray","MostiFishMod:PerfectParry"],"picked":"Acrobatics","floor":25},{"not_picked":["Backstab","Crippling Poison","AT_ArcaneSupremacy","AT_WindFlip","Dagger Throw"],"picked":"SKIP","floor":25},{"not_picked":["Flechettes","Quick Slash","Masterful Stab","MostiFishMod:InvigoratingSolution"],"picked":"Prepared","floor":28},{"not_picked":["Noxious Fumes","Slice","PiercingWail","Dodge and Roll+1","AT_TinkerSharpsword"],"picked":"SKIP","floor":28},{"not_picked":["Prepared","MostiFishMod:PerfectParry","Skewer","Outmaneuver","Riddle With Holes"],"picked":"SKIP","floor":29},{"not_picked":["Cloak And Dagger","Bane","PiercingWail","Backstab+1","MostiFishMod:Neurotoxin"],"picked":"SKIP","floor":29},{"not_picked":["Blade Dance","Prepared","Deadly Poison","AT_TwilightShroud"],"picked":"Backflip","floor":31},{"not_picked":["Deadly Poison","MostiFishMod:PoisonShield","Endless Agony","Caltrops"],"picked":"Cloak And Dagger","floor":31},{"not_picked":["MostiFishMod:Dislodge","A Thousand Cuts","Bullet Time","MostiFishMod:Wind"],"picked":"MostiFishMod:SpreadingSpore","floor":33}],"player_experience":320211,"relics_obtained":[{"floor":1.0,"key":"SynthV:TestCard"},{"floor":7,"key":"CeramicFish"},{"floor":10,"key":"Mango"},{"floor":12,"key":"Paper Crane"},{"floor":26,"key":"ImprovedEquipment"}],"event_choices":[{"damage_healed":0,"gold_gain":0,"player_choice":"Forge","damage_taken":0,"max_hp_gain":0,"max_hp_loss":0,"event_name":"Accursed Blacksmith","floor":13,"gold_loss":0,"cards_upgraded":["Concentrate"]},{"damage_healed":0,"gold_gain":0,"player_choice":"Ignored","damage_taken":0,"max_hp_gain":0,"max_hp_loss":0,"event_name":"Ghosts","floor":27,"gold_loss":0}],"is_beta":false,"boss_relics":[{"not_picked":["xbg","Transparent"],"picked":"Dota2Spire:RefresherOrb"},{"not_picked":["Pandora\u0027s Box","Snecko Eye"],"picked":"FixedStarFall"}],"items_purged_floors":[2,2],"is_endless":false,"potions_floor_spawned":[1,11,12,16,20,22,28,31,33],"ascension_level":17}}