{"host":"h0xw20cia6ppa69g","time":1609405997,"event":{"mods":["AchievementEnabler","BaseMod","Colored Map","Filter the Spire","Googly Eyes","Minty Spire (QoL Compilation)","Relic Stats","StSLib","The Awakened One except there are too many feathers","everything is the same but u backflip on backflip"],"gold_per_floor":[115,115,115,65,65,85,115,134,134,145,171,171,189,200,200,297,297,313,313,313,329,348,378,378,388,388,456,490,490,519,519,519,623,623,636,168,187,187,200,234,285,285,312,330,340,33,61,61,61,61,61,61,11,39,39],"floor_reached":56,"playtime":3392,"items_purged":["Strike_R","Strike_R"],"score":1401,"play_id":"0a22bf39-a3a8-42ea-bc05-537d71bd8c39","local_time":"20201231031317","is_ascension_mode":true,"campfire_choices":[{"data":"The Bomb","floor":12.0,"key":"SMITH"},{"data":"Armaments","floor":15.0,"key":"SMITH"},{"floor":24.0,"key":"RECALL"},{"floor":29.0,"key":"REST"},{"floor":32.0,"key":"REST"},{"floor":42,"key":"REST"},{"floor":49,"key":"REST"},{"floor":52,"key":"REST"}],"circlet_count":0,"master_deck":["Defend_R+1","Defend_R","Defend_R","Defend_R+1","Bash","The Bomb+1","Armaments+1","True Grit","Evolve","Battle Trance","Burning Pact","Corruption","Headbutt+1","Disarm","Metallicize","Clothesline+1","True Grit","Bloodletting","Barricade","Ghostly","Ghostly","Ghostly","Ghostly","Ghostly","Impervious","Power Through","Metallicize","Battle Trance+1","Armaments+1","Ghostly Armor+1","Second Wind","Flame Barrier","The Bomb","Power Through+1","Madness+1","Madness+1","Clothesline+1"],"relics":["Burning Blood","Ornamental Fan","Boot","Du-Vu Doll","Fusion Hammer","Nunchaku","Bottled Tornado","Question Card","Bronze Scales","Lizard Tail","Empty Cage","Ice Cream","Charon\u0027s Ashes","Champion Belt","Oddly Smooth Stone","Membership Card","Toxic Egg 2","Red Skull"],"acts_visited":["Exordium","TheCity","TheBeyond","TheEnding"],"potions_floor_usage":[55,55,55],"damage_taken":[{"damage":2.0,"enemies":"2 Louse","floor":1.0,"turns":3.0},{"damage":0.0,"enemies":"Jaw Worm","floor":6.0,"turns":4.0},{"damage":10.0,"enemies":"3 Sentries","floor":7.0,"turns":9.0},{"damage":0.0,"enemies":"Small Slimes","floor":8.0,"turns":3.0},{"damage":1.0,"enemies":"3 Louse","floor":10.0,"turns":4.0},{"damage":12.0,"enemies":"Gremlin Nob","floor":11.0,"turns":4.0},{"damage":0.0,"enemies":"Blue Slaver","floor":13.0,"turns":5.0},{"damage":13.0,"enemies":"Exordium Wildlife","floor":14.0,"turns":3.0},{"damage":28.0,"enemies":"The Guardian","floor":16.0,"turns":11.0},{"damage":27.0,"enemies":"Shell Parasite","floor":18.0,"turns":7.0},{"damage":14.0,"enemies":"Spheric Guardian","floor":21.0,"turns":5.0},{"damage":6.0,"enemies":"Shelled Parasite and Fungi","floor":22.0,"turns":5.0},{"damage":5.0,"enemies":"Gremlin Leader","floor":23.0,"turns":8.0},{"damage":6.0,"enemies":"Cultist and Chosen","floor":25.0,"turns":3.0},{"damage":0.0,"enemies":"Book of Stabbing","floor":28.0,"turns":9.0},{"damage":37.0,"enemies":"Gremlin Leader","floor":30.0,"turns":6.0},{"damage":21.0,"enemies":"Automaton","floor":33.0,"turns":14.0},{"damage":1.0,"enemies":"Orb Walker","floor":35.0,"turns":6.0},{"damage":1.0,"enemies":"3 Shapes","floor":37.0,"turns":6.0},{"damage":3.0,"enemies":"Sphere and 2 Shapes","floor":39.0,"turns":11.0},{"damage":8,"enemies":"Reptomancer","floor":40,"turns":10},{"damage":1,"enemies":"2 Orb Walkers","floor":41,"turns":4},{"damage":1,"enemies":"Spire Growth","floor":44,"turns":11},{"damage":1,"enemies":"Jaw Worm Horde","floor":45,"turns":3},{"damage":10,"enemies":"Giant Head","floor":47,"turns":14},{"damage":15,"enemies":"Awakened One","floor":50,"turns":29},{"damage":1,"enemies":"Shield and Spear","floor":54,"turns":7},{"damage":38,"enemies":"The Heart","floor":55,"turns":17}],"seed_played":"6189406102729622223","potions_obtained":[{"floor":6.0,"key":"Swift Potion"},{"floor":7.0,"key":"ElixirPotion"},{"floor":10.0,"key":"SpeedPotion"},{"floor":14.0,"key":"GamblersBrew"},{"floor":18.0,"key":"HeartOfIron"},{"floor":22.0,"key":"Block Potion"},{"floor":33.0,"key":"Ancient Potion"},{"floor":37.0,"key":"LiquidBronze"},{"floor":44,"key":"Dexterity Potion"}],"is_trial":false,"path_per_floor":["M","?","?","?","?","M","E","M","T","M","E","R","M","M","R","B",null,"M","?","?","M","M","E","R","M","T","T","E","R","E","?","R","B",null,"M","$","M","?","M","E","?","R","T","M","M","$","E","?","R","B",null,"R","$","E","B",null],"character_chosen":"IRONCLAD","items_purchased":["Power Through","Ice Cream","Membership Card","Second Wind","Flame Barrier","The Bomb"],"campfire_rested":5,"item_purchase_floors":[36,36,46,46,46,46],"current_hp_per_floor":[60,44,44,44,41,47,43,49,49,54,48,48,54,47,47,25,80,59,44,44,36,36,37,37,37,37,37,43,68,37,37,42,27,42,42,42,42,42,42,40,42,42,42,42,42,42,38,33,42,33,42,42,42,42,10],"gold":39,"neow_bonus":"RANDOM_COLORLESS_2","is_daily":false,"chose_seed":false,"campfire_upgraded":2,"win_rate":0.0,"timestamp":1609405997,"path_taken":["M","?","?","?","?","M","E","M","T","?","E","R","M","M","R","BOSS","M","?","?","M","M","E","R","M","T","?","E","R","E","?","R","BOSS","M","$","M","?","M","E","?","R","T","M","M","$","E","?","R","BOSS","R","$","E","BOSS"],"items_purchased_type":["Card","Relic","Relic","Card","Card","Card"],"build_version":"2020-12-22","purchased_purges":2,"victory":true,"max_hp_per_floor":[80,80,80,80,80,80,80,80,80,80,80,80,80,80,80,80,80,80,85,85,85,85,85,85,85,85,85,85,85,85,42,42,42,42,42,42,42,42,42,42,42,42,42,42,42,42,42,42,42,42,42,42,42,42,42],"relic_stats":{"Nunchaku":[7],"Lizard Tail":0,"counters":[28,221],"Ornamental Fan":[8],"Bronze Scales":[689],"Charon\u0027s Ashes":[514],"Champion Belt":[1],"Boot":[6],"Question Card":13,"obtain_stats":[{"Ice Cream":36,"Oddly Smooth Stone":43,"Charon\u0027s Ashes":40,"Bottled Tornado":26,"Boot":7,"Question Card":27,"Empty Cage":34,"Burning Blood":0,"Du-Vu Doll":11,"Nunchaku":23,"Lizard Tail":30,"Ornamental Fan":5,"Bronze Scales":28,"Fusion Hammer":17,"Champion Belt":41,"Membership Card":46,"Toxic Egg 2":47,"Red Skull":54},{"Ice Cream":18,"Oddly Smooth Stone":22,"Charon\u0027s Ashes":21,"Bottled Tornado":14,"Boot":3,"Question Card":14,"Empty Cage":17,"Burning Blood":0,"Du-Vu Doll":6,"Nunchaku":13,"Lizard Tail":16,"Ornamental Fan":1,"Bronze Scales":15,"Fusion Hammer":9,"Champion Belt":22,"Membership Card":24,"Toxic Egg 2":25,"Red Skull":27},{"Ice Cream":109,"Oddly Smooth Stone":140,"Charon\u0027s Ashes":136,"Bottled Tornado":74,"Boot":16,"Question Card":74,"Empty Cage":103,"Burning Blood":0,"Du-Vu Doll":27,"Nunchaku":71,"Lizard Tail":89,"Ornamental Fan":3,"Bronze Scales":83,"Fusion Hammer":46,"Champion Belt":140,"Membership Card":154,"Toxic Egg 2":168,"Red Skull":204}],"Burning Blood":137},"card_choices":[{"not_picked":["Apotheosis","Master of Strategy"],"picked":"The Bomb","floor":0.0},{"not_picked":["Clothesline","Havoc"],"picked":"Armaments","floor":1.0},{"not_picked":["Shrug It Off","Blood for Blood"],"picked":"True Grit","floor":6.0},{"not_picked":["Flex","Blood for Blood"],"picked":"Evolve","floor":7.0},{"not_picked":["Iron Wave","Cleave","Sword Boomerang"],"picked":"SKIP","floor":8.0},{"not_picked":["Whirlwind","Perfected Strike"],"picked":"Battle Trance","floor":10.0},{"not_picked":["Flex","Bludgeon"],"picked":"Burning Pact","floor":11.0},{"not_picked":["Havoc","Clothesline","Heavy Blade"],"picked":"SKIP","floor":13.0},{"not_picked":["Fire Breathing","Clash","Wild Strike"],"picked":"SKIP","floor":14.0},{"not_picked":["Immolate","Limit Break"],"picked":"Corruption","floor":16.0},{"not_picked":["Flex","Anger"],"picked":"Headbutt+1","floor":18.0},{"not_picked":["Pommel Strike","Cleave"],"picked":"Metallicize","floor":21.0},{"not_picked":["Burning Pact+1","Infernal Blade+1"],"picked":"Clothesline+1","floor":22.0},{"not_picked":["Wild Strike","Body Slam+1"],"picked":"True Grit","floor":23.0},{"not_picked":["Cleave+1","Evolve+1","Pommel Strike"],"picked":"SKIP","floor":25.0},{"not_picked":["Havoc+1","Armaments","Clothesline"],"picked":"Bloodletting","floor":28.0},{"not_picked":["Disarm","Thunderclap+1","Dropkick"],"picked":"Barricade","floor":30.0},{"not_picked":["Fiend Fire","Limit Break","Brutality"],"picked":"Impervious","floor":33.0},{"not_picked":["Perfected Strike","Inflame+1","Pommel Strike","True Grit"],"picked":"SKIP","floor":35.0},{"not_picked":["Burning Pact","Heavy Blade","Seeing Red"],"picked":"Metallicize","floor":37.0},{"not_picked":["Feel No Pain","Anger","Reckless Charge","Dark Embrace+1"],"picked":"SKIP","floor":39},{"not_picked":["Infernal Blade","Intimidate","Clash"],"picked":"Battle Trance+1","floor":40},{"not_picked":["Perfected Strike","Metallicize","Sentinel"],"picked":"Armaments+1","floor":41},{"not_picked":["Armaments","Warcry+1","True Grit"],"picked":"Ghostly Armor+1","floor":44},{"not_picked":["Combust+1","Feed","Warcry+1","Anger+1"],"picked":"SKIP","floor":45},{"not_picked":["Armaments+1","Searing Blow","Rampage+1"],"picked":"Power Through+1","floor":47},{"not_picked":["Pommel Strike","Cleave+1","Immolate"],"picked":"Clothesline+1","floor":54}],"player_experience":3584932,"relics_obtained":[{"floor":7.0,"key":"Boot"},{"floor":11.0,"key":"Du-Vu Doll"},{"floor":23.0,"key":"Nunchaku"},{"floor":26.0,"key":"Bottled Tornado"},{"floor":27.0,"key":"Question Card"},{"floor":28.0,"key":"Bronze Scales"},{"floor":30.0,"key":"Lizard Tail"},{"floor":40,"key":"Charon\u0027s Ashes"},{"floor":41,"key":"Champion Belt"},{"floor":43,"key":"Oddly Smooth Stone"},{"floor":47,"key":"Toxic Egg 2"},{"floor":54,"key":"Red Skull"}],"event_choices":[{"damage_healed":0.0,"max_hp_gain":0.0,"max_hp_loss":0.0,"gold_gain":0.0,"event_name":"Shining Light","player_choice":"Entered Light","floor":2.0,"gold_loss":0.0,"damage_taken":16.0,"cards_upgraded":["Defend_R","Defend_R"]},{"damage_healed":0.0,"max_hp_gain":0.0,"max_hp_loss":0.0,"gold_gain":0.0,"event_name":"Liars Game","player_choice":"Ignored","floor":3.0,"gold_loss":0.0,"damage_taken":0.0},{"cards_removed":["Strike_R"],"damage_healed":0.0,"max_hp_gain":0.0,"max_hp_loss":0.0,"gold_gain":0.0,"event_name":"The Cleric","player_choice":"Card Removal","floor":4.0,"gold_loss":50.0,"damage_taken":0.0},{"damage_healed":0.0,"max_hp_gain":0.0,"max_hp_loss":0.0,"gold_gain":0.0,"event_name":"Scrap Ooze","player_choice":"Success","floor":5.0,"gold_loss":0.0,"damage_taken":3.0,"relics_obtained":["Ornamental Fan"]},{"damage_healed":0.0,"max_hp_gain":5.0,"max_hp_loss":0.0,"gold_gain":0.0,"event_name":"Forgotten Altar","player_choice":"Shed Blood","floor":19.0,"gold_loss":0.0,"damage_taken":20.0},{"damage_healed":0.0,"max_hp_gain":0.0,"max_hp_loss":0.0,"gold_gain":0.0,"event_name":"The Library","player_choice":"Read","floor":20.0,"gold_loss":0.0,"damage_taken":0.0,"cards_obtained":["Disarm"]},{"damage_healed":0.0,"max_hp_gain":0.0,"max_hp_loss":43.0,"gold_gain":0.0,"event_name":"Ghosts","player_choice":"Became a Ghost","floor":31.0,"gold_loss":0.0,"damage_taken":0.0,"cards_obtained":["Ghostly","Ghostly","Ghostly","Ghostly","Ghostly"]},{"damage_healed":0.0,"max_hp_gain":0.0,"max_hp_loss":0.0,"gold_gain":0.0,"event_name":"Tomb of Lord Red Mask","player_choice":"Ignored","floor":38.0,"gold_loss":0.0,"damage_taken":0.0},{"damage_healed":0,"gold_gain":0,"player_choice":"Fight","damage_taken":0,"max_hp_gain":0,"max_hp_loss":0,"event_name":"Mysterious Sphere","floor":41,"gold_loss":0},{"damage_healed":0,"gold_gain":0,"player_choice":"Embrace Madness","damage_taken":5,"max_hp_gain":0,"max_hp_loss":0,"event_name":"Winding Halls","floor":48,"gold_loss":0,"cards_obtained":["Madness","Madness"]}],"is_beta":false,"boss_relics":[{"not_picked":["Pandora\u0027s Box","Astrolabe"],"picked":"Fusion Hammer"},{"not_picked":["Velvet Choker","Coffee Dripper"],"picked":"Empty Cage"}],"items_purged_floors":[36,53],"is_endless":false,"potions_floor_spawned":[6,7,10,14,16,18,22,33,37,44,45,47],"ascension_level":1}}