{"host":"u3zhfyeznnb1kiy1","time":1609373603,"event":{"mods":["BaseMod","Colored Map","Colored Powertips","Downfall","GifTheSpireLib","Highlight Path","Minty Spire (QoL Compilation)","StSLib"],"gold_per_floor":[99,114,128,228,239,164,164,194,119,119,148,167,186,198,210,309,309,309,326,326,326,336,59,134,159,170,205,231,254,191,230,258,372,384,396,424,450,479,591,341,341,358,392,118,150,150,161,173,192,192,192,222,72,72,72],"floor_reached":56,"playtime":11397,"items_purged":["Pain","champ:Defend","champ:Strike"],"score":1463,"play_id":"afb8b21c-4db6-4182-9f7d-587d4f492d91","local_time":"20201230191323","is_ascension_mode":true,"campfire_choices":[{"floor":1,"key":"RECALL"},{"data":"champ:Taunt","floor":6,"key":"SMITH"},{"data":"champ:GutPunch","floor":9,"key":"SMITH"},{"data":"champ:VampiricStrike","floor":18,"key":"SMITH"},{"data":"champ:Improvising","floor":30,"key":"SMITH"},{"data":"champ:StrikeOfGenius","floor":35,"key":"SMITH"},{"data":"champ:ArenaPreparation","floor":46,"key":"SMITH"},{"data":"champ:Duel","floor":54,"key":"SMITH"}],"circlet_count":0,"master_deck":["champ:Strike","champ:Strike","champ:Strike","champ:Defend","champ:Defend","champ:Defend","champ:Execute","champ:Taunt+1","champ:GutPunch+1","champ:AdrenalArmor+1","champ:DefensiveStyle","champ:BringItOn","champ:Devastate","champ:FlashCut","champ:Backstep","champ:FlashCut","champ:Duel","champ:VampiricStrike+1","champ:GutPunch","Necronomicurse","champ:Balance","champ:Improvising+1","champ:DeathBlow","champ:LastStand","champ:Duel+1","champ:StrikeOfGenius+1","champ:AdrenalArmor+1","champ:PreciseThrust+1","champ:ArenaPreparation+1","champ:Aggression+1","champ:RapidStrikes+1","champ:Improvising+1","champ:IronFortress","champ:ArenaPreparation+1","champ:HeartStrike+1"],"relics":["champ:ChampionCrown","downfall:HeartBlessingRed","Vajra","Pen Nib","downfall:HeartBlessingGreen","Ornamental Fan","Runic Dome","Necronomicon","Singing Bowl","Nunchaku","MawBank","downfall:HeartBlessingBlue","Gremlin Horn","Philosopher\u0027s Stone","Potion Belt","DollysMirror","White Beast Statue","Blue Candle","Toxic Egg 2","War Paint","Letter Opener","Ice Cream","Bag of Preparation"],"acts_visited":["Exordium","TheCity","TheBeyond","TheEnding"],"potions_floor_usage":[14,16,25,25,37,40,40,40,40,45,55,55,55],"damage_taken":[{"damage":6,"enemies":"Jaw Worm","floor":2,"turns":6},{"damage":2,"enemies":"2 Louse","floor":3,"turns":3},{"damage":10,"enemies":"Cultist","floor":5,"turns":3},{"damage":35,"enemies":"Lagavulin","floor":8,"turns":7},{"damage":38,"enemies":"Gremlin Nob","floor":11,"turns":4},{"damage":0,"enemies":"Exordium Wildlife","floor":12,"turns":2},{"damage":2,"enemies":"2 Fungi Beasts","floor":13,"turns":4},{"damage":15,"enemies":"Lots of Slimes","floor":14,"turns":4},{"damage":26,"enemies":"Exordium Thugs","floor":15,"turns":4},{"damage":25,"enemies":"downfall:Silent","floor":16,"turns":8},{"damage":20,"enemies":"Chosen","floor":19,"turns":3},{"damage":0,"enemies":"Spheric Guardian","floor":22,"turns":1},{"damage":15,"enemies":"downfall:FleeingMerchant","floor":23,"turns":4},{"damage":57,"enemies":"Slavers","floor":25,"turns":10},{"damage":13,"enemies":"Snake Plant","floor":26,"turns":3},{"damage":32,"enemies":"Gremlin Leader","floor":27,"turns":6},{"damage":5,"enemies":"Centurion and Healer","floor":28,"turns":4},{"damage":39,"enemies":"Chosen and Byrds","floor":29,"turns":3},{"damage":26,"enemies":"Book of Stabbing","floor":31,"turns":3},{"damage":0,"enemies":"Snake Plant","floor":32,"turns":2},{"damage":61,"enemies":"downfall:Defect","floor":33,"turns":5},{"damage":15,"enemies":"3 Shapes","floor":36,"turns":4},{"damage":50,"enemies":"3 Darklings","floor":37,"turns":4},{"damage":24,"enemies":"Writhing Mass","floor":38,"turns":3},{"damage":14,"enemies":"downfall:LadyInBlue","floor":39,"turns":4},{"damage":74,"enemies":"downfall:FleeingMerchant","floor":40,"turns":4},{"damage":63,"enemies":"Spire Growth","floor":42,"turns":2},{"damage":61,"enemies":"Reptomancer","floor":43,"turns":4},{"damage":67,"enemies":"Giant Head","floor":45,"turns":5},{"damage":28,"enemies":"Sphere and 2 Shapes","floor":47,"turns":2},{"damage":30,"enemies":"Transient","floor":48,"turns":5},{"damage":12,"enemies":"Spire Growth","floor":49,"turns":2},{"damage":54,"enemies":"downfall:Watcher","floor":50,"turns":5},{"damage":59,"enemies":"downfall:CharBossMerchant","floor":52,"turns":5},{"damage":182,"enemies":"downfall:NeowBoss","floor":55,"turns":14}],"seed_played":"-4039017869357692873","potions_obtained":[{"floor":2,"key":"Strength Potion"},{"floor":8,"key":"Strength Potion"},{"floor":11,"key":"sneckomod:MuddlingPotion"},{"floor":14,"key":"Guardian:BlockOnCardUsePotion"},{"floor":22,"key":"Dexterity Potion"},{"floor":25,"key":"Block Potion"},{"floor":27,"key":"FearPotion"},{"floor":29,"key":"champ:TechniquePotion"},{"floor":38,"key":"Dexterity Potion"},{"floor":39,"key":"EntropicBrew"},{"floor":39,"key":"Slimebound:ThreeZeroPotion"},{"floor":42,"key":"PowerPotion"},{"floor":43,"key":"Swift Potion"},{"floor":45,"key":"LiquidMemories"},{"floor":49,"key":"champ:OpenerPotion"}],"is_trial":false,"path_per_floor":["R","M","M","?","M","R","T","E","R","?","E","M","M","M","M","B",null,"R","M","?","?","M","$","T","E","M","E","M","M","R","E","M","B",null,"R","M","M","M","?","$","T","M","E","$","E","R","M","M","M","B",null,"E","$","R","B",null],"character_chosen":"THE_CHAMP","items_purchased":["champ:Improvising","champ:DeathBlow","DollysMirror","champ:IronFortress","White Beast Statue","War Paint","Bag of Preparation"],"campfire_rested":0,"item_purchase_floors":[23,23,40,40,40,44,53],"current_hp_per_floor":[99,98,96,96,96,96,96,76,76,76,55,55,55,50,43,32,99,99,99,83,83,85,82,82,56,55,57,59,61,71,119,121,121,121,121,111,101,97,121,121,121,121,112,112,125,125,127,129,129,129,129,131,131,131,130],"gold":72,"neow_bonus":"TEN_PERCENT_HP_BONUS","is_daily":false,"chose_seed":false,"campfire_upgraded":7,"win_rate":0.0,"timestamp":1609373603,"path_taken":["R","M","M","?","M","R","T","E","R","?","E","M","M","?","M","BOSS","R","M","?","?","M","$","T","E","M","E","M","M","R","E","M","BOSS","R","M","M","?","?","$","T","M","E","$","E","R","?","M","M","BOSS","E","$","R","BOSS"],"items_purchased_type":["Card","Card","Relic","Card","Relic","Relic","Relic"],"build_version":"2020-12-22","purchased_purges":3,"victory":true,"max_hp_per_floor":[99,99,99,99,99,99,99,99,99,99,99,99,99,99,99,99,99,99,99,99,99,101,101,101,101,101,103,105,107,117,119,121,121,121,121,121,121,121,121,121,121,121,123,123,125,125,127,129,129,129,129,131,131,131,131],"card_choices":[{"not_picked":["champ:Haymaker","champ:Circumvent"],"picked":"champ:GutPunch","floor":2},{"not_picked":["champ:Backstep","champ:Circumvent"],"picked":"champ:AdrenalArmor","floor":3},{"not_picked":["champ:EndlessRage","champ:Circumvent"],"picked":"champ:DefensiveStyle","floor":5},{"not_picked":["champ:EnragedBash","champ:BladeFlurry"],"picked":"champ:BringItOn","floor":8},{"not_picked":["champ:FightOn","champ:DefensiveStyle"],"picked":"champ:Devastate","floor":11},{"not_picked":["champ:ShieldSigil","champ:FanOfKnives"],"picked":"champ:FlashCut","floor":12},{"not_picked":["champ:TornadoPunch","champ:GutPunch"],"picked":"champ:Backstep","floor":13},{"not_picked":["champ:StanceDance","champ:GutPunch"],"picked":"champ:FlashCut","floor":14},{"not_picked":["champ:BerserkersShout","champ:Riposte"],"picked":"champ:Duel","floor":15},{"not_picked":["champ:IgnorePain","champ:ShieldThrow"],"picked":"champ:VampiricStrike","floor":16},{"not_picked":["champ:DefensiveShout","champ:PerfectedStrike"],"picked":"champ:GutPunch","floor":19},{"not_picked":["champ:HeartStrike+1","champ:FlashCut+1","champ:FanOfKnives"],"picked":"Singing Bowl","floor":22},{"not_picked":["champ:CrookedStrike","champ:BladeFlurry+1"],"picked":"champ:Balance","floor":23},{"not_picked":["champ:Riposte","champ:AdrenalArmor"],"picked":"champ:LastStand","floor":25},{"not_picked":["champ:GutPunch","champ:EnragedBash"],"picked":"champ:Duel","floor":26},{"not_picked":["champ:ShieldSlam","champ:FanOfKnives","champ:Lariat"],"picked":"Singing Bowl","floor":27},{"not_picked":["champ:RapidStrikes","champ:Circumvent","champ:FanOfKnives+1"],"picked":"Singing Bowl","floor":28},{"not_picked":["champ:FanOfKnives","champ:FlashCut+1","champ:Backstep"],"picked":"Singing Bowl","floor":29},{"not_picked":["champ:DefensiveStyle","champ:Riposte","champ:EndlessRage"],"picked":"Singing Bowl","floor":31},{"not_picked":["champ:Circumvent","champ:BladeFlurry+1","champ:FocusedBerserking"],"picked":"Singing Bowl","floor":32},{"not_picked":["champ:LastStand","champ:HeavySlash"],"picked":"champ:StrikeOfGenius","floor":33},{"not_picked":["champ:FocusedDefense","champ:TornadoPunch+1"],"picked":"champ:AdrenalArmor+1","floor":36},{"not_picked":["champ:BladeFlurry","champ:FanOfKnives+1"],"picked":"champ:PreciseThrust+1","floor":37},{"not_picked":["champ:TornadoPunch","champ:BladeFlurry"],"picked":"champ:ArenaPreparation","floor":38},{"not_picked":["champ:FanOfKnives","champ:DefensiveShout+1"],"picked":"champ:Aggression+1","floor":39},{"not_picked":["champ:FalseCounter","champ:Devastate"],"picked":"champ:RapidStrikes+1","floor":40},{"not_picked":["champ:PerfectedStrike+1","champ:Circumvent"],"picked":"champ:ArenaPreparation","floor":42},{"not_picked":["champ:HeavySlash","champ:PreciseThrust","champ:ShieldSigil+1"],"picked":"Singing Bowl","floor":43},{"not_picked":["champ:FightOn","champ:FanOfKnives+1","champ:TornadoPunch+1"],"picked":"Singing Bowl","floor":45},{"not_picked":["champ:DefensiveShout+1","champ:RapidStrikes","champ:PerfectedStrike+1"],"picked":"Singing Bowl","floor":47},{"not_picked":["champ:FaceSlap","champ:TornadoPunch","champ:RageSigil+1"],"picked":"Singing Bowl","floor":48},{"not_picked":["champ:BladeFlurry","champ:ShieldSigil+1"],"picked":"champ:HeartStrike+1","floor":49},{"not_picked":["champ:StrikeOfGenius","champ:RageSigil+1","champ:BerserkersShout+1"],"picked":"Singing Bowl","floor":52}],"player_experience":1194311,"relics_obtained":[{"floor":7,"key":"Vajra"},{"floor":8,"key":"Pen Nib"},{"floor":11,"key":"Ornamental Fan"},{"floor":20,"key":"Necronomicon"},{"floor":25,"key":"Nunchaku"},{"floor":27,"key":"MawBank"},{"floor":31,"key":"Gremlin Horn"},{"floor":39,"key":"Potion Belt"},{"floor":41,"key":"Blue Candle"},{"floor":43,"key":"Toxic Egg 2"},{"floor":45,"key":"Letter Opener"},{"floor":52,"key":"Ice Cream"}],"event_choices":[],"is_beta":false,"boss_relics":[{"not_picked":["Runic Pyramid","Empty Cage"],"picked":"Runic Dome"},{"not_picked":["Calling Bell","Velvet Choker"],"picked":"Philosopher\u0027s Stone"}],"items_purged_floors":[23,40,44],"is_endless":false,"potions_floor_spawned":[2,8,11,14,22,25,27,28,29,32,33,38,42,43,45,47,48,49,52],"ascension_level":1}}