{"host":"ezkqjaqywejtjag1","time":1609458914,"event":{"mods":["BaseMod","BetterRewards","Colored Map","Infinite Spire","Minty Spire (QoL Compilation)","Replay The Spire","StSLib"],"gold_per_floor":[112,112,125,140,140,140,171,171,171,22,22,22,49,62,62,164,164,182,194,194,194,214,214,214,247,247,247,187,198,198,224,224,327,327,344,32,54,54,75,107,107,107,153,153,183,251,38,38,38,38,38],"floor_reached":50,"playtime":3323,"items_purged":[],"score":846,"play_id":"9b6f0980-29cc-44a0-8fcb-4b1c9abbb5d0","local_time":"20201231185514","daily_mods":["Specialized","Vintage","Heirloom"],"is_ascension_mode":true,"campfire_choices":[{"data":"Survivor","floor":6,"key":"SMITH"},{"floor":8,"key":"REST"},{"data":"ReplayTheSpireMod:Scrap Shanks","floor":11,"key":"SMITH"},{"floor":15,"key":"REST"},{"data":"Replay:Bag of Tricks","floor":24,"key":"SMITH"},{"floor":27,"key":"REST"},{"floor":30,"key":"REST"},{"floor":32,"key":"REST"},{"floor":42,"key":"REST"},{"floor":49,"key":"DIG"}],"circlet_count":0,"master_deck":["Strike_G+1","Strike_G","Strike_G","Strike_G","Strike_G","Defend_G","Defend_G","Defend_G","Defend_G+1","Defend_G","Survivor+1","Neutralize+1","ReplayTheSpireMod:Scrap Shanks+1","ReplayTheSpireMod:Scrap Shanks","ReplayTheSpireMod:Scrap Shanks","ReplayTheSpireMod:Scrap Shanks","Slice+1","ReplayTheSpireMod:Black Plague+1","Replay:Bag of Tricks+1","Backstab+1","Deflect+1","Bullet Time","Accuracy","Footwork+1","Noxious Fumes","Crow Ritual","Toxin Wave","Dramatic Entrance+1","Slice+1","Footwork+1","Fluid Movement+1"],"relics":["Ring of the Serpent","Turnip","Molten Egg 2","infinitespire:FocusingShard","ReplayFunnel","Durian","ReplayTheSpireMod:Lightbulb","Blood Vial","Odd Mushroom","The Courier","Anchor","Sundial","Pantograph","HoveringKite","TwistedFunnel","Gremlin Food","infinitespire:ShieldingShard","Oddly Smooth Stone","PreservedInsect","Honey Jar","infinitespire:Bottled Soul","infinitespire:EvilPickle","Frozen Egg 2","infinitespire:Beetle Shell","Juzu Bracelet","CeramicFish","MawBank","Replay:Bottled Steam","HandDrill","Replay:Bottled Snecko"],"acts_visited":["Exordium","TheCity","TheBeyond"],"potions_floor_usage":[31,33,33,50,50],"damage_taken":[{"damage":9,"enemies":"Jaw Worm","floor":1,"turns":6},{"damage":12,"enemies":"infinitespire:Voidling","floor":3,"turns":6},{"damage":0,"enemies":"2 Louse","floor":4,"turns":4},{"damage":15,"enemies":"Lagavulin","floor":7,"turns":10},{"damage":15,"enemies":"The Mushroom Lair","floor":13,"turns":5},{"damage":10,"enemies":"Exordium Thugs","floor":14,"turns":5},{"damage":0,"enemies":"Hexaghost","floor":16,"turns":9},{"damage":3,"enemies":"Shell Parasite","floor":18,"turns":7},{"damage":12,"enemies":"3 Byrds","floor":19,"turns":6},{"damage":9,"enemies":"Snecko","floor":22,"turns":4},{"damage":11,"enemies":"Gremlin Leader","floor":25,"turns":4},{"damage":0,"enemies":"Centurion and Healer","floor":29,"turns":3},{"damage":1,"enemies":"Slavers","floor":31,"turns":6},{"damage":8,"enemies":"Pondfish","floor":33,"turns":11},{"damage":10,"enemies":"3 Darklings","floor":35,"turns":4},{"damage":0,"enemies":"3 Shapes","floor":37,"turns":5},{"damage":9,"enemies":"Spire Growth","floor":39,"turns":4},{"damage":2,"enemies":"Giant Head","floor":40,"turns":6},{"damage":3,"enemies":"Sphere and 2 Shapes","floor":45,"turns":5},{"damage":53,"enemies":"Reptomancer","floor":46,"turns":4},{"damage":79,"enemies":"Awakened One","floor":50,"turns":11}],"seed_played":"1317285289796922777","potions_obtained":[{"floor":4,"key":"Reflective Coating"},{"floor":13,"key":"BlessingOfTheForge"},{"floor":14,"key":"LifebloodPotion"},{"floor":18,"key":"Strength Potion"},{"floor":40,"key":"Poison Potion"},{"floor":46,"key":"LiquidMemories"}],"is_trial":true,"path_per_floor":["M","?","M","M","?","R","E","R","T","$","R","?","?","M","R","B",null,"M","M","?","?","M","AVR","R","E","T","R","?","M","R","E","R","B",null,"M","$","M","?","M","E","?","R","T","?","M","E","$","?","R_BF","B"],"character_chosen":"THE_SILENT","items_purchased":["Blood Vial","Accuracy","Footwork","Noxious Fumes","Crow Ritual","Footwork+1","HandDrill","Fluid Movement+1"],"campfire_rested":6,"item_purchase_floors":[10,36,36,36,36,47,47,47],"current_hp_per_floor":[61,61,49,49,70,70,60,75,75,75,75,56,43,35,57,59,75,72,62,62,62,55,55,55,46,46,68,68,70,75,74,75,67,75,65,65,67,67,60,60,60,75,75,75,72,21,21,66,66,0,0],"gold":38,"neow_bonus":"","is_daily":false,"chose_seed":false,"campfire_upgraded":3,"win_rate":0.0,"timestamp":1609458914,"path_taken":["M","?","M","?","?","R","E","R","T","?","R","?","?","M","R","BOSS","M","M","?","?","?","AVR","R","E","T","R","?","M","R","E","R","BOSS","M","$","M","?","M","E","?","R","T","?","M","E","$","?","R_BF","BOSS"],"items_purchased_type":["Relic","Card","Card","Card","Card","Card","Relic","Card"],"build_version":"2020-12-22","purchased_purges":0,"victory":false,"max_hp_per_floor":[70,70,70,70,70,70,75,75,75,75,75,75,75,75,75,75,75,75,75,75,75,75,75,75,75,75,75,75,75,75,75,75,75,75,75,75,75,75,75,75,75,75,75,75,75,75,75,66,66,66,66],"card_choices":[{"not_picked":["Underhanded Strike+1","Flechettes+1"],"picked":"Slice+1","floor":7},{"not_picked":["infinitespire:DeathsTouch","infinitespire:Oblivion"],"picked":"ReplayTheSpireMod:Black Plague","floor":12},{"not_picked":["Slice+1","Dagger Spray+1"],"picked":"Acrobatics","floor":13},{"not_picked":["Poison Darts","ReplayTheSpireMod:From All Sides+1"],"picked":"Replay:Bag of Tricks","floor":16},{"not_picked":["Fluid Movement+1","Blade Dance"],"picked":"Backstab+1","floor":25},{"not_picked":["Fluid Movement","Tactician+1"],"picked":"Deflect","floor":31},{"not_picked":["Envenom","After Image"],"picked":"Bullet Time","floor":33},{"not_picked":["Dash+1","Distraction","Backflip+1"],"picked":"Toxin Wave","floor":40},{"not_picked":["Deep Breath","Secret Technique","ReplayTheSpireMod:Uncanny Aura"],"picked":"Dramatic Entrance+1","floor":41},{"not_picked":["Poisoned Stab+1","Sneak Up","Bullet Time"],"picked":"Slice+1","floor":46}],"player_experience":175776,"relics_obtained":[{"floor":1,"key":"Molten Egg 2"},{"floor":3,"key":"infinitespire:FocusingShard"},{"floor":4,"key":"ReplayFunnel"},{"floor":7,"key":"Durian"},{"floor":9,"key":"ReplayTheSpireMod:Lightbulb"},{"floor":13,"key":"Odd Mushroom"},{"floor":14,"key":"The Courier"},{"floor":18,"key":"Anchor"},{"floor":19,"key":"Sundial"},{"floor":22,"key":"Pantograph"},{"floor":25,"key":"Gremlin Food"},{"floor":26,"key":"infinitespire:ShieldingShard"},{"floor":29,"key":"Oddly Smooth Stone"},{"floor":31,"key":"PreservedInsect"},{"floor":35,"key":"infinitespire:Bottled Soul"},{"floor":37,"key":"Frozen Egg 2"},{"floor":39,"key":"infinitespire:Beetle Shell"},{"floor":40,"key":"Juzu Bracelet"},{"floor":43,"key":"CeramicFish"},{"floor":45,"key":"MawBank"},{"floor":46,"key":"Replay:Bottled Steam"},{"floor":49,"key":"Replay:Bottled Snecko"}],"event_choices":[{"damage_healed":0,"gold_gain":0,"player_choice":"Upgraded","damage_taken":0,"max_hp_gain":0,"max_hp_loss":0,"event_name":"Upgrade Shrine","floor":2,"gold_loss":0,"cards_upgraded":["Neutralize"]},{"cards_removed":["ReplayTheSpireMod:Scrap Shanks"],"damage_healed":21,"gold_gain":0,"player_choice":"Offered Uncommon","damage_taken":0,"max_hp_gain":0,"max_hp_loss":0,"event_name":"Bonfire Elementals","floor":5,"gold_loss":0},{"damage_healed":0,"gold_gain":0,"player_choice":"Fought Mushrooms","damage_taken":0,"max_hp_gain":0,"max_hp_loss":0,"event_name":"Mushrooms","floor":13,"gold_loss":0},{"damage_healed":0,"gold_gain":0,"player_choice":"Ignored","damage_taken":0,"max_hp_gain":0,"max_hp_loss":0,"event_name":"Ghosts","floor":20,"gold_loss":0},{"damage_healed":0,"gold_gain":0,"player_choice":"Upgraded","damage_taken":0,"max_hp_gain":0,"max_hp_loss":0,"event_name":"Upgrade Shrine","floor":21,"gold_loss":0,"cards_upgraded":["ReplayTheSpireMod:Black Plague"]},{"cards_removed":["Acrobatics"],"damage_healed":0,"gold_gain":0,"player_choice":"Removed Skill","damage_taken":0,"max_hp_gain":0,"max_hp_loss":0,"event_name":"Falling","floor":38,"gold_loss":0},{"damage_healed":0,"gold_gain":0,"player_choice":"Memory 1","damage_taken":0,"max_hp_gain":0,"max_hp_loss":0,"event_name":"SensoryStone","floor":41,"gold_loss":0},{"damage_healed":66,"gold_gain":0,"player_choice":"Heal","damage_taken":0,"max_hp_gain":0,"max_hp_loss":9,"event_name":"The Moai Head","floor":48,"gold_loss":0}],"is_beta":false,"boss_relics":[{"not_picked":["Coffee Dripper","Calling Bell"],"picked":"Ring of the Serpent"},{"not_picked":["Replay:Grab Bag","ChewingGum"],"picked":"Honey Jar"}],"items_purged_floors":[],"is_endless":false,"potions_floor_spawned":[4,13,14,18,29,31,40,46],"killed_by":"Awakened One","ascension_level":1}}