{"host":"f5ezd1v29dtbwkzo","time":1609445185,"event":{"mods":["2.2 Compatiblity","BaseMod","Hermit","Hubris","Infinite Spire","Minty Spire (QoL Compilation)","Rare Cards Sparkle","Replay The Spire","StSLib"],"gold_per_floor":[113,129,147,50,68,93,148,164,164,178,178,196,196,212,212,314,314,330,330,347,359,374,374,374,392,416,435,435,435],"floor_reached":28,"playtime":1235,"items_purged":["Defend_B","Defend_B"],"score":228,"play_id":"73687f1a-402c-424b-8e57-ab64ab2c81cd","local_time":"20201231230625","is_ascension_mode":false,"campfire_choices":[{"floor":11,"key":"REST"},{"floor":15,"key":"REST"},{"floor":23,"key":"REST"}],"circlet_count":0,"master_deck":["Strike_B","Strike_B","Strike_B","Strike_B","Defend_B","Defend_B","Zap","Dualcast","Leap","Leap","Loop","Beam Cell","Beam Cell","Hologram","Streamline","Conserve Battery","Leap","hubris:Ukulele","Streamline","Rainbow","Rebound+1","Zap","Multi-Cast","Lockon+1","Go for the Eyes","Melter"],"relics":["Burning Blood","hubris:BundleOfHerbs","Ice Cream","Kunai","hubris:SphereOfDissonance","infinitespire:Cubic Diamond","Painkiller Herb","DollysMirror"],"acts_visited":["Exordium","TheCity"],"potions_floor_usage":[8,18,22,25,27],"damage_taken":[{"damage":0,"enemies":"2 Louse","floor":1,"turns":2},{"damage":1,"enemies":"Jaw Worm","floor":2,"turns":3},{"damage":1,"enemies":"Cultist","floor":3,"turns":4},{"damage":8,"enemies":"Looter","floor":5,"turns":4},{"damage":16,"enemies":"Gremlin Nob","floor":6,"turns":4},{"damage":0,"enemies":"2 Fungi Beasts","floor":8,"turns":3},{"damage":0,"enemies":"Exordium Wildlife","floor":10,"turns":2},{"damage":0,"enemies":"Red Slaver","floor":12,"turns":3},{"damage":4,"enemies":"Gremlin Gang","floor":14,"turns":5},{"damage":43,"enemies":"Hexaghost","floor":16,"turns":11},{"damage":22,"enemies":"2 Thieves","floor":18,"turns":4},{"damage":5,"enemies":"Spheric Guardian","floor":20,"turns":4},{"damage":15,"enemies":"Snecko","floor":21,"turns":6},{"damage":14,"enemies":"Shelled Parasite and Fungi","floor":22,"turns":5},{"damage":41,"enemies":"3 Cultists","floor":25,"turns":6},{"damage":20,"enemies":"Snecko","floor":27,"turns":4},{"damage":15,"enemies":"Shelled Parasite and Fungi","floor":28,"turns":3}],"seed_played":"-2079277596154334400","potions_obtained":[{"floor":2,"key":"Block Potion"},{"floor":6,"key":"SkillPotion"},{"floor":7,"key":"DuplicationPotion"},{"floor":12,"key":"SteroidPotion"},{"floor":18,"key":"Elixir"},{"floor":22,"key":"DuplicationPotion"},{"floor":25,"key":"Death Potion"}],"is_trial":false,"path_per_floor":["M","M","M","$","M","E","?","M","T","M","R","M","?","M","R","B",null,"?","AVR","?","?","?","T","?","?","T","?","?"],"character_chosen":"DEFECT","items_purchased":["Beam Cell"],"campfire_rested":3,"item_purchase_floors":[4],"current_hp_per_floor":[68,67,66,66,58,48,21,24,24,24,44,44,44,46,66,50,68,52,52,53,44,36,56,56,21,21,13,0,0],"gold":435,"neow_bonus":"ONE_RARE_RELIC","is_daily":false,"chose_seed":false,"campfire_upgraded":0,"win_rate":0.0,"timestamp":1609445185,"path_taken":["M","M","M","$","M","E","?","M","T","M","R","M","?","M","R","BOSS","?","AVR","?","?","?","T","?","?","T","?","?"],"items_purchased_type":["Card"],"build_version":"2020-12-22","purchased_purges":2,"victory":false,"max_hp_per_floor":[68,68,68,68,68,68,68,68,68,68,68,68,68,68,68,68,68,68,68,68,68,68,68,68,68,68,68,68,68],"card_choices":[{"not_picked":["Redo","hubris:PowerSurge"],"picked":"Leap","floor":1},{"not_picked":["Cold Snap","Blizzard"],"picked":"Leap","floor":2},{"not_picked":["Barrage","ReplayTheSpireMod:Reroute Power"],"picked":"Loop","floor":3},{"not_picked":["ReplaySort","Time Bomb"],"picked":"Beam Cell","floor":5},{"not_picked":["Compile Driver","hubris:DoWhile"],"picked":"Hologram","floor":6},{"not_picked":["Scrape","Barrage"],"picked":"Streamline","floor":7},{"not_picked":["Undo","BootSequence"],"picked":"Conserve Battery","floor":8},{"not_picked":["Darkness","Redo"],"picked":"Leap","floor":10},{"not_picked":["Double Energy","Seek"],"picked":"hubris:Ukulele","floor":12},{"not_picked":["Doom and Gloom","ReplaySolidLightProjector"],"picked":"Streamline","floor":14},{"not_picked":["Fission","Mirror Shield"],"picked":"Rainbow","floor":16},{"not_picked":["Sweeping Beam","Cold Snap"],"picked":"Rebound+1","floor":18},{"not_picked":["Rebound","ReplayTheSpireMod:GoodbyeWorld+1","Stack"],"picked":"SKIP","floor":20},{"not_picked":["Glacier","Crystallizer"],"picked":"Multi-Cast","floor":21},{"not_picked":["Leap","Rebound+1"],"picked":"Lockon+1","floor":22},{"not_picked":["Streamline","Conserve Battery"],"picked":"Go for the Eyes","floor":25},{"not_picked":["Conserve Battery","Static Discharge"],"picked":"Melter","floor":27}],"player_experience":338919,"relics_obtained":[{"floor":6,"key":"Ice Cream"},{"floor":7,"key":"Kunai"},{"floor":9,"key":"hubris:SphereOfDissonance"}],"event_choices":[],"is_beta":false,"boss_relics":[{"not_picked":["Runic Dome","Coffee Dripper"],"picked":"Painkiller Herb"}],"items_purged_floors":[4,19],"is_endless":false,"potions_floor_spawned":[2,6,12,14,16,18,22,25],"killed_by":"Shelled Parasite and Fungi","ascension_level":0}}