{"host":"ix2a18c4ohfsrslv","time":1609400275,"event":{"mods":["BaseMod","Better Third Choice","Downfall","GungeonMod","Minty Spire (QoL Compilation)","Replay The Spire","StSLib"],"gold_per_floor":[109,109,120,120,139,169,183,133,180,180,212,45,45,64,64,166,166,184,203,222,237,89,89,108,108,108,108,127,139,153,168,186,186,186,186],"floor_reached":34,"playtime":2417,"items_purged":["Sickly"],"score":370,"play_id":"7dd39f18-4faa-45d3-bb12-055ce6cf0102","local_time":"20201230233755","is_ascension_mode":false,"campfire_choices":[{"data":"DemoMod:DirectionalPad","floor":10,"key":"SMITH"},{"data":"DemoMod:HuntsMan","floor":13,"key":"SMITH"},{"data":"DemoMod:Roll","floor":15,"key":"SMITH"},{"floor":23,"key":"REST"},{"data":"ReplayTheSpireMod:Faulty Equipment","floor":27,"key":"SMITH"},{"data":"DemoMod:SniperShot","floor":33,"key":"SMITH"}],"circlet_count":0,"master_deck":["DemoMod:Strike_Huntress","DemoMod:Defend_Huntress","DemoMod:Defend_Huntress","DemoMod:Defend_Huntress","DemoMod:Defend_Huntress","DemoMod:Roll+1","DemoMod:ManualReload","DemoMod:RustySidearm","DemoMod:CrossBow","DemoMod:DirectionalPad+1","DemoMod:Unmoved","DemoMod:TeaPot","DemoMod:ShadowBullets+1","DemoMod:HuntsMan+1","DemoMod:GunstockTap","DemoMod:SuppressiveFire","Clumsy","DemoMod:MachoBrace","DemoMod:SniperShot+1","DemoMod:SniperShot","DemoMod:DoubleVision","DemoMod:ShadowBullets+1"],"relics":["ChewingGum","DemoMod:CrisisStone","Boot","Frozen Egg 2","Replay:Ancient Bell","DemoMod:HoleyGrail","DemoMod:MeltedRock","Bird Faced Urn"],"acts_visited":["Exordium","TheCity","TheCity"],"potions_floor_usage":[6,16,16,16,20,32,34],"damage_taken":[{"damage":0,"enemies":"2 Louse","floor":1,"turns":2},{"damage":0,"enemies":"Cultist","floor":3,"turns":3},{"damage":0,"enemies":"Jaw Worm","floor":5,"turns":2},{"damage":0,"enemies":"Gremlin Nob","floor":6,"turns":4},{"damage":0,"enemies":"3 Louse","floor":7,"turns":2},{"damage":0,"enemies":"Lagavulin","floor":11,"turns":5},{"damage":0,"enemies":"Large Slime","floor":14,"turns":3},{"damage":0,"enemies":"Fading Forest","floor":16,"turns":11},{"damage":0,"enemies":"Shell Parasite","floor":18,"turns":3},{"damage":0,"enemies":"Spheric Guardian","floor":19,"turns":3},{"damage":23,"enemies":"Chosen and Byrds","floor":20,"turns":9},{"damage":13,"enemies":"Snecko","floor":21,"turns":4},{"damage":1,"enemies":"Cultist and Chosen","floor":24,"turns":4},{"damage":2,"enemies":"DemoMod:Veteran_shot_gun_kin_and_red_shotgun_kin","floor":28,"turns":3},{"damage":0,"enemies":"DemoMod:2_Veteran_bullet_kins_and_red_shotgun_kin","floor":29,"turns":3},{"damage":20,"enemies":"DemoMod:Veteran_shot_gun_kin_and_blue_shotgun_kin","floor":30,"turns":3},{"damage":7,"enemies":"DemoMod:Veteran_shot_gun_kin_and_red_shotgun_kin_with_gunsinger","floor":31,"turns":2},{"damage":3,"enemies":"DemoMod:Veteran_shot_gun_kin_and_blue_shotgun_kin_with_gunsinger","floor":32,"turns":3},{"damage":53,"enemies":"DemoMod:ResourcefulRat","floor":34,"turns":6}],"seed_played":"5959727028791053470","potions_obtained":[{"floor":5,"key":"ColorlessPotion"},{"floor":6,"key":"Guardian:BlockOnCardUsePotion"},{"floor":7,"key":"Strength Potion"},{"floor":14,"key":"DistilledChaos"},{"floor":18,"key":"BlessingOfTheForge"},{"floor":21,"key":"BlessingOfTheForge"},{"floor":30,"key":"Block Potion"}],"is_trial":false,"path_per_floor":["M","?","M","?","M","E","M","?","T","R","E","$","R","M","R","B",null,"M","M","M","M","$","R","M","?","T","R","M","M","M","M","M","R","B"],"character_chosen":"HUNTRESS","items_purchased":["DemoMod:GnawedKey","DemoMod:HuntsMan","DemoMod:SniperShot"],"campfire_rested":1,"item_purchase_floors":[12,12,22],"current_hp_per_floor":[70,70,70,70,70,70,70,70,70,70,70,70,70,70,70,70,70,70,70,47,36,36,57,58,45,75,75,73,75,55,50,49,49,0,0],"gold":186,"neow_bonus":"BOSS_RELIC","is_daily":false,"chose_seed":false,"campfire_upgraded":5,"win_rate":0.0,"timestamp":1609400275,"path_taken":["M","?","?","?","M","E","M","?","T","R","E","$","R","?","R","BOSS","M","M","M","M","$","R","M","?","T","R","M","M","M","M","M","R","BOSS"],"items_purchased_type":["Relic","Card","Card"],"build_version":"2020-12-22","purchased_purges":1,"victory":false,"max_hp_per_floor":[70,70,70,70,70,70,70,70,70,70,70,70,70,70,70,70,70,70,70,70,70,70,70,70,75,75,75,75,75,75,75,75,75,75,75],"card_choices":[{"not_picked":["DemoMod:StickyCrossBow","DemoMod:MegaHand"],"picked":"DemoMod:DirectionalPad","floor":1},{"not_picked":["DemoMod:RadGun","DemoMod:FastSwitch"],"picked":"DemoMod:DirectionalPad","floor":3},{"not_picked":["DemoMod:MegaHand","DemoMod:FastSwitch","DemoMod:BattleInHaste"],"picked":"SKIP","floor":5},{"not_picked":["DemoMod:PracticeMakesPerfect","DemoMod:SkilledReload"],"picked":"DemoMod:Unmoved","floor":6},{"not_picked":["DemoMod:Unmoved","DemoMod:HardPowerCard"],"picked":"DemoMod:TeaPot","floor":7},{"not_picked":["DemoMod:CursedBullets+1","DemoMod:SAA"],"picked":"DemoMod:ShadowBullets+1","floor":11},{"not_picked":["DemoMod:SniperShot","DemoMod:StickyCrossBow"],"picked":"DemoMod:GunstockTap","floor":14},{"not_picked":["DemoMod:BlackHoleGun","DemoMod:FightSabre"],"picked":"DemoMod:SuppressiveFire","floor":16},{"not_picked":["Slimebound:Icky","Spreading Infection"],"picked":"Sickly","floor":17},{"not_picked":["Pain","Delirium"],"picked":"Clumsy","floor":17},{"not_picked":["sneckomod:Bewildered","Spreading Infection"],"picked":"ReplayTheSpireMod:Faulty Equipment","floor":17},{"not_picked":["DemoMod:JK47+1","DemoMod:AC15","DemoMod:BlackHoleGun"],"picked":"SKIP","floor":18},{"not_picked":["DemoMod:JK47+1","DemoMod:AC15","DemoMod:BlackHoleGun"],"picked":"SKIP","floor":18},{"not_picked":["DemoMod:AWP","DemoMod:GunShield"],"picked":"DemoMod:MachoBrace","floor":19},{"not_picked":["DemoMod:AC15","DemoMod:TripleGun","DemoMod:BoxingGlove"],"picked":"SKIP","floor":20},{"not_picked":["DemoMod:BoxingGlove","DemoMod:ZorGun","DemoMod:FeignSurrender"],"picked":"SKIP","floor":21},{"not_picked":["DemoMod:JK47","DemoMod:ChanceBullets+1","DemoMod:HuntsMan"],"picked":"SKIP","floor":24},{"not_picked":["DemoMod:LifeOrb","DemoMod:MegaHand+1"],"picked":"DemoMod:SniperShot","floor":28},{"not_picked":["DemoMod:StickyCrossBow+1","DemoMod:AC15+1"],"picked":"DemoMod:DoubleVision","floor":29},{"not_picked":["DemoMod:BattleInHaste+1","DemoMod:TeaPot+1"],"picked":"DemoMod:ShadowBullets+1","floor":30},{"not_picked":["DemoMod:Unmoved+1","DemoMod:MachoBrace","DemoMod:Slinger+1"],"picked":"SKIP","floor":31},{"not_picked":["DemoMod:AC15+1","DemoMod:FastSwitch","DemoMod:MachoBrace+1"],"picked":"SKIP","floor":32}],"player_experience":153364,"relics_obtained":[{"floor":6,"key":"DemoMod:CrisisStone"},{"floor":9,"key":"Boot"},{"floor":11,"key":"Frozen Egg 2"}],"event_choices":[{"damage_healed":0,"gold_gain":0,"player_choice":"Forge","damage_taken":0,"max_hp_gain":0,"max_hp_loss":0,"event_name":"Accursed Blacksmith","floor":2,"gold_loss":0,"cards_upgraded":["DemoMod:DirectionalPad"]},{"cards_removed":["DemoMod:Strike_Huntress"],"damage_healed":0,"gold_gain":0,"player_choice":"Forget","damage_taken":0,"max_hp_gain":0,"max_hp_loss":0,"event_name":"Living Wall","floor":4,"gold_loss":0},{"cards_removed":["DemoMod:Strike_Huntress"],"damage_healed":0,"gold_gain":0,"player_choice":"Card Removal","damage_taken":0,"max_hp_gain":0,"max_hp_loss":0,"event_name":"The Cleric","floor":8,"gold_loss":50},{"damage_healed":0,"gold_gain":0,"player_choice":"Shed Blood","damage_taken":18,"max_hp_gain":5,"max_hp_loss":0,"event_name":"Forgotten Altar","floor":25,"gold_loss":0}],"is_beta":false,"boss_relics":[{"not_picked":["Snecko Eye","Honey Jar"],"picked":"Replay:Ancient Bell"},{"not_picked":["Regal Pillow","Replay:Wax Seal"],"picked":"DemoMod:HoleyGrail"},{"not_picked":["Eternal Feather","Pantograph"],"picked":"DemoMod:MeltedRock"},{"not_picked":["champ:DeflectingBracers","Gambling Chip"],"picked":"Bird Faced Urn"}],"items_purged_floors":[22],"is_endless":false,"potions_floor_spawned":[5,6,7,14,18,21,30],"killed_by":"DemoMod:ResourcefulRat","ascension_level":0}}