{"host":"1zfbckszmdcrhnfi","time":1609425050,"event":{"mods":["AchievementEnabler","BaseMod","Colored Map","Downfall","Marisa£®ÏF”Í°°ƒß¿Ì…≥£©","Minty Spire (QoL Compilation)","Replay The Spire","Shop Mod","StSLib","The Cursed","The Servant 0.9.4"],"gold_per_floor":[110,42,56,56,66,92,92,92,92,104,104,117,117,133,133,133,133],"floor_reached":16,"playtime":567,"items_purged":[],"score":102,"play_id":"bea1daf3-c6f5-4bec-9e89-fbe0a16a9d48","local_time":"20201231223050","is_ascension_mode":false,"campfire_choices":[{"floor":7.0,"key":"REST"},{"floor":11.0,"key":"REST"},{"floor":15,"key":"REST"}],"circlet_count":0,"master_deck":["Strike_B","Strike_B","Defend_B","Defend_B","Defend_B","Zap","Dualcast","Gash","Loop","Gash","Crystallizer","Undo","Conserve Battery"],"relics":["Cracked Core","Replay:Baseball","Omamori","Kunai"],"acts_visited":["Exordium"],"potions_floor_usage":[16,16],"damage_taken":[{"damage":2.0,"enemies":"2 Louse","floor":1.0,"turns":3.0},{"damage":0.0,"enemies":"Small Slimes","floor":3.0,"turns":3.0},{"damage":0.0,"enemies":"Cultist","floor":5.0,"turns":3.0},{"damage":26.0,"enemies":"Lagavulin","floor":6.0,"turns":6.0},{"damage":12.0,"enemies":"Exordium Wildlife","floor":10.0,"turns":3.0},{"damage":22,"enemies":"Gremlin Gang","floor":12,"turns":4},{"damage":17,"enemies":"Exordium Thugs","floor":14,"turns":5},{"damage":34,"enemies":"Slime Boss","floor":16,"turns":6}],"seed_played":"-247548266468229498","potions_obtained":[{"floor":3.0,"key":"LifebloodPotion"},{"floor":6.0,"key":"GamblersBrew"}],"is_trial":false,"path_per_floor":["M","$","M","?","M","E","R","?","T","M","R","M","?","M","R","B"],"character_chosen":"DEFECT","items_purchased":["Loop"],"campfire_rested":3,"item_purchase_floors":[2],"current_hp_per_floor":[52,52,52,45,45,19,41,41,41,29,51,29,29,12,34,0,0],"gold":133,"neow_bonus":"REMOVE_TWO","is_daily":false,"chose_seed":false,"campfire_upgraded":0,"win_rate":0.0,"timestamp":1609425050,"path_taken":["M","$","M","?","M","E","R","?","T","M","R","?","?","M","R","BOSS"],"items_purchased_type":["Card"],"build_version":"2020-12-22","purchased_purges":0,"victory":false,"max_hp_per_floor":[75,75,75,75,75,75,75,75,75,75,75,75,75,75,75,75,75],"card_choices":[{"not_picked":["Barrage","Chaos"],"picked":"Gash","floor":1.0},{"not_picked":["Sunder","Panic Button","Sweeping Beam"],"picked":"SKIP","floor":3.0},{"not_picked":["Sweeping Beam","Reprogram","Heatsinks"],"picked":"SKIP","floor":5.0},{"not_picked":["Barrage","Sweeping Beam"],"picked":"Gash","floor":6.0},{"not_picked":["Cold Snap","Sunder"],"picked":"Crystallizer","floor":10.0},{"not_picked":["Go for the Eyes","Fusion","BootSequence"],"picked":"SKIP","floor":12},{"not_picked":["Coolheaded","Barrage"],"picked":"Conserve Battery","floor":14}],"player_experience":158580,"relics_obtained":[{"floor":6.0,"key":"Omamori"},{"floor":9.0,"key":"Kunai"}],"event_choices":[{"damage_healed":0.0,"max_hp_gain":0.0,"max_hp_loss":0.0,"gold_gain":0.0,"event_name":"Scrap Ooze","player_choice":"Success","floor":4.0,"gold_loss":0.0,"damage_taken":7.0,"relics_obtained":["Replay:Baseball"]},{"damage_healed":0.0,"max_hp_gain":0.0,"max_hp_loss":0.0,"gold_gain":0.0,"event_name":"NoteForYourself","player_choice":"Ignored","floor":8.0,"gold_loss":0.0,"damage_taken":0.0},{"damage_healed":0,"gold_gain":0,"cards_transformed":["Strike_B"],"player_choice":"Transformed","damage_taken":0,"max_hp_gain":0,"max_hp_loss":0,"event_name":"Transmorgrifier","floor":13,"gold_loss":0,"cards_obtained":["Undo"]}],"is_beta":false,"boss_relics":[],"items_purged_floors":[],"is_endless":false,"potions_floor_spawned":[3,6],"killed_by":"Slime Boss","ascension_level":0}}