{"host":"64h6jdpsiwrne03s","time":1609438023,"event":{"mods":["Act Like it!","BaseMod","Bestiary","Colored Powertips","Gensokyo","Marisa£®ÏF”Í°°ƒß¿Ì…≥£©","Minty Spire (QoL Compilation)","Reimu£®≤©¿ˆ¡È√Œ£©","Remilia£®¿Ÿ√◊¿Ú—«£©","StSLib","The Servant 0.9.4","Youmu£®ªÍ∆«—˝√Œ£©"],"gold_per_floor":[115,6,25,25,43,43,72,84,84,84,9,25,40,69,69,167,167,185,185,185,510,125,125,125],"floor_reached":23,"playtime":1774,"items_purged":["Pain"],"score":316,"play_id":"bb04db2f-3578-47e5-a4f4-1d2345a46970","local_time":"20210101020703","is_ascension_mode":true,"campfire_choices":[{"data":"DoubleButterfly:ReiMu","floor":6.0,"key":"SMITH"},{"floor":10.0,"key":"REST"},{"data":"DependentForm:ReiMu","floor":15.0,"key":"SMITH"}],"circlet_count":0,"master_deck":["Strike_Lin:ReiMu","Strike_Lin:ReiMu","Strike_Lin:ReiMu","Strike_Lin:ReiMu","Defend_Lin:ReiMu","Defend_Lin:ReiMu","Defend_Lin:ReiMu","Defend_Lin:ReiMu","NB:ReiMu","Stagnation:ReiMu","DependentForm:ReiMu+1","Revelation:ReiMu+1","DoubleButterfly:ReiMu+1","PrayRite:ReiMu","SubcavityFantasy:ReiMu","RainPray2:ReiMu+1","ShadowOfCrow2:ReiMu","Gensokyo:TarnishedGold","Gensokyo:ScrapIron","Gensokyo:DepletedGenerator","Gensokyo:ReactiveArmor"],"relics":["FlyPower:ReiMu","Gensokyo:LunaticRedEyes","Salt:ReiMu","Black Star","ClockworkSouvenir"],"acts_visited":["Gensokyo:Gensokyo","Gensokyo:Gensokyoer"],"potions_floor_usage":[],"damage_taken":[{"damage":2.0,"enemies":"Gensokyo:Python","floor":1.0,"turns":5.0},{"damage":8.0,"enemies":"Gensokyo:3_Fairies","floor":3.0,"turns":9.0},{"damage":5.0,"enemies":"Gensokyo:Gryphon","floor":5.0,"turns":4.0},{"damage":11.0,"enemies":"Gensokyo:Cirno","floor":7.0,"turns":7.0},{"damage":16.0,"enemies":"Gensokyo:LivingMonolith","floor":8.0,"turns":4.0},{"damage":19.0,"enemies":"Gensokyo:VengefulSpirit","floor":12.0,"turns":8.0},{"damage":0.0,"enemies":"Gensokyo:Gryphon_and_Rabbit","floor":13.0,"turns":6.0},{"damage":0.0,"enemies":"Gensokyo:Mamizou","floor":14.0,"turns":16.0},{"damage":16.0,"enemies":"Gensokyo:Kokoro","floor":16.0,"turns":13.0},{"damage":25.0,"enemies":"Gensokyo:3_Dogs","floor":18.0,"turns":5.0},{"damage":26,"enemies":"Gensokyo:Reisen","floor":23,"turns":5}],"seed_played":"-6351562165946557647","potions_obtained":[{"floor":3.0,"key":"Strength Potion"},{"floor":5.0,"key":"EntropicBrew"},{"floor":7.0,"key":"Energy Potion"},{"floor":13.0,"key":"DistilledChaos"},{"floor":16.0,"key":"GamblersBrew"}],"is_trial":false,"path_per_floor":["M","COS","M","?","M","R","E","M","T","R","$","M","M","E","R","B",null,"M","?","?","?","COS","E"],"character_chosen":"REIMU","items_purchased":[],"campfire_rested":1,"item_purchase_floors":[],"current_hp_per_floor":[57,57,49,49,44,44,33,17,17,36,36,17,17,17,17,1,49,24,24,24,24,24,0,0],"gold":125,"neow_bonus":"ONE_RANDOM_RARE_CARD","is_daily":false,"chose_seed":false,"campfire_upgraded":2,"win_rate":0.0,"timestamp":1609438023,"path_taken":["M","COS","M","?","M","R","E","M","T","R","$","?","M","E","R","BOSS","M","?","?","?","COS","E"],"items_purchased_type":[],"build_version":"2020-12-22","purchased_purges":1,"victory":false,"max_hp_per_floor":[65,65,65,65,65,65,65,65,65,65,65,65,65,65,65,65,65,65,65,65,65,65,65,65],"card_choices":[{"not_picked":["Amulet:ReiMu","Enchanting:ReiMu","FantasyBorder:ReiMu"],"picked":"SKIP","floor":1.0},{"not_picked":["LearningPray:ReiMu+1","KamiSacrifice:ReiMu+1"],"picked":"Revelation:ReiMu+1","floor":3.0},{"not_picked":["SpreadBorder2:ReiMu","Conquer:ReiMu"],"picked":"DoubleButterfly:ReiMu","floor":3.0},{"not_picked":["UpKicking:ReiMu","WonderfulDomain:ReiMu","Intuition:ReiMu"],"picked":"SKIP","floor":5.0},{"not_picked":["Mountainwind:ReiMu","BarrageOfMoneybags:ReiMu","Intuition:ReiMu"],"picked":"SKIP","floor":7.0},{"not_picked":["Amulet:ReiMu","SpringWay:ReiMu","CollectionFlower2:ReiMu"],"picked":"SKIP","floor":8.0},{"not_picked":["BarrageOfMoneybags:ReiMu","FantasyBorder:ReiMu","Amulet:ReiMu"],"picked":"SKIP","floor":12.0},{"not_picked":["Dreaming2:ReiMu","AirManeuver:ReiMu"],"picked":"PrayRite:ReiMu","floor":13.0},{"not_picked":["YinYangSange:ReiMu","SpringWay:ReiMu","AlertArray:ReiMu"],"picked":"SKIP","floor":14.0},{"not_picked":["OctopathSalyBorderN:ReiMu","CardOfSanctity:ReiMu"],"picked":"SubcavityFantasy:ReiMu","floor":16.0},{"not_picked":["ManaGlint:ReiMu+1","Conquer:ReiMu"],"picked":"RainPray2:ReiMu+1","floor":18.0}],"player_experience":340667,"relics_obtained":[{"floor":14.0,"key":"Ornamental Fan"}],"event_choices":[],"is_beta":false,"boss_relics":[{"not_picked":["DonationBox:ReiMu","Ectoplasm"],"picked":"Black Star"}],"items_purged_floors":[11],"is_endless":false,"potions_floor_spawned":[3,5,7,13,16],"killed_by":"Gensokyo:Reisen","ascension_level":9}}