{"host":"v0byp44r5syn346h","time":1609383305,"event":{"mods":["2.2 Compatiblity","AchievementEnabler","Act Like it!","AlwaysNeverKeys","Aspiration","BaseMod","Bestiary","Better Match","Better Note","Better Skull","Better Third Choice","Better Vampires","BetterRewards","Card Filter","Colored Map","Colored Powertips","Conspire","Defuse TimeMaze Blight","Displayed Cursed Tome","Downfall","Friendly Minions","Gremlin Skip","Halation","Highlight Path","Hubris","Infinite Spire","Minty Spire (QoL Compilation)","Pale of the Ancients","Quarter Circle Forward PUNCH!","Quick Restart","Random Character Button","Rare Cards Sparkle","Relic Filter","Relic Stats","Reorder Act Four","Replay The Spire","Reworked Bosses","Shop Mod","Spicy Shops","Spikes Relics","StSLib","SuperFastMode","The Blue Laboratory","The Construct","The Cursed","The Hierophant","The Jungle","Thieving Mod","Trackpad","Unknown Chances","egg","vexMod"],"gold_per_floor":[109,34,34,54,72,107,125,150,173,190,190,190,192,219,219,296,296,314,333,347,347,347,379,379,414,466,466,466,466,466,466,466,546,546,559,559,29,93,93,93,108,108,108,108,140,155,170,170,170,170,170,188,198,73,73,73,86,86,322,322,322],"floor_reached":62,"playtime":2069,"items_purged":["Strike_B","Strike_B","Strike_B","Defend_B","Defend_B","Compile Driver+1"],"score":3300,"play_id":"c9387cfe-123e-4cd0-a097-b7e04a754afa","local_time":"20201231035505","is_ascension_mode":true,"campfire_choices":[{"data":"Static Discharge","floor":12,"key":"SMITH"},{"data":"ReplayGash","floor":15,"key":"SMITH"},{"data":"ReplayTheSpireMod:System Scan","floor":24,"key":"SMITH"},{"data":"Gash","floor":30,"key":"SMITH"},{"data":"hubris:PowerSurge","floor":32,"key":"SMITH"},{"data":"Storm","floor":40,"key":"SMITH"},{"data":"Replay:Sssssssssshield","floor":42,"key":"SMITH"},{"data":"hubris:PowerSurge","floor":44,"key":"SMITH"},{"data":"Replay:Sssssssssshield","floor":49,"key":"SMITH"},{"data":"Chill","floor":56,"key":"SMITH"},{"data":"hubris:PowerSurge","floor":58,"key":"SMITH"}],"circlet_count":0,"master_deck":["AscendersBane","Defend_B+1","Dualcast","Melter","Static Discharge+1","Cold Snap","ReplayTheSpireMod:System Scan+1","Chill+1","Gash","hubris:PowerSurge+1","ReplayGash+1","Cold Snap","Barrage","Ball Lightning","Creative AI+1","Gash+1","Blizzard+1","hubris:Fate+1","Meteor Strike","Storm+1","hubris:PowerSurge+1","hubris:PowerSurge+1","Replay:Sssssssssshield+1","Replay:Sssssssssshield+1","Voices","Cold Snap","Scrape+1","Fusion+1","Double Energy+1"],"relics":["Cracked Core","Ring of Chaos","Bird Faced Urn","infinitespire:Satchel","DataDisk","Matryoshka","hubris:Potato","aspiration:TomeofQuesting","Ice Cream","trackpad:IceCube","qcfpunch:Black_Training_Shirt","infinitespire:Midas Blood","hubris:PeanutButter","Simple Rune","Blood Vial","halation:EternalFortune","Juzu Bracelet","construct:ClawGrip","Counterbalance","Garlic","hubris:ToyBattleship","trackpad:FocusingLens","Potion Belt","AncientExoskeleton","halation:NonexistentMirror","hubris:CuriousFeather","Centennial Puzzle","Ring of Fury","trackpad:WindUpAutoDealer","trackpad:GuardianSpirit","halation:PurpleSoulGem","paleoftheancients:Timepiece","paleoftheancients:KeyRelic","Anchor","Sozu","Gremlin Horn","paleoftheancients:SoulOfTheVixen","hubris:NiceRug","Incense Burner","Turnip","Replay:Frozen Program","trackpad:Mousetrap","Replay:Baseball","hubris:HerbalPaste"],"acts_visited":["Exordium","TheCity","TheBeyond","TheBeyond"],"potions_floor_usage":[],"damage_taken":[{"damage":0,"enemies":"Small Slimes","floor":1,"turns":3},{"damage":0,"enemies":"2 Louse","floor":4,"turns":4},{"damage":2,"enemies":"Cultist","floor":5,"turns":4},{"damage":3,"enemies":"3 Sentries","floor":6,"turns":8},{"damage":10,"enemies":"Gremlin Gang","floor":7,"turns":3},{"damage":0,"enemies":"Lagavulin","floor":8,"turns":5},{"damage":0,"enemies":"Looter","floor":10,"turns":2},{"damage":3,"enemies":"Replay:BlueRogue","floor":14,"turns":5},{"damage":6,"enemies":"Hexaghost","floor":16,"turns":7},{"damage":0,"enemies":"conspire:FuzzyDice","floor":18,"turns":5},{"damage":9,"enemies":"2 Thieves","floor":19,"turns":4},{"damage":0,"enemies":"conspire:HollyBat","floor":20,"turns":7},{"damage":0,"enemies":"Nightmare","floor":23,"turns":2},{"damage":15,"enemies":"Book of Stabbing","floor":25,"turns":4},{"damage":59,"enemies":"bossMod:newCollector","floor":33,"turns":8},{"damage":0,"enemies":"3 Shapes","floor":35,"turns":3},{"damage":0,"enemies":"Orb Walker","floor":41,"turns":3},{"damage":0,"enemies":"Reptomancer","floor":45,"turns":4},{"damage":0,"enemies":"Transient","floor":46,"turns":6},{"damage":1,"enemies":"Jaw Worm Horde","floor":47,"turns":3},{"damage":0,"enemies":"infinitespire:MassOfShapes","floor":50,"turns":6},{"damage":0,"enemies":"Replay:Hell Engine","floor":51,"turns":1},{"damage":0,"enemies":"Replay:Hell Engine","floor":52,"turns":9},{"damage":0,"enemies":"Replay:Hell Engine","floor":53,"turns":4},{"damage":0,"enemies":"Replay:Hell Engine","floor":57,"turns":4},{"damage":0,"enemies":"hubris:Merchant","floor":59,"turns":4},{"damage":0,"enemies":"paleoftheancients:N","floor":61,"turns":11}],"seed_played":"3461501337060926420","potions_obtained":[{"floor":1,"key":"blueLaboratory:BiasPotion"},{"floor":5,"key":"SteroidPotion"},{"floor":6,"key":"Dexterity Potion"},{"floor":18,"key":"PotionOfCapacity"},{"floor":33,"key":"Fire Potion"},{"floor":38,"key":"ColorlessPotion"}],"is_trial":false,"path_per_floor":["M","?","?","M","M","E","M","E","T","M","?","R","?","E","R","B",null,"M","M","M","?","?","NM","R","E","T","AVR","?","?","R","?","R","B",null,"M","?","$","?","?","R","M","R","T","R","E","M","M","?","R","B","B","M","M","?","$","R","M","R","$","?","B",null],"character_chosen":"DEFECT","items_purchased":["Bird Faced Urn","infinitespire:Satchel","DataDisk","Matryoshka","hubris:Potato","Melter","Static Discharge","aspiration:TomeofQuesting","Cold Snap","Ice Cream","trackpad:IceCube","Chill","halation:NonexistentMirror","hubris:PowerSurge","Replay:Sssssssssshield","hubris:CuriousFeather","Double Energy+1"],"campfire_rested":0,"item_purchase_floors":[0,0,0,0,0,0,0,0,0,0,0,0,37,37,37,37,59],"current_hp_per_floor":[22,22,22,24,24,23,17,21,21,25,28,28,24,27,27,27,62,72,69,74,74,74,74,74,61,61,61,61,68,68,68,68,26,64,70,70,70,70,70,70,76,76,76,76,77,77,79,79,79,80,80,80,80,80,80,80,80,80,83,83,83],"gold":322,"neow_bonus":"","is_daily":false,"chose_seed":false,"campfire_upgraded":11,"win_rate":0.0,"timestamp":1609383305,"path_taken":["M","?","?","M","?","E","?","E","T","M","?","R","?","E","R","BOSS","M","M","M","?","?","NM","R","E","T","AVR","?","?","R","?","R","BOSS","M","?","$","?","?","R","M","R","T","R","E","M","M","?","R","BOSS","BOSS","M","M","?","$","R","M","R","$","?","BOSS"],"items_purchased_type":["Relic","Relic","Relic","Relic","Relic","Card","Card","Relic","Card","Relic","Relic","Card","Relic","Card","Card","Relic","Card"],"build_version":"2020-12-22","purchased_purges":6,"victory":true,"max_hp_per_floor":[71,71,71,71,71,71,71,71,71,71,74,74,74,74,74,74,74,74,74,74,74,74,74,74,74,74,74,74,74,74,74,74,77,77,77,77,77,77,77,77,77,77,77,77,77,77,80,80,80,80,80,80,80,80,80,80,80,80,83,83,83],"relic_stats":{"Blood Vial":20,"Sozu":19,"Centennial Puzzle":[24],"Gremlin Horn":[8,8],"counters":[80,362],"Bird Faced Urn":[61],"Turnip":[4],"Juzu Bracelet":5,"obtain_stats":[{"hubris:BallOfYels":6,"trackpad:Mousetrap":48,"Spirit Poop":51,"halation:Komachan":0,"vexMod:TanglingVine":34,"Blood Vial":9,"hubris:HerbalPaste":59,"MealTicket":37,"hubris:MobiusCoin":9,"conspire:TreasureMap":0,"Counterbalance":23,"hubris:SphereOfDissonance":45,"infinitespire:Magic Flask":25,"infinitespire:EvilPickle":33,"qcfpunch:School_Backpack":7,"halation:Jellyphish":59,"Bird Faced Urn":0,"halation:PenCase":0,"trackpad:WindUpAutoDealer":43,"trackpad:FocusingLens":26,"Carrot":4,"Singing Bowl":40,"Blue Doll":31,"qcfpunch:Crimson_Sash":17,"Matryoshka":0,"trackpad:FieryHotPepper":45,"hubris:CuriousFeather":37,"Chemical X":0,"Potion Belt":27,"trackpad:GuardianSpirit":45,"construct:ClawGrip":17,"NeowsBlessing":0,"Golden Idol":4,"qcfpunch:Black_Training_Shirt":3,"Circlet":0,"paleoftheancients:SoulOfTheVixen":57,"infinitespire:Lucky Rock":23,"hubris:Towel":2,"halation:NonexistentMirror":37,"Orrery":38,"Turnip":59,"Garlic":25,"halation:PinkSoulGem":5,"Toy Ornithopter":48,"infinitespire:Freezer":23,"infinitespire:Midas Blood":6,"Ice Cream":0,"trackpad:IceCube":26,"Gremlin Horn":51,"halation:PurpleSoulGem":48,"Runic Capacitor":55,"Sozu":20,"Centennial Puzzle":43,"infinitespire:SolderingIron":59,"Replay:Frozen Program":59,"halation:PrussianBluePaint":59,"Iron Hammer":8,"qcfpunch:Handcuffs":30,"paleoftheancients:SoulOfTheWatcher":53,"paleoftheancients:KeyRelic":51,"hubris:SoftwareUpdate":61,"Ring of Chaos":0,"hubris:Zylophone":0,"paleoftheancients:Timepiece":51,"Replay:Baseball":59,"Bronze Scales":11,"Onion Ring":9,"Molten Egg 2":5,"Simple Rune":30,"hubris:PeanutButter":8,"CosmicIsotope":0,"Black Star":17,"Nloth\u0027s Gift":27,"hubris:ToyBattleship":26,"Grinning Jar":25,"SnailShell":55,"aspiration:TomeofQuesting":0,"Juzu Bracelet":22,"Incense Burner":39,"conspire:TopHat":40,"hubris:Icosahedron":5,"Mummified Hand":59,"Gambling Chip":0,"qcfpunch:Necklace_of_Skulls":59,"Replay:Antivirus Software":14,"Cracked Core":0,"AncientExoskeleton":34,"aspiration:HummingbirdHeart":6,"Peace Pipe":0,"Cauldron":59,"DataDisk":22,"Anchor":51,"qcfpunch:Fighting_Gloves":0,"infinitespire:Satchel":0,"halation:EternalFortune":11,"Ring of Fury":39,"hubris:Potato":0,"hubris:NiceRug":59},{"hubris:BallOfYels":15,"trackpad:Mousetrap":46,"Spirit Poop":48,"halation:Komachan":4,"vexMod:TanglingVine":38,"Blood Vial":59,"hubris:HerbalPaste":79,"MealTicket":39,"hubris:MobiusCoin":24,"conspire:TreasureMap":12,"Counterbalance":66,"hubris:SphereOfDissonance":43,"infinitespire:Magic Flask":33,"infinitespire:EvilPickle":38,"qcfpunch:School_Backpack":6,"halation:Jellyphish":52,"Bird Faced Urn":53,"halation:PenCase":16,"trackpad:WindUpAutoDealer":70,"trackpad:FocusingLens":67,"Carrot":18,"Singing Bowl":41,"Blue Doll":37,"qcfpunch:Crimson_Sash":8,"Matryoshka":53,"trackpad:FieryHotPepper":43,"hubris:CuriousFeather":69,"Chemical X":0,"Potion Belt":67,"trackpad:GuardianSpirit":71,"construct:ClawGrip":62,"NeowsBlessing":19,"Golden Idol":3,"qcfpunch:Black_Training_Shirt":54,"Circlet":0,"paleoftheancients:SoulOfTheVixen":78,"infinitespire:Lucky Rock":32,"hubris:Towel":5,"halation:NonexistentMirror":69,"Orrery":39,"Turnip":79,"Garlic":67,"halation:PinkSoulGem":5,"Toy Ornithopter":46,"infinitespire:Freezer":32,"infinitespire:Midas Blood":57,"Ice Cream":53,"trackpad:IceCube":33,"Gremlin Horn":75,"halation:PurpleSoulGem":73,"Runic Capacitor":50,"Sozu":31,"Centennial Puzzle":41,"infinitespire:SolderingIron":52,"Replay:Frozen Program":79,"halation:PrussianBluePaint":52,"Iron Hammer":24,"qcfpunch:Handcuffs":36,"paleoftheancients:SoulOfTheWatcher":50,"paleoftheancients:KeyRelic":48,"hubris:SoftwareUpdate":52,"Ring of Chaos":4,"hubris:Zylophone":0,"paleoftheancients:Timepiece":48,"Replay:Baseball":79,"Bronze Scales":25,"Onion Ring":6,"Molten Egg 2":22,"Simple Rune":36,"hubris:PeanutButter":59,"CosmicIsotope":4,"Black Star":29,"Nloth\u0027s Gift":33,"hubris:ToyBattleship":67,"Grinning Jar":33,"SnailShell":50,"aspiration:TomeofQuesting":53,"Juzu Bracelet":31,"Incense Burner":40,"conspire:TopHat":41,"hubris:Icosahedron":3,"Mummified Hand":52,"Gambling Chip":4,"qcfpunch:Necklace_of_Skulls":52,"Replay:Antivirus Software":7,"Cracked Core":0,"AncientExoskeleton":68,"aspiration:HummingbirdHeart":23,"Peace Pipe":12,"Cauldron":52,"DataDisk":31,"Anchor":75,"qcfpunch:Fighting_Gloves":4,"infinitespire:Satchel":53,"halation:EternalFortune":60,"Ring of Fury":69,"hubris:Potato":53,"hubris:NiceRug":52},{"hubris:BallOfYels":51,"trackpad:Mousetrap":188,"Spirit Poop":197,"halation:Komachan":8,"vexMod:TanglingVine":158,"Blood Vial":260,"hubris:HerbalPaste":351,"MealTicket":159,"hubris:MobiusCoin":91,"conspire:TreasureMap":31,"Counterbalance":292,"hubris:SphereOfDissonance":177,"infinitespire:Magic Flask":142,"infinitespire:EvilPickle":158,"qcfpunch:School_Backpack":14,"halation:Jellyphish":228,"Bird Faced Urn":233,"halation:PenCase":61,"trackpad:WindUpAutoDealer":310,"trackpad:FocusingLens":296,"Carrot":67,"Singing Bowl":169,"Blue Doll":148,"qcfpunch:Crimson_Sash":20,"Matryoshka":233,"trackpad:FieryHotPepper":177,"hubris:CuriousFeather":307,"Chemical X":0,"Potion Belt":296,"trackpad:GuardianSpirit":314,"construct:ClawGrip":274,"NeowsBlessing":73,"Golden Idol":6,"qcfpunch:Black_Training_Shirt":236,"Circlet":0,"paleoftheancients:SoulOfTheVixen":347,"infinitespire:Lucky Rock":137,"hubris:Towel":10,"halation:NonexistentMirror":307,"Orrery":159,"Turnip":351,"Garlic":296,"halation:PinkSoulGem":10,"Toy Ornithopter":188,"infinitespire:Freezer":137,"infinitespire:Midas Blood":252,"Ice Cream":233,"trackpad:IceCube":142,"Gremlin Horn":330,"halation:PurpleSoulGem":323,"Runic Capacitor":212,"Sozu":132,"Centennial Puzzle":169,"infinitespire:SolderingIron":228,"Replay:Frozen Program":351,"halation:PrussianBluePaint":228,"Iron Hammer":91,"qcfpunch:Handcuffs":145,"paleoftheancients:SoulOfTheWatcher":212,"paleoftheancients:KeyRelic":197,"hubris:SoftwareUpdate":228,"Ring of Chaos":8,"hubris:Zylophone":0,"paleoftheancients:Timepiece":197,"Replay:Baseball":351,"Bronze Scales":99,"Onion Ring":14,"Molten Egg 2":76,"Simple Rune":145,"hubris:PeanutButter":260,"CosmicIsotope":8,"Black Star":124,"Nloth\u0027s Gift":142,"hubris:ToyBattleship":296,"Grinning Jar":142,"SnailShell":212,"aspiration:TomeofQuesting":233,"Juzu Bracelet":132,"Incense Burner":162,"conspire:TopHat":169,"hubris:Icosahedron":6,"Mummified Hand":228,"Gambling Chip":8,"qcfpunch:Necklace_of_Skulls":228,"Replay:Antivirus Software":15,"Cracked Core":0,"AncientExoskeleton":304,"aspiration:HummingbirdHeart":86,"Peace Pipe":31,"Cauldron":228,"DataDisk":132,"Anchor":330,"qcfpunch:Fighting_Gloves":8,"infinitespire:Satchel":233,"halation:EternalFortune":262,"Ring of Fury":307,"hubris:Potato":233,"hubris:NiceRug":228}]},"card_choices":[{"not_picked":["Leap","Conserve Battery"],"picked":"Gash","floor":1},{"not_picked":["Rebound","Machine Learning"],"picked":"Time Bomb","floor":4},{"not_picked":["Streamline","Ball Lightning","Compile Driver"],"picked":"SKIP","floor":5},{"not_picked":["Barrage","Crystallizer"],"picked":"hubris:PowerSurge","floor":6},{"not_picked":["Turbo","Heatsinks"],"picked":"ReplayGash","floor":7},{"not_picked":["Ball Lightning","Hologram"],"picked":"Cold Snap","floor":8},{"not_picked":["Crystallizer","Stack"],"picked":"Barrage","floor":10},{"not_picked":["Beam Cell","All For One"],"picked":"Ball Lightning","floor":14},{"not_picked":["Thunder Strike","Seek"],"picked":"Creative AI","floor":16},{"not_picked":["Steam","Beam Cell+1"],"picked":"Gash","floor":18},{"not_picked":["Hologram","Conserve Battery+1"],"picked":"Compile Driver+1","floor":19},{"not_picked":["ReplayTheSpireMod:GoodbyeWorld","Reprogram"],"picked":"Blizzard+1","floor":20},{"not_picked":["Hello World","Steam Power","BasicCrystalCard"],"picked":"SKIP","floor":23},{"not_picked":["ReplayTheSpireMod:Reroute Power","Recycle","Steam"],"picked":"SKIP","floor":25},{"not_picked":["hubris:DoWhile","Thunder Strike"],"picked":"Meteor Strike","floor":33},{"not_picked":["Undo","Compile Driver"],"picked":"Storm","floor":35},{"not_picked":["Glacier","Redo","Go for the Eyes+1"],"picked":"SKIP","floor":41},{"not_picked":["Steam","BasicCrystalCard+1","Beam Cell"],"picked":"SKIP","floor":45},{"not_picked":["conspire:SharedLibrary","Rebound","Coolheaded+1"],"picked":"SKIP","floor":46},{"not_picked":["Go for the Eyes+1","Rebound"],"picked":"Cold Snap","floor":47},{"not_picked":["Conserve Battery+1","Cold Snap","Compile Driver+1"],"picked":"SKIP","floor":52},{"not_picked":["Redo","Leap","Turbo"],"picked":"SKIP","floor":53},{"not_picked":["Hello World+1","ReplaySort+1"],"picked":"Scrape+1","floor":54},{"not_picked":["DiskWipe","ReplayTheSpireMod:Fabricate Wheel"],"picked":"Fusion+1","floor":57},{"not_picked":["Gash"],"picked":"SKIP","floor":59},{"not_picked":["Cold Snap"],"picked":"SKIP","floor":59},{"not_picked":["Genetic Algorithm"],"picked":"SKIP","floor":59},{"not_picked":["conspire:SharedLibrary"],"picked":"SKIP","floor":59},{"not_picked":["PlatinumSkin"],"picked":"SKIP","floor":59},{"not_picked":["Master of Strategy"],"picked":"SKIP","floor":59}],"player_experience":848189,"relics_obtained":[{"floor":6,"key":"infinitespire:Midas Blood"},{"floor":8,"key":"hubris:PeanutButter"},{"floor":9,"key":"Simple Rune"},{"floor":9,"key":"Blood Vial"},{"floor":14,"key":"Juzu Bracelet"},{"floor":23,"key":"Counterbalance"},{"floor":25,"key":"Garlic"},{"floor":26,"key":"hubris:ToyBattleship"},{"floor":26,"key":"trackpad:FocusingLens"},{"floor":33,"key":"halation:EternalFortune"},{"floor":38,"key":"Centennial Puzzle"},{"floor":39,"key":"Ring of Fury"},{"floor":43,"key":"trackpad:WindUpAutoDealer"},{"floor":45,"key":"trackpad:GuardianSpirit"},{"floor":47,"key":"halation:EternalFortune"},{"floor":57,"key":"paleoftheancients:SoulOfTheVixen"},{"floor":59,"key":"Incense Burner"},{"floor":59,"key":"Turnip"},{"floor":59,"key":"Replay:Frozen Program"},{"floor":59,"key":"trackpad:Mousetrap"},{"floor":59,"key":"Replay:Baseball"},{"floor":59,"key":"hubris:HerbalPaste"},{"floor":59,"key":"halation:EternalFortune"}],"event_choices":[{"cards_removed":["Zap"],"damage_healed":0,"gold_gain":0,"player_choice":"Card Removal","damage_taken":0,"max_hp_gain":0,"max_hp_loss":0,"event_name":"The Cleric","floor":2,"gold_loss":75},{"damage_healed":0,"gold_gain":0,"player_choice":"Gave Potion","damage_taken":0,"relics_obtained":["qcfpunch:Black_Training_Shirt"],"max_hp_gain":0,"max_hp_loss":0,"event_name":"WeMeetAgain","floor":3,"gold_loss":0},{"damage_healed":0,"gold_gain":0,"player_choice":"Leave","damage_taken":0,"max_hp_gain":0,"max_hp_loss":0,"event_name":"conspire:Investor","floor":13,"gold_loss":0},{"damage_healed":0,"gold_gain":0,"player_choice":"Upgraded","damage_taken":0,"max_hp_gain":0,"max_hp_loss":0,"event_name":"Upgrade Shrine","floor":21,"gold_loss":0,"cards_upgraded":["Creative AI"]},{"cards_removed":["hubris:Fate"],"damage_healed":0,"gold_gain":0,"player_choice":"Take \u0026 Give","damage_taken":0,"max_hp_gain":0,"max_hp_loss":0,"event_name":"betterNote:BetterNote","floor":22,"gold_loss":0,"cards_obtained":["hubris:Fate"]},{"damage_healed":0,"gold_gain":0,"player_choice":"Adaptability","damage_taken":0,"max_hp_gain":0,"max_hp_loss":0,"event_name":"betterThird:BetterWriting","floor":28,"gold_loss":0},{"cards_removed":["Defend_B"],"damage_healed":0,"gold_gain":0,"player_choice":"Purged","damage_taken":0,"max_hp_gain":0,"max_hp_loss":0,"event_name":"Purifier","floor":31,"gold_loss":0},{"damage_healed":0,"gold_gain":0,"player_choice":"Ignored","damage_taken":0,"max_hp_gain":0,"max_hp_loss":0,"event_name":"Tomb of Lord Red Mask","floor":36,"gold_loss":0},{"damage_healed":0,"gold_gain":0,"player_choice":"2","damage_taken":0,"max_hp_gain":0,"max_hp_loss":0,"event_name":"betterMatch:BetterMatch","floor":54,"gold_loss":0,"cards_obtained":["betterMatch:UncommonCard"]}],"is_beta":false,"boss_relics":[{"not_picked":["Replay:Bronze Core","conspire:RoyalGoblet"],"picked":"construct:ClawGrip"},{"not_picked":["aspiration:SilentSkillbook","aspiration:SecretTechniqueScroll"],"picked":"AncientExoskeleton"}],"items_purged_floors":[0,0,0,0,0,27],"is_endless":false,"potions_floor_spawned":[1,5,6,18,33,41,45],"ascension_level":20}}