{"host":"ywif2ugnepgiw45s","time":1609431070,"event":{"mods":["Act Like it!","BaseMod","Better Skull","Downfall","Elementarium","GifTheSpireLib","Hermit","Marisa????????","Minty Spire (QoL Compilation)","READ ME - Guardian Mod","Replay The Spire","Shade Mod","Shop Mod","StSLib","The Cursed","The Jungle","The Runesmith","The Servant 0.9.4"],"gold_per_floor":[110,110,127,138,154,181,48,78,78,90,102,114,137,169,181,208,220,335,347,375,387,410,119,130,130,130,130],"floor_reached":26,"playtime":1521,"items_purged":["Strike_S"],"score":284,"play_id":"19179d30-07bc-4286-990e-c9c2e4a5281f","local_time":"20201231111110","is_ascension_mode":true,"campfire_choices":[{"floor":15,"key":"REST"},{"data":"Exchange","floor":17,"key":"SMITH"},{"data":"TheWorld","floor":25,"key":"SMITH"}],"circlet_count":0,"master_deck":["Strike_S","Strike_S","Defend_S","Defend_S","Defend_S","Defend_S","KidneyShot","Exchange+1","Manipulate","BottledTime","Luminosity","Hightail+1","TheWorld+1","DancingSilver","Pot Of Greed","Pot Of Greed"],"relics":["Uniform","Simple Rune","Centennial Puzzle","Anchor","Ice Cream","Matryoshka","MawBank","Kunai","StoneMask","Medical Kit","Grinning Jar"],"acts_visited":["Exordium","Exordium"],"potions_floor_usage":[6,18],"damage_taken":[{"damage":0,"enemies":"2 Louse","floor":1,"turns":2},{"damage":1,"enemies":"Cultist","floor":3,"turns":4},{"damage":0,"enemies":"Jaw Worm","floor":4,"turns":3},{"damage":9,"enemies":"Gremlin Gang","floor":5,"turns":6},{"damage":8,"enemies":"3 Sentries","floor":6,"turns":9},{"damage":5,"enemies":"Replay:BlueRogue","floor":8,"turns":11},{"damage":0,"enemies":"Exordium Thugs","floor":13,"turns":9},{"damage":0,"enemies":"Large Slime","floor":14,"turns":7},{"damage":0,"enemies":"Lots of Slimes","floor":16,"turns":7},{"damage":0,"enemies":"Slime Boss","floor":18,"turns":17},{"damage":0,"enemies":"theJungle:Flameango_and_Byrd","floor":20,"turns":10},{"damage":0,"enemies":"theJungle:MUSHROOMGANG","floor":22,"turns":6},{"damage":0,"enemies":"Snake Plant","floor":24,"turns":11},{"damage":75,"enemies":"theJungle:MamaSnecko","floor":26,"turns":15}],"seed_played":"3036510818231356911","potions_obtained":[{"floor":3,"key":"SpeedPotion"},{"floor":4,"key":"champ:CounterPotion"},{"floor":14,"key":"Ancient Potion"},{"floor":16,"key":"PowerPotion"},{"floor":18,"key":"EssenceOfSteel"}],"is_trial":false,"path_per_floor":["M","?","M","M","M","E","$","E","T","?","PTL","PTL","M","M","R","M","R","B",null,"M","?","M","$","M","R","E"],"character_chosen":"THE_SERVANT","items_purchased":["Hightail+1","Medical Kit","Grinning Jar"],"campfire_rested":1,"item_purchase_floors":[7,23,23],"current_hp_per_floor":[65,34,33,33,24,16,16,11,11,11,11,11,11,11,30,30,30,30,65,67,67,70,70,71,71,0,0],"gold":130,"neow_bonus":"RANDOM_COMMON_RELIC","is_daily":false,"chose_seed":false,"campfire_upgraded":2,"win_rate":0.0,"timestamp":1609431070,"path_taken":["M","?","?","M","M","E","$","E","T","?","PTL","PTL","M","M","R","M","R","BOSS","M","?","?","$","M","R","E"],"items_purchased_type":["Card","Relic","Relic"],"build_version":"2020-12-22","purchased_purges":1,"victory":false,"max_hp_per_floor":[65,65,65,65,65,65,65,65,65,65,65,65,65,65,65,65,65,65,65,67,67,70,70,71,71,71,71],"card_choices":[{"not_picked":["Revamp","InstantArmor","DoubleEdge"],"picked":"SKIP","floor":1},{"not_picked":["Rewind","Replace"],"picked":"Manipulate","floor":3},{"not_picked":["Defy","Alleviate"],"picked":"BottledTime","floor":4},{"not_picked":["Replace","ShatteredReality"],"picked":"Luminosity","floor":5},{"not_picked":["WasteNot","ForgedInTime","ShatteredReality"],"picked":"SKIP","floor":6},{"not_picked":["Starlight","StarChef","Deadline"],"picked":"SKIP","floor":8},{"not_picked":["Replace","Rewind","FastForward"],"picked":"SKIP","floor":13},{"not_picked":["Hightail","Replace","DoubleEdge"],"picked":"SKIP","floor":14},{"not_picked":["Deny","SurpressingFire","Desolation"],"picked":"SKIP","floor":16},{"not_picked":["Sunlight","Solidify"],"picked":"TheWorld","floor":18},{"not_picked":["WasteNot","Hightail","FastForward"],"picked":"SKIP","floor":20},{"not_picked":["Moonlight","Ricochet+1","DoubleEdge"],"picked":"SKIP","floor":22},{"not_picked":["TimeWarp","Starlight+1","Replace"],"picked":"SKIP","floor":24}],"player_experience":1697997,"relics_obtained":[{"floor":6,"key":"Ice Cream"},{"floor":8,"key":"Matryoshka"},{"floor":9,"key":"MawBank"},{"floor":9,"key":"Kunai"}],"event_choices":[{"damage_healed":0,"gold_gain":0,"player_choice":"RE RE ","damage_taken":35,"relics_obtained":["Centennial Puzzle","Anchor"],"max_hp_gain":0,"max_hp_loss":0,"event_name":"betterSkull:BetterSkull","floor":2,"gold_loss":0,"cards_upgraded":[]},{"damage_healed":0,"gold_gain":0,"player_choice":"Ignored","damage_taken":0,"max_hp_gain":0,"max_hp_loss":0,"event_name":"Shining Light","floor":10,"gold_loss":0},{"damage_healed":0,"gold_gain":0,"cards_transformed":["Strike_S"],"player_choice":"Transformed","damage_taken":0,"max_hp_gain":0,"max_hp_loss":0,"event_name":"Transmorgrifier","floor":21,"gold_loss":0,"cards_obtained":["DancingSilver"]}],"is_beta":false,"boss_relics":[{"not_picked":["Busted Crown","Fusion Hammer"],"picked":"StoneMask"}],"items_purged_floors":[7],"is_endless":false,"potions_floor_spawned":[3,4,14,16,18,22],"killed_by":"theJungle:MamaSnecko","ascension_level":1}}