{"host":"bux1pdxjwq4dkad9","time":1609385314,"event":{"mods":["Arknights The Spire","BaseMod","Colored Map","Evolution","Minty Spire (QoL Compilation)","Quick Restart","StSLib","SuperFastMode","°æ“≈ŒÔMod°øºÚµ•”Œœ∑"],"gold_per_floor":[114,132,57,57,157,184,184,201,228,228,263,7,24,51,51,150,150,163,177,52,68,68,100,100,126,126,157,173,185,201,234,234,330,330,341,341,359,372,382,414,414,434,460,460,228,228,247,281,293,305,317,329,54,87,87],"floor_reached":56,"playtime":1719,"items_purged":["ats:Defend","ats:Defend","ats:Strike G","ats:Strike C"],"score":2134,"play_id":"039ddb16-9157-44ee-925e-084b578bad34","local_time":"20201231112834","is_ascension_mode":true,"campfire_choices":[{"data":"ats:Neurotoxin","floor":7.0,"key":"SMITH"},{"data":"ats:Flexible Camouflage","floor":10.0,"key":"SMITH"},{"data":"ats:Shadow Assault","floor":15.0,"key":"SMITH"},{"data":"ats:Mental Burst","floor":32,"key":"SMITH"},{"floor":41,"key":"RECALL"},{"floor":44,"key":"REST"},{"floor":49,"key":"REST"},{"floor":52,"key":"REST"}],"circlet_count":0,"master_deck":["ats:Strike S+1","ats:Strike V","ats:Armor Crushing Shot","ats:Emotion Absorption+1","ats:Spore Proliferation+1","ats:Flexible Camouflage+1","ats:Neurotoxin+1","ats:Assault Order","ats:Shadow Assault+1","ats:Roar Of Ursus","ats:LN2 Cannon+1","ats:Disruption Kick+1","ats:Mental Burst+1","ats:Nebulous Foxfire+1","ats:Wolf Pack","ats:Wolf Pack","ats:Shadow Raid+1","Deep Breath+1","ats:Demon Strength+1","ats:Red Shift+1","Purity+1"],"relics":["ats:Sanity","EVO:Axolotl","EGODaCapo","PreservedInsect","ats:Industrial Water Cannon","OrangePellets","Tiny Chest","Black Star","Nloth\u0027s Gift","ats:Originium","Bronze Scales","FossilizedHelix","ats:Bonebreaker","Dream Catcher","Toxic Egg 2","War Paint","Whetstone","Gremlin Horn","Kunai","Fusion Hammer","Bottled Lightning","ats:Military Tradition","Ice Cream","Bag of Marbles","MawBank","Potion Belt","Anchor","Blood Vial","Nunchaku"],"acts_visited":["Exordium","TheCity","TheBeyond","TheEnding"],"potions_floor_usage":[16,25,33,33,33,33,42,54,55,55,55],"damage_taken":[{"damage":0.0,"enemies":"Jaw Worm","floor":1.0,"turns":3.0},{"damage":0.0,"enemies":"2 Louse","floor":2.0,"turns":3.0},{"damage":0.0,"enemies":"Lagavulin","floor":6.0,"turns":8.0},{"damage":0.0,"enemies":"Cultist","floor":8.0,"turns":3.0},{"damage":0.0,"enemies":"3 Sentries","floor":11.0,"turns":5.0},{"damage":0.0,"enemies":"Lots of Slimes","floor":13.0,"turns":3.0},{"damage":1.0,"enemies":"Gremlin Nob","floor":14.0,"turns":4.0},{"damage":12,"enemies":"The Guardian","floor":16,"turns":8},{"damage":4,"enemies":"3 Byrds","floor":18,"turns":4},{"damage":13,"enemies":"2 Thieves","floor":19,"turns":3},{"damage":11,"enemies":"3 Cultists","floor":21,"turns":5},{"damage":0,"enemies":"Gremlin Leader","floor":23,"turns":4},{"damage":0,"enemies":"Book of Stabbing","floor":25,"turns":4},{"damage":0,"enemies":"Slavers","floor":27,"turns":2},{"damage":0,"enemies":"Centurion and Healer","floor":28,"turns":5},{"damage":0,"enemies":"Shelled Parasite and Fungi","floor":29,"turns":3},{"damage":0,"enemies":"3 Cultists","floor":30,"turns":4},{"damage":0,"enemies":"Book of Stabbing","floor":31,"turns":4},{"damage":0,"enemies":"Collector","floor":33,"turns":5},{"damage":0,"enemies":"3 Shapes","floor":35,"turns":3},{"damage":0,"enemies":"Orb Walker","floor":37,"turns":2},{"damage":0,"enemies":"Maw","floor":38,"turns":5},{"damage":14,"enemies":"Sphere and 2 Shapes","floor":39,"turns":3},{"damage":0,"enemies":"Giant Head","floor":40,"turns":6},{"damage":0,"enemies":"4 Shapes","floor":42,"turns":2},{"damage":0,"enemies":"Maw","floor":47,"turns":5},{"damage":0,"enemies":"Reptomancer","floor":48,"turns":3},{"damage":0,"enemies":"Awakened One","floor":50,"turns":6},{"damage":0,"enemies":"Shield and Spear","floor":54,"turns":4},{"damage":0,"enemies":"The Heart","floor":55,"turns":6}],"seed_played":"8250045506676325994","potions_obtained":[{"floor":1.0,"key":"SkillPotion"},{"floor":13.0,"key":"Strength Potion"},{"floor":18,"key":"SteroidPotion"},{"floor":19,"key":"Fire Potion"},{"floor":28,"key":"EssenceOfSteel"},{"floor":29,"key":"EntropicBrew"},{"floor":33,"key":"SpeedPotion"},{"floor":42,"key":"Fruit Juice"},{"floor":47,"key":"ats:Top Emergency Sanity Potion"},{"floor":48,"key":"SteroidPotion"}],"is_trial":false,"path_per_floor":["M","M","$","?","?","E","R","M","T","R","E","$","M","E","R","B",null,"M","M","$","M","?","E","$","E","T","E","M","M","M","E","R","B",null,"M","T","M","M","M","E","R","M","T","R","$","?","M","E","R","B",null,"R","$","E","B",null],"character_chosen":"DOCTOR_CLASS","items_purchased":["OrangePellets","Deep Breath+1","Anchor","Purity+1","Energy Potion"],"campfire_rested":3,"item_purchase_floors":[12,45,53,53,53],"current_hp_per_floor":[72,72,72,65,65,65,65,65,65,65,65,65,65,64,64,52,67,63,50,50,39,39,39,39,39,39,39,39,39,39,39,39,41,64,66,66,68,72,58,61,61,66,66,77,77,77,77,77,77,77,77,77,77,77,77],"gold":87,"neow_bonus":"UPGRADE_CARD","is_daily":false,"chose_seed":false,"campfire_upgraded":4,"win_rate":0.0,"timestamp":1609385314,"path_taken":["M","M","$","?","?","E","R","?","T","R","E","$","M","E","R","BOSS","M","?","$","M","?","E","$","E","T","E","?","M","M","E","R","BOSS","M","?","M","M","M","E","R","M","T","R","?","?","M","E","R","BOSS","R","$","E","BOSS"],"items_purchased_type":["Relic","Card","Relic","Card","Potion"],"build_version":"2020-12-22","purchased_purges":4,"victory":true,"max_hp_per_floor":[72,72,72,72,72,72,72,72,72,72,72,72,72,72,72,72,72,72,72,72,72,72,72,72,72,72,72,72,72,72,72,72,72,72,72,72,72,72,72,72,72,77,77,77,77,77,77,77,77,77,77,77,77,77,77],"card_choices":[{"not_picked":["ats:Childhood Dance","ats:Cat Scratch"],"picked":"ats:Spore Proliferation","floor":1.0},{"not_picked":["ats:Childhood Dance","ats:Healing Drone"],"picked":"ats:Flexible Camouflage","floor":2.0},{"not_picked":["ats:Shell Defense","ats:Red Shift"],"picked":"ats:Neurotoxin","floor":6.0},{"not_picked":["ats:Volcano","ats:Cat Scratch"],"picked":"ats:Assault Order","floor":8.0},{"not_picked":["ats:Directed Diagnosis","ats:Blood Oath","ats:Leaping Hammer"],"picked":"SKIP","floor":11.0},{"not_picked":["ats:Poison Spread","ats:Powerful Strike","ats:Assault Order"],"picked":"SKIP","floor":13.0},{"not_picked":["ats:Powerful Strike","ats:Consecutive Shot Auto"],"picked":"ats:Shadow Assault","floor":14.0},{"not_picked":["ats:Echo Reverb","ats:Durian"],"picked":"ats:Roar Of Ursus","floor":16},{"not_picked":["ats:Hammer On+1","ats:Ignite","ats:Shell Defense"],"picked":"SKIP","floor":18},{"not_picked":["ats:Explosion Area Strengthen","ats:Curse Doll+1"],"picked":"ats:LN2 Cannon+1","floor":19},{"not_picked":["ats:Consecutive Shot Auto+1","ats:Collapsing Strike","ats:Steam Pump"],"picked":"SKIP","floor":21},{"not_picked":["ats:Chain Hook+1","ats:Ignite+1","ats:Sword Rain"],"picked":"SKIP","floor":23},{"not_picked":["ats:Neurotoxin+1","ats:Demon Strength"],"picked":"ats:Disruption Kick","floor":25},{"not_picked":["ats:Sunburst","ats:Rat Pack+1"],"picked":"ats:Mental Burst","floor":27},{"not_picked":["ats:Composite Medical Shells+1","ats:Burning Ground","ats:Consecutive Shot Auto+1"],"picked":"SKIP","floor":28},{"not_picked":["ats:Ignite","ats:Cat Scratch","ats:Spore Proliferation+1"],"picked":"SKIP","floor":29},{"not_picked":["ats:Revitalization+1","ats:Apocalypse+1","ats:Poison Spread"],"picked":"SKIP","floor":30},{"not_picked":["ats:Cat Scratch","ats:Roar Of Ursus"],"picked":"ats:Nebulous Foxfire+1","floor":31},{"not_picked":["ats:Shadow Assault","ats:Calcification+1"],"picked":"ats:Wolf Pack","floor":33},{"not_picked":["ats:Poison Spread","ats:Explosion Area Strengthen+1","ats:Ignite+1"],"picked":"SKIP","floor":35},{"not_picked":["ats:Overload+1","ats:Guardian Obelisk+1","ats:Ignite"],"picked":"SKIP","floor":37},{"not_picked":["ats:Sword Rain","ats:Consecutive Shot Auto+1","ats:Ignite"],"picked":"SKIP","floor":38},{"not_picked":["ats:Apocalypse+1","ats:Durian+1","ats:Automatic Cover+1"],"picked":"SKIP","floor":39},{"not_picked":["ats:Part Time Job+1","ats:Healing Drone+1"],"picked":"ats:Wolf Pack","floor":40},{"not_picked":["ats:Thorns+1","ats:Ignite"],"picked":"ats:Shadow Raid+1","floor":42},{"not_picked":["ats:Overload+1","ats:Charging Defense+1"],"picked":"ats:Demon Strength+1","floor":47},{"not_picked":["ats:Ignite","ats:Red Shift+1","ats:Soul Rend"],"picked":"SKIP","floor":48},{"not_picked":["ats:Ignite","ats:Soul Rend"],"picked":"ats:Red Shift+1","floor":48},{"not_picked":["ats:Collapsing Strike","ats:Support Order+1","ats:Apocalypse+1"],"picked":"SKIP","floor":54}],"player_experience":2334861,"relics_obtained":[{"floor":6.0,"key":"ats:Originium"},{"floor":6.0,"key":"PreservedInsect"},{"floor":11.0,"key":"ats:Originium"},{"floor":11.0,"key":"ats:Industrial Water Cannon"},{"floor":14.0,"key":"ats:Originium"},{"floor":14.0,"key":"Tiny Chest"},{"floor":23,"key":"ats:Originium"},{"floor":23,"key":"Bronze Scales"},{"floor":23,"key":"FossilizedHelix"},{"floor":25,"key":"ats:Originium"},{"floor":25,"key":"ats:Bonebreaker"},{"floor":25,"key":"Dream Catcher"},{"floor":26,"key":"Toxic Egg 2"},{"floor":27,"key":"ats:Originium"},{"floor":27,"key":"War Paint"},{"floor":27,"key":"Whetstone"},{"floor":31,"key":"Gremlin Horn"},{"floor":31,"key":"Kunai"},{"floor":36,"key":"Bottled Lightning"},{"floor":40,"key":"ats:Military Tradition"},{"floor":40,"key":"Ice Cream"},{"floor":43,"key":"Bag of Marbles"},{"floor":48,"key":"MawBank"},{"floor":48,"key":"Potion Belt"},{"floor":54,"key":"Blood Vial"},{"floor":54,"key":"Nunchaku"}],"event_choices":[{"cards_removed":["ats:Defend"],"damage_healed":0.0,"max_hp_gain":0.0,"max_hp_loss":0.0,"gold_gain":0.0,"event_name":"Golden Wing","player_choice":"Card Removal","floor":4.0,"gold_loss":0.0,"damage_taken":7.0},{"damage_healed":0.0,"max_hp_gain":0.0,"max_hp_loss":0.0,"gold_gain":100.0,"event_name":"Golden Shrine","player_choice":"Pray","floor":5.0,"gold_loss":0.0,"damage_taken":0.0},{"damage_healed":0,"gold_gain":0,"player_choice":"Traded Relic","damage_taken":0,"relics_obtained":["Nloth\u0027s Gift"],"max_hp_gain":0,"max_hp_loss":0,"event_name":"N\u0027loth","floor":22,"relics_lost":["ats:Originium"],"gold_loss":0},{"cards_removed":["ats:Defend"],"damage_healed":0,"gold_gain":0,"player_choice":"Removed Skill","damage_taken":0,"max_hp_gain":0,"max_hp_loss":0,"event_name":"Falling","floor":46,"gold_loss":0}],"is_beta":false,"boss_relics":[{"not_picked":["Velvet Choker","ats:Sanity Plus"],"picked":"Black Star"},{"not_picked":["Calling Bell","Pandora\u0027s Box"],"picked":"Fusion Hammer"}],"items_purged_floors":[3,12,20,45],"is_endless":false,"potions_floor_spawned":[1,13,18,19,28,29,33,42,47,48],"ascension_level":5}}