{"host":"2461dio7vetlq1z3","time":1609450816,"event":{"mods":["2.2 Compatiblity","AchievementEnabler","BaseMod","Better Third Choice","Friendly Minions","Hubris","Minty Spire (QoL Compilation)","Relic Stats","Spicy Shops","StSLib","Waifu the Spire"],"gold_per_floor":[109,109,126,51,63,63,89,89,89,100,133,147,147,174,174,251,251,266,285,225,245,265,290,290,16,70,70,101,101,135,160,172,262,274,274],"floor_reached":34,"playtime":1270,"items_purged":["Strike_R"],"score":935,"play_id":"abbc6ffb-0f06-4325-a303-49c4415061da","local_time":"20201231224016","is_ascension_mode":true,"campfire_choices":[{"data":"Carnage","floor":6,"key":"SMITH"},{"floor":8,"key":"REST"},{"data":"True Grit","floor":13,"key":"SMITH"},{"data":"Flame Barrier","floor":15,"key":"SMITH"},{"floor":24,"key":"REST"},{"data":"Whirlwind","floor":27,"key":"SMITH"},{"data":"Feed","floor":29,"key":"SMITH"},{"data":"Uppercut","floor":32,"key":"SMITH"}],"circlet_count":0,"master_deck":["AscendersBane","Strike_R","Strike_R","Strike_R+1","Defend_R","Defend_R","Defend_R","Defend_R","Bash+1","Carnage+1","Flame Barrier+1","Flame Barrier","Pommel Strike","hubris:CleavingFinish","Reaper","True Grit+1","Battle Trance","Feed+1","Inflame","Metallicize","Shrug It Off","Whirlwind+1","Reaper","Metallicize","Normality","Battle Trance","Uppercut+1","Dual Wield","Reaper"],"relics":["hubris:CrackedHourglass","Happy Flower","Blue Candle","hubris:ToyBattleship","The Courier","Cursed Key","hubris:AstralHammer","Smiling Mask","hubris:SphereOfDissonance","MawBank"],"acts_visited":["Exordium","TheCity"],"potions_floor_usage":[11,18,22,23,33],"damage_taken":[{"damage":2,"enemies":"2 Louse","floor":1,"turns":4},{"damage":7,"enemies":"Jaw Worm","floor":3,"turns":2},{"damage":7,"enemies":"Small Slimes","floor":5,"turns":2},{"damage":0,"enemies":"Gremlin Nob","floor":7,"turns":3},{"damage":4,"enemies":"2 Fungi Beasts","floor":10,"turns":3},{"damage":6,"enemies":"3 Sentries","floor":11,"turns":7},{"damage":0,"enemies":"Looter","floor":12,"turns":3},{"damage":8,"enemies":"Gremlin Nob","floor":14,"turns":3},{"damage":12,"enemies":"Hexaghost","floor":16,"turns":9},{"damage":18,"enemies":"Shell Parasite","floor":18,"turns":4},{"damage":19,"enemies":"2 Thieves","floor":19,"turns":4},{"damage":9,"enemies":"Snake Plant","floor":21,"turns":3},{"damage":25,"enemies":"Shelled Parasite and Fungi","floor":22,"turns":5},{"damage":57,"enemies":"Gremlin Leader","floor":23,"turns":8},{"damage":14,"enemies":"Slavers","floor":28,"turns":3},{"damage":30,"enemies":"Gremlin Leader","floor":30,"turns":6},{"damage":6,"enemies":"Chosen and Byrds","floor":31,"turns":4},{"damage":39,"enemies":"Champ","floor":33,"turns":10}],"seed_played":"8847875764901065577","potions_obtained":[{"floor":3,"key":"AttackPotion"},{"floor":5,"key":"EssenceOfSteel"},{"floor":11,"key":"Weak Potion"},{"floor":19,"key":"BloodPotion"},{"floor":21,"key":"SpeedPotion"},{"floor":30,"key":"PowerPotion"}],"is_trial":false,"path_per_floor":["M","?","M","?","M","R","E","R","T","M","E","M","R","E","R","B",null,"M","M","$","M","M","E","R","$","T","R","E","R","E","M","R","B",null],"character_chosen":"IRONCLAD","items_purchased":["Reaper","Metallicize"],"campfire_rested":2,"item_purchase_floors":[25,25],"current_hp_per_floor":[66,43,36,36,29,29,29,51,51,47,41,45,45,43,43,35,65,50,42,42,39,47,11,37,37,37,37,56,56,70,82,82,67,67,67],"gold":274,"neow_bonus":"BOSS_RELIC","is_daily":false,"chose_seed":false,"campfire_upgraded":6,"win_rate":0.0,"timestamp":1609450816,"path_taken":["M","?","M","?","M","R","E","R","T","M","E","M","R","E","R","BOSS","M","M","$","M","M","E","R","$","T","R","E","R","E","M","R","BOSS"],"items_purchased_type":["Card","Card"],"build_version":"2020-12-22","purchased_purges":1,"victory":false,"max_hp_per_floor":[75,75,75,75,75,75,75,75,75,75,75,75,75,75,75,75,75,78,81,81,81,84,87,87,87,87,87,90,90,90,94,94,98,98,98],"relic_stats":{"Happy Flower":[24],"counters":[18,83],"Blue Candle":[4],"Cursed Key":1,"Smiling Mask":0,"MawBank":48,"obtain_stats":[{"Happy Flower":7,"hubris:AstralHammer":23,"Blue Candle":9,"hubris:SphereOfDissonance":28,"The Courier":14,"hubris:ToyBattleship":11,"hubris:CrackedHourglass":0,"Cursed Key":17,"Smiling Mask":26,"MawBank":30,"Burning Blood":0},{"Happy Flower":4,"hubris:AstralHammer":14,"Blue Candle":4,"hubris:SphereOfDissonance":15,"The Courier":8,"hubris:ToyBattleship":6,"hubris:CrackedHourglass":0,"Cursed Key":9,"Smiling Mask":14,"MawBank":16,"Burning Blood":0},{"Happy Flower":11,"hubris:AstralHammer":60,"Blue Candle":11,"hubris:SphereOfDissonance":63,"The Courier":27,"hubris:ToyBattleship":21,"hubris:CrackedHourglass":0,"Cursed Key":36,"Smiling Mask":60,"MawBank":69,"Burning Blood":0}]},"card_choices":[{"not_picked":["Thunderclap","Spot Weakness"],"picked":"Carnage","floor":1},{"not_picked":["Sentinel","Warcry"],"picked":"Flame Barrier","floor":3},{"not_picked":["Headbutt","Clothesline"],"picked":"Flame Barrier","floor":5},{"not_picked":["Corruption","hubris:ReadiedAction"],"picked":"Pommel Strike","floor":7},{"not_picked":["Wild Strike","Pommel Strike"],"picked":"hubris:CleavingFinish","floor":10},{"not_picked":["Iron Wave","Rage"],"picked":"Reaper","floor":11},{"not_picked":["Cleave","Sword Boomerang"],"picked":"True Grit","floor":12},{"not_picked":["Fire Breathing","Ghostly Armor"],"picked":"Battle Trance","floor":14},{"not_picked":["Berserk","Corruption"],"picked":"Feed","floor":16},{"not_picked":["Headbutt","hubris:ReadiedAction"],"picked":"Inflame","floor":18},{"not_picked":["Flex","Body Slam"],"picked":"Metallicize","floor":19},{"not_picked":["Armaments","Clash"],"picked":"Shrug It Off","floor":21},{"not_picked":["Cleave","Pommel Strike"],"picked":"Whirlwind","floor":22},{"not_picked":["Reckless Charge","Infernal Blade","hubris:ReadiedAction"],"picked":"SKIP","floor":23},{"not_picked":["Sword Boomerang","Clash"],"picked":"Battle Trance","floor":28},{"not_picked":["Clothesline","Second Wind"],"picked":"Uppercut","floor":30},{"not_picked":["Sword Boomerang+1","Shrug It Off"],"picked":"Dual Wield","floor":31},{"not_picked":["Feed","hubris:StunningStrike"],"picked":"Reaper","floor":33}],"player_experience":976586,"relics_obtained":[{"floor":7,"key":"Happy Flower"},{"floor":9,"key":"Blue Candle"},{"floor":11,"key":"hubris:ToyBattleship"},{"floor":14,"key":"The Courier"},{"floor":23,"key":"hubris:AstralHammer"},{"floor":26,"key":"Smiling Mask"},{"floor":28,"key":"hubris:SphereOfDissonance"},{"floor":30,"key":"MawBank"}],"event_choices":[{"damage_healed":66,"gold_gain":0,"player_choice":"Upgrade","damage_taken":23,"max_hp_gain":0,"max_hp_loss":75,"event_name":"betterThird:BetterShining","floor":2,"gold_loss":0,"cards_upgraded":["Strike_R","Bash"]},{"cards_removed":["Strike_R"],"damage_healed":0,"gold_gain":0,"player_choice":"Card Removal","damage_taken":0,"max_hp_gain":0,"max_hp_loss":0,"event_name":"The Cleric","floor":4,"gold_loss":75}],"is_beta":false,"boss_relics":[{"not_picked":["Ectoplasm","Runic Dome"],"picked":"Cursed Key"}],"items_purged_floors":[20],"is_endless":false,"potions_floor_spawned":[3,5,11,16,19,21,30],"ascension_level":20}}