{"host":"lg1piimdyocafd6j","time":1609449469,"event":{"mods":["AchievementEnabler","BaseMod","Better Third Choice","BetterRewards","Colored Map","Colored Powertips","Downfall","Minty Spire (QoL Compilation)","Quick Restart","Rare Cards Sparkle","StSLib","SuperFastMode"],"gold_per_floor":[110,110,110,110,120,145,220,231,231,249,74,91,91,91,91,191,191,202,117,117,137,137,137,155,155,182,195,116,63,63,63,63,158,158,176,176,176],"floor_reached":36,"playtime":1857,"items_purged":["Dualcast","Strike_B","Defend_B","Strike_B","Defend_B"],"score":385,"play_id":"83ccdcdb-9974-438d-a536-665a2baa4779","local_time":"20201231221749","is_ascension_mode":false,"campfire_choices":[{"floor":15,"key":"REST"},{"floor":23,"key":"RECALL"},{"floor":25,"key":"REST"},{"data":"Conserve Battery","floor":32,"key":"SMITH"}],"circlet_count":0,"master_deck":["Defend_B","Conserve Battery","Cold Snap","Blizzard","Conserve Battery","Cold Snap","Streamline","Machine Learning","Sweeping Beam+1","Reinforced Body+1","Reinforced Body+1","Streamline","Conserve Battery+1","Redo","Conserve Battery+1","Blizzard","Redo","Blizzard"],"relics":["Cracked Core","Centennial Puzzle","Mummified Hand","Kunai","Astrolabe","Bag of Marbles","Runic Pyramid"],"acts_visited":["Exordium","TheCity","TheBeyond"],"potions_floor_usage":[6,16,16,33],"damage_taken":[{"damage":0,"enemies":"Jaw Worm","floor":1,"turns":4},{"damage":5,"enemies":"2 Louse","floor":5,"turns":2},{"damage":9,"enemies":"Lagavulin","floor":6,"turns":8},{"damage":0,"enemies":"Small Slimes","floor":8,"turns":3},{"damage":12,"enemies":"Gremlin Gang","floor":10,"turns":6},{"damage":0,"enemies":"Large Slime","floor":12,"turns":4},{"damage":11,"enemies":"Slime Boss","floor":16,"turns":11},{"damage":3,"enemies":"Shell Parasite","floor":18,"turns":5},{"damage":19,"enemies":"2 Thieves","floor":21,"turns":4},{"damage":4,"enemies":"Snecko","floor":24,"turns":6},{"damage":11,"enemies":"Centurion and Healer","floor":27,"turns":7},{"damage":39,"enemies":"Automaton","floor":33,"turns":21},{"damage":26,"enemies":"3 Shapes","floor":35,"turns":7},{"damage":39,"enemies":"3 Darklings","floor":36,"turns":4}],"seed_played":"-9193225912784541317","potions_obtained":[{"floor":1,"key":"AttackPotion"},{"floor":4,"key":"BlessingOfTheForge"},{"floor":4,"key":"FairyPotion"},{"floor":4,"key":"Slimebound:ThreeZeroPotion"},{"floor":5,"key":"champ:CounterPotion"},{"floor":10,"key":"EssenceOfSteel"},{"floor":12,"key":"Block Potion"},{"floor":24,"key":"Weak Potion"}],"is_trial":false,"path_per_floor":["M","?","?","?","M","E","?","M","T","M","$","M","$","?","R","B",null,"M","?","?","M","?","R","M","R","T","M","$","$","?","$","R","B",null,"M","M"],"character_chosen":"DEFECT","items_purchased":["Conserve Battery","Cold Snap","Blizzard","Blizzard","Redo"],"campfire_rested":2,"item_purchase_floors":[0,0,0,28,29],"current_hp_per_floor":[75,57,57,57,52,43,36,36,36,24,24,24,24,24,46,35,75,72,72,72,53,53,53,49,71,71,60,60,60,60,60,60,21,75,49,10,10],"gold":176,"neow_bonus":"","is_daily":false,"chose_seed":false,"campfire_upgraded":1,"win_rate":0.0,"timestamp":1609449469,"path_taken":["M","?","?","?","?","E","?","M","T","M","?","M","$","?","R","BOSS","M","?","?","M","?","R","M","R","T","M","?","$","?","$","R","BOSS","M","?"],"items_purchased_type":["Card","Card","Card","Card","Card"],"build_version":"2020-12-22","purchased_purges":5,"victory":false,"max_hp_per_floor":[75,75,75,75,75,75,75,75,75,75,75,75,75,75,75,75,75,75,75,75,75,75,75,75,75,75,75,75,75,75,75,75,75,75,75,75,75],"card_choices":[{"not_picked":["Chaos","Beam Cell","Hello World"],"picked":"SKIP","floor":1},{"not_picked":["Gash","Reprogram"],"picked":"Conserve Battery","floor":5},{"not_picked":["Hologram","Go for the Eyes","Beam Cell"],"picked":"SKIP","floor":6},{"not_picked":["Undo","Amplify"],"picked":"Cold Snap","floor":8},{"not_picked":["Compile Driver","Rebound"],"picked":"Streamline","floor":10},{"not_picked":["Scrape","Leap","Coolheaded"],"picked":"SKIP","floor":12},{"not_picked":["Rainbow","Seek"],"picked":"Machine Learning","floor":16},{"not_picked":["Redo","Beam Cell","Turbo+1"],"picked":"SKIP","floor":18},{"not_picked":["Turbo","Ball Lightning"],"picked":"Conserve Battery+1","floor":21},{"not_picked":["Coolheaded","Multi-Cast"],"picked":"Redo","floor":24},{"not_picked":["Melter","Aggregate+1"],"picked":"Conserve Battery","floor":27},{"not_picked":["Barrage+1","Beam Cell+1"],"picked":"Blizzard","floor":35}],"player_experience":144498,"relics_obtained":[{"floor":6,"key":"Mummified Hand"},{"floor":9,"key":"Kunai"}],"event_choices":[{"damage_healed":0,"gold_gain":0,"player_choice":"Relic ","damage_taken":18,"max_hp_gain":0,"max_hp_loss":0,"event_name":"betterThird:BetterScrap","floor":2,"gold_loss":0,"cards_obtained":["Intimidate"]},{"damage_healed":0,"gold_gain":0,"player_choice":"Ignored","damage_taken":0,"max_hp_gain":0,"max_hp_loss":0,"event_name":"Golden Idol","floor":3,"gold_loss":0},{"damage_healed":0,"gold_gain":0,"player_choice":"Got Potions","damage_taken":0,"max_hp_gain":0,"max_hp_loss":0,"event_name":"Lab","floor":4,"gold_loss":0},{"damage_healed":0,"gold_gain":75,"player_choice":"Touch","damage_taken":7,"max_hp_gain":0,"max_hp_loss":0,"event_name":"FaceTrader","floor":7,"gold_loss":0},{"damage_healed":24,"gold_gain":0,"player_choice":"Leave","damage_taken":0,"max_hp_gain":0,"max_hp_loss":75,"event_name":"betterThird:BetterShining","floor":14,"gold_loss":0},{"damage_healed":0,"gold_gain":0,"player_choice":"Obtained Relic","damage_taken":0,"relics_obtained":["Bag of Marbles"],"max_hp_gain":0,"max_hp_loss":0,"event_name":"Addict","floor":19,"gold_loss":85},{"damage_healed":0,"gold_gain":0,"player_choice":"Read","damage_taken":0,"max_hp_gain":0,"max_hp_loss":0,"event_name":"The Library","floor":20,"gold_loss":0,"cards_obtained":["Streamline"]},{"damage_healed":0,"gold_gain":0,"player_choice":"Ignored","damage_taken":0,"max_hp_gain":0,"max_hp_loss":0,"event_name":"Vampires","floor":22,"gold_loss":0},{"cards_removed":["Zap"],"damage_healed":0,"gold_gain":0,"player_choice":"Purged","damage_taken":0,"max_hp_gain":0,"max_hp_loss":0,"event_name":"Purifier","floor":30,"gold_loss":0}],"is_beta":false,"boss_relics":[{"not_picked":["SacredBark","Coffee Dripper"],"picked":"Astrolabe"},{"not_picked":["Philosopher\u0027s Stone","Busted Crown"],"picked":"Runic Pyramid"}],"items_purged_floors":[0,0,0,0,11],"is_endless":false,"potions_floor_spawned":[1,5,10,12,24],"killed_by":"3 Darklings","ascension_level":0}}