{"host":"c7yluuzpqlymemjk","time":1609382915,"event":{"mods":["BaseMod","Colored Map","GifTheSpireLib","Minty Spire (QoL Compilation)","Relic Stats","StSLib","slay the spire mod where everything is the same but ironclad has a cowboy hat"],"gold_per_floor":[116,127,144,144,24,24,50,75,75,75,75,86,112,77,77,172,172,187,187,187],"floor_reached":19,"playtime":1264,"items_purged":[],"score":193,"play_id":"3e42eadc-7df8-415c-b2fa-06808293dc12","local_time":"20201230184835","is_ascension_mode":true,"campfire_choices":[{"floor":6,"key":"RECALL"},{"floor":11,"key":"REST"},{"floor":15,"key":"REST"}],"circlet_count":0,"master_deck":["Strike_B","Strike_B","Strike_B","Strike_B","Defend_B+1","Defend_B+1","Defend_B","Defend_B","Zap","Dualcast+1","Heatsinks","Genetic Algorithm","Gash","Hello World","Turbo","Conserve Battery","Multi-Cast","Redo","All For One","Electrodynamics","Gash"],"relics":["Cracked Core","Sundial","Odd Mushroom","HornCleat","StoneCalendar","Nuclear Battery"],"acts_visited":["Exordium","TheCity"],"potions_floor_usage":[8,13,16],"damage_taken":[{"damage":1,"enemies":"Cultist","floor":1,"turns":4},{"damage":3,"enemies":"2 Louse","floor":2,"turns":2},{"damage":12,"enemies":"Jaw Worm","floor":3,"turns":3},{"damage":22,"enemies":"Lagavulin","floor":7,"turns":6},{"damage":16,"enemies":"The Mushroom Lair","floor":8,"turns":5},{"damage":9,"enemies":"Exordium Thugs","floor":12,"turns":6},{"damage":17,"enemies":"Gremlin Nob","floor":13,"turns":5},{"damage":4,"enemies":"Hexaghost","floor":16,"turns":9},{"damage":18,"enemies":"3 Byrds","floor":18,"turns":4},{"damage":59,"enemies":"Masked Bandits","floor":19,"turns":5}],"seed_played":"7430215295836231152","potions_obtained":[{"floor":1,"key":"BlessingOfTheForge"},{"floor":7,"key":"PowerPotion"},{"floor":13,"key":"Swift Potion"},{"floor":16,"key":"Dexterity Potion"}],"is_trial":false,"path_per_floor":["M","M","M","?","$","R","E","?","T","T","R","M","E","?","R","B",null,"M","?"],"character_chosen":"DEFECT","items_purchased":["Hello World","Turbo"],"campfire_rested":2,"item_purchase_floors":[5,5],"current_hp_per_floor":[74,71,59,44,44,44,22,6,6,6,28,19,2,20,42,38,75,57,0,0],"gold":187,"neow_bonus":"UPGRADE_CARD","is_daily":false,"chose_seed":false,"campfire_upgraded":0,"win_rate":0.0,"timestamp":1609382915,"path_taken":["M","M","?","?","$","R","E","?","T","?","R","?","E","?","R","BOSS","M","?"],"items_purchased_type":["Card","Card"],"build_version":"2020-12-22","purchased_purges":0,"victory":false,"max_hp_per_floor":[75,75,75,75,75,75,75,75,75,75,75,75,75,75,75,75,75,75,75,75],"relic_stats":{"counters":[10,49],"Sundial":[4],"StoneCalendar":[52],"obtain_stats":[{"HornCleat":9,"Sundial":7,"StoneCalendar":13,"Odd Mushroom":8,"Cracked Core":0,"Nuclear Battery":17},{"HornCleat":5,"Sundial":4,"StoneCalendar":7,"Odd Mushroom":5,"Cracked Core":0,"Nuclear Battery":8},{"HornCleat":20,"Sundial":15,"StoneCalendar":31,"Odd Mushroom":20,"Cracked Core":0,"Nuclear Battery":40}]},"card_choices":[{"not_picked":["Steam","Stack"],"picked":"Heatsinks","floor":1},{"not_picked":["Doom and Gloom","Rip and Tear"],"picked":"Genetic Algorithm","floor":2},{"not_picked":["Redo","Cold Snap"],"picked":"Gash","floor":3},{"not_picked":["Beam Cell","Leap"],"picked":"Conserve Battery","floor":7},{"not_picked":["Steam","Leap"],"picked":"Multi-Cast","floor":8},{"not_picked":["Streamline","Conserve Battery"],"picked":"Redo","floor":12},{"not_picked":["Darkness","Turbo"],"picked":"All For One","floor":13},{"not_picked":["All For One","Amplify"],"picked":"Electrodynamics","floor":16},{"not_picked":["Melter","Redo"],"picked":"Gash","floor":18}],"player_experience":333561,"relics_obtained":[{"floor":7,"key":"Sundial"},{"floor":8,"key":"Odd Mushroom"},{"floor":9,"key":"HornCleat"},{"floor":13,"key":"StoneCalendar"}],"event_choices":[{"damage_healed":0,"gold_gain":0,"player_choice":"Entered Light","damage_taken":15,"max_hp_gain":0,"max_hp_loss":0,"event_name":"Shining Light","floor":4,"gold_loss":0,"cards_upgraded":["Defend_B","Defend_B"]},{"damage_healed":0,"gold_gain":0,"player_choice":"Fought Mushrooms","damage_taken":0,"max_hp_gain":0,"max_hp_loss":0,"event_name":"Mushrooms","floor":8,"gold_loss":0},{"damage_healed":18,"gold_gain":0,"player_choice":"Healed","damage_taken":0,"max_hp_gain":0,"max_hp_loss":0,"event_name":"The Cleric","floor":14,"gold_loss":35},{"damage_healed":0,"gold_gain":0,"player_choice":"Fought Bandits","damage_taken":0,"max_hp_gain":0,"max_hp_loss":0,"event_name":"Masked Bandits","floor":19,"gold_loss":0}],"is_beta":false,"boss_relics":[{"not_picked":["Empty Cage","Sozu"],"picked":"Nuclear Battery"}],"items_purged_floors":[],"is_endless":false,"potions_floor_spawned":[1,7,13,16],"killed_by":"Masked Bandits","ascension_level":2}}