{"host":"yq9lr8gtbjek4ze8","time":1609414719,"event":{"mods":["Act Like it!","Arknights The Spire","BaseMod","CapriCore","Conspire","Friendly Minions","Gensokyo","GifTheSpireLib","Hallownest","Koishi","Marisa（F雨　魔理沙）","Mimic Mod","Minty Spire (QoL Compilation)","MostiFishMod","Pale of the Ancients","Quick Restart","Reimu（博丽灵梦）","Replay The Spire","StSLib","WarShipGirlsR/战舰少女R mod","Yakumo Yukari mod","【功能Mod】聪明的最终Boss"],"gold_per_floor":[119,140,0,0,0,27,27,27,66,66,66,85,113,113,113,214,214,228,430,448,307,307,307,334,348,394,394,428,441,121,133,133,232,232,250,250,250,150,100,100,133,133,157,183,214,74,100,115,115,115,115,115,15,46,21],"floor_reached":56,"playtime":2692,"items_purged":["ats:Strike V","ats:Defend"],"score":1589,"play_id":"3d7548ac-7c83-4a58-9122-2d9e8b0e508e","local_time":"20201231193839","is_ascension_mode":true,"campfire_choices":[{"data":"ats:Cat Scratch","floor":7,"key":"SMITH"},{"data":"ats:Leaping Hammer","floor":15,"key":"SMITH"},{"data":"ats:Soul Rend","floor":23,"key":"SMITH"},{"floor":27,"key":"REST"},{"floor":32,"key":"REST"},{"floor":40,"key":"RECALL"},{"floor":49,"key":"REST"},{"floor":52,"key":"REST"}],"circlet_count":0,"master_deck":["ats:Strike G","ats:Strike S","ats:Armor Crushing Shot","ats:Defend","ats:Defend+3","ats:Defend+2","ats:Cat Scratch+1","ats:Leaping Hammer+1","ats:Soul Rend+1","ats:Flexible Camouflage","ats:Cat Scratch","ats:Demon Strength","ats:Roar Of Ursus+1","ats:Song Of Battle","ats:Disruption Kick+1","ats:Hammer On+1","ats:Poison Spread+1"],"relics":["ats:Sanity","DaveBox","SynthV","SynthV:TestCard","TungstenRod","ats:Originium","PureWhite:ReiMu","Strawberry","Blood Vial","Gensokyo:NagashiBinaDoll","Simple Rune","RhineSuit","BrkXgEgg","Gensokyo:ConquerorOfFear","Darkstone Periapt","Gremlin Food","Toy Ornithopter","Mummified Hand","Replay:Grab Bag","SlaversCollar","Fusion Hammer","RhineFirstAidKit","Empty Cage","Gensokyo:TheCrow","Gensokyo:EmptyGrave","White Beast Statue","Omamori","CaptainsWheel","BirthdayGift-Icosahedron","Snack Pack","War Paint"],"acts_visited":["Gensokyo:Gensokyo","Gensokyo:Gensokyoer","Gensokyo:Gensokyoest","TheEnding"],"potions_floor_usage":[55],"damage_taken":[{"damage":2,"enemies":"Gensokyo:3_Fairies","floor":1,"turns":4},{"damage":1,"enemies":"Gensokyo:Gryphon","floor":2,"turns":3},{"damage":0,"enemies":"Gensokyo:Mamizou","floor":6,"turns":9},{"damage":0,"enemies":"Gensokyo:Python","floor":9,"turns":5},{"damage":0,"enemies":"Gensokyo:Python","floor":12,"turns":3},{"damage":15,"enemies":"Gensokyo:Cirno","floor":13,"turns":8},{"damage":0,"enemies":"Gensokyo:Kokoro","floor":16,"turns":13},{"damage":7,"enemies":"Gensokyo:CosmicMonolith","floor":18,"turns":4},{"damage":0,"enemies":"Gensokyo:2_Gloops","floor":20,"turns":4},{"damage":14,"enemies":"Gensokyo:Tenshi","floor":24,"turns":6},{"damage":0,"enemies":"Gensokyo:Slime_Group","floor":25,"turns":4},{"damage":0,"enemies":"Gensokyo:Reisen","floor":28,"turns":5},{"damage":2,"enemies":"Gensokyo:3_Gloops","floor":29,"turns":4},{"damage":18,"enemies":"Gensokyo:Monolith_and_Dog","floor":31,"turns":5},{"damage":17,"enemies":"Gensokyo:Eiki","floor":33,"turns":6},{"damage":5,"enemies":"Gensokyo:3_Boulders","floor":35,"turns":6},{"damage":35,"enemies":"Gensokyo:Marisa","floor":41,"turns":4},{"damage":190,"enemies":"Gensokyo:Kasen","floor":44,"turns":7},{"damage":31,"enemies":"Gensokyo:3_Bats","floor":45,"turns":5},{"damage":9,"enemies":"Gensokyo:Doremy","floor":47,"turns":3},{"damage":0,"enemies":"Gensokyo:3_Bats","floor":48,"turns":1},{"damage":16,"enemies":"Gensokyo:Shinki","floor":50,"turns":6},{"damage":0,"enemies":"Shield and Spear","floor":54,"turns":2},{"damage":13,"enemies":"The Heart","floor":55,"turns":4}],"seed_played":"-7925061215400883767","potions_obtained":[{"floor":1,"key":"PowerPotion"},{"floor":13,"key":"FairyPotion"},{"floor":16,"key":"ats:Emergency Sanity Potion"},{"floor":54,"key":"Toxic Potion"}],"is_trial":false,"path_per_floor":["M","M","?","$","?","E","R","?","MIM","$","?","M","E","COS","R","B",null,"M","?","M","COS","?","R","E","M","T","R","E","M","$","M","R","B",null,"M","?","?","$","?","R","E","?","T","E","MIM","COS","E","M","R","B",null,"R","$","E","B",null],"character_chosen":"DOCTOR_CLASS","items_purchased":["Mummified Hand","Doom Potion"],"campfire_rested":4,"item_purchase_floors":[30,53],"current_hp_per_floor":[77,79,79,79,79,79,79,77,85,85,85,86,71,71,71,81,86,82,62,68,68,68,68,66,72,72,86,86,86,86,72,86,85,86,86,86,80,80,80,80,53,53,53,19,80,80,74,80,80,80,80,80,80,80,80],"gold":21,"neow_bonus":"TEN_PERCENT_HP_BONUS","is_daily":false,"chose_seed":false,"campfire_upgraded":3,"win_rate":0.0,"timestamp":1609414719,"path_taken":["M","M","?","$","?","E","R","?","MIM","?","?","?","E","COS","R","BOSS","M","?","M","COS","?","R","E","?","T","R","E","?","?","M","R","BOSS","M","?","?","$","?","R","E","?","T","E","?","COS","E","M","R","BOSS","R","$","E","BOSS"],"items_purchased_type":["Relic","Potion"],"build_version":"2020-12-22","purchased_purges":2,"victory":true,"max_hp_per_floor":[79,79,79,79,79,79,79,86,86,86,86,86,86,86,86,86,86,86,86,86,86,86,86,86,86,86,86,86,86,86,86,86,86,86,86,86,80,80,80,80,80,80,80,80,80,80,80,80,80,80,80,80,80,80,80],"card_choices":[{"not_picked":["ats:Hook Shot","ats:Steam Pump","ats:Shell Defense"],"picked":"SKIP","floor":1},{"not_picked":["ats:Ignite","ats:Sword Rain","ats:Mental Burst","ats:Magnetic Hammer"],"picked":"ats:Cat Scratch","floor":2},{"not_picked":["ats:Powerful Strike","ats:Beaten Up","ats:Echo Reverb","ats:Curse Doll","ats:Hammer On"],"picked":"SKIP","floor":6},{"not_picked":["ats:Curse Doll","ats:Explosion Area Strengthen","ats:Childhood Dance","ats:Apocalypse","ats:Encircling Forest"],"picked":"SKIP","floor":12},{"not_picked":["ats:Defend Order","ats:Neurotoxin","ats:Assault Order","ats:Revitalization"],"picked":"ats:Leaping Hammer","floor":13},{"not_picked":["ats:Nebulous Foxfire","ats:Dogmatic Field","ats:Roar Of Ursus","ats:Rat Pack"],"picked":"ats:Soul Rend","floor":16},{"not_picked":["ats:Revitalization+1","ats:Consecutive Shot Auto","ats:Curse Doll","ats:Beaten Up"],"picked":"ats:Flexible Camouflage","floor":18},{"not_picked":["ats:Explosion Area Strengthen","ats:Hammer On","ats:Revitalization","ats:Very Hot Blade+1"],"picked":"ats:Cat Scratch","floor":19},{"not_picked":["ats:Flexible Camouflage+1","ats:Hammer On","ats:Closed Bolt Burst Fire","ats:LN2 Cannon","ats:Automatic Cover"],"picked":"SKIP","floor":20},{"not_picked":["ats:Revitalization","ats:Rat Pack+1","ats:Poison Spread","ats:Echo Reverb+1","ats:Very Hot Blade+1"],"picked":"SKIP","floor":24},{"not_picked":["ats:Counter Healing Mode+1","ats:Beaten Up","ats:Burning Ground","ats:Revitalization","ats:Explosion Area Strengthen"],"picked":"SKIP","floor":25},{"not_picked":["ats:Revitalization","ats:Cat Scratch","ats:Leaping Hammer","ats:Ambush+1","ats:Very Hot Blade"],"picked":"SKIP","floor":28},{"not_picked":["ats:Explosion Area Strengthen","ats:Powerful Strike+1","ats:Consecutive Shot Auto","ats:Leaping Hammer"],"picked":"ats:Demon Strength","floor":29},{"not_picked":["ats:Apocalypse","ats:Hammer On","ats:Consecutive Shot Auto+1","ats:Assault Order+1","ats:Neurotoxin"],"picked":"SKIP","floor":31},{"not_picked":["ats:Disruption Kick+1","ats:Wolf Pack+1","ats:Nebulous Foxfire+1","ats:Ambush+1"],"picked":"ats:Roar Of Ursus+1","floor":33},{"not_picked":["ats:Hammer On","ats:Leaping Hammer","ats:Poison Spread+1","ats:Charging Defense+1","ats:Explosion Area Strengthen"],"picked":"SKIP","floor":35},{"not_picked":[],"picked":"ats:Song Of Battle","floor":39},{"not_picked":["ats:Flexible Camouflage","ats:Neurotoxin+1","ats:Spore Proliferation+1","ats:Healing Strengthening+1"],"picked":"ats:Disruption Kick+1","floor":41},{"not_picked":["ats:Powerful Strike+1","ats:Explosion Area Strengthen+1","ats:Ignite","ats:Cat Scratch+1","ats:Apocalypse+1"],"picked":"SKIP","floor":44},{"not_picked":["ats:Poison Spread+1","ats:Leaping Hammer","ats:Apocalypse+1","ats:Ignite"],"picked":"ats:Hammer On","floor":45},{"not_picked":["ats:Explosion Area Strengthen","ats:Thorns+1","ats:Very Hot Blade+1","ats:Support Order+1","ats:Steam Pump"],"picked":"SKIP","floor":47},{"not_picked":["ats:Hammer On","ats:Childhood Dance","ats:Collapsing Strike+1","ats:Apocalypse","ats:Flame Of Heaven"],"picked":"SKIP","floor":48},{"not_picked":["ats:Powerful Strike+1","ats:Magnetic Hammer+1","ats:Thorns","ats:Consecutive Shot Auto"],"picked":"ats:Poison Spread+1","floor":54}],"player_experience":134913,"relics_obtained":[{"floor":1,"key":"SynthV:TestCard"},{"floor":6,"key":"ats:Originium"},{"floor":6,"key":"PureWhite:ReiMu"},{"floor":9,"key":"Blood Vial"},{"floor":13,"key":"ats:Originium"},{"floor":13,"key":"Simple Rune"},{"floor":24,"key":"Gensokyo:ConquerorOfFear"},{"floor":24,"key":"ats:Originium"},{"floor":24,"key":"Darkstone Periapt"},{"floor":26,"key":"Gremlin Food"},{"floor":28,"key":"Toy Ornithopter"},{"floor":41,"key":"White Beast Statue"},{"floor":44,"key":"Omamori"},{"floor":45,"key":"CaptainsWheel"},{"floor":47,"key":"Snack Pack"},{"floor":54,"key":"War Paint"}],"event_choices":[{"damage_healed":0,"gold_gain":0,"player_choice":"Leave","damage_taken":0,"max_hp_gain":0,"max_hp_loss":0,"event_name":"conspire:Investor","floor":42,"gold_loss":0}],"is_beta":false,"boss_relics":[{"not_picked":["TimeKeys","HereWithMe"],"picked":"RhineSuit"},{"not_picked":["conspire:RunicOctahedron","NightmareShop"],"picked":"Replay:Grab Bag"},{"not_picked":["Runic Dome","Cursed Key"],"picked":"SlaversCollar"},{"not_picked":["Philosopher\u0027s Stone","ChewingGum"],"picked":"Fusion Hammer"},{"not_picked":["conspire:SpecialSausage","Honey Jar"],"picked":"RhineFirstAidKit"},{"not_picked":["Astrolabe","Tiny House"],"picked":"Empty Cage"}],"items_purged_floors":[30,38],"is_endless":false,"potions_floor_spawned":[1,2,13,16,29,31,33,35,44,45,47,48,54],"ascension_level":3}}