{"host":"6r341r9cz00j2qc1","time":1609376078,"event":{"mods":["BaseMod","Better Third Choice","Downfall","GungeonMod","Hermit","Lobotomy","LobotomyExtend","Minty Spire (QoL Compilation)","Shop Mod","StSLib"],"gold_per_floor":[110,129,204,204,204,204,225,225,249,274,294,8,81,41,41,167,167,187,203,203,218,64,64,95,95,95,95,95,95],"floor_reached":28,"playtime":1362,"items_purged":[],"score":326,"play_id":"a5dd003b-d9ff-4e71-97fe-fb7045c57758","local_time":"20201231015438","is_ascension_mode":false,"campfire_choices":[{"data":"hermit:WideOpen","floor":6.0,"key":"SMITH"},{"data":"hermit:Grudge","floor":8.0,"key":"SMITH"},{"floor":15.0,"key":"REST"},{"floor":23,"key":"REST"},{"data":"hermit:Maintenance","floor":25,"key":"SMITH"},{"data":"hermit:Glare","floor":27,"key":"SMITH"}],"circlet_count":0,"master_deck":["Woodsman","hermit:Strike_Hermit","hermit:Strike_Hermit","hermit:Strike_Hermit","hermit:Strike_Hermit","hermit:Defend_Hermit","hermit:Defend_Hermit","hermit:Defend_Hermit","hermit:Defend_Hermit","hermit:Snapshot","hermit:Covet","hermit:WideOpen+1","Wellcheers","hermit:Maintenance+1","Injury","WhitesApple","hermit:Grudge+1","Parasite","OSAHOGD","hermit:Shortfuse","Parasite","CherryBlossoms","hermit:Roulette","hermit:Glare+1","Parasite","hermit:Dissolve","Bloodbath","hermit:Maintenance+1","OldLady","Necronomicurse","hermit:Malice","QueenOfHatred","hermit:Shortfuse"],"relics":["hermit:Momento","CogitoBucket","LetterFromLob","Golden Idol","Happy Flower","Membership Card","MerchantsRug","DemoMod:PinkGuonStone","Logging_r","Black Star","BackwardClock","Necronomicon","MealTicket","Sling","Dream Catcher","Bag of Marbles"],"acts_visited":["Exordium","TheCity","TheCity"],"potions_floor_usage":[16,16,16,24],"damage_taken":[{"damage":0.0,"enemies":"2 Louse","floor":1.0,"turns":2.0},{"damage":5.0,"enemies":"Small Slimes","floor":2.0,"turns":2.0},{"damage":1.0,"enemies":"Cultist","floor":7.0,"turns":3.0},{"damage":5.0,"enemies":"Red Slaver","floor":10.0,"turns":4.0},{"damage":0.0,"enemies":"Large Slime","floor":11.0,"turns":4.0},{"damage":42.0,"enemies":"Gremlin Nob","floor":13.0,"turns":5.0},{"damage":19,"enemies":"Slime Boss","floor":16,"turns":8},{"damage":20,"enemies":"3 Byrds","floor":18,"turns":1},{"damage":7,"enemies":"Shell Parasite","floor":19,"turns":5},{"damage":0,"enemies":"Snecko","floor":21,"turns":2},{"damage":16,"enemies":"Gremlin Leader","floor":24,"turns":5},{"damage":103,"enemies":"DemoMod:4_Bullet_Kins_with_one_veteran","floor":28,"turns":2}],"seed_played":"-685252259209575005","potions_obtained":[{"floor":2.0,"key":"DistilledChaos"},{"floor":11.0,"key":"PowerPotion"},{"floor":14.0,"key":"Explosive Potion"},{"floor":14.0,"key":"Dexterity Potion"},{"floor":14.0,"key":"GamblersBrew"},{"floor":18,"key":"hermit:BlackBile"}],"is_trial":false,"path_per_floor":["M","M","?","?","?","R","M","R","T","M","M","$","?","?","R","B",null,"M","M","?","M","$","R","E","R","T","R","M"],"character_chosen":"HERMIT","items_purchased":["Membership Card","MerchantsRug","DemoMod:GnawedKey","MealTicket","Sling"],"campfire_rested":2,"item_purchase_floors":[12,12,12,22,22],"current_hp_per_floor":[75,70,59,59,59,59,58,58,58,56,59,59,24,24,48,29,82,68,68,52,59,59,82,82,82,82,82,0,0],"gold":95,"neow_bonus":"","is_daily":false,"chose_seed":false,"campfire_upgraded":4,"win_rate":0.0,"timestamp":1609376078,"path_taken":["M","M","?","?","?","R","M","R","T","?","M","?","?","?","R","BOSS","M","M","?","M","$","R","E","R","T","R","M"],"items_purchased_type":["Relic","Relic","Relic","Relic","Relic"],"build_version":"2020-12-22","purchased_purges":0,"victory":false,"max_hp_per_floor":[75,75,75,75,75,75,75,75,75,75,75,75,82,82,82,82,82,82,82,82,82,82,82,82,82,82,82,82,82],"card_choices":[{"not_picked":["Murderer","PunishingBird"],"picked":"DespairKnight","floor":1.0},{"not_picked":["hermit:Headshot","hermit:HighCaliber"],"picked":"hermit:WideOpen","floor":1.0},{"not_picked":["UniverseFragment","WallGazer"],"picked":"Wellcheers","floor":2.0},{"not_picked":["hermit:HighCaliber","hermit:LowProfile"],"picked":"hermit:Maintenance","floor":2.0},{"not_picked":["CherryBlossoms","SpiderBud","MeatLantern"],"picked":"Singing Bowl","floor":7.0},{"not_picked":["MHz","FairyFestival"],"picked":"WhitesApple","floor":7.0},{"not_picked":["hermit:Glare","hermit:LuckOfTheDraw"],"picked":"hermit:Grudge","floor":7.0},{"not_picked":["PunishingBird","MHz","Porccubus"],"picked":"Singing Bowl","floor":10.0},{"not_picked":["FairyFestival","Murderer"],"picked":"OSAHOGD","floor":10.0},{"not_picked":["hermit:Feint","hermit:TrackingShot"],"picked":"hermit:Shortfuse","floor":10.0},{"not_picked":["OldLady","FairyFestival"],"picked":"CherryBlossoms","floor":11.0},{"not_picked":["hermit:TrackingShot","hermit:ItchyTrigger"],"picked":"hermit:Roulette","floor":11.0},{"not_picked":["LongBird","Scorched"],"picked":"Woodsman","floor":13.0},{"not_picked":["hermit:Gestalt","hermit:Desperado"],"picked":"hermit:Glare","floor":13.0},{"not_picked":["DreamingCurrent","QueenBee"],"picked":"BlueStar","floor":16},{"not_picked":["hermit:OverwhelmingPower","hermit:FatalDesire"],"picked":"hermit:Dissolve","floor":16},{"not_picked":["MHz","BeautyBeast","VoidDream"],"picked":"Singing Bowl","floor":18},{"not_picked":["Murderer","MHz"],"picked":"Bloodbath","floor":18},{"not_picked":["hermit:Feint","hermit:Coalescence+1"],"picked":"hermit:Maintenance","floor":18},{"not_picked":["PunishingBird","SnowQueen"],"picked":"OldLady","floor":19},{"not_picked":["hermit:Brawl","hermit:CalledShot","hermit:Dive"],"picked":"SKIP","floor":19},{"not_picked":["GreedKing","NakedNest","BigBadWolf"],"picked":"Singing Bowl","floor":21},{"not_picked":["hermit:ItchyTrigger+1","hermit:SprayPray"],"picked":"hermit:Malice","floor":21},{"not_picked":["PunishingBird","MeatLantern"],"picked":"QueenOfHatred","floor":24},{"not_picked":["hermit:TrackingShot+1","hermit:Headshot"],"picked":"hermit:Shortfuse","floor":24}],"player_experience":448441,"relics_obtained":[{"floor":1.0,"key":"LetterFromLob"},{"floor":9.0,"key":"Happy Flower"},{"floor":13.0,"key":"DemoMod:PinkGuonStone"},{"floor":20,"key":"Necronomicon"},{"floor":24,"key":"Dream Catcher"},{"floor":24,"key":"Bag of Marbles"}],"event_choices":[{"damage_healed":0.0,"max_hp_gain":0.0,"max_hp_loss":0.0,"gold_gain":75.0,"event_name":"betterThird:BetterGoop","player_choice":"Gold","floor":3.0,"gold_loss":0.0,"damage_taken":11.0},{"damage_healed":0.0,"max_hp_gain":0.0,"max_hp_loss":0.0,"gold_gain":0.0,"event_name":"Golden Idol","player_choice":"Take Wound","floor":4.0,"gold_loss":0.0,"damage_taken":0.0,"relics_obtained":["Golden Idol"],"cards_obtained":["Injury"]},{"damage_healed":0.0,"max_hp_gain":0.0,"max_hp_loss":0.0,"gold_gain":0.0,"event_name":"Upgrade Shrine","player_choice":"Upgraded","floor":5.0,"gold_loss":0.0,"damage_taken":0.0,"cards_upgraded":["hermit:Maintenance"]},{"damage_healed":0.0,"max_hp_gain":0.0,"max_hp_loss":0.0,"gold_gain":0.0,"event_name":"Dead Adventurer","player_choice":"Searched \u00271\u0027 times","floor":13.0,"gold_loss":0.0,"damage_taken":0.0},{"damage_healed":0.0,"max_hp_gain":0.0,"max_hp_loss":0.0,"gold_gain":0.0,"event_name":"The Woman in Blue","player_choice":"Bought 3 Potions","floor":14.0,"gold_loss":0.0,"damage_taken":0.0},{"damage_healed":0,"gold_gain":0,"player_choice":"Obtained Book","damage_taken":16,"max_hp_gain":0,"max_hp_loss":0,"event_name":"Cursed Tome","floor":20,"gold_loss":0}],"is_beta":false,"boss_relics":[{"not_picked":["Coffee Dripper","Snecko Eye"],"picked":"Black Star"}],"items_purged_floors":[],"is_endless":false,"potions_floor_spawned":[2,11,18],"killed_by":"DemoMod:4_Bullet_Kins_with_one_veteran","ascension_level":0}}