{"host":"rw894vbmybzetdcq","time":1609424777,"event":{"mods":["Act Like it!","BaseMod","Bestiary","CapriCore","Gensokyo","Halation","Hermit","Highlight Path","Hubris","Infinite Spire","Koishi","Marisa????????","Mimic Mod","Minty Spire (QoL Compilation)","Quick Restart","Reimu??????","Relic Sorter","Relic Stats","Remilia??????","Replay The Spire","Shade Mod","Shop Mod","StSLib","The Construct","The Cursed","The Immortal","The Necromancer","The Servant 0.9.4","Waifu the Spire","Wandering Minibosses"],"gold_per_floor":[119,19,35,35,3,3,37,37,76,104,116,228,250,422,434,541,553,577,589,589],"floor_reached":19,"playtime":3156,"items_purged":[],"score":200,"play_id":"5ddb7bcd-17f5-4f96-ac47-698696333e0c","local_time":"20201231182617","is_ascension_mode":false,"campfire_choices":[{"data":"OrbThrow:ReiMu","floor":6.0,"key":"SMITH"},{"data":"NB:ReiMu","floor":8,"key":"SMITH"},{"floor":15,"key":"REST"}],"circlet_count":0,"master_deck":["Strike_Lin:ReiMu","Strike_Lin:ReiMu","Strike_Lin:ReiMu","Strike_Lin:ReiMu","Defend_Lin:ReiMu","Defend_Lin:ReiMu","Defend_Lin:ReiMu","Defend_Lin:ReiMu","NB:ReiMu+1","Stagnation:ReiMu","Enchanting:ReiMu","OrbThrow:ReiMu+1","Dreaming:ReiMu","SpreadBorder2:ReiMu","CleanRite:ReiMu","SpringWay:ReiMu"],"relics":["FlyPower:ReiMu","NeowsBlessing","halation:WeightlessCrab","halation:PinkSoulGem","Blue Doll","Blood Vial","MawBank","Mango","halation:HeavySnake"],"acts_visited":["Gensokyo:Gensokyo","Gensokyo:Gensokyoer"],"potions_floor_usage":[10,10,18,19],"damage_taken":[{"damage":0.0,"enemies":"Gensokyo:Gryphon","floor":1.0,"turns":1.0},{"damage":0.0,"enemies":"Gensokyo:Python","floor":3.0,"turns":1.0},{"damage":0,"enemies":"Gensokyo:Cirno","floor":7,"turns":2},{"damage":2,"enemies":"Gensokyo:2_Kodama","floor":9,"turns":6},{"damage":27,"enemies":"Gensokyo:Aya","floor":10,"turns":10},{"damage":1,"enemies":"Gensokyo:2_Kodama","floor":13,"turns":4},{"damage":7,"enemies":"Gensokyo:LivingMonolith","floor":14,"turns":4},{"damage":19,"enemies":"Gensokyo:Reimu","floor":16,"turns":13},{"damage":71,"enemies":"Gensokyo:3_Dogs","floor":18,"turns":12},{"damage":10,"enemies":"Gensokyo:AngelMirror","floor":19,"turns":4}],"seed_played":"4811252440941023892","potions_obtained":[{"floor":3.0,"key":"PinkPotion:ReiMu"},{"floor":7,"key":"Venom Potion"},{"floor":13,"key":"Swift Potion"},{"floor":14,"key":"Adrenaline Potion"}],"is_trial":false,"path_per_floor":["M","?","M","?","COS","R","E","R","MIM","E","?","?","M","M","R","B",null,"M","M"],"character_chosen":"REIMU","items_purchased":[],"campfire_rested":1,"item_purchase_floors":[],"current_hp_per_floor":[65,65,65,65,65,65,65,65,63,38,31,31,32,27,50,33,79,8,0,0],"gold":589,"neow_bonus":"THREE_ENEMY_KILL","is_daily":false,"chose_seed":false,"campfire_upgraded":2,"win_rate":0.0,"timestamp":1609424777,"path_taken":["M","?","M","?","COS","R","E","R","MIM","E","?","?","M","M","R","BOSS","M","M"],"items_purchased_type":[],"build_version":"2020-12-22","purchased_purges":0,"victory":false,"max_hp_per_floor":[65,65,65,65,65,65,65,65,65,65,79,79,79,79,79,79,79,79,79,79],"relic_stats":{"Blood Vial":10,"counters":[10,57],"MawBank":108,"obtain_stats":[{"Blood Vial":9,"NeowsBlessing":0,"Blue Doll":7,"Mango":11,"halation:WeightlessCrab":2,"FlyPower:ReiMu":0,"halation:PinkSoulGem":4,"MawBank":10,"halation:HeavySnake":17},{"Blood Vial":4,"NeowsBlessing":0,"Blue Doll":3,"Mango":5,"halation:WeightlessCrab":1,"FlyPower:ReiMu":0,"halation:PinkSoulGem":2,"MawBank":5,"halation:HeavySnake":8},{"Blood Vial":10,"NeowsBlessing":0,"Blue Doll":4,"Mango":20,"halation:WeightlessCrab":1,"FlyPower:ReiMu":0,"halation:PinkSoulGem":2,"MawBank":20,"halation:HeavySnake":41}]},"card_choices":[{"not_picked":["AlertArray:ReiMu","MountainWay:ReiMu"],"picked":"Enchanting:ReiMu","floor":1.0},{"not_picked":["SubAcupoint:ReiMu","SubcavityInstant:ReiMu"],"picked":"OrbThrow:ReiMu","floor":3.0},{"not_picked":["MikOfLucky:ReiMu","Gathering:ReiMu"],"picked":"Dreaming:ReiMu","floor":7},{"not_picked":["CeremonyResonance:ReiMu","FineLineFantasy:ReiMu","AirManeuver:ReiMu"],"picked":"SKIP","floor":10},{"not_picked":["PrepareRite:ReiMu","SpringWay:ReiMu"],"picked":"SpreadBorder2:ReiMu","floor":13},{"not_picked":["SpringWay:ReiMu","DoubleButterfly:ReiMu","WonderfulDomain:ReiMu"],"picked":"SKIP","floor":14},{"not_picked":["Authority:ReiMu","KyokaiOfKami:ReiMu"],"picked":"CleanRite:ReiMu","floor":16},{"not_picked":["FantasyBorder:ReiMu","CareerPray:ReiMu+1"],"picked":"SpringWay:ReiMu","floor":18}],"player_experience":241721,"relics_obtained":[{"floor":7,"key":"Blue Doll"},{"floor":9,"key":"Blood Vial"},{"floor":10,"key":"MawBank"}],"event_choices":[],"is_beta":false,"boss_relics":[{"not_picked":["hubris:TerracottaHorce","hubris:RunicObelisk"],"picked":"halation:HeavySnake"}],"items_purged_floors":[],"is_endless":false,"potions_floor_spawned":[3,7,13,14],"killed_by":"Gensokyo:AngelMirror","ascension_level":0}}