{"host":"709gjpjg43u3i5a8","time":1609404075,"event":{"mods":["Act Like it!","BaseMod","Colored Map","Colored Powertips","Downfall","Duelist Mod","Gensokyo","GifTheSpireLib","Hallownest","Hermit","Hubris","Infinite Spire","Koishi","Marisa????????","Minty Spire (QoL Compilation)","Remilia??????","Shop Mod","StSLib","Td1madao Mod","The Administrix","The Animator","The Bug Knight","The Construct","The Cursed","The Disciple","The Hierophant","The Jungle","The Necromancer","The Poker Player","The Runesmith","The Servant 0.9.4"],"gold_per_floor":[140,140,191,204,214,249,259,284,284,303,303,335,364,376,388,503,515,537,648,674,686,731,743,6,38,116,142,72,85,85,111,111,215,215,227,245,265,265,115,115,133,133,133,160,172,205,205,234,234,234,234,234,49,79,79],"floor_reached":56,"playtime":5003,"items_purged":["theDuelist:CastleWalls"],"score":1805,"play_id":"64373220-3779-4142-a9ab-d4740d31808d","local_time":"20201231014115","is_ascension_mode":true,"campfire_choices":[{"data":"theDuelist:Yami","floor":11,"key":"SMITH"},{"data":"theDuelist:ContractExodia","floor":15,"key":"SMITH"},{"data":"infinitespire:Collect","floor":23,"key":"SMITH"},{"data":"theDuelist:Yami","floor":30,"key":"SMITH"},{"data":"theDuelist:ExodiaNecross","floor":32,"key":"SMITH"},{"data":"theDuelist:Yami","floor":40,"key":"SMITH"},{"floor":42,"key":"RECALL"},{"data":"theDuelist:ExodiaHead","floor":49,"key":"SMITH"},{"data":"theDuelist:ExodiaHead+1","floor":52,"key":"SMITH"}],"circlet_count":0,"master_deck":["theDuelist:CastleWalls","theDuelist:DarkMagician","theDuelist:MysticalElf","theDuelist:MysticalElf","theDuelist:NeoMagic","theDuelist:NeoMagic","theDuelist:ApprenticeIllusionMagician","theDuelist:GravekeeperCurse","theDuelist:ExodiaNecross+1","theDuelist:Sparks+1","theDuelist:MagicSparks+1","theDuelist:SangaEarth","theDuelist:Sparks+1","theDuelist:StrayLambs","theDuelist:WonderWand","theDuelist:ExodiaRA","theDuelist:Yami+1","theDuelist:StatueAnguishPattern","theDuelist:ExodiaRL","theDuelist:ContractExodia+1","theDuelist:RainbowMagician","theDuelist:BlueDragonSummoner+1","theDuelist:StatueAnguishPattern+1","infinitespire:Collect+1","theDuelist:BlueDragonSummoner+1","Mayhem","theDuelist:DarkHole","theDuelist:Yami+1","theDuelist:ExodiaLL","theDuelist:LegendaryExodia","theDuelist:ApprenticeIllusionMagician","theDuelist:SangaEarth+1","theDuelist:RainbowKuriboh","theDuelist:DarkHorizon+1","The Bomb+1","theDuelist:Yami+1","theDuelist:ApprenticeIllusionMagician+4","theDuelist:MagiciansRod","theDuelist:BlueDragonSummoner+1","theDuelist:ExodiaHead+2","Apotheosis"],"relics":["theDuelist:MillenniumPuzzle","theDuelist:CardPoolRelic","theDuelist:CardPoolBasicRelic","theDuelist:BoosterPackPoolRelic","theDuelist:CardPoolAddRelic","theDuelist:CardPoolMinusRelic","theDuelist:CardPoolSaveRelic","theDuelist:CardPoolOptionsRelic","NeowsBlessing","theDuelist:MillenniumArmor","Charon\u0027s Ashes","Ice Cream","Incense Burner","Omamori","FossilizedHelix","Bottled Lightning","MawBank","SlaversCollar","Red Mask","theDuelist:CardRewardRelicI","Mummified Hand","infinitespire:FocusingShard","hubris:MysteriousPyramids","theDuelist:AeroRelic","Sozu","theDuelist:MillenniumPrayerbook","Strawberry","Darkstone Periapt","Torii","hubris:VirtuousBlindfold","infinitespire:Satchel","theDuelist:MetronomeRelicB"],"acts_visited":["Exordium","TheCity","TheBeyond","TheEnding"],"potions_floor_usage":[22,55],"damage_taken":[{"damage":0,"enemies":"Small Slimes","floor":1,"turns":1},{"damage":0,"enemies":"Small Slimes","floor":3,"turns":1},{"damage":0,"enemies":"Cultist","floor":4,"turns":1},{"damage":0,"enemies":"Jaw Worm","floor":5,"turns":3},{"damage":0,"enemies":"HollowMod:MossKnight","floor":6,"turns":8},{"damage":0,"enemies":"Looter","floor":7,"turns":2},{"damage":10,"enemies":"Lagavulin","floor":8,"turns":5},{"damage":0,"enemies":"Large Slime","floor":10,"turns":4},{"damage":0,"enemies":"HollowMod:MossKnight","floor":12,"turns":6},{"damage":0,"enemies":"Blue Slaver","floor":13,"turns":2},{"damage":19,"enemies":"The Guardian","floor":16,"turns":8},{"damage":0,"enemies":"Chosen","floor":18,"turns":4},{"damage":0,"enemies":"Spheric Guardian","floor":20,"turns":4},{"damage":0,"enemies":"Masked Bandits","floor":22,"turns":3},{"damage":0,"enemies":"theDuelist:KaibaA2","floor":25,"turns":4},{"damage":0,"enemies":"HollowMod:Nosk","floor":27,"turns":3},{"damage":0,"enemies":"Centurion and Healer","floor":29,"turns":6},{"damage":0,"enemies":"theDuelist:KaibaA2","floor":31,"turns":3},{"damage":0,"enemies":"Collector","floor":33,"turns":5},{"damage":0,"enemies":"3 Darklings","floor":35,"turns":3},{"damage":0,"enemies":"Orb Walker","floor":36,"turns":4},{"damage":0,"enemies":"Jaw Worm Horde","floor":37,"turns":4},{"damage":0,"enemies":"Writhing Mass","floor":41,"turns":5},{"damage":0,"enemies":"HollowMod:StalkingDevout","floor":44,"turns":5},{"damage":0,"enemies":"3 Darklings","floor":45,"turns":3},{"damage":0,"enemies":"Nemesis","floor":46,"turns":7},{"damage":0,"enemies":"Reptomancer","floor":48,"turns":4},{"damage":0,"enemies":"Donu and Deca","floor":50,"turns":5},{"damage":0,"enemies":"Shield and Spear","floor":54,"turns":3},{"damage":61,"enemies":"The Heart","floor":55,"turns":8}],"seed_played":"6814188962770991785","potions_obtained":[{"floor":1,"key":"FocusPotion"},{"floor":7,"key":"Fruit Juice"},{"floor":8,"key":"Weak Potion"},{"floor":13,"key":"theDuelist:WhiteBottle"},{"floor":22,"key":"theDuelist:MillenniumElixir"},{"floor":29,"key":"Slimebound:ThreeZeroPotion"}],"is_trial":false,"path_per_floor":["M","?","?","M","M","E","M","E","T","M","R","E","M","?","R","B",null,"M","?","M","?","?","R","$","E","T","E","$","M","R","E","R","B",null,"M","M","M","?","?","R","M","R","T","E","M","E","AVR","E","R","B",null,"R","$","E","B",null],"character_chosen":"THE_DUELIST","items_purchased":["theDuelist:CardRewardRelicI","Mummified Hand","theDuelist:DarkHole","theDuelist:Yami","theDuelist:ApprenticeIllusionMagician","Apotheosis"],"campfire_rested":0,"item_purchase_floors":[24,24,24,24,28,53],"current_hp_per_floor":[80,80,80,80,80,80,80,70,70,70,70,70,70,70,70,51,80,80,80,80,59,64,64,64,64,64,64,64,64,64,64,64,64,85,85,85,85,85,85,85,85,85,85,92,92,92,92,92,92,92,92,92,92,92,81],"gold":79,"neow_bonus":"THREE_ENEMY_KILL","is_daily":false,"chose_seed":false,"campfire_upgraded":8,"win_rate":0.0,"timestamp":1609404075,"path_taken":["M","?","?","M","M","E","M","E","T","?","R","E","M","?","R","BOSS","M","?","M","?","?","R","$","E","T","E","?","M","R","E","R","BOSS","M","M","M","?","?","R","M","R","T","E","M","E","AVR","E","R","BOSS","R","$","E","BOSS"],"items_purchased_type":["Relic","Relic","Card","Card","Card","Card"],"build_version":"2020-12-22","purchased_purges":1,"victory":true,"max_hp_per_floor":[80,80,80,80,80,80,80,80,80,80,80,80,80,80,80,80,80,80,80,80,80,85,85,85,85,85,85,85,85,85,85,85,85,85,85,85,85,85,85,85,85,85,85,92,92,92,92,92,92,92,92,92,92,92,142],"card_choices":[{"not_picked":["theDuelist:NeoMagic","theDuelist:InjectionFairy","theDuelist:SangaThunder","theDuelist:BlizzardPrincess"],"picked":"theDuelist:ApprenticeIllusionMagician","floor":1},{"not_picked":["theDuelist:ExodiaLA","theDuelist:CosmicHorrorGangiel"],"picked":"theDuelist:ExodiaNecross","floor":3},{"not_picked":["theDuelist:Hinotama","theDuelist:Sangan","theDuelist:RainbowBridge","theDuelist:BattleguardKing"],"picked":"theDuelist:StrayLambs","floor":4},{"not_picked":["theDuelist:SpellShatteringArrow","theDuelist:NeoMagic","theDuelist:InfernoFireBlast","theDuelist:MythicalBeast"],"picked":"theDuelist:SangaEarth","floor":5},{"not_picked":["theDuelist:NeoMagic","theDuelist:InjectionFairy","theDuelist:FlyingSaucer","theDuelist:ThousandEyesIdol"],"picked":"theDuelist:WonderWand","floor":6},{"not_picked":["theDuelist:LegendaryFlameLord","theDuelist:BlizzardPrincess"],"picked":"theDuelist:ExodiaRA","floor":7},{"not_picked":["theDuelist:WhiteHowling","theDuelist:MagiciansRobe","theDuelist:TimeWizard"],"picked":"theDuelist:Yami","floor":8},{"not_picked":["theDuelist:AltarTribute","theDuelist:Graverobber","theDuelist:DarkHorizon","theDuelist:BadReaction"],"picked":"theDuelist:StatueAnguishPattern","floor":10},{"not_picked":["theDuelist:BlizzardWarrior","theDuelist:InjectionFairy","theDuelist:WhiteMagicalHat","theDuelist:MysticalElf"],"picked":"theDuelist:ExodiaRL","floor":12},{"not_picked":["theDuelist:Sparks","theDuelist:StrayLambs","theDuelist:CircleFireKings","theDuelist:BookSecret"],"picked":"theDuelist:ContractExodia","floor":13},{"not_picked":["theDuelist:QueenDragunDjinn","theDuelist:DarkPaladin","theDuelist:SwordsBurning","theDuelist:GateGuardian"],"picked":"theDuelist:RainbowMagician","floor":16},{"not_picked":["theDuelist:InjectionFairy","theDuelist:DarkMagician","theDuelist:MysticalElf","theDuelist:GeminiElf"],"picked":"theDuelist:BlueDragonSummoner+1","floor":18},{"not_picked":["theDuelist:WhiteHowling","theDuelist:DarkHorizon","theDuelist:IcyCrevasse","theDuelist:Graverobber"],"picked":"theDuelist:StatueAnguishPattern+1","floor":20},{"not_picked":["infinitespire:TheBestDefense","infinitespire:Gouge"],"picked":"infinitespire:Collect","floor":21},{"not_picked":["theDuelist:DarkMagician","theDuelist:PowerKaishin+1","theDuelist:MysticalElf","theDuelist:StatueAnguishPattern"],"picked":"theDuelist:BlueDragonSummoner+1","floor":22},{"not_picked":["theDuelist:SangaThunder","theDuelist:DarkMagician","theDuelist:Mudballman","theDuelist:ExodiaRL"],"picked":"theDuelist:ExodiaLL","floor":25},{"not_picked":["theDuelist:MagicalBlast","theDuelist:ApprenticeIllusionMagician","theDuelist:FairyBox+1","theDuelist:GeminiElf"],"picked":"theDuelist:LegendaryExodia","floor":27},{"not_picked":["theDuelist:InjectionFairy","theDuelist:DarkMagician","theDuelist:ThousandEyesIdol","theDuelist:SpiritHarp"],"picked":"theDuelist:SangaEarth+1","floor":29},{"not_picked":["theDuelist:BigFire+1","theDuelist:HammerShot+1","theDuelist:WormKing","theDuelist:BattleOx","theDuelist:WormWarlord+1"],"picked":"SKIP","floor":31},{"not_picked":["theDuelist:RainbowDarkDragon","theDuelist:IrisEarthMother","theDuelist:RainbowMagician","theDuelist:RainbowOverdragon+1"],"picked":"theDuelist:RainbowKuriboh","floor":33},{"not_picked":["theDuelist:WhiteHowling","theDuelist:AltarTribute+1","theDuelist:IcyCrevasse","theDuelist:Graverobber"],"picked":"theDuelist:DarkHorizon+1","floor":35},{"not_picked":["Bandage Up","Blind","Purity"],"picked":"The Bomb+1","floor":36},{"not_picked":["theDuelist:MagiciansRobe+1","theDuelist:GoblinSecret","theDuelist:TimeWizard+1","theDuelist:BadReaction"],"picked":"theDuelist:Yami","floor":37},{"not_picked":["theDuelist:BattleOx","theDuelist:GreyGreedOni+1","theDuelist:BlockGolem+1","theDuelist:Mausoleum","theDuelist:RainbowOverdragon"],"picked":"SKIP","floor":41},{"not_picked":["theDuelist:MythicalBeast","theDuelist:SkilledDarkMagician+1","theDuelist:LegendaryFlameLord+1","theDuelist:Wildfire+2"],"picked":"theDuelist:ApprenticeIllusionMagician+4","floor":44},{"not_picked":["theDuelist:MagicSparks+1","theDuelist:StrayLambs","theDuelist:DarkHole","theDuelist:DarkHorizon+1"],"picked":"theDuelist:MagiciansRod","floor":45},{"not_picked":["theDuelist:CircleFireKings+1","theDuelist:WhiteMagicalHat+1","theDuelist:PowerKaishin","theDuelist:RainbowDarkDragon+1"],"picked":"theDuelist:BlueDragonSummoner+1","floor":46},{"not_picked":["theDuelist:CharcoalInpachi","theDuelist:SilentDoom+2","theDuelist:InfernoFireBlast+1","theDuelist:Wildfire+1"],"picked":"theDuelist:ExodiaHead","floor":48},{"not_picked":["theDuelist:CharcoalInpachi+2","theDuelist:MagicalStone+4","theDuelist:SphereKuriboh+3","theDuelist:RedMedicine+8"],"picked":"theDuelist:DestructPotion+8","floor":54}],"player_experience":428839,"relics_obtained":[{"floor":3,"key":"Charon\u0027s Ashes"},{"floor":3,"key":"Ice Cream"},{"floor":3,"key":"Incense Burner"},{"floor":6,"key":"Omamori"},{"floor":8,"key":"FossilizedHelix"},{"floor":9,"key":"Bottled Lightning"},{"floor":12,"key":"MawBank"},{"floor":22,"key":"Red Mask"},{"floor":25,"key":"infinitespire:FocusingShard"},{"floor":27,"key":"hubris:MysteriousPyramids"},{"floor":31,"key":"theDuelist:AeroRelic"},{"floor":44,"key":"Strawberry"},{"floor":46,"key":"Darkstone Periapt"},{"floor":48,"key":"infinitespire:Satchel"},{"floor":54,"key":"theDuelist:MetronomeRelicB"}],"event_choices":[{"damage_healed":0,"gold_gain":0,"player_choice":"Took item - Received: Millennium Armor","duelist":true,"damage_taken":0,"max_hp_gain":0,"max_hp_loss":0,"event_name":"Millennium Items","floor":2,"gold_loss":0},{"damage_healed":0,"gold_gain":0,"player_choice":"Fight","duelist":true,"damage_taken":0,"max_hp_gain":0,"max_hp_loss":0,"event_name":"Battle City","floor":3,"gold_loss":0},{"damage_healed":0,"gold_gain":99,"player_choice":"Stole From Cult","damage_taken":0,"max_hp_gain":0,"max_hp_loss":0,"event_name":"Nest","floor":19,"gold_loss":0},{"damage_healed":0,"gold_gain":0,"player_choice":"Fought Bandits","damage_taken":0,"max_hp_gain":0,"max_hp_loss":0,"event_name":"Masked Bandits","floor":22,"gold_loss":0},{"damage_healed":0,"gold_gain":0,"player_choice":"Leave","duelist":true,"damage_taken":0,"max_hp_gain":0,"max_hp_loss":0,"event_name":"Relic Duplicator","floor":38,"gold_loss":0},{"damage_healed":0,"gold_gain":0,"player_choice":"Took item - Received: Millennium Prayerbook","duelist":true,"damage_taken":0,"max_hp_gain":0,"max_hp_loss":0,"event_name":"Millennium Items","floor":39,"gold_loss":0}],"is_beta":false,"boss_relics":[{"not_picked":["hubris:Backtick","hubris:HollowSoul"],"picked":"SlaversCollar"},{"not_picked":["infinitespire:Burning Sword","Velvet Choker"],"picked":"Sozu"}],"items_purged_floors":[24],"is_endless":false,"potions_floor_spawned":[1,7,8,13,18,22,25,29,33,36,45,46,48],"ascension_level":1}}