{"host":"0e3sjn8nzeyxegex","time":1609435456,"event":{"mods":["Act Like it!","AlwaysNeverKeys","BaseMod","Better Altar","Better Note","Better Sensory Stone","Better Skull","Better Third Choice","Better Vampires","Colored Map","Friendly Minions","Minty Spire (QoL Compilation)","Permanent Neow","Quick Restart","StSLib","The Alterego","The Marked","Yakumo Yukari mod"],"gold_per_floor":[112,128,148,161,161,161,179,2,28,53,65,83,111,130,130,235,235,253,253,271,171,171,200,200,215,241,241,271,271,288,288,288,387,387,398,415,429,429,439,439,439],"floor_reached":40,"playtime":3291,"items_purged":["theMarked:Strike","theMarked:Strike"],"score":442,"play_id":"af78fa88-f985-49ff-ae26-6e35e9fa73fb","local_time":"20201231122416","is_ascension_mode":false,"campfire_choices":[{"data":"Panacea","floor":6.0,"key":"SMITH"},{"data":"theMarked:EnhanceMovement","floor":15.0,"key":"SMITH"},{"data":"theMarked:Parry","floor":24,"key":"SMITH"},{"data":"theMarked:Aftermath","floor":27,"key":"SMITH"},{"data":"theMarked:DeterminationOfTheMarked","floor":29,"key":"SMITH"},{"data":"theMarked:HeritageOfTheMarked","floor":32,"key":"SMITH"}],"circlet_count":0,"master_deck":["theMarked:Strike","theMarked:Strike","theMarked:Defend","theMarked:Defend","theMarked:Defend","theMarked:SoldierOfQuellstein","theMarked:GodGivenPower","theMarked:ElementalBlade","theMarked:WastefulDefense","theMarked:WastefulDefense","Panacea+1","theMarked:BindingBlade","theMarked:Frustration","theMarked:EnhanceMovement+1","theMarked:DeterminationOfTheMarked+1","theMarked:Electrify","theMarked:Parry+1","theMarked:BanishingStrike","theMarked:EmpowerWeapon","theMarked:TakeOffHeels","theMarked:EmpowerWeapon+1","Panacea+1","theMarked:TwofoldDefense+1","theMarked:Aftermath+1","theMarked:HeritageOfTheMarked+1","theMarked:WardOff+1","theMarked:Levitate","theMarked:PowerFlow+1","theMarked:Parkour+1","theMarked:TakeOffHeels"],"relics":["theMarked:ArtifactOfAir","Lantern","Ancient Tea Set","PreservedInsect","Sozu","Bird Faced Urn","Tiny Chest","White Beast Statue","Philosopher\u0027s Stone"],"acts_visited":["Exordium","TheCity","TheBeyond"],"potions_floor_usage":[16,16],"damage_taken":[{"damage":0.0,"enemies":"2 Louse","floor":1.0,"turns":3.0},{"damage":0.0,"enemies":"Small Slimes","floor":2.0,"turns":3.0},{"damage":1.0,"enemies":"Jaw Worm","floor":3.0,"turns":3.0},{"damage":12.0,"enemies":"Looter","floor":4.0,"turns":4.0},{"damage":0.0,"enemies":"Large Slime","floor":7.0,"turns":5.0},{"damage":6.0,"enemies":"3 Sentries","floor":10.0,"turns":8.0},{"damage":7.0,"enemies":"Exordium Thugs","floor":11.0,"turns":5.0},{"damage":0.0,"enemies":"Looter","floor":12.0,"turns":3.0},{"damage":10.0,"enemies":"Lagavulin","floor":13.0,"turns":8.0},{"damage":5.0,"enemies":"Red Slaver","floor":14.0,"turns":4.0},{"damage":6,"enemies":"Slime Boss","floor":16,"turns":9},{"damage":2,"enemies":"Shell Parasite","floor":18,"turns":6},{"damage":0,"enemies":"Chosen","floor":20,"turns":5},{"damage":9,"enemies":"Book of Stabbing","floor":23,"turns":6},{"damage":0,"enemies":"Centurion and Healer","floor":25,"turns":5},{"damage":7,"enemies":"Slavers","floor":28,"turns":5},{"damage":0,"enemies":"Snecko","floor":30,"turns":3},{"damage":11,"enemies":"Champ","floor":33,"turns":9},{"damage":11,"enemies":"Orb Walker","floor":35,"turns":4},{"damage":13,"enemies":"3 Darklings","floor":36,"turns":5},{"damage":30,"enemies":"Sphere and 2 Shapes","floor":37,"turns":5},{"damage":18,"enemies":"Spire Growth","floor":39,"turns":5},{"damage":3,"enemies":"Nemesis","floor":40,"turns":4}],"seed_played":"-3569235038642829179","potions_obtained":[{"floor":1.0,"key":"Weak Potion"},{"floor":7.0,"key":"SneckoOil"},{"floor":11.0,"key":"SpeedPotion"},{"floor":13.0,"key":"SmokeBomb"},{"floor":14.0,"key":"AttackPotion"},{"floor":16,"key":"SpeedPotion"}],"is_trial":false,"path_per_floor":["M","M","M","M","?","R","M","$","T","E","M","M","E","M","R","B",null,"M","?","M","$","?","E","R","M","T","R","E","R","M","?","R","B",null,"M","M","M","?","M","E"],"character_chosen":"THE_DEFAULT","items_purchased":["theMarked:Frustration","theMarked:EnhanceMovement"],"campfire_rested":0,"item_purchase_floors":[8,8],"current_hp_per_floor":[70,70,69,57,57,57,57,57,57,51,44,44,34,29,29,23,70,68,68,68,68,68,59,59,63,63,63,62,62,62,62,62,57,70,63,56,32,32,20,21,21],"gold":439,"neow_bonus":"REMOVE_CARD","is_daily":false,"chose_seed":false,"campfire_upgraded":6,"win_rate":0.0,"timestamp":1609435456,"path_taken":["M","M","M","M","?","R","M","$","T","E","M","M","E","M","R","BOSS","M","?","M","$","?","E","R","?","T","R","E","R","M","?","R","BOSS","M","M","M","?","M","E"],"items_purchased_type":["Card","Card"],"build_version":"2020-12-22","purchased_purges":2,"victory":false,"max_hp_per_floor":[70,70,70,70,70,70,70,70,70,70,70,70,70,70,70,70,70,70,70,70,70,70,70,70,70,70,70,70,70,70,70,70,70,70,70,70,70,66,66,66,66],"card_choices":[{"not_picked":["theMarked:Overthink","theMarked:ParalyzingBlade"],"picked":"theMarked:GodGivenPower","floor":1.0},{"not_picked":["theMarked:ComboAttacks","theMarked:Polarize"],"picked":"theMarked:ElementalBlade","floor":2.0},{"not_picked":["theMarked:ElectricStrings","theMarked:WastefulAttack"],"picked":"theMarked:WastefulDefense","floor":3.0},{"not_picked":["theMarked:ParalyzingBlade","theMarked:ElectricStrings"],"picked":"theMarked:WastefulDefense","floor":4.0},{"not_picked":["Mind Blast","PanicButton"],"picked":"Panacea","floor":5.0},{"not_picked":["theMarked:ResourceFulStrike","theMarked:Static"],"picked":"theMarked:BindingBlade","floor":7.0},{"not_picked":["theMarked:ResourceFulStrike","theMarked:WastefulDefense"],"picked":"theMarked:DeterminationOfTheMarked","floor":10.0},{"not_picked":["theMarked:RepellingDischarge","theMarked:Polarize"],"picked":"theMarked:Electrify","floor":11.0},{"not_picked":["theMarked:ComboAttacks","theMarked:SwordAndMagic"],"picked":"theMarked:Parry","floor":12.0},{"not_picked":["theMarked:Indomitable","theMarked:Aftermath"],"picked":"theMarked:BanishingStrike","floor":13.0},{"not_picked":["theMarked:ElectricStrings","theMarked:ElementalBlade"],"picked":"theMarked:EmpowerWeapon","floor":14.0},{"not_picked":["theMarked:MagicAdept","theMarked:Defy"],"picked":"theMarked:TakeOffHeels","floor":16},{"not_picked":["theMarked:SwordAndMagic","theMarked:TakeCover"],"picked":"theMarked:EmpowerWeapon+1","floor":18},{"not_picked":["theMarked:Parkour+1","theMarked:Frustration"],"picked":"theMarked:TwofoldDefense+1","floor":20},{"not_picked":["theMarked:EnhanceMovement+1","theMarked:BanishingStrike"],"picked":"theMarked:Aftermath","floor":23},{"not_picked":["theMarked:RepellingDischarge","theMarked:Improvise"],"picked":"theMarked:HeritageOfTheMarked","floor":25},{"not_picked":["theMarked:MysticalArsenal","theMarked:BanishingStrike","theMarked:HeritageOfTheMarked"],"picked":"SKIP","floor":28},{"not_picked":["theMarked:EmpowerWeapon","theMarked:ElectricStrings"],"picked":"theMarked:WardOff+1","floor":30},{"not_picked":["theMarked:EternalStudent","theMarked:MuscleMemory"],"picked":"theMarked:Levitate","floor":33},{"not_picked":["theMarked:WastefulDefense","theMarked:MysticalArsenal+1"],"picked":"theMarked:PowerFlow+1","floor":35},{"not_picked":["theMarked:Improvise","theMarked:Frustration+1"],"picked":"theMarked:Parkour+1","floor":36},{"not_picked":["theMarked:Improvise+1","theMarked:ResourceFulStrike","theMarked:ChainLightning+1"],"picked":"SKIP","floor":37},{"not_picked":["theMarked:EmpowerWeapon+1","theMarked:Static"],"picked":"theMarked:TakeOffHeels","floor":39}],"player_experience":1153427,"relics_obtained":[{"floor":9.0,"key":"Lantern"},{"floor":10.0,"key":"Ancient Tea Set"},{"floor":13.0,"key":"PreservedInsect"},{"floor":23,"key":"Bird Faced Urn"},{"floor":26,"key":"Tiny Chest"},{"floor":28,"key":"White Beast Statue"}],"event_choices":[{"damage_healed":0.0,"max_hp_gain":0.0,"max_hp_loss":0.0,"gold_gain":1.0,"event_name":"betterStone:BetterStone","player_choice":"1","floor":5.0,"gold_loss":0.0,"damage_taken":0.0},{"damage_healed":0,"gold_gain":0,"player_choice":"Copied","damage_taken":0,"max_hp_gain":0,"max_hp_loss":0,"event_name":"Duplicator","floor":19,"gold_loss":0,"cards_obtained":["Panacea"]},{"damage_healed":0,"gold_gain":0,"player_choice":"Ignored","damage_taken":0,"max_hp_gain":0,"max_hp_loss":0,"event_name":"betterNote:BetterNote","floor":22,"gold_loss":0,"cards_obtained":["MentalFortress"]},{"cards_removed":["theMarked:Defend"],"damage_healed":0,"gold_gain":0,"player_choice":"Offered Basic","damage_taken":0,"max_hp_gain":0,"max_hp_loss":0,"event_name":"Bonfire Elementals","floor":31,"gold_loss":0},{"damage_healed":0,"gold_gain":0,"player_choice":"Max HP","damage_taken":0,"max_hp_gain":0,"max_hp_loss":4,"event_name":"Winding Halls","floor":38,"gold_loss":0}],"is_beta":false,"boss_relics":[{"not_picked":["Tiny House","Fusion Hammer"],"picked":"Sozu"},{"not_picked":["Coffee Dripper","Snecko Eye"],"picked":"Philosopher\u0027s Stone"}],"items_purged_floors":[8,21],"is_endless":false,"potions_floor_spawned":[1,7,11,13,14,16,25,28,30,33,35,36,37,39],"killed_by":"Nemesis","ascension_level":0}}