{"host":"1zfbckszmdcrhnfi","time":1609427571,"event":{"mods":["AchievementEnabler","BaseMod","Colored Map","Downfall","Marisa£®ÏF”Í°°ƒß¿Ì…≥£©","Minty Spire (QoL Compilation)","Replay The Spire","Shop Mod","StSLib","The Cursed","The Servant 0.9.4"],"gold_per_floor":[112,73,90,109,126,126,144,144,144,194,210,222,7,37,37,142,142,161,86,86,96,36,36,36],"floor_reached":23,"playtime":1088,"items_purged":["Strike_B"],"score":193,"play_id":"c50e94d1-cb81-457d-8c7e-5b64f6db3abb","local_time":"20201231231251","is_ascension_mode":false,"campfire_choices":[{"floor":6.0,"key":"RECALL"},{"data":"ReplayTheSpireMod:Calculation Training","floor":8.0,"key":"SMITH"},{"floor":15.0,"key":"REST"}],"circlet_count":0,"master_deck":["Strike_B","Strike_B","Strike_B","Defend_B","Defend_B","Defend_B","Defend_B","Zap","Dualcast","Go for the Eyes","Rip and Tear","Beam Cell","FIFO Queue","Gash","ReplayTheSpireMod:Calculation Training+1","Time Bomb","Conserve Battery","ReplayTheSpireMod:Calculation Training","expansioncontent:CaCaw","Cold Snap","Rainbow","Storm","Sunder"],"relics":["Cracked Core","Regal Pillow","Divine Protection","Quantum Egg","Sozu","The Courier"],"acts_visited":["Exordium","TheCity"],"potions_floor_usage":[],"damage_taken":[{"damage":0.0,"enemies":"Small Slimes","floor":1.0,"turns":2.0},{"damage":0.0,"enemies":"Cultist","floor":3.0,"turns":3.0},{"damage":8.0,"enemies":"2 Louse","floor":4.0,"turns":2.0},{"damage":5.0,"enemies":"Large Slime","floor":5.0,"turns":5.0},{"damage":0.0,"enemies":"3 Louse","floor":7.0,"turns":3.0},{"damage":1.0,"enemies":"Blue Slaver","floor":11.0,"turns":3.0},{"damage":0.0,"enemies":"Looter","floor":12.0,"turns":3.0},{"damage":12.0,"enemies":"Gremlin Nob","floor":14.0,"turns":4.0},{"damage":31.0,"enemies":"The Guardian","floor":16.0,"turns":10.0},{"damage":0.0,"enemies":"3 Byrds","floor":18.0,"turns":4.0},{"damage":24.0,"enemies":"2 Thieves","floor":19.0,"turns":5.0},{"damage":11,"enemies":"Chosen and Byrds","floor":21,"turns":6},{"damage":43,"enemies":"Book of Stabbing","floor":23,"turns":7}],"seed_played":"-5245685064811607079","potions_obtained":[{"floor":3.0,"key":"Strength Potion"},{"floor":4.0,"key":"Block Potion"},{"floor":5.0,"key":"ColorlessPotion"},{"floor":10.0,"key":"Slimebound:ThreeZeroPotion"},{"floor":16.0,"key":"Elixir"}],"is_trial":false,"path_per_floor":["M","$","M","M","M","R","M","R","T","?","M","M","$","E","R","B",null,"M","M","?","M","?","E"],"character_chosen":"DEFECT","items_purchased":["Rip and Tear","expansioncontent:CaCaw","Cold Snap"],"campfire_rested":1,"item_purchase_floors":[2,13,13],"current_hp_per_floor":[75,75,75,67,62,62,62,62,62,62,61,61,61,49,75,44,75,75,51,51,40,40,0,0],"gold":36,"neow_bonus":"RANDOM_COMMON_RELIC","is_daily":false,"chose_seed":false,"campfire_upgraded":1,"win_rate":0.0,"timestamp":1609427571,"path_taken":["M","$","M","M","M","R","M","R","T","?","M","M","?","E","R","BOSS","M","M","?","M","?","E"],"items_purchased_type":["Card","Card","Card"],"build_version":"2020-12-22","purchased_purges":1,"victory":false,"max_hp_per_floor":[75,75,75,75,75,75,75,75,75,75,75,75,75,75,75,75,75,75,75,75,75,75,75,75],"card_choices":[{"not_picked":["Force Field","Rebound"],"picked":"Go for the Eyes","floor":1.0},{"not_picked":["Turbo","BootSequence"],"picked":"Beam Cell","floor":3.0},{"not_picked":["Fusion","Rebound"],"picked":"FIFO Queue","floor":4.0},{"not_picked":["ReplayGash","Glacier"],"picked":"Gash","floor":5.0},{"not_picked":["Reprogram","Compile Driver"],"picked":"ReplayTheSpireMod:Calculation Training","floor":7.0},{"not_picked":["BootSequence","Panic Button"],"picked":"Time Bomb","floor":10.0},{"not_picked":["Compile Driver","Reboot"],"picked":"Conserve Battery","floor":11.0},{"not_picked":["Hello World","Compile Driver"],"picked":"ReplayTheSpireMod:Calculation Training","floor":12.0},{"not_picked":["Conserve Battery","Doom and Gloom","Turbo"],"picked":"SKIP","floor":14.0},{"not_picked":["Multi-Cast","Reboot"],"picked":"Rainbow","floor":16.0},{"not_picked":["Stack","Darkness","Barrage"],"picked":"SKIP","floor":18.0},{"not_picked":["Leap","Sweeping Beam"],"picked":"Storm","floor":19.0},{"not_picked":["Hyperbeam","Rebound"],"picked":"Sunder","floor":21}],"player_experience":160337,"relics_obtained":[{"floor":10.0,"key":"Divine Protection"},{"floor":14.0,"key":"Quantum Egg"}],"event_choices":[],"is_beta":false,"boss_relics":[{"not_picked":["Fusion Hammer","SacredBark"],"picked":"Sozu"}],"items_purged_floors":[13],"is_endless":false,"potions_floor_spawned":[3,4,5,12,16,18,21],"killed_by":"Book of Stabbing","ascension_level":0}}