{"host":"9tch52zpouts7b2p","time":1609399873,"event":{"mods":["BaseMod","Colored Map","Minty Spire (QoL Compilation)","StSLib","UnlockEverythingMod"],"gold_per_floor":[113,130,149,149,160,160,176,176,176,276,276,276,304,323,323,422,422,439,538,550,550,565,565,575,575,575,591,591,591,591,591,591,695,695,710,710,730,196,206,206,216,216,216,101,101,142,206,215,215,215],"floor_reached":51,"playtime":4229,"items_purged":[],"score":650,"play_id":"73f930af-a77b-4848-9dd4-46b127a68f3c","local_time":"20201231153113","is_ascension_mode":false,"campfire_choices":[{"floor":6.0,"key":"REST"},{"data":"Double Energy","floor":8.0,"key":"SMITH"},{"data":"White Noise","floor":12.0,"key":"SMITH"},{"floor":15.0,"key":"REST"},{"floor":23,"key":"REST"},{"data":"Fission","floor":25,"key":"SMITH"},{"floor":29,"key":"REST"},{"data":"Glacier","floor":32,"key":"SMITH"},{"floor":40,"key":"REST"},{"floor":42,"key":"RECALL"},{"floor":45,"key":"REST"},{"floor":49,"key":"REST"}],"circlet_count":0,"master_deck":["Dualcast+1","Auto Shields","Cold Snap","Go for the Eyes","White Noise+1","Double Energy+1","Conserve Battery","Electrodynamics","Fission+1","Seek","FTL","Sunder","Rainbow","Melter","Undo","Skim+1","Ball Lightning","Necronomicurse","Capacitor","Static Discharge","Redo+1","Turbo","Glacier+1","Meteor Strike","All For One","Skim","Self Repair+1","Defragment","Core Surge","Force Field+1","Turbo","Heatsinks","Reprogram","Compile Driver+1","Stack","Writhe"],"relics":["Cracked Core","NeowsBlessing","Juzu Bracelet","Bottled Lightning","Meat on the Bone","Pandora\u0027s Box","Necronomicon","Gambling Chip","Boot","Fusion Hammer","DataDisk","HandDrill","War Paint","CeramicFish","Du-Vu Doll"],"acts_visited":["Exordium","TheCity","TheBeyond"],"potions_floor_usage":[22,33,35,39,50],"damage_taken":[{"damage":0.0,"enemies":"Cultist","floor":1.0,"turns":1.0},{"damage":0.0,"enemies":"Jaw Worm","floor":2.0,"turns":1.0},{"damage":0.0,"enemies":"Small Slimes","floor":3.0,"turns":1.0},{"damage":0.0,"enemies":"Looter","floor":5.0,"turns":3.0},{"damage":0.0,"enemies":"2 Fungi Beasts","floor":7.0,"turns":4.0},{"damage":11.0,"enemies":"Lagavulin","floor":13.0,"turns":8.0},{"damage":0.0,"enemies":"Exordium Wildlife","floor":14.0,"turns":3.0},{"damage":50.0,"enemies":"The Guardian","floor":16.0,"turns":18.0},{"damage":4,"enemies":"Chosen","floor":18,"turns":3},{"damage":0,"enemies":"Shell Parasite","floor":20,"turns":5},{"damage":0,"enemies":"Centurion and Healer","floor":22,"turns":4},{"damage":9,"enemies":"3 Cultists","floor":24,"turns":4},{"damage":7,"enemies":"Cultist and Chosen","floor":27,"turns":4},{"damage":43,"enemies":"Champ","floor":33,"turns":12},{"damage":17,"enemies":"3 Darklings","floor":35,"turns":2},{"damage":0,"enemies":"3 Shapes","floor":37,"turns":2},{"damage":3,"enemies":"Sphere and 2 Shapes","floor":39,"turns":3},{"damage":5,"enemies":"Spire Growth","floor":41,"turns":3},{"damage":14,"enemies":"Nemesis","floor":46,"turns":5},{"damage":33,"enemies":"2 Orb Walkers","floor":47,"turns":3},{"damage":41,"enemies":"Awakened One","floor":50,"turns":15}],"seed_played":"8796774715620802042","potions_obtained":[{"floor":1.0,"key":"SpeedPotion"},{"floor":5.0,"key":"BlessingOfTheForge"},{"floor":14.0,"key":"DistilledChaos"},{"floor":16.0,"key":"FairyPotion"},{"floor":18,"key":"Energy Potion"},{"floor":22,"key":"Fire Potion"},{"floor":33,"key":"LiquidMemories"},{"floor":35,"key":"Weak Potion"},{"floor":46,"key":"Ancient Potion"}],"is_trial":false,"path_per_floor":["M","M","M","?","M","R","M","R","T","?","?","R","E","M","R","B",null,"M","?","M","?","M","R","M","R","T","M","?","R","?","?","R","B",null,"M","?","M","$","M","R","M","R","T","$","R","E","?","?","R","B",null],"character_chosen":"DEFECT","items_purchased":["Defragment","Core Surge","DataDisk","HandDrill","Heatsinks","Reprogram"],"campfire_rested":7,"item_purchase_floors":[38,38,38,38,44,44],"current_hp_per_floor":[75,75,75,57,57,75,75,75,75,75,68,68,57,57,75,37,75,71,71,71,55,55,75,66,66,66,59,59,75,75,75,75,44,75,58,58,58,58,55,75,75,75,75,75,75,71,48,67,75,56],"gold":215,"neow_bonus":"THREE_ENEMY_KILL","is_daily":false,"chose_seed":false,"campfire_upgraded":4,"win_rate":0.0,"timestamp":1609399873,"path_taken":["M","M","?","?","M","R","M","R","T","?","?","R","E","M","R","BOSS","M","?","M","?","M","R","M","R","T","M","?","R","?","?","R","BOSS","M","?","M","$","M","R","M","R","T","$","R","E","?","?","R","BOSS"],"items_purchased_type":["Card","Card","Relic","Relic","Card","Card"],"build_version":"2020-12-22","purchased_purges":0,"victory":true,"max_hp_per_floor":[75,75,75,75,75,75,75,75,75,75,75,75,75,75,75,75,75,75,75,75,75,75,75,75,75,75,75,75,75,75,75,75,75,75,75,75,75,75,75,75,75,75,75,75,75,75,75,75,75,75],"card_choices":[{"not_picked":["Static Discharge","Cold Snap"],"picked":"Auto Shields","floor":1.0},{"not_picked":["Static Discharge","Beam Cell"],"picked":"Cold Snap","floor":2.0},{"not_picked":["Beam Cell","Redo"],"picked":"Go for the Eyes","floor":3.0},{"not_picked":["Scrape","Compile Driver"],"picked":"White Noise","floor":5.0},{"not_picked":["Go for the Eyes","Scrape"],"picked":"Double Energy","floor":7.0},{"not_picked":["Gash","Hologram"],"picked":"Conserve Battery","floor":13.0},{"not_picked":["Chill","Hologram"],"picked":"Electrodynamics","floor":14.0},{"not_picked":["Buffer","Echo Form"],"picked":"Fission","floor":16.0},{"not_picked":["Cold Snap","Darkness"],"picked":"Skim+1","floor":18},{"not_picked":["Melter","FTL+1"],"picked":"Ball Lightning","floor":20},{"not_picked":["Sweeping Beam","Barrage"],"picked":"Capacitor","floor":22},{"not_picked":["Compile Driver","Coolheaded+1"],"picked":"Static Discharge","floor":24},{"not_picked":["Gash","Go for the Eyes"],"picked":"Redo","floor":27},{"not_picked":["Meteor Strike","Thunder Strike"],"picked":"All For One","floor":33},{"not_picked":["Blizzard","Compile Driver+1"],"picked":"Skim","floor":35},{"not_picked":["Redo+1","Aggregate"],"picked":"Self Repair+1","floor":37},{"not_picked":["Chill","Blizzard+1"],"picked":"Force Field+1","floor":39},{"not_picked":["Darkness+1","Defragment+1"],"picked":"Turbo","floor":41},{"not_picked":["FTL+1","Darkness"],"picked":"Compile Driver+1","floor":46},{"not_picked":["Storm","Compile Driver"],"picked":"Stack","floor":47}],"player_experience":84752,"relics_obtained":[{"floor":9.0,"key":"Bottled Lightning"},{"floor":13.0,"key":"Meat on the Bone"},{"floor":21,"key":"Necronomicon"},{"floor":26,"key":"Gambling Chip"},{"floor":43,"key":"War Paint"},{"floor":46,"key":"CeramicFish"},{"floor":47,"key":"Du-Vu Doll"}],"event_choices":[{"damage_healed":0.0,"max_hp_gain":0.0,"max_hp_loss":0.0,"gold_gain":0.0,"event_name":"Scrap Ooze","player_choice":"Success","floor":4.0,"gold_loss":0.0,"damage_taken":18.0,"relics_obtained":["Juzu Bracelet"]},{"damage_healed":0.0,"max_hp_gain":0.0,"max_hp_loss":0.0,"gold_gain":100.0,"event_name":"Golden Shrine","player_choice":"Pray","floor":10.0,"gold_loss":0.0,"damage_taken":0.0},{"cards_removed":["Strike_B"],"damage_healed":0.0,"max_hp_gain":0.0,"max_hp_loss":0.0,"gold_gain":0.0,"event_name":"Golden Wing","player_choice":"Card Removal","floor":11.0,"gold_loss":0.0,"damage_taken":7.0},{"damage_healed":0,"gold_gain":99,"player_choice":"Stole From Cult","damage_taken":0,"max_hp_gain":0,"max_hp_loss":0,"event_name":"Nest","floor":19,"gold_loss":0},{"damage_healed":0,"gold_gain":0,"player_choice":"Obtained Book","damage_taken":16,"max_hp_gain":0,"max_hp_loss":0,"event_name":"Cursed Tome","floor":21,"gold_loss":0},{"damage_healed":0,"gold_gain":0,"player_choice":"Opened","damage_taken":0,"relics_obtained":["Boot"],"max_hp_gain":0,"max_hp_loss":0,"event_name":"The Mausoleum","floor":28,"gold_loss":0},{"damage_healed":0,"gold_gain":0,"cards_transformed":["White Noise","Zap"],"player_choice":"Became Test Subject","damage_taken":0,"max_hp_gain":0,"max_hp_loss":0,"event_name":"Drug Dealer","floor":30,"gold_loss":0,"cards_obtained":["Turbo","Glacier"]},{"damage_healed":0,"gold_gain":0,"player_choice":"Read","damage_taken":0,"max_hp_gain":0,"max_hp_loss":0,"event_name":"The Library","floor":31,"gold_loss":0,"cards_obtained":["Meteor Strike"]},{"damage_healed":0,"gold_gain":0,"player_choice":"Ignored","damage_taken":0,"max_hp_gain":0,"max_hp_loss":0,"event_name":"NoteForYourself","floor":36,"gold_loss":0},{"damage_healed":0,"gold_gain":0,"player_choice":"Fight","damage_taken":0,"max_hp_gain":0,"max_hp_loss":0,"event_name":"Mysterious Sphere","floor":47,"gold_loss":0},{"damage_healed":19,"gold_gain":0,"player_choice":"Writhe","damage_taken":0,"max_hp_gain":0,"max_hp_loss":0,"event_name":"Winding Halls","floor":48,"gold_loss":0,"cards_obtained":["Writhe"]}],"is_beta":false,"boss_relics":[{"not_picked":["FrozenCore","SacredBark"],"picked":"Pandora\u0027s Box"},{"not_picked":["Calling Bell","Runic Dome"],"picked":"Fusion Hammer"}],"items_purged_floors":[],"is_endless":false,"potions_floor_spawned":[1,5,14,16,18,22,33,35,46],"ascension_level":0}}