{"host":"6koe3tp991t999dm","time":1609447132,"event":{"mods":["Act Like it!","Arknights The Spire","Astrologer","BaseMod","Bestiary","CapriCore","Colored Powertips","DeckTracker","Downfall","Gensokyo","Halation","Highlight Path","Hubris","Infinite Spire","Koishi","Lobotomy","LobotomyExtend","Marisa（霧雨　魔理沙）","Minty Spire (QoL Compilation)","Prisma Mod","Rare Cards Sparkle","Relic Stats","Remilia（蕾米莉?）","Replay The Spire","RumiaBox-露米?的神秘盒子","StSLib","The Alterego","The Immortal","The Jungle","The Mystic","WarShipGirlsR/??少女R mod","Yakumo Yukari mod","vexMod"],"gold_per_floor":[114,131,131,141,161,161,189,209,233,263,297,313,9,9,9,108,108,128,98,92,104,120,120,152,152,175,175,190,190,201,214,214,311,311,314,332,332,332],"floor_reached":37,"playtime":2238,"items_purged":["ats:Strike V"],"score":421,"play_id":"e803b67b-6561-4c40-98b7-95fa6cf7b0f7","local_time":"20201231213852","is_ascension_mode":true,"campfire_choices":[{"data":"1","floor":6,"key":"LIFT"},{"floor":15,"key":"REST"},{"data":"2","floor":23,"key":"LIFT"},{"data":"3","floor":25,"key":"LIFT"},{"floor":27,"key":"REST"},{"floor":32,"key":"REST"}],"circlet_count":0,"master_deck":["ats:Strike C","ats:Strike G+1","ats:Strike S","ats:Armor Crushing Shot","ats:Defend","ats:Defend","ats:Defend","ats:Defend","ats:Emotion Absorption+1","ats:Apocalypse+1","ats:Thermite Blade","ats:Shell Defense","ats:Ignite","ats:Wolf Pack","ats:Very Hot Blade","ats:Soul Absorption","ats:Cat Scratch","ats:Ignite","ats:Composite Medical Shells","ats:True Silver Slash+1","ats:Automatic Cover+1","ats:Apocalypse","ats:Thorns","ats:Very Hot Blade","ats:Explosion Area Strengthen+1","ats:Red Shift+1","ats:Part Time Job+1","ats:Thorns","ats:Hammer On","ats:Explosion Area Strengthen+1","ats:Cat Scratch+1","ats:True Silver Slash","ats:Hook Shot","ats:Revitalization"],"relics":["ats:Sanity","LetterFromLob","Girya","ats:Originium","halation:PrussianBluePaint","Dream Catcher","infinitespire:Bottled Soul","ats:Bonebreaker","Sozu","ats:Snipe","hubris:SlimyHat","Replay:Baseball","vexMod:DeviousBotling"],"acts_visited":["Exordium","TheCity","TheBeyond"],"potions_floor_usage":[11,11,11,16,22],"damage_taken":[{"damage":0,"enemies":"2 Louse","floor":1,"turns":3},{"damage":1,"enemies":"Jaw Worm","floor":2,"turns":6},{"damage":0,"enemies":"Small Slimes","floor":4,"turns":3},{"damage":44,"enemies":"3 Sentries","floor":7,"turns":8},{"damage":23,"enemies":"Exordium Thugs","floor":8,"turns":4},{"damage":1,"enemies":"Gremlin Nob","floor":11,"turns":4},{"damage":4,"enemies":"3 Louse","floor":12,"turns":3},{"damage":26,"enemies":"Fading Forest","floor":16,"turns":12},{"damage":17,"enemies":"3 Byrds","floor":18,"turns":4},{"damage":4,"enemies":"Chosen","floor":21,"turns":4},{"damage":30,"enemies":"Snake Plant","floor":22,"turns":4},{"damage":24,"enemies":"Replay:Snechameleon","floor":24,"turns":7},{"damage":14,"enemies":"Centurion and Healer","floor":28,"turns":5},{"damage":11,"enemies":"Snecko","floor":30,"turns":4},{"damage":19,"enemies":"Cultist and Chosen","floor":31,"turns":5},{"damage":23,"enemies":"Champ","floor":33,"turns":13},{"damage":42,"enemies":"3 Darklings","floor":35,"turns":5},{"damage":22,"enemies":"3 Shapes","floor":36,"turns":4},{"damage":36,"enemies":"Spire Growth","floor":37,"turns":3}],"seed_played":"-6453572848440080231","potions_obtained":[{"floor":1,"key":"Weak Potion"},{"floor":2,"key":"FearPotion"},{"floor":8,"key":"EssenceOfSteel"},{"floor":11,"key":"AttackPotion"},{"floor":16,"key":"FearPotion"}],"is_trial":false,"path_per_floor":["M","M","?","M","?","R","E","M","T","?","E","M","$","M","R","B",null,"M","?","$","M","M","R","E","R","T","R","M","?","M","M","R","B",null,"M","M","M"],"character_chosen":"DOCTOR_CLASS","items_purchased":["ats:Bonebreaker","ats:Ignite","ats:Apocalypse","ats:Thorns","ats:Snipe"],"campfire_rested":3,"item_purchase_floors":[13,13,20,20,20],"current_hp_per_floor":[72,72,58,63,63,63,37,24,24,24,31,32,32,32,53,61,72,55,55,55,56,38,38,30,30,30,51,40,40,46,41,62,69,72,34,20,0,0],"gold":332,"neow_bonus":"UPGRADE_CARD","is_daily":false,"chose_seed":false,"campfire_upgraded":0,"win_rate":0.0,"timestamp":1609447132,"path_taken":["M","M","?","M","?","R","E","M","T","?","E","M","$","M","R","BOSS","M","?","?","?","M","R","E","R","T","R","M","?","M","M","R","BOSS","M","?","M"],"items_purchased_type":["Relic","Card","Card","Card","Relic"],"build_version":"2020-12-22","purchased_purges":1,"victory":false,"max_hp_per_floor":[72,72,72,72,72,72,72,72,72,72,72,72,72,72,72,72,72,72,72,72,72,72,72,72,72,72,72,72,72,72,72,72,72,72,72,72,72,72],"relic_stats":{"Sozu":7,"Dream Catcher":3,"counters":[19,101],"obtain_stats":[{"Girya":5,"ats:Snipe":20,"hubris:SlimyHat":24,"Sozu":17,"Dream Catcher":9,"Replay:Baseball":26,"ats:Originium":7,"halation:PrussianBluePaint":7,"infinitespire:Bottled Soul":11,"vexMod:DeviousBotling":34,"LetterFromLob":1,"ats:Sanity":0,"ats:Bonebreaker":13},{"Girya":3,"ats:Snipe":9,"hubris:SlimyHat":12,"Sozu":8,"Dream Catcher":5,"Replay:Baseball":12,"ats:Originium":4,"halation:PrussianBluePaint":4,"infinitespire:Bottled Soul":6,"vexMod:DeviousBotling":16,"LetterFromLob":1,"ats:Sanity":0,"ats:Bonebreaker":7},{"Girya":12,"ats:Snipe":47,"hubris:SlimyHat":62,"Sozu":43,"Dream Catcher":24,"Replay:Baseball":62,"ats:Originium":20,"halation:PrussianBluePaint":20,"infinitespire:Bottled Soul":28,"vexMod:DeviousBotling":89,"LetterFromLob":3,"ats:Sanity":0,"ats:Bonebreaker":31}]},"card_choices":[{"not_picked":["ats:Composite Medical Shells","ats:Counter Healing Mode"],"picked":"ats:Apocalypse","floor":1},{"not_picked":["ats:Poison Spread","ats:Explosion Area Strengthen"],"picked":"ats:Thermite Blade","floor":2},{"not_picked":["ats:Leaping Hammer","ats:Powerful Strike"],"picked":"ats:Shell Defense","floor":4},{"not_picked":["ats:Hammer On","ats:Guardian Obelisk"],"picked":"ats:Ignite","floor":5},{"not_picked":["ats:Encircling Forest","ats:Closed Bolt Burst Fire"],"picked":"ats:Wolf Pack","floor":7},{"not_picked":["ats:Consecutive Shot Auto","ats:Healing Drone"],"picked":"ats:Very Hot Blade","floor":8},{"not_picked":["ats:Apocalypse","ats:Neurotoxin"],"picked":"ats:Soul Absorption","floor":11},{"not_picked":["ats:Powerful Strike","ats:Apocalypse"],"picked":"ats:Cat Scratch","floor":12},{"not_picked":["ats:Explosion Area Strengthen","ats:Directed Diagnosis"],"picked":"ats:Composite Medical Shells","floor":15},{"not_picked":["ats:Roar Of Ursus","ats:Nebulous Foxfire"],"picked":"ats:True Silver Slash","floor":16},{"not_picked":["ats:Counter Healing Mode","ats:Shell Defense+1"],"picked":"ats:Automatic Cover+1","floor":18},{"not_picked":["ats:Neurotoxin","ats:Rapid Magazine"],"picked":"ats:Very Hot Blade","floor":21},{"not_picked":["ats:Consecutive Shot Auto","ats:Flexible Camouflage"],"picked":"ats:Explosion Area Strengthen+1","floor":22},{"not_picked":["ats:Flexible Camouflage","ats:Explosion Area Strengthen"],"picked":"ats:Red Shift+1","floor":24},{"not_picked":["ats:Childhood Dance","ats:Leaping Hammer"],"picked":"ats:Part Time Job+1","floor":27},{"not_picked":["ats:Hook Shot+1","ats:Powerful Strike"],"picked":"ats:Thorns","floor":28},{"not_picked":["ats:Beaten Up","ats:Explosion Area Strengthen"],"picked":"ats:Hammer On","floor":30},{"not_picked":["ats:Hook Shot","ats:Poison Spread"],"picked":"ats:Explosion Area Strengthen+1","floor":31},{"not_picked":["ats:Consecutive Shot Auto","ats:Powerful Strike"],"picked":"ats:Cat Scratch+1","floor":32},{"not_picked":["ats:Calcification","ats:Wolf Pack"],"picked":"ats:True Silver Slash","floor":33},{"not_picked":["ats:Overload+1","ats:Directed Diagnosis"],"picked":"ats:Hook Shot","floor":35},{"not_picked":["ats:Ignite","ats:Shell Defense"],"picked":"ats:Revitalization","floor":36}],"player_experience":30997,"relics_obtained":[{"floor":1,"key":"LetterFromLob"},{"floor":5,"key":"Girya"},{"floor":7,"key":"ats:Originium"},{"floor":7,"key":"halation:PrussianBluePaint"},{"floor":9,"key":"Dream Catcher"},{"floor":11,"key":"ats:Originium"},{"floor":11,"key":"infinitespire:Bottled Soul"},{"floor":24,"key":"ats:Originium"},{"floor":24,"key":"hubris:SlimyHat"},{"floor":26,"key":"Replay:Baseball"}],"event_choices":[{"damage_healed":0,"gold_gain":0,"player_choice":"Entered Light","damage_taken":14,"max_hp_gain":0,"max_hp_loss":0,"event_name":"Shining Light","floor":3,"gold_loss":0,"cards_upgraded":["ats:Apocalypse","ats:Strike G"]},{"damage_healed":0,"gold_gain":30,"player_choice":"Searched \u00272\u0027 times","damage_taken":0,"max_hp_gain":0,"max_hp_loss":0,"event_name":"Dead Adventurer","floor":10,"gold_loss":0},{"damage_healed":0,"gold_gain":0,"player_choice":"Bought 2 Potions","damage_taken":0,"max_hp_gain":0,"max_hp_loss":0,"event_name":"The Woman in Blue","floor":19,"gold_loss":0},{"damage_healed":0,"gold_gain":0,"player_choice":"Upgraded","damage_taken":0,"max_hp_gain":0,"max_hp_loss":0,"event_name":"Upgrade Shrine","floor":29,"gold_loss":0,"cards_upgraded":["ats:True Silver Slash"]}],"is_beta":false,"boss_relics":[{"not_picked":["ReplayTheSpireMod:SealedPack","ReplayTheSpireMod:DimensionalGlitch"],"picked":"Sozu"},{"not_picked":["Ring of Chaos","Runic Dome"],"picked":"vexMod:DeviousBotling"}],"items_purged_floors":[20],"is_endless":false,"potions_floor_spawned":[1,2,8,11,16,22,24,28,31,36],"killed_by":"Spire Growth","ascension_level":1}}