{"host":"zxezw9t7myeayiva","time":1609447637,"event":{"mods":["2.2 Compatiblity","Act Like it!","BaseMod","Colored Map","Downfall","Hallownest","Hermit","Infinite Spire","Lobotomy","Marisa????????","Minty Spire (QoL Compilation)","Replay The Spire","Somnambulant","StSLib","The Animator","The Cursed","The Disciple","The Hierophant","The Jungle","The Servant 0.9.4"],"gold_per_floor":[99,99,99,24,24,24,95,95,95,95,115,62,81,81,96,96,96,96],"floor_reached":16,"playtime":1386,"items_purged":["champ:Strike"],"score":86,"play_id":"16d2f2b6-e8a4-4485-aebc-c9a6d8a59264","local_time":"20201231144717","is_ascension_mode":false,"campfire_choices":[{"data":"champ:Execute","floor":1,"key":"SMITH"},{"data":"champ:Taunt","floor":6,"key":"SMITH"},{"data":"champ:FaceSlap","floor":8,"key":"SMITH"},{"data":"champ:FocusedDefense","floor":10,"key":"SMITH"}],"circlet_count":0,"master_deck":["champ:Strike","champ:Strike","champ:Strike","champ:Defend","champ:Defend","champ:Defend","champ:Defend","champ:Execute+1","champ:Taunt+1","champ:GladiatorStyle+1","champ:FaceSlap+1","champ:FocusedDefense+1","champ:CrookedStrike","champ:FocusedBerserking","champ:CalledShot","champ:MurderStrike","champ:FanOfKnives"],"relics":["champ:ChampionCrown","downfall:HeartsMalice","Pocketwatch","infinitespire:WardingShard","Mirror"],"acts_visited":["Exordium"],"potions_floor_usage":[],"damage_taken":[{"damage":0,"enemies":"Cultist","floor":2,"turns":1},{"damage":0,"enemies":"downfall:FleeingMerchant","floor":4,"turns":1},{"damage":0,"enemies":"2 Louse","floor":9,"turns":1},{"damage":5,"enemies":"Small Slimes","floor":11,"turns":2},{"damage":15,"enemies":"downfall:FleeingMerchant","floor":12,"turns":4},{"damage":11,"enemies":"2 Fungi Beasts","floor":13,"turns":3},{"damage":9,"enemies":"Blue Slaver","floor":15,"turns":3},{"damage":63,"enemies":"downfall:Watcher","floor":16,"turns":8}],"seed_played":"2440477364929699258","potions_obtained":[{"floor":13,"key":"champ:CounterPotion"},{"floor":15,"key":"SkillPotion"}],"is_trial":false,"path_per_floor":["R","M","?","$","?","R","T","R","M","R","M","$","M","T","M","B"],"character_chosen":"THE_CHAMP","items_purchased":["champ:CalledShot"],"campfire_rested":0,"item_purchase_floors":[12],"current_hp_per_floor":[90,90,72,72,72,72,72,72,72,72,72,67,61,61,52,0,0,0],"gold":96,"neow_bonus":"THREE_ENEMY_KILL","is_daily":false,"chose_seed":false,"campfire_upgraded":4,"win_rate":0.0,"timestamp":1609447637,"path_taken":["R","M","?","$","?","R","T","R","M","R","M","$","?","?","M","BOSS"],"items_purchased_type":["Card"],"build_version":"2020-12-22","purchased_purges":1,"victory":false,"max_hp_per_floor":[90,90,90,90,90,90,90,90,90,90,90,90,90,90,90,90,90,90],"card_choices":[{"not_picked":["champ:AdrenalArmor","champ:Shatter"],"picked":"champ:GladiatorStyle","floor":2},{"not_picked":["champ:DeathBlow","champ:BerserkerStyle"],"picked":"champ:FaceSlap","floor":4},{"not_picked":["champ:AdrenalArmor","champ:StanceDance"],"picked":"champ:FocusedDefense","floor":9},{"not_picked":["champ:EnragedBash","champ:TornadoPunch"],"picked":"champ:CrookedStrike","floor":11},{"not_picked":["champ:StanceDance","champ:Circumvent"],"picked":"champ:FocusedBerserking","floor":12},{"not_picked":["champ:EnragedBash","champ:Backstep"],"picked":"champ:MurderStrike","floor":13},{"not_picked":["champ:GutPunch","champ:BringItOn"],"picked":"champ:FanOfKnives","floor":15}],"player_experience":342019,"relics_obtained":[{"floor":7,"key":"infinitespire:WardingShard"},{"floor":14,"key":"Mirror"}],"event_choices":[{"damage_healed":0,"gold_gain":0,"player_choice":"Success","damage_taken":18,"relics_obtained":["Pocketwatch"],"max_hp_gain":0,"max_hp_loss":0,"event_name":"Scrap Ooze","floor":3,"gold_loss":0},{"damage_healed":0,"gold_gain":0,"player_choice":"Upgraded","damage_taken":0,"max_hp_gain":0,"max_hp_loss":0,"event_name":"Upgrade Shrine","floor":5,"gold_loss":0,"cards_upgraded":["champ:GladiatorStyle"]}],"is_beta":false,"boss_relics":[],"items_purged_floors":[4],"is_endless":false,"potions_floor_spawned":[13,15],"killed_by":"downfall:Watcher","ascension_level":0}}