{"host":"yp47u74hk6n79vj1","time":1609381051,"event":{"mods":["BaseMod","Colored Map","Highlight Path","Minty Spire (QoL Compilation)"],"gold_per_floor":[118,118,136,61,161,190,202,202,229,249,269,269,327,327,327,327,327],"floor_reached":16,"playtime":403,"items_purged":["Strike_R"],"score":110,"play_id":"cd4763b0-38cd-481b-8139-93a9abd42cbd","local_time":"20201230211731","is_ascension_mode":true,"campfire_choices":[{"data":"Body Slam","floor":8,"key":"SMITH"},{"data":"Strike_R","floor":15,"key":"PURGE"}],"circlet_count":0,"master_deck":["Strike_R","Strike_R","Defend_R","Defend_R","Defend_R","Defend_R","Body Slam+1","Inflame"],"relics":["Burning Blood","Anchor","PreservedInsect","Peace Pipe"],"acts_visited":["Exordium"],"potions_floor_usage":[6,13],"damage_taken":[{"damage":11,"enemies":"Small Slimes","floor":1,"turns":5},{"damage":8,"enemies":"2 Louse","floor":3,"turns":3},{"damage":54,"enemies":"Gremlin Nob","floor":6,"turns":6},{"damage":1,"enemies":"Cultist","floor":7,"turns":4},{"damage":5,"enemies":"Lots of Slimes","floor":10,"turns":6},{"damage":11,"enemies":"Blue Slaver","floor":11,"turns":5},{"damage":13,"enemies":"Gremlin Nob","floor":13,"turns":4},{"damage":25,"enemies":"Slime Boss","floor":16,"turns":3}],"seed_played":"-2800798265266611227","potions_obtained":[{"floor":3,"key":"ElixirPotion"},{"floor":7,"key":"SpeedPotion"},{"floor":10,"key":"LiquidBronze"}],"is_trial":false,"path_per_floor":["M","?","M","$","?","E","M","R","T","M","M","?","?","?","R","B"],"character_chosen":"IRONCLAD","items_purchased":[],"campfire_rested":0,"item_purchase_floors":[],"current_hp_per_floor":[83,83,81,81,81,33,38,38,38,39,34,22,15,8,8,0,0],"gold":327,"neow_bonus":"TEN_PERCENT_HP_BONUS","is_daily":false,"chose_seed":false,"campfire_upgraded":1,"win_rate":0.0,"timestamp":1609381051,"path_taken":["M","?","M","$","?","E","?","R","T","?","M","?","?","?","R","BOSS"],"items_purchased_type":[],"build_version":"2020-12-22","purchased_purges":1,"victory":false,"max_hp_per_floor":[88,88,88,88,88,88,88,88,88,88,88,88,88,88,88,88,88],"card_choices":[{"not_picked":["Wild Strike","Pummel"],"picked":"Body Slam","floor":1},{"not_picked":["Armaments","Power Through","True Grit"],"picked":"SKIP","floor":3},{"not_picked":["Infernal Blade","Warcry","Clothesline"],"picked":"SKIP","floor":6},{"not_picked":["Whirlwind","Uppercut","Heavy Blade"],"picked":"SKIP","floor":7},{"not_picked":["Anger","Infernal Blade","Intimidate"],"picked":"SKIP","floor":10},{"not_picked":["Clash","Immolate"],"picked":"Inflame","floor":11}],"player_experience":587659,"relics_obtained":[{"floor":6,"key":"Anchor"},{"floor":13,"key":"Peace Pipe"}],"event_choices":[{"cards_removed":["Bash"],"damage_healed":0,"gold_gain":0,"player_choice":"Forget","damage_taken":0,"max_hp_gain":0,"max_hp_loss":0,"event_name":"Living Wall","floor":2,"gold_loss":0},{"damage_healed":0,"gold_gain":100,"player_choice":"Pray","damage_taken":0,"max_hp_gain":0,"max_hp_loss":0,"event_name":"Golden Shrine","floor":5,"gold_loss":0},{"damage_healed":0,"gold_gain":0,"player_choice":"Success","damage_taken":12,"relics_obtained":["PreservedInsect"],"max_hp_gain":0,"max_hp_loss":0,"event_name":"Scrap Ooze","floor":12,"gold_loss":0},{"damage_healed":0,"gold_gain":30,"player_choice":"Searched \u00272\u0027 times","damage_taken":0,"max_hp_gain":0,"max_hp_loss":0,"event_name":"Dead Adventurer","floor":13,"gold_loss":0},{"cards_removed":["Strike_R"],"damage_healed":0,"gold_gain":0,"player_choice":"Card Removal","damage_taken":7,"max_hp_gain":0,"max_hp_loss":0,"event_name":"Golden Wing","floor":14,"gold_loss":0}],"is_beta":false,"boss_relics":[],"items_purged_floors":[4],"is_endless":false,"potions_floor_spawned":[3,7,10],"killed_by":"Slime Boss","ascension_level":2}}