{"host":"yludllxm6rzdxpbb","time":1609456146,"event":{"mods":["AchievementEnabler","BaseMod","Better Third Choice","BetterRewards","Colored Map","Colored Powertips","Hermit","Hubris","Infinite Spire","Minty Spire (QoL Compilation)","Quick Restart","Replay The Spire","StSLib","The Hierophant","The Necromancer"],"gold_per_floor":[116,136,152,152,152,152,152,179,202,48,73,73,73,102,188,289,289,301,327,15,28,28,50,61,99,99,115,141,141,168,177,177,285,285,301,320,346,80,80,80,95,120,120,140,140,168,168,19,19,19,19,19,19,55,55,55],"floor_reached":55,"playtime":2204,"items_purged":[],"score":874,"play_id":"f65739a4-5ec4-4e79-8ff2-dfd3f69919be","local_time":"20210101020906","is_ascension_mode":true,"campfire_choices":[{"floor":6,"key":"RECALL"},{"data":"Massacre","floor":12,"key":"SMITH"},{"data":"Inflame","floor":29,"key":"SMITH"},{"data":"Inflame","floor":32,"key":"SMITH"},{"floor":40,"key":"REST"},{"floor":45,"key":"REST"},{"data":"1","floor":47,"key":"LIFT"},{"floor":49,"key":"REST"},{"data":"2","floor":52,"key":"LIFT"}],"circlet_count":0,"master_deck":["Strike_R","Strike_R","Strike_R","Strike_R+1","Defend_R+1","Defend_R","Defend_R+1","Defend_R","Bash","Rupture","Shrug It Off","Ghostly Armor","Thunderclap","Run Through","Inflame+1","Twin Strike","hubris:Fate","Massacre+1","Cleave","Heavy Blade","Inflame+1","Armaments+1","Bloodletting+1","Bloodletting+1","Exhume+1","Seeing Red+1","Hemokinesis+1","Shrug It Off+1","Shrug It Off+1","Inflame+1","Parasite","Shrug It Off+1"],"relics":["Burning Blood","Vajra","TungstenRod","Simple Rune","infinitespire:Golems Mask","CeramicFish","hubris:ScarierMask","infinitespire:Joker Card","Electric Blood","Toxic Egg 2","Mirror","WingedGreaves","infinitespire:Lucky Rock","infinitespire:EmpoweringShard","Girya","infinitespire:ShieldingShard","Toolbox","Replay:Mystery Machine"],"acts_visited":["Exordium","TheCity","TheBeyond","TheEnding"],"potions_floor_usage":[8,28,37,50,55,55],"damage_taken":[{"damage":0,"enemies":"Cultist","floor":1,"turns":3},{"damage":1,"enemies":"Small Slimes","floor":2,"turns":3},{"damage":6,"enemies":"2 Louse","floor":3,"turns":3},{"damage":11,"enemies":"3 Sentries","floor":8,"turns":7},{"damage":0,"enemies":"2 Fungi Beasts","floor":11,"turns":2},{"damage":0,"enemies":"Gremlin Gang","floor":14,"turns":4},{"damage":31,"enemies":"Hexaghost","floor":16,"turns":7},{"damage":17,"enemies":"Shell Parasite","floor":18,"turns":3},{"damage":0,"enemies":"3 Byrds","floor":19,"turns":4},{"damage":11,"enemies":"Centurion and Healer","floor":21,"turns":4},{"damage":0,"enemies":"Sentry and Sphere","floor":23,"turns":2},{"damage":10,"enemies":"Shelled Parasite and Fungi","floor":24,"turns":3},{"damage":1,"enemies":"Gremlin Leader","floor":25,"turns":6},{"damage":0,"enemies":"3 Cultists","floor":27,"turns":2},{"damage":15,"enemies":"Book of Stabbing","floor":28,"turns":4},{"damage":1,"enemies":"Slavers","floor":30,"turns":4},{"damage":36,"enemies":"Collector","floor":33,"turns":6},{"damage":0,"enemies":"Orb Walker","floor":35,"turns":2},{"damage":0,"enemies":"3 Darklings","floor":36,"turns":2},{"damage":24,"enemies":"Writhing Mass","floor":37,"turns":4},{"damage":17,"enemies":"Jaw Worm Horde","floor":41,"turns":2},{"damage":19,"enemies":"Giant Head","floor":42,"turns":6},{"damage":21,"enemies":"Spire Growth","floor":44,"turns":4},{"damage":5,"enemies":"Writhing Mass","floor":46,"turns":6},{"damage":44,"enemies":"Time Eater","floor":50,"turns":7},{"damage":8,"enemies":"Shield and Spear","floor":54,"turns":3},{"damage":74,"enemies":"The Heart","floor":55,"turns":6}],"seed_played":"-5170950808633897168","potions_obtained":[{"floor":2,"key":"Death Potion"},{"floor":11,"key":"LiquidBronze"},{"floor":18,"key":"Venom Potion"},{"floor":23,"key":"Dexterity Potion"},{"floor":28,"key":"SneckoOil"},{"floor":33,"key":"LifebloodPotion"},{"floor":54,"key":"Swift Potion"}],"is_trial":false,"path_per_floor":["M","M","M","?","?","R","?","E","T","$","M","R","?","M","R_BF","B",null,"M","M","$","M","AVR","M","M","E","T","M","E","R","E","?","R","B",null,"M","M","M","$","?","R","M","E","T","M","R","M","R","$","R","B",null,"R","$","E","B"],"character_chosen":"IRONCLAD","items_purchased":["Vajra","Rupture","Shrug It Off","Ghostly Armor","Thunderclap","Simple Rune","CeramicFish","infinitespire:Joker Card","infinitespire:EmpoweringShard","Shrug It Off+1","Toolbox"],"campfire_rested":3,"item_purchase_floors":[0,0,0,0,0,0,10,20,38,38,48],"current_hp_per_floor":[50,55,55,38,60,60,60,55,55,55,61,61,61,67,67,42,75,64,70,70,65,65,71,67,72,72,75,66,66,71,71,71,41,75,75,75,57,57,57,75,64,51,51,36,58,59,59,59,75,37,75,75,75,73,0,0],"gold":55,"neow_bonus":"","is_daily":false,"chose_seed":false,"campfire_upgraded":3,"win_rate":0.0,"timestamp":1609456146,"path_taken":["M","M","M","?","?","R","?","E","T","$","?","R","?","M","R_BF","BOSS","M","M","$","M","AVR","M","M","E","T","M","E","R","E","?","R","BOSS","M","M","?","$","?","R","M","E","T","M","R","M","R","$","R","BOSS","R","$","E","BOSS"],"items_purchased_type":["Relic","Card","Card","Card","Card","Relic","Relic","Relic","Relic","Card","Relic"],"build_version":"2020-12-22","purchased_purges":0,"victory":false,"max_hp_per_floor":[75,75,75,75,75,75,75,75,75,75,75,75,75,75,75,75,75,75,75,75,75,75,75,75,75,75,75,75,75,75,75,75,75,75,75,75,75,75,75,75,75,75,75,75,75,75,75,75,75,75,75,75,75,75,75,75],"card_choices":[{"not_picked":["Headbutt","True Grit"],"picked":"Run Through","floor":1},{"not_picked":["Anger","Shrug It Off"],"picked":"Inflame","floor":2},{"not_picked":["Evolve","Shockwave"],"picked":"Twin Strike","floor":3},{"not_picked":["ReplayTheSpireMod:Black Plague","infinitespire:TheBestDefense"],"picked":"hubris:Fate","floor":4},{"not_picked":["True Grit","Wild Strike"],"picked":"Massacre","floor":8},{"not_picked":["Searing Blow","Reckless Charge"],"picked":"Cleave","floor":11},{"not_picked":["Sever Soul","Cleave"],"picked":"Heavy Blade","floor":14},{"not_picked":["Clothesline","Warcry","Cleave"],"picked":"SKIP","floor":18},{"not_picked":["Replay:Undeath\u0027s Touch","Sever Soul"],"picked":"Inflame","floor":19},{"not_picked":["ReplayTheSpireMod:Strike From Hell","Sword Boomerang","Body Slam"],"picked":"SKIP","floor":21},{"not_picked":["ReplayTheSpireMod:LeadingStrike","Perfected Strike"],"picked":"Armaments","floor":23},{"not_picked":["Feel No Pain+1","Clothesline","Disarm"],"picked":"SKIP","floor":24},{"not_picked":["Disarm+1","Clash"],"picked":"Bloodletting+1","floor":25},{"not_picked":["Thunderclap","hubris:ReadiedAction+1","Intimidate+1"],"picked":"SKIP","floor":27},{"not_picked":["Fiend Fire","Run Through","Body Slam"],"picked":"SKIP","floor":28},{"not_picked":["Headbutt+1","Evolve","hubris:ReadiedAction+1"],"picked":"SKIP","floor":30},{"not_picked":["Fiend Fire","Replay:Many Hands+1"],"picked":"Exhume+1","floor":33},{"not_picked":["Perfected Strike+1","Iron Wave+1","Clothesline+1"],"picked":"SKIP","floor":35},{"not_picked":["ReplayTheSpireMod:Limb From Limb","Cleave"],"picked":"Seeing Red+1","floor":36},{"not_picked":["Shockwave+1","Intimidate+1"],"picked":"Hemokinesis+1","floor":37},{"not_picked":["Perfected Strike","Thunderclap","ReplayTheSpireMod:Strike From Hell"],"picked":"SKIP","floor":41},{"not_picked":["Sentinel+1","Shrug It Off+1","Run Through"],"picked":"SKIP","floor":42},{"not_picked":["Body Slam+1","Sentinel+1"],"picked":"Inflame+1","floor":44},{"not_picked":["Rupture","ReplayTheSpireMod:Strike From Hell+1","Clash+1"],"picked":"SKIP","floor":46},{"not_picked":["infinitespire:OneForAll","True Grit+1"],"picked":"Shrug It Off+1","floor":54}],"player_experience":317611,"relics_obtained":[{"floor":8,"key":"infinitespire:Golems Mask"},{"floor":25,"key":"Toxic Egg 2"},{"floor":26,"key":"Mirror"},{"floor":28,"key":"WingedGreaves"},{"floor":30,"key":"infinitespire:Lucky Rock"},{"floor":42,"key":"Girya"},{"floor":43,"key":"infinitespire:ShieldingShard"},{"floor":54,"key":"Replay:Mystery Machine"}],"event_choices":[{"cards_removed":["Strike_R"],"damage_healed":0,"gold_gain":0,"player_choice":"Offered Basic","damage_taken":0,"max_hp_gain":0,"max_hp_loss":0,"event_name":"Bonfire Elementals","floor":7,"gold_loss":0},{"damage_healed":0,"gold_gain":0,"player_choice":"Copied","damage_taken":0,"max_hp_gain":0,"max_hp_loss":0,"event_name":"Duplicator","floor":31,"gold_loss":0,"cards_obtained":["Bloodletting"]}],"is_beta":false,"boss_relics":[{"not_picked":["hubris:RunicObelisk","hubris:GrandSneckoEye"],"picked":"hubris:ScarierMask"},{"not_picked":["Runic Dome","SacredBark","Ooze Armor"]}],"items_purged_floors":[],"is_endless":false,"potions_floor_spawned":[2,11,18,23,28,33,35,54],"killed_by":"The Heart","ascension_level":1}}