{"host":"yer03dsd277nstsn","time":1609374668,"event":{"mods":["BaseMod","Colored Powertips","Minty Spire (QoL Compilation)"],"gold_per_floor":[115,40,40,50,67,67,79,108,108,133,157,157,187,137,137,235,235,251,266,266,181,192,192,29,42,68,86,86,186,211,225,225,225,225],"floor_reached":33,"playtime":1839,"items_purged":["Strike_B"],"score":403,"play_id":"24e5d78f-7d65-4d21-88cf-ed83f3e11015","local_time":"20201230183108","is_ascension_mode":true,"campfire_choices":[{"data":"Zap","floor":6,"key":"SMITH"},{"floor":12,"key":"REST"},{"floor":15,"key":"REST"},{"floor":23,"key":"REST"},{"floor":28,"key":"REST"},{"floor":32,"key":"REST"}],"circlet_count":0,"master_deck":["Defend_B+1","Zap+1","Dualcast+1","Doom and Gloom","Cold Snap","Streamline","Cold Snap","Glacier","All For One+1","Scrape+1","Stack+1","Capacitor+1","Conserve Battery","Rebound+1","RitualDagger+1","Compile Driver+1","Capacitor","Barrage+1","Undo","Ball Lightning+1","Redo+1"],"relics":["Cracked Core","War Paint","DataDisk","Molten Egg 2","Bronze Scales","Turnip","Astrolabe","Oddly Smooth Stone","Membership Card","Blood Vial","Emotion Chip","Frozen Egg 2","Toy Ornithopter"],"acts_visited":["TheCity"],"potions_floor_usage":[16,29,30,31],"damage_taken":[{"damage":1,"enemies":"2 Louse","floor":1,"turns":2},{"damage":1,"enemies":"Cultist","floor":4,"turns":3},{"damage":6,"enemies":"Small Slimes","floor":5,"turns":3},{"damage":15,"enemies":"Looter","floor":7,"turns":3},{"damage":11,"enemies":"Gremlin Nob","floor":8,"turns":3},{"damage":14,"enemies":"Lagavulin","floor":10,"turns":6},{"damage":0,"enemies":"Gremlin Nob","floor":13,"turns":3},{"damage":10,"enemies":"Hexaghost","floor":16,"turns":8},{"damage":16,"enemies":"Spheric Guardian","floor":18,"turns":4},{"damage":0,"enemies":"Chosen","floor":19,"turns":5},{"damage":17,"enemies":"Centurion and Healer","floor":22,"turns":6},{"damage":19,"enemies":"Snake Plant","floor":25,"turns":4},{"damage":12,"enemies":"Cultist and Chosen","floor":27,"turns":4},{"damage":30,"enemies":"Colosseum Slavers","floor":29,"turns":4},{"damage":18,"enemies":"Colosseum Nobs","floor":29,"turns":4},{"damage":26,"enemies":"Slavers","floor":30,"turns":3},{"damage":6,"enemies":"Snecko","floor":31,"turns":4},{"damage":27,"enemies":"Collector","floor":33,"turns":2}],"seed_played":"-4734018268580423723","potions_obtained":[{"floor":4,"key":"SpeedPotion"},{"floor":7,"key":"PowerPotion"},{"floor":19,"key":"Weak Potion"},{"floor":22,"key":"FairyPotion"},{"floor":30,"key":"Block Potion"}],"is_trial":false,"path_per_floor":["M","$","?","M","M","R","M","E","T","E","T","R","E","?","R","B",null,"M","M","?","?","M","R","$","M","T","M","R","?","E","M","R","B"],"character_chosen":"DEFECT","items_purchased":["Membership Card","Capacitor"],"campfire_rested":5,"item_purchase_floors":[24,24],"current_hp_per_floor":[67,67,67,66,60,60,45,34,34,20,20,42,42,42,64,54,70,54,54,48,48,31,53,53,34,34,24,46,2,1,2,24,0,0],"gold":225,"neow_bonus":"TRANSFORM_CARD","is_daily":false,"chose_seed":false,"campfire_upgraded":1,"win_rate":0.0,"timestamp":1609374668,"path_taken":["M","$","?","M","M","R","?","E","T","E","?","R","E","?","R","BOSS","M","M","?","?","M","R","$","M","T","M","R","?","E","M","R","BOSS"],"items_purchased_type":["Relic","Card"],"build_version":"2020-12-22","purchased_purges":1,"victory":false,"max_hp_per_floor":[75,75,75,75,75,75,75,75,75,75,75,75,75,75,75,75,75,75,75,75,75,75,75,75,75,75,75,75,75,75,75,75,75,75],"card_choices":[{"not_picked":["Gash","Sweeping Beam","Barrage"],"picked":"SKIP","floor":1},{"not_picked":["Barrage","Beam Cell"],"picked":"Cold Snap","floor":4},{"not_picked":["Core Surge","Compile Driver"],"picked":"Streamline","floor":5},{"not_picked":["Go for the Eyes","Rip and Tear"],"picked":"Cold Snap","floor":7},{"not_picked":["White Noise","Rebound"],"picked":"Glacier","floor":8},{"not_picked":["Aggregate","Tempest","Gash+1"],"picked":"SKIP","floor":10},{"not_picked":["Sweeping Beam+1","Amplify","Gash+1"],"picked":"SKIP","floor":13},{"not_picked":["Thunder Strike+1","Meteor Strike+1"],"picked":"All For One+1","floor":16},{"not_picked":["Doom and Gloom+1","White Noise"],"picked":"Conserve Battery","floor":18},{"not_picked":["Coolheaded","Storm"],"picked":"Rebound+1","floor":19},{"not_picked":["Steam+1","Undo"],"picked":"Compile Driver+1","floor":22},{"not_picked":["Genetic Algorithm","Tempest"],"picked":"Barrage+1","floor":25},{"not_picked":["Compile Driver+1","Creative AI","Turbo"],"picked":"SKIP","floor":27},{"not_picked":["Sweeping Beam+1","Force Field+1"],"picked":"Undo","floor":29},{"not_picked":["Biased Cognition+1","Turbo"],"picked":"Ball Lightning+1","floor":30},{"not_picked":["Coolheaded","Ball Lightning+1"],"picked":"Redo+1","floor":31}],"player_experience":401353,"relics_obtained":[{"floor":8,"key":"War Paint"},{"floor":9,"key":"DataDisk"},{"floor":10,"key":"Molten Egg 2"},{"floor":11,"key":"Bronze Scales"},{"floor":13,"key":"Turnip"},{"floor":26,"key":"Blood Vial"},{"floor":29,"key":"Emotion Chip"},{"floor":29,"key":"Frozen Egg 2"},{"floor":30,"key":"Toy Ornithopter"}],"event_choices":[{"cards_removed":["Defend_B"],"damage_healed":0,"gold_gain":0,"player_choice":"Offered Basic","damage_taken":0,"max_hp_gain":0,"max_hp_loss":0,"event_name":"Bonfire Elementals","floor":3,"gold_loss":0},{"cards_removed":["Strike_B"],"damage_healed":0,"gold_gain":0,"player_choice":"Card Removal","damage_taken":0,"max_hp_gain":0,"max_hp_loss":0,"event_name":"The Cleric","floor":14,"gold_loss":50},{"damage_healed":0,"gold_gain":0,"player_choice":"Joined the Cult","damage_taken":6,"max_hp_gain":0,"max_hp_loss":0,"event_name":"Nest","floor":20,"gold_loss":0,"cards_obtained":["RitualDagger"]},{"damage_healed":0,"gold_gain":0,"player_choice":"Obtained Relic","damage_taken":0,"relics_obtained":["Oddly Smooth Stone"],"max_hp_gain":0,"max_hp_loss":0,"event_name":"Addict","floor":21,"gold_loss":85},{"damage_healed":0,"gold_gain":0,"player_choice":"Fight","damage_taken":0,"max_hp_gain":0,"max_hp_loss":0,"event_name":"Colosseum","floor":29,"gold_loss":0},{"damage_healed":0,"gold_gain":0,"player_choice":"Fought Nobs","damage_taken":0,"max_hp_gain":0,"max_hp_loss":0,"event_name":"Colosseum","floor":29,"gold_loss":0}],"is_beta":false,"boss_relics":[{"not_picked":["Empty Cage","Velvet Choker"],"picked":"Astrolabe"}],"items_purged_floors":[2],"is_endless":false,"potions_floor_spawned":[4,7,19,22,29,30],"killed_by":"Collector","ascension_level":6}}