{"host":"37dk0reb6x0du8wx","time":1609414476,"event":{"mods":["BaseMod","Colored Map","DeckTracker","Minty Spire (QoL Compilation)","Quick Restart","StSLib","SuperFastMode","The Dragon Tamer"],"gold_per_floor":[128,140,169,197,54,54,88,102,125,125,135,135,147,158,158,260,260,274,373,386,386,386],"floor_reached":21,"playtime":653,"items_purged":[],"score":201,"play_id":"5906411e-efe7-4428-ab92-94c8861231a3","local_time":"20201231203436","is_ascension_mode":true,"campfire_choices":[{"floor":6,"key":"REST"},{"floor":10,"key":"REST"},{"floor":15,"key":"REST"}],"circlet_count":0,"master_deck":["Strike_B","Strike_B","Strike_B","Defend_B","Defend_B","Defend_B","Defend_B","Zap","Dualcast","Consume","Redo","Auto Shields","Leap","Leap","Leap"],"relics":["Cracked Core","MawBank","Orichalcum","Strawberry","DataDisk","SlaversCollar"],"acts_visited":["Exordium","TheCity"],"potions_floor_usage":[7,7,21],"damage_taken":[{"damage":1,"enemies":"Cultist","floor":1,"turns":3},{"damage":21,"enemies":"Small Slimes","floor":3,"turns":3},{"damage":14,"enemies":"Jaw Worm","floor":4,"turns":3},{"damage":22,"enemies":"Gremlin Nob","floor":7,"turns":4},{"damage":0,"enemies":"3 Louse","floor":8,"turns":3},{"damage":11,"enemies":"2 Fungi Beasts","floor":11,"turns":3},{"damage":9,"enemies":"Red Slaver","floor":13,"turns":3},{"damage":10,"enemies":"Large Slime","floor":14,"turns":7},{"damage":28,"enemies":"The Guardian","floor":16,"turns":12},{"damage":35,"enemies":"Spheric Guardian","floor":18,"turns":6},{"damage":26,"enemies":"3 Byrds","floor":20,"turns":5},{"damage":34,"enemies":"Snecko","floor":21,"turns":5}],"seed_played":"7128965408253773185","potions_obtained":[{"floor":2,"key":"BlessingOfTheForge"},{"floor":2,"key":"Explosive Potion"},{"floor":2,"key":"Ancient Potion"},{"floor":8,"key":"SteroidPotion"},{"floor":13,"key":"SpeedPotion"}],"is_trial":false,"path_per_floor":["M","?","M","M","$","R","E","M","T","R","M","?","M","M","R","B",null,"M","?","M","M"],"character_chosen":"DEFECT","items_purchased":["Orichalcum"],"campfire_rested":3,"item_purchase_floors":[5],"current_hp_per_floor":[74,74,53,39,39,61,46,46,46,70,59,52,43,33,57,29,82,47,47,21,0,0],"gold":386,"neow_bonus":"RANDOM_COMMON_RELIC","is_daily":false,"chose_seed":false,"campfire_upgraded":0,"win_rate":0.0,"timestamp":1609414476,"path_taken":["M","?","M","M","$","R","E","?","T","R","M","?","M","M","R","BOSS","M","?","M","M"],"items_purchased_type":["Relic"],"build_version":"2020-12-22","purchased_purges":0,"victory":false,"max_hp_per_floor":[75,75,75,75,75,75,82,82,82,82,82,82,82,82,82,82,82,82,82,82,82,82],"card_choices":[{"not_picked":["Streamline","Go for the Eyes","Lockon"],"picked":"SKIP","floor":1},{"not_picked":["Gash","Hologram"],"picked":"Consume","floor":3},{"not_picked":["Chaos","Rip and Tear"],"picked":"Redo","floor":4},{"not_picked":["Sweeping Beam","Cold Snap","Blizzard"],"picked":"SKIP","floor":7},{"not_picked":["Steam","Static Discharge","Go for the Eyes"],"picked":"SKIP","floor":8},{"not_picked":["Conserve Battery","Steam"],"picked":"Auto Shields","floor":11},{"not_picked":["Rip and Tear","Go for the Eyes"],"picked":"Leap","floor":13},{"not_picked":["Rebound","Stack"],"picked":"Leap","floor":14},{"not_picked":["Steam Power","Stack+1"],"picked":"Leap","floor":18},{"not_picked":["Turbo","Compile Driver","Hologram"],"picked":"SKIP","floor":20}],"player_experience":107224,"relics_obtained":[{"floor":7,"key":"Strawberry"},{"floor":9,"key":"DataDisk"}],"event_choices":[{"damage_healed":0,"gold_gain":0,"player_choice":"Got Potions","damage_taken":0,"max_hp_gain":0,"max_hp_loss":0,"event_name":"Lab","floor":2,"gold_loss":0},{"cards_removed":["Strike_B"],"damage_healed":0,"gold_gain":0,"player_choice":"Card Removal","damage_taken":7,"max_hp_gain":0,"max_hp_loss":0,"event_name":"Golden Wing","floor":12,"gold_loss":0},{"damage_healed":0,"gold_gain":99,"player_choice":"Stole From Cult","damage_taken":0,"max_hp_gain":0,"max_hp_loss":0,"event_name":"Nest","floor":19,"gold_loss":0}],"is_beta":false,"boss_relics":[{"not_picked":["Fusion Hammer","Cursed Key"],"picked":"SlaversCollar"}],"items_purged_floors":[],"is_endless":false,"potions_floor_spawned":[3,8,13,14,16,18],"killed_by":"Snecko","ascension_level":2}}