{"host":"w3x3n9s6mrz4xpf0","time":1609398572,"event":{"mods":["BaseMod","Minty Spire (QoL Compilation)","StSLib","SuperFastMode"],"gold_per_floor":[114,128,146,159,179,179,210,210,210,210,220,180,199,234,246,362,374,402,433,463,491,20,20,53,73,73,73,73,92,102,120,120,216,216,229,248,10,27,27,61,61,95,95,95,112,0,0,10,10,10],"floor_reached":51,"playtime":2302,"items_purged":["Catalyst"],"score":1174,"play_id":"84785a46-4a7a-4338-b4b0-698a309d3412","local_time":"20201231160932","is_ascension_mode":true,"campfire_choices":[{"data":"Cloak And Dagger","floor":6.0,"key":"SMITH"},{"data":"Blade Dance","floor":8.0,"key":"SMITH"},{"data":"Infinite Blades","floor":15.0,"key":"SMITH"},{"data":"Storm of Steel","floor":23,"key":"SMITH"},{"floor":32,"key":"REST"},{"data":"Neutralize","floor":41,"key":"SMITH"},{"floor":44,"key":"DIG"},{"floor":47,"key":"DIG"},{"floor":49,"key":"DIG"}],"circlet_count":0,"master_deck":["Defend_G","Defend_G","Defend_G","Defend_G","Survivor","Neutralize+1","Acrobatics+1","Flying Knee","Cloak And Dagger+1","Blade Dance+1","Choke","Backstab","Infinite Blades+1","Storm of Steel+1","Backflip+1","Deflect+1","Accuracy+1","Night Terror+1","Venomology+1","Choke+1","After Image+1","Riddle With Holes+1","Madness+1","Madness+1"],"relics":["Ring of the Snake","FossilizedHelix","Kunai","MawBank","SacredBark","Singing Bowl","TheAbacus","HornCleat","Toxic Egg 2","Astrolabe","Shuriken","Dream Catcher","Shovel","The Courier","Blue Candle","Red Mask","Letter Opener","Strawberry"],"acts_visited":["Exordium","TheCity","TheBeyond"],"potions_floor_usage":[21,25,29,33,35,36,38,40,40,42,45,48,50,50],"damage_taken":[{"damage":7.0,"enemies":"Small Slimes","floor":1.0,"turns":5.0},{"damage":0.0,"enemies":"Cultist","floor":2.0,"turns":3.0},{"damage":0.0,"enemies":"Jaw Worm","floor":3.0,"turns":5.0},{"damage":9.0,"enemies":"Gremlin Gang","floor":4.0,"turns":5.0},{"damage":1.0,"enemies":"Looter","floor":5.0,"turns":3.0},{"damage":34.0,"enemies":"Gremlin Nob","floor":7.0,"turns":5.0},{"damage":0.0,"enemies":"Blue Slaver","floor":11.0,"turns":3.0},{"damage":0.0,"enemies":"3 Louse","floor":13.0,"turns":2.0},{"damage":1.0,"enemies":"3 Sentries","floor":14.0,"turns":7.0},{"damage":0.0,"enemies":"Slime Boss","floor":16.0,"turns":8.0},{"damage":0,"enemies":"3 Byrds","floor":18,"turns":6},{"damage":8,"enemies":"2 Thieves","floor":19,"turns":5},{"damage":12,"enemies":"Sentry and Sphere","floor":20,"turns":9},{"damage":9,"enemies":"Centurion and Healer","floor":21,"turns":6},{"damage":69,"enemies":"Gremlin Leader","floor":24,"turns":16},{"damage":0,"enemies":"Cultist and Chosen","floor":25,"turns":3},{"damage":2,"enemies":"Snake Plant","floor":29,"turns":3},{"damage":0,"enemies":"Centurion and Healer","floor":30,"turns":4},{"damage":0,"enemies":"Snecko","floor":31,"turns":3},{"damage":0,"enemies":"Automaton","floor":33,"turns":10},{"damage":0,"enemies":"Orb Walker","floor":35,"turns":3},{"damage":0,"enemies":"3 Shapes","floor":36,"turns":2},{"damage":5,"enemies":"Sphere and 2 Shapes","floor":38,"turns":6},{"damage":0,"enemies":"Giant Head","floor":40,"turns":5},{"damage":0,"enemies":"Nemesis","floor":42,"turns":5},{"damage":0,"enemies":"Jaw Worm Horde","floor":45,"turns":4},{"damage":0,"enemies":"3 Darklings","floor":48,"turns":3},{"damage":45,"enemies":"Donu and Deca","floor":50,"turns":7}],"seed_played":"-8755202987057028637","potions_obtained":[{"floor":3.0,"key":"Weak Potion"},{"floor":5.0,"key":"GamblersBrew"},{"floor":12.0,"key":"SpeedPotion"},{"floor":12.0,"key":"SmokeBomb"},{"floor":12.0,"key":"FairyPotion"},{"floor":19,"key":"BlessingOfTheForge"},{"floor":24,"key":"SteroidPotion"},{"floor":25,"key":"LiquidBronze"},{"floor":31,"key":"FearPotion"},{"floor":33,"key":"DistilledChaos"},{"floor":36,"key":"SpeedPotion"},{"floor":38,"key":"Dexterity Potion"},{"floor":40,"key":"Energy Potion"}],"is_trial":false,"path_per_floor":["M","M","M","M","M","R","E","R","T","?","M","?","M","E","R","B",null,"M","M","M","M","$","R","E","M","T","?","?","M","M","M","R","B",null,"M","M","$","M","?","E","R","E","T","R","M","?","R","M","R","B",null],"character_chosen":"THE_SILENT","items_purchased":["Singing Bowl","TheAbacus","Shuriken"],"campfire_rested":1,"item_purchase_floors":[22,22,37],"current_hp_per_floor":[56,56,56,47,46,46,12,12,12,12,12,12,12,11,11,11,55,55,47,35,26,26,26,8,10,10,10,10,10,10,10,32,32,65,67,69,69,66,56,58,58,60,60,60,62,62,62,64,71,26],"gold":10,"neow_bonus":"TRANSFORM_CARD","is_daily":false,"chose_seed":false,"campfire_upgraded":5,"win_rate":0.0,"timestamp":1609398572,"path_taken":["M","M","M","M","M","R","E","R","T","?","?","?","?","E","R","BOSS","M","M","M","M","$","R","E","M","T","?","?","M","?","M","R","BOSS","M","M","$","M","?","E","R","E","T","R","M","?","R","M","R","BOSS"],"items_purchased_type":["Relic","Relic","Relic"],"build_version":"2020-12-22","purchased_purges":1,"victory":true,"max_hp_per_floor":[70,70,70,70,70,70,70,70,70,70,70,70,70,70,70,70,70,70,70,70,70,70,70,72,74,74,74,74,76,76,76,76,76,76,78,80,80,82,82,84,84,86,86,86,88,88,88,90,97,97],"card_choices":[{"not_picked":["Poisoned Stab","Acrobatics"],"picked":"Flying Knee","floor":1.0},{"not_picked":["Distraction","Infinite Blades"],"picked":"Cloak And Dagger","floor":2.0},{"not_picked":["Bane","Poisoned Stab"],"picked":"Blade Dance","floor":3.0},{"not_picked":["Blur","Backflip","Choke"],"picked":"SKIP","floor":4.0},{"not_picked":["Blur","Backflip"],"picked":"Choke","floor":4.0},{"not_picked":["All Out Attack","Dagger Throw","Sucker Punch"],"picked":"SKIP","floor":5.0},{"not_picked":["PiercingWail","Slice"],"picked":"Backstab","floor":7.0},{"not_picked":["Dagger Spray","PiercingWail","Dagger Throw"],"picked":"SKIP","floor":11.0},{"not_picked":["Backflip","All Out Attack","Reflex"],"picked":"SKIP","floor":13.0},{"not_picked":["Prepared","Wraith Form v2"],"picked":"Infinite Blades","floor":14.0},{"not_picked":["A Thousand Cuts","Tools of the Trade"],"picked":"Storm of Steel","floor":16.0},{"not_picked":["Poisoned Stab","Prepared+1"],"picked":"Backflip+1","floor":18},{"not_picked":["Dash","Skewer+1","Cloak And Dagger"],"picked":"SKIP","floor":19},{"not_picked":["Dagger Spray","Eviscerate"],"picked":"Deflect+1","floor":20},{"not_picked":["Dagger Throw","Bane","Riddle With Holes"],"picked":"SKIP","floor":21},{"not_picked":["Crippling Poison","Quick Slash","Well Laid Plans"],"picked":"Singing Bowl","floor":24},{"not_picked":["Underhanded Strike","Riddle With Holes","Predator"],"picked":"Singing Bowl","floor":25},{"not_picked":["Footwork","Finisher","Sucker Punch+1"],"picked":"Singing Bowl","floor":29},{"not_picked":["PiercingWail+1","Flechettes"],"picked":"Accuracy+1","floor":30},{"not_picked":["Acrobatics+1","Infinite Blades"],"picked":"Night Terror+1","floor":31},{"not_picked":["Die Die Die","Burst+1"],"picked":"Venomology+1","floor":33},{"not_picked":["Dodge and Roll+1","Finisher+1","Crippling Poison+1"],"picked":"Singing Bowl","floor":35},{"not_picked":["Flying Knee+1","Escape Plan+1","Distraction+1"],"picked":"Singing Bowl","floor":36},{"not_picked":["Skewer","Eviscerate+1","Blade Dance+1"],"picked":"Singing Bowl","floor":38},{"not_picked":["All Out Attack+1","Calculated Gamble+1","Distraction+1"],"picked":"Singing Bowl","floor":40},{"not_picked":["Deadly Poison+1","Storm of Steel+1","Sucker Punch"],"picked":"Singing Bowl","floor":42},{"not_picked":["Cloak And Dagger+1","Concentrate+1","Underhanded Strike+1"],"picked":"Singing Bowl","floor":45},{"not_picked":["Choke","Cloak And Dagger+1","Poisoned Stab"],"picked":"Singing Bowl","floor":48}],"player_experience":75053,"relics_obtained":[{"floor":7.0,"key":"FossilizedHelix"},{"floor":9.0,"key":"Kunai"},{"floor":14.0,"key":"MawBank"},{"floor":24,"key":"HornCleat"},{"floor":26,"key":"Toxic Egg 2"},{"floor":40,"key":"Dream Catcher"},{"floor":42,"key":"Shovel"},{"floor":43,"key":"The Courier"},{"floor":44,"key":"Blue Candle"},{"floor":47,"key":"Letter Opener"},{"floor":49,"key":"Strawberry"}],"event_choices":[{"damage_healed":0.0,"max_hp_gain":0.0,"max_hp_loss":0.0,"gold_gain":0.0,"cards_transformed":["Strike_G"],"event_name":"Transmorgrifier","player_choice":"Transformed","floor":10.0,"gold_loss":0.0,"damage_taken":0.0,"cards_obtained":["Catalyst"]},{"damage_healed":0.0,"max_hp_gain":0.0,"max_hp_loss":0.0,"gold_gain":0.0,"event_name":"The Woman in Blue","player_choice":"Bought 3 Potions","floor":12.0,"gold_loss":0.0,"damage_taken":0.0},{"cards_removed":["Strike_G"],"damage_healed":0,"gold_gain":0,"player_choice":"Elegance","damage_taken":0,"max_hp_gain":0,"max_hp_loss":0,"event_name":"Back to Basics","floor":27,"gold_loss":0},{"damage_healed":0,"gold_gain":0,"player_choice":"Upgraded","damage_taken":0,"max_hp_gain":0,"max_hp_loss":0,"event_name":"Upgrade Shrine","floor":28,"gold_loss":0,"cards_upgraded":["Acrobatics"]},{"damage_healed":0,"gold_gain":0,"player_choice":"Embrace Madness","damage_taken":10,"max_hp_gain":0,"max_hp_loss":0,"event_name":"Winding Halls","floor":39,"gold_loss":0,"cards_obtained":["Madness","Madness"]},{"damage_healed":0,"gold_gain":0,"player_choice":"Paid","damage_taken":0,"relics_obtained":["Red Mask"],"max_hp_gain":0,"max_hp_loss":0,"event_name":"Tomb of Lord Red Mask","floor":46,"gold_loss":112}],"is_beta":false,"boss_relics":[{"not_picked":["Ring of the Serpent","Empty Cage"],"picked":"SacredBark"},{"not_picked":["Pandora\u0027s Box","Tiny House"],"picked":"Astrolabe"}],"items_purged_floors":[22],"is_endless":false,"potions_floor_spawned":[3,5,13,14,19,24,25,31,33,36,38,40],"ascension_level":6}}