{"host":"svwqvw2il1zfkkg0","time":1609436769,"event":{"mods":["AchievementEnabler","BaseMod","BetterRewards","Colored Map","Colored Powertips","Custom Start","Downfall","GifTheSpireLib","Highlight Path","Hubris","Infinite Spire","Minty Spire (QoL Compilation)","Quick Restart","Replay The Spire","Shop Mod","StSLib","SuperFastMode"],"gold_per_floor":[116,126,142,217,234,259,259,272,297,12,12,187,218,218,218,318,318,318,258,258,258,258,258,258,258,258,258,258,258,258,183,183,183,183,183,183,183,183,183,183,183,183,183,183,183,183,183,183,183,183,183],"floor_reached":50,"playtime":1658,"items_purged":["Doubt","hubris:Despair"],"score":561,"play_id":"8b06af35-ee3b-48d4-b89f-e702eb118bbc","local_time":"20201231094609","is_ascension_mode":false,"campfire_choices":[{"floor":7,"key":"REST"},{"data":"Blade Dance","floor":11,"key":"SMITH"},{"floor":15,"key":"DIG"},{"floor":28,"key":"REST"},{"floor":30,"key":"REST"},{"floor":32,"key":"REST"},{"floor":42,"key":"REST"},{"floor":47,"key":"REST"},{"floor":49,"key":"REST"}],"circlet_count":0,"master_deck":["Strike_G","Strike_G","Strike_G","Strike_G","Strike_G","Defend_G","Defend_G","Defend_G","Defend_G","Defend_G","Survivor","Dash","Blade Dance","Dagger Spray","Choke","Blade Dance+1","Sucker Punch","Flying Knee","Sucker Punch","A Thousand Cuts","Blade Dance","Sucker Punch+1","Hidden Blade+1","Riddle With Holes+1","Blade Dance","Corpse Explosion","Cloak And Dagger","Blade Dance","hubris:DuctTapeCard","Prepared+1","Corpse Explosion","Quick Slash+1"],"relics":["Ring of the Snake","NeowsBlessing","White Beast Statue","hubris:ToyBattleship","MealTicket","Pear","Tiny Chest","Ectoplasm","Bottled Flame","SlaversCollar","infinitespire:Beetle Shell","Chameleon Ring","Shuriken","Painkiller Herb","Pet Ghost","hubris:DuctTape","infinitespire:FocusingShard","Iron Hammer"],"acts_visited":["Exordium","TheCity","TheBeyond"],"potions_floor_usage":[16,16,16,20,20,22,22,22,23,25,29,29,33,35,36,40,44,44,45,46,46,50,50],"damage_taken":[{"damage":0,"enemies":"Small Slimes","floor":1,"turns":1},{"damage":0,"enemies":"2 Louse","floor":2,"turns":2},{"damage":0,"enemies":"Jaw Worm","floor":3,"turns":1},{"damage":0,"enemies":"2 Fungi Beasts","floor":5,"turns":4},{"damage":19,"enemies":"3 Sentries","floor":6,"turns":6},{"damage":2,"enemies":"Blue Slaver","floor":8,"turns":3},{"damage":17,"enemies":"Replay:BlueRogue","floor":13,"turns":4},{"damage":22,"enemies":"Hexaghost","floor":16,"turns":8},{"damage":20,"enemies":"Chosen","floor":18,"turns":5},{"damage":16,"enemies":"2 Thieves","floor":19,"turns":4},{"damage":21,"enemies":"Centurion and Healer","floor":20,"turns":4},{"damage":10,"enemies":"Sentry and Sphere","floor":22,"turns":4},{"damage":2,"enemies":"Replay:Snechameleon","floor":23,"turns":6},{"damage":3,"enemies":"Chosen and Byrds","floor":25,"turns":5},{"damage":15,"enemies":"Snake Plant","floor":29,"turns":3},{"damage":27,"enemies":"hubris:MusketHawk","floor":33,"turns":6},{"damage":13,"enemies":"3 Shapes","floor":35,"turns":3},{"damage":10,"enemies":"3 Darklings","floor":36,"turns":3},{"damage":14,"enemies":"Jaw Worm Horde","floor":39,"turns":3},{"damage":4,"enemies":"Giant Head","floor":40,"turns":4},{"damage":10,"enemies":"Sphere and 2 Shapes","floor":41,"turns":3},{"damage":11,"enemies":"Spire Growth","floor":44,"turns":2},{"damage":14,"enemies":"Jaw Worm Horde","floor":45,"turns":2},{"damage":10,"enemies":"Reptomancer","floor":46,"turns":3},{"damage":0,"enemies":"Transient","floor":48,"turns":5},{"damage":66,"enemies":"infinitespire:MassOfShapes","floor":50,"turns":10}],"seed_played":"-3836537957112853715","potions_obtained":[{"floor":3,"key":"champ:CounterPotion"},{"floor":6,"key":"champ:CounterPotion"},{"floor":8,"key":"BlessingOfTheForge"},{"floor":16,"key":"EntropicBrew"},{"floor":18,"key":"ColorlessPotion"},{"floor":19,"key":"Poison Potion"},{"floor":20,"key":"DistilledChaos"},{"floor":22,"key":"LifebloodPotion"},{"floor":23,"key":"Block Potion"},{"floor":25,"key":"Guardian:BlockOnCardUsePotion"},{"floor":33,"key":"Fire Potion"},{"floor":35,"key":"DuplicationPotion"},{"floor":36,"key":"FearPotion"},{"floor":39,"key":"SkillPotion"},{"floor":40,"key":"champ:CounterPotion"},{"floor":41,"key":"Fire Potion"},{"floor":44,"key":"Dexterity Potion"},{"floor":45,"key":"DuplicationPotion"},{"floor":46,"key":"LifebloodPotion"},{"floor":48,"key":"Poison Potion"}],"is_trial":false,"path_per_floor":["M","M","M","?","M","E","R","M","T","$","R","?","E","?","R_BF","B",null,"M","M","M","AVR","M","E","?","M","T","?","R","M","R","$","R","B",null,"?","?","T","?","?","E","?","T","T","?","?","E","T","?","T","B"],"character_chosen":"THE_SILENT","items_purchased":["Blade Dance","MealTicket","Sucker Punch","Flying Knee"],"campfire_rested":7,"item_purchase_floors":[10,10,10,10],"current_hp_per_floor":[70,70,70,59,59,40,61,59,59,59,59,59,52,52,52,30,80,60,44,23,23,13,11,11,8,8,8,32,17,41,56,80,53,80,67,57,57,57,43,39,29,53,53,42,28,18,42,42,66,0,0],"gold":183,"neow_bonus":"THREE_ENEMY_KILL","is_daily":false,"chose_seed":false,"campfire_upgraded":1,"win_rate":0.0,"timestamp":1609436769,"path_taken":["M","M","M","?","M","E","R","M","T","$","R","?","E","?","R_BF","BOSS","M","M","M","AVR","M","E","?","M","T","?","R","M","R","$","R","BOSS","?","?","?","?","?","E","?","T","T","?","?","E","T","?","T","BOSS"],"items_purchased_type":["Card","Relic","Card","Card"],"build_version":"2020-12-22","purchased_purges":2,"victory":false,"max_hp_per_floor":[70,70,70,70,70,70,70,70,70,70,70,70,80,80,80,80,80,80,80,80,80,80,80,80,80,80,80,80,80,80,80,80,80,80,80,80,80,80,80,80,80,80,80,80,80,80,80,80,80,80,80],"card_choices":[{"not_picked":["Catalyst","Flying Knee"],"picked":"Dash","floor":1},{"not_picked":["Slice","hubris:SlightOfHand"],"picked":"Blade Dance","floor":2},{"not_picked":["Acrobatics","Slice"],"picked":"Dagger Spray","floor":3},{"not_picked":["ReplayTheSpireMod:Exploit Weakness","Deadly Poison","Tactician"],"picked":"SKIP","floor":5},{"not_picked":["ReplayTheSpireMod:From All Sides","Expertise"],"picked":"Accuracy","floor":6},{"not_picked":["Dodge and Roll","Tactician"],"picked":"Choke","floor":8},{"not_picked":["hubris:SlightOfHand","PiercingWail"],"picked":"Sucker Punch","floor":13},{"not_picked":["infinitespire:Neurotoxin","Malaise"],"picked":"A Thousand Cuts","floor":16},{"not_picked":["Sucker Punch+1","Dagger Spray"],"picked":"Blade Dance","floor":18},{"not_picked":["Bane+1","Flying Knee"],"picked":"Sucker Punch+1","floor":19},{"not_picked":["Poisoned Stab","Malaise"],"picked":"Hidden Blade+1","floor":20},{"not_picked":["ReplayTheSpireMod:The Works","Predator","Dodge and Roll"],"picked":"SKIP","floor":22},{"not_picked":["Well Laid Plans","Deadly Poison+1"],"picked":"Riddle With Holes+1","floor":23},{"not_picked":["Eviscerate","hubris:Sniper+1","Skewer"],"picked":"SKIP","floor":25},{"not_picked":["Bane+1","Riddle With Holes"],"picked":"Blade Dance","floor":29},{"not_picked":["Wraith Form v2","Replay:Bag of Tricks"],"picked":"Corpse Explosion","floor":33},{"not_picked":["PiercingWail","Outmaneuver+1"],"picked":"Cloak And Dagger","floor":35},{"not_picked":["Dagger Spray","Underhanded Strike+1","hubris:SlightOfHand"],"picked":"SKIP","floor":36},{"not_picked":["Underhanded Strike+1","Dodge and Roll"],"picked":"Blade Dance","floor":39},{"not_picked":["Escape Plan+1","Acrobatics"],"picked":"Prepared+1","floor":40},{"not_picked":["Underhanded Strike+1","Escape Plan","Bane"],"picked":"SKIP","floor":41},{"not_picked":["Outmaneuver","Concentrate+1"],"picked":"Corpse Explosion","floor":44},{"not_picked":["Predator","Catalyst","Poisoned Stab"],"picked":"SKIP","floor":45},{"not_picked":["Prepared","Crippling Poison"],"picked":"Quick Slash+1","floor":46},{"not_picked":["Poisoned Stab+1","ReplayTheSpireMod:Tripwire","hubris:Sniper+1"],"picked":"SKIP","floor":48}],"player_experience":439458,"relics_obtained":[{"floor":6,"key":"White Beast Statue"},{"floor":9,"key":"hubris:ToyBattleship"},{"floor":13,"key":"Pear"},{"floor":15,"key":"Tiny Chest"},{"floor":23,"key":"infinitespire:Beetle Shell"},{"floor":26,"key":"Chameleon Ring"},{"floor":37,"key":"Pet Ghost"},{"floor":40,"key":"hubris:DuctTape"},{"floor":43,"key":"infinitespire:FocusingShard"},{"floor":46,"key":"Iron Hammer"}],"event_choices":[{"damage_healed":0,"gold_gain":75,"player_choice":"Gather Gold","damage_taken":11,"max_hp_gain":0,"max_hp_loss":0,"event_name":"World of Goop","floor":4,"gold_loss":0},{"damage_healed":0,"gold_gain":175,"player_choice":"AGREE","damage_taken":0,"max_hp_gain":0,"max_hp_loss":0,"event_name":"Liars Game","floor":12,"gold_loss":0,"cards_obtained":["Doubt"]},{"damage_healed":0,"gold_gain":99,"player_choice":"Stole From Cult","damage_taken":0,"max_hp_gain":0,"max_hp_loss":0,"event_name":"Nest","floor":24,"gold_loss":0}],"is_beta":false,"boss_relics":[{"not_picked":["hubris:RunicObelisk","hubris:TerracottaHorce"],"picked":"Ectoplasm"},{"not_picked":["Snecko Eye","Kintsugi"],"picked":"Painkiller Herb"}],"items_purged_floors":[21,31],"is_endless":false,"potions_floor_spawned":[3,6,8,13,16,18,19,20,22,23,25,29,33,35,36,39,40,41,44,45,46,48],"killed_by":"infinitespire:MassOfShapes","ascension_level":0}}