{"host":"zxkjcgzis4pm3za5","time":1609423843,"event":{"mods":["AchievementEnabler","BaseMod","Colored Map","Colored Powertips","Minty Spire (QoL Compilation)","Quick Restart","RNG Fix","Random Character Button","StSLib"],"gold_per_floor":[366,90,103,11,27,27,46,77,77,77,94,120,120,153,153,248,248,262,282,299,319,269,304,304,304,304,304,338,84,84,9,9,108,108,119,132,148,148,23,23,52,52,77,77,91,122,122,122,122,122,122,122,27,60,60,60],"floor_reached":55,"playtime":1535,"items_purged":["Strike_R","Strike_R","Strike_R"],"score":1330,"play_id":"fe1d89d5-50d0-48d0-b879-1e0689e45604","local_time":"20201231194043","is_ascension_mode":true,"campfire_choices":[{"data":"Flex","floor":6,"key":"SMITH"},{"data":"Flex","floor":10,"key":"SMITH"},{"data":"Whirlwind","floor":15,"key":"SMITH"},{"data":"Limit Break","floor":24,"key":"SMITH"},{"data":"Dramatic Entrance","floor":27,"key":"SMITH"},{"data":"Offering","floor":30,"key":"SMITH"},{"floor":32,"key":"RECALL"},{"data":"Master of Strategy","floor":40,"key":"SMITH"},{"data":"Battle Trance","floor":42,"key":"SMITH"},{"data":"Shockwave","floor":49,"key":"SMITH"},{"data":"Shrug It Off","floor":52,"key":"SMITH"}],"circlet_count":0,"master_deck":["AscendersBane","Defend_R","Defend_R","Defend_R","Bash","Whirlwind+1","Flex+1","Master of Strategy+1","Warcry","Dramatic Entrance+1","Flex+1","Shockwave+1","Battle Trance+1","Offering+1","Shrug It Off+1","Limit Break+1","Demon Form+1","True Grit+1","Barricade+1","Dark Shackles","Sword Boomerang"],"relics":["Burning Blood","Meat on the Bone","Magic Flower","Eternal Feather","Blood Vial","Juzu Bracelet","Sozu","Paper Frog","Frozen Egg 2","Bag of Preparation","Chemical X","Busted Crown","StrikeDummy","Potion Belt","TungstenRod","Calipers"],"acts_visited":["Exordium","TheCity","TheBeyond","TheEnding"],"potions_floor_usage":[55],"damage_taken":[{"damage":4,"enemies":"2 Louse","floor":1,"turns":3},{"damage":10,"enemies":"Jaw Worm","floor":3,"turns":5},{"damage":6,"enemies":"Cultist","floor":5,"turns":4},{"damage":0,"enemies":"3 Louse","floor":7,"turns":2},{"damage":5,"enemies":"3 Sentries","floor":8,"turns":2},{"damage":0,"enemies":"Exordium Wildlife","floor":11,"turns":3},{"damage":20,"enemies":"Lagavulin","floor":12,"turns":5},{"damage":0,"enemies":"3 Sentries","floor":14,"turns":2},{"damage":23,"enemies":"Slime Boss","floor":16,"turns":7},{"damage":6,"enemies":"Spheric Guardian","floor":18,"turns":1},{"damage":4,"enemies":"Chosen","floor":19,"turns":3},{"damage":6,"enemies":"3 Cultists","floor":20,"turns":2},{"damage":25,"enemies":"Snake Plant","floor":21,"turns":3},{"damage":20,"enemies":"Slavers","floor":23,"turns":2},{"damage":15,"enemies":"Gremlin Leader","floor":28,"turns":3},{"damage":34,"enemies":"Champ","floor":33,"turns":3},{"damage":6,"enemies":"3 Shapes","floor":35,"turns":1},{"damage":8,"enemies":"Orb Walker","floor":36,"turns":3},{"damage":16,"enemies":"4 Shapes","floor":37,"turns":1},{"damage":55,"enemies":"Nemesis","floor":41,"turns":5},{"damage":25,"enemies":"Transient","floor":45,"turns":5},{"damage":6,"enemies":"Giant Head","floor":46,"turns":2},{"damage":45,"enemies":"Time Eater","floor":50,"turns":5},{"damage":5,"enemies":"Shield and Spear","floor":54,"turns":1},{"damage":69,"enemies":"The Heart","floor":55,"turns":5}],"seed_played":"-8565636861539624540","potions_obtained":[{"floor":3,"key":"PowerPotion"},{"floor":5,"key":"EssenceOfSteel"},{"floor":14,"key":"HeartOfIron"},{"floor":16,"key":"GamblersBrew"}],"is_trial":false,"path_per_floor":["M","$","M","$","M","R","M","E","T","R","M","E","?","E","R","B",null,"M","M","M","M","?","E","R","T","T","R","E","$","R","?","R","B",null,"M","M","M","?","$","R","E","R","T","?","M","E","$","?","R","B",null,"R","$","E","B"],"character_chosen":"IRONCLAD","items_purchased":["Flex","Master of Strategy","Dramatic Entrance","Chemical X","Dark Shackles"],"campfire_rested":0,"item_purchase_floors":[2,2,4,29,53],"current_hp_per_floor":[72,72,68,68,68,68,72,72,72,72,72,61,61,72,72,58,69,72,72,72,56,56,48,60,60,60,72,66,66,72,72,72,47,66,72,72,65,65,65,72,44,53,53,53,58,64,64,64,68,50,64,68,68,68,0,0],"gold":60,"neow_bonus":"TWO_FIFTY_GOLD","is_daily":false,"chose_seed":false,"campfire_upgraded":10,"win_rate":0.0,"timestamp":1609423843,"path_taken":["M","$","?","?","M","R","M","E","T","R","?","E","?","E","R","BOSS","M","M","M","M","?","E","R","?","T","R","E","$","R","?","R","BOSS","M","M","M","?","$","R","E","R","T","?","M","E","?","?","R","BOSS","R","$","E","BOSS"],"items_purchased_type":["Card","Card","Card","Relic","Card"],"build_version":"2020-12-22","purchased_purges":3,"victory":false,"max_hp_per_floor":[72,72,72,72,72,72,72,72,72,72,72,72,72,72,72,72,72,72,72,72,72,72,72,72,72,72,72,72,72,72,72,72,72,72,72,72,72,72,72,72,72,72,72,68,68,68,68,68,68,68,68,68,68,68,68,68],"card_choices":[{"not_picked":["Reckless Charge","Wild Strike"],"picked":"Whirlwind","floor":1},{"not_picked":["Twin Strike","Fire Breathing"],"picked":"Warcry","floor":3},{"not_picked":["Sword Boomerang","Headbutt"],"picked":"Flex","floor":5},{"not_picked":["Body Slam","Fire Breathing"],"picked":"Shockwave","floor":7},{"not_picked":["Sentinel","Wild Strike","Iron Wave"],"picked":"SKIP","floor":8},{"not_picked":["Armaments","Heavy Blade"],"picked":"Battle Trance","floor":11},{"not_picked":["Barricade","Dual Wield","Cleave"],"picked":"SKIP","floor":12},{"not_picked":["Anger","Barricade","Whirlwind"],"picked":"SKIP","floor":14},{"not_picked":["Barricade","Brutality"],"picked":"Offering","floor":16},{"not_picked":["Clash","Cleave"],"picked":"Shrug It Off","floor":18},{"not_picked":["Sword Boomerang","Perfected Strike","Pummel+1"],"picked":"SKIP","floor":19},{"not_picked":["Sever Soul","Clash"],"picked":"Limit Break","floor":20},{"not_picked":["Headbutt","Sword Boomerang","Havoc"],"picked":"SKIP","floor":21},{"not_picked":["Twin Strike","Clothesline","Dropkick+1"],"picked":"SKIP","floor":23},{"not_picked":["Twin Strike","Clothesline","Dropkick+1"],"picked":"SKIP","floor":23},{"not_picked":["Anger","Hemokinesis","Rage"],"picked":"SKIP","floor":28},{"not_picked":["Impervious","Immolate"],"picked":"Demon Form+1","floor":33},{"not_picked":["Sentinel"],"picked":"SKIP","floor":35},{"not_picked":["Hemokinesis"],"picked":"SKIP","floor":36},{"not_picked":["Twin Strike"],"picked":"SKIP","floor":37},{"not_picked":[],"picked":"True Grit+1","floor":41},{"not_picked":["Rampage"],"picked":"SKIP","floor":45},{"not_picked":["Rampage"],"picked":"SKIP","floor":45},{"not_picked":["Hemokinesis"],"picked":"SKIP","floor":46},{"not_picked":[],"picked":"Sword Boomerang","floor":54}],"player_experience":171405,"relics_obtained":[{"floor":8,"key":"Meat on the Bone"},{"floor":9,"key":"Magic Flower"},{"floor":12,"key":"Eternal Feather"},{"floor":14,"key":"Juzu Bracelet"},{"floor":23,"key":"Paper Frog"},{"floor":26,"key":"Frozen Egg 2"},{"floor":28,"key":"Bag of Preparation"},{"floor":41,"key":"StrikeDummy"},{"floor":43,"key":"Potion Belt"},{"floor":46,"key":"TungstenRod"},{"floor":54,"key":"Calipers"}],"event_choices":[{"damage_healed":0,"gold_gain":0,"player_choice":"Gave Potion","damage_taken":0,"relics_obtained":["Blood Vial"],"max_hp_gain":0,"max_hp_loss":0,"event_name":"WeMeetAgain","floor":13,"gold_loss":0},{"damage_healed":0,"gold_gain":0,"player_choice":"Bet on Owner","damage_taken":0,"max_hp_gain":0,"max_hp_loss":0,"event_name":"The Joust","floor":22,"gold_loss":50},{"cards_removed":["Strike_R"],"damage_healed":0,"gold_gain":0,"player_choice":"Gave Gold","damage_taken":0,"max_hp_gain":0,"max_hp_loss":0,"event_name":"Beggar","floor":31,"gold_loss":75},{"cards_removed":["Strike_R"],"damage_healed":0,"gold_gain":0,"player_choice":"Removed Attack","damage_taken":0,"max_hp_gain":0,"max_hp_loss":0,"event_name":"Falling","floor":38,"gold_loss":0},{"damage_healed":0,"gold_gain":0,"player_choice":"Max HP","damage_taken":0,"max_hp_gain":0,"max_hp_loss":4,"event_name":"Winding Halls","floor":44,"gold_loss":0},{"damage_healed":0,"gold_gain":0,"cards_transformed":["Defend_R"],"player_choice":"Transformed","damage_taken":0,"max_hp_gain":0,"max_hp_loss":0,"event_name":"Transmorgrifier","floor":48,"gold_loss":0,"cards_obtained":["Barricade"]}],"is_beta":false,"boss_relics":[{"not_picked":["Calling Bell","Black Star"],"picked":"Sozu"},{"not_picked":["Black Blood","Astrolabe"],"picked":"Busted Crown"}],"items_purged_floors":[2,29,39],"is_endless":false,"potions_floor_spawned":[3,5,14,16,18,19,20,23,33,35,45],"killed_by":"The Heart","ascension_level":12}}