{"host":"hig8qfi5vzbgudte","time":1609374298,"event":{"mods":["BaseMod","Colored Map","Downfall","Hubris","Minty Spire (QoL Compilation)","Quick Restart","StSLib","The Cursed","The Marked","The Servant 0.9.4"],"gold_per_floor":[16,28,44,44,44,44,44],"floor_reached":6,"playtime":499,"items_purged":[],"score":36,"play_id":"79d64245-a429-4a4d-b1f4-9ed6ee8b3a7f","local_time":"20201230182458","is_ascension_mode":false,"campfire_choices":[],"circlet_count":0,"master_deck":["TheCursedMod:Strike_TheCursed","TheCursedMod:Strike_TheCursed+1","TheCursedMod:Strike_TheCursed","TheCursedMod:Strike_TheCursed","TheCursedMod:Defend_TheCursed","TheCursedMod:Defend_TheCursed","TheCursedMod:Defend_TheCursed","TheCursedMod:Defend_TheCursed","TheCursedMod:CursedWand","TheCursedMod:CleanUpWorkshop","TheCursedMod:Dregs","TheCursedMod:Torture","TheCursedMod:WearCloak","TheCursedMod:CircleOfCorruption+1"],"relics":["TheCursedMod:BlackMagic101","hubris:AstralHammer"],"acts_visited":["Exordium"],"potions_floor_usage":[],"damage_taken":[{"damage":0,"enemies":"Cultist","floor":1,"turns":3},{"damage":11,"enemies":"Jaw Worm","floor":2,"turns":3},{"damage":13,"enemies":"2 Louse","floor":3,"turns":3},{"damage":39,"enemies":"3 Sentries","floor":6,"turns":7}],"seed_played":"-5218113977120209887","potions_obtained":[],"is_trial":false,"path_per_floor":["M","M","M","?","?","E"],"character_chosen":"THE_CURSED","items_purchased":[],"campfire_rested":0,"item_purchase_floors":[],"current_hp_per_floor":[75,64,51,36,36,0,0],"gold":44,"neow_bonus":"ONE_RARE_RELIC","is_daily":false,"chose_seed":false,"campfire_upgraded":0,"win_rate":0.0,"timestamp":1609374298,"path_taken":["M","M","?","?","?","E"],"items_purchased_type":[],"build_version":"2020-12-22","purchased_purges":0,"victory":false,"max_hp_per_floor":[75,75,75,75,75,75,75],"card_choices":[{"not_picked":["TheCursedMod:Wield","TheCursedMod:SurpriseAttack"],"picked":"TheCursedMod:Torture","floor":1},{"not_picked":["TheCursedMod:Obscuration","TheCursedMod:SpitefulPlan"],"picked":"TheCursedMod:WearCloak","floor":2},{"not_picked":["TheCursedMod:RapidMovement","TheCursedMod:Torture"],"picked":"TheCursedMod:CircleOfCorruption","floor":3}],"player_experience":17819,"relics_obtained":[],"event_choices":[{"damage_healed":0,"gold_gain":0,"player_choice":"Entered Light","damage_taken":15,"max_hp_gain":0,"max_hp_loss":0,"event_name":"Shining Light","floor":4,"gold_loss":0,"cards_upgraded":["TheCursedMod:Strike_TheCursed","TheCursedMod:CircleOfCorruption"]},{"damage_healed":0,"gold_gain":0,"player_choice":"Ignored","damage_taken":0,"max_hp_gain":0,"max_hp_loss":0,"event_name":"Golden Wing","floor":5,"gold_loss":0}],"is_beta":false,"boss_relics":[],"items_purged_floors":[],"is_endless":false,"potions_floor_spawned":[],"killed_by":"3 Sentries","ascension_level":0}}