{"host":"ie50qk0ts9eskyyo","time":1609378927,"event":{"mods":["BaseMod","Colored Map","Downfall","Highlight Path","Hubris","Infinite Spire","Minty Spire (QoL Compilation)","Replay The Spire","StSLib","The Jungle"],"gold_per_floor":[99,99,99,99,199,210,237,254,254,179,227,227,240,268,282,379,379,379,60,60,45,62,81,81,113,30,30,41,57,67,67,67,67],"floor_reached":31,"playtime":2102,"items_purged":["Guardian:Strike_Guardian"],"score":278,"play_id":"f75e7df8-a2c5-46e3-8837-a39ebe66f6b7","local_time":"20201230204207","is_ascension_mode":false,"campfire_choices":[{"floor":1.0,"key":"RECALL"},{"data":"Guardian:EvasiveProtocol","floor":10,"key":"SMITH"},{"data":"Guardian:TwinSlam","floor":12,"key":"SMITH"},{"data":"Guardian:RefractedBeam","floor":18,"key":"SMITH"},{"data":"Guardian:RefractedBeam+1","floor":27,"key":"SMITH"}],"circlet_count":0,"master_deck":["Guardian:Strike_Guardian","Guardian:Strike_Guardian","Guardian:Defend_Guardian","Guardian:Defend_Guardian","Guardian:Defend_Guardian","Guardian:CurlUp","Guardian:TwinSlam+1","hubris:DuctTapeCard+2","Guardian:RollAttack","Guardian:EvasiveProtocol+1","Guardian:RefractedBeam+2","Guardian:RevengeProtocol","Guardian:EvasiveProtocol","infinitespire:FutureSight","Guardian:PiercingHide","Guardian:ArmoredProtocol","Guardian:ShieldSpikes","Guardian:SentryBeam+1"],"relics":["Guardian:ModeShifter","downfall:HeartsMalice","hubris:DuctTape","Toy Ornithopter","downfall:HeartBlessingRed","Gremlin Food","Snack Pack","hubris:ScarierMask","hubris:SlimyHat","MawBank"],"acts_visited":["Exordium","TheCity"],"potions_floor_usage":[14,16,25,25,28],"damage_taken":[{"damage":0.0,"enemies":"2 Louse","floor":2.0,"turns":1.0},{"damage":0,"enemies":"Jaw Worm","floor":4,"turns":1},{"damage":0,"enemies":"downfall:Heads","floor":5,"turns":1},{"damage":0,"enemies":"Small Slimes","floor":6,"turns":2},{"damage":2,"enemies":"Blue Slaver","floor":8,"turns":4},{"damage":0,"enemies":"Lots of Slimes","floor":13,"turns":1},{"damage":0,"enemies":"3 Sentries","floor":14,"turns":3},{"damage":5,"enemies":"Exordium Wildlife","floor":15,"turns":4},{"damage":66,"enemies":"downfall:Ironclad","floor":16,"turns":10},{"damage":0,"enemies":"downfall:FleeingMerchant","floor":19,"turns":4},{"damage":0,"enemies":"downfall:FleeingMerchant","floor":21,"turns":4},{"damage":16,"enemies":"Spheric Guardian","floor":22,"turns":5},{"damage":6,"enemies":"Chosen","floor":23,"turns":4},{"damage":35,"enemies":"Gremlin Leader","floor":25,"turns":6},{"damage":1,"enemies":"downfall:FleeingMerchant","floor":26,"turns":4},{"damage":9,"enemies":"Snake Plant","floor":28,"turns":3},{"damage":1,"enemies":"3 Cultists","floor":29,"turns":4},{"damage":0,"enemies":"Sentry and Sphere","floor":30,"turns":2},{"damage":8,"enemies":"Snake Plant","floor":31,"turns":1}],"seed_played":"6376990407128946602","potions_obtained":[{"floor":13,"key":"Adrenaline Potion"},{"floor":14,"key":"SkillPotion"},{"floor":15,"key":"BlessingOfTheForge"},{"floor":16,"key":"Milkshake"},{"floor":25,"key":"PowerPotion"},{"floor":29,"key":"Fire Potion"}],"is_trial":false,"path_per_floor":["R","M","?","M","?","M","T","M","?","R","T","R","M","E","M","B",null,"R","$","?","$","M","M","T","E","$","R","M","M","M","M"],"character_chosen":"GUARDIAN","items_purchased":["hubris:SlimyHat","Guardian:EvasiveProtocol","Guardian:ArmoredProtocol"],"campfire_rested":0,"item_purchase_floors":[19,19,26],"current_hp_per_floor":[80,80,80,80,80,80,80,78,78,78,78,78,78,80,75,14,80,80,80,60,60,44,38,38,13,12,12,8,7,7,0,0,0],"gold":67,"neow_bonus":"THREE_ENEMY_KILL","is_daily":false,"chose_seed":false,"campfire_upgraded":4,"win_rate":0.0,"timestamp":1609378927,"path_taken":["R","M","?","M","?","M","T","?","?","R","?","R","?","E","M","BOSS","R","?","?","$","M","M","T","E","$","R","?","M","M","M"],"items_purchased_type":["Relic","Card","Card"],"build_version":"2020-12-22","purchased_purges":1,"victory":false,"max_hp_per_floor":[80,80,80,80,80,80,80,80,80,80,80,80,80,80,80,80,80,80,80,80,80,80,80,80,80,80,80,80,80,80,80,80,80],"card_choices":[{"not_picked":["Guardian:PiercingHide","Guardian:TemporalStrike"],"picked":"Guardian:MultiBeam","floor":2.0},{"not_picked":["Guardian:Gem_Crimson","Guardian:VentSteam"],"picked":"Guardian:Gem_Red","floor":4},{"not_picked":["Guardian:Clone","Guardian:Recover"],"picked":"Guardian:EvasiveProtocol","floor":5},{"not_picked":["Guardian:TimeCapacitor","Guardian:CrystalBeam"],"picked":"Guardian:Gem_Green","floor":6},{"not_picked":["Guardian:Recover","Guardian:Suspension"],"picked":"Guardian:Gem_Green","floor":8},{"not_picked":["Guardian:Gem_Green","Guardian:WalkerClaw","Guardian:FloatingOrbs"],"picked":"SKIP","floor":13},{"not_picked":["Guardian:RollAttack","Guardian:Gem_Fragmented","Guardian:ChargeCore"],"picked":"SKIP","floor":14},{"not_picked":["Guardian:WalkerClaw","Guardian:BronzeOrb"],"picked":"Guardian:RefractedBeam","floor":15},{"not_picked":["Guardian:ConstructionForm","Guardian:FastForward"],"picked":"Guardian:RevengeProtocol","floor":16},{"not_picked":["Guardian:Gem_Blue","Guardian:Planning","Guardian:DonusPower"],"picked":"SKIP","floor":19},{"not_picked":["ReplayTheSpireMod:Echoes of Time","ReplayTheSpireMod:Haul"],"picked":"infinitespire:FutureSight","floor":20},{"not_picked":["Guardian:Gem_Synthetic","Guardian:Gem_White","Guardian:ChargeCore+1"],"picked":"SKIP","floor":21},{"not_picked":["Guardian:Suspension+1","Guardian:CrystalBeam","Guardian:PrismaticBarrier+1"],"picked":"SKIP","floor":22},{"not_picked":["Guardian:Planning","Guardian:Gem_Green","Guardian:EvasiveProtocol"],"picked":"SKIP","floor":23},{"not_picked":["Guardian:TimeBomb","Guardian:Suspension+1"],"picked":"Guardian:PiercingHide","floor":25},{"not_picked":["Guardian:Reroute","Guardian:Clone","Guardian:Gem_Cyan"],"picked":"SKIP","floor":26},{"not_picked":["Guardian:DecasProtection","Guardian:RevengeProtocol"],"picked":"Guardian:ShieldSpikes","floor":28},{"not_picked":["Guardian:VentSteam+1","Guardian:ChargeUp","Guardian:TimeCapacitor+1"],"picked":"SKIP","floor":29},{"not_picked":["Guardian:ShieldCharger","Guardian:PrismaticBeam"],"picked":"Guardian:SentryBeam+1","floor":30}],"player_experience":19374,"relics_obtained":[{"floor":7,"key":"Toy Ornithopter"},{"floor":11,"key":"Gremlin Food"},{"floor":14,"key":"Snack Pack"},{"floor":25,"key":"MawBank"}],"event_choices":[{"damage_healed":0,"gold_gain":0,"player_choice":"Box","damage_taken":0,"relics_obtained":["hubris:DuctTape"],"max_hp_gain":0,"max_hp_loss":0,"event_name":"Big Fish","floor":3,"gold_loss":0,"cards_obtained":["Regret"]}],"is_beta":false,"boss_relics":[{"not_picked":["Painkiller Herb","hubris:GrandSneckoEye"],"picked":"hubris:ScarierMask"}],"items_purged_floors":[19],"is_endless":false,"potions_floor_spawned":[13,14,15,16,25,28,29],"killed_by":"Snake Plant","ascension_level":0}}