{"host":"waq1ashgqt0tulkv","time":1609381049,"event":{"mods":["BaseMod","Downfall","Hermit","Infinite Spire","Minty Spire (QoL Compilation)","Replay The Spire","StSLib","The Animator","The Servant 0.9.4"],"gold_per_floor":[119,139,139,157,157,177,209,209,258,200,210,210,210,230,230,331,331,347,360,360,378,378,378,378],"floor_reached":23,"playtime":783,"items_purged":["Delirium"],"score":193,"play_id":"f5e4613b-8666-48f3-8707-9d4beb3b386b","local_time":"20201230191729","is_ascension_mode":false,"campfire_choices":[],"circlet_count":0,"master_deck":["Strike_B","Strike_B","Strike_B","Defend_B","Defend_B","Defend_B","Zap","Dualcast","Crystallizer","Conserve Battery","BasicCrystalCard","Beam Cell","Sweeping Beam","Loop+1","FTL","Ball Lightning","Defragment+1","Redo+1","BasicCrystalCard+1","Compile Driver","Decay","Thunder Strike"],"relics":["Cracked Core","Potion Belt","Kunai","Blood Vial","ReplayTheSpireMod:CursedCoin","Black Star","Prayer Wheel"],"acts_visited":["Exordium","TheCity"],"potions_floor_usage":[16,21,21],"damage_taken":[{"damage":0,"enemies":"2 Louse","floor":1,"turns":2},{"damage":1,"enemies":"Cultist","floor":2,"turns":3},{"damage":3,"enemies":"Jaw Worm","floor":4,"turns":4},{"damage":0,"enemies":"Large Slime","floor":6,"turns":5},{"damage":23,"enemies":"3 Sentries","floor":7,"turns":8},{"damage":0,"enemies":"2 Fungi Beasts","floor":11,"turns":2},{"damage":12,"enemies":"Gremlin Gang","floor":14,"turns":3},{"damage":31,"enemies":"Slime Boss","floor":16,"turns":8},{"damage":15,"enemies":"Chosen","floor":18,"turns":5},{"damage":37,"enemies":"3 Byrds","floor":19,"turns":5},{"damage":11,"enemies":"Snake Plant","floor":21,"turns":4},{"damage":25,"enemies":"Gremlin Leader","floor":23,"turns":2}],"seed_played":"-8714830328587904683","potions_obtained":[{"floor":4,"key":"Strength Potion"},{"floor":7,"key":"EssenceOfSteel"},{"floor":14,"key":"Regen Potion"},{"floor":19,"key":"Block Potion"},{"floor":21,"key":"Elixir"}],"is_trial":false,"path_per_floor":["M","M","?","M","?","M","E","?","T","$","M","?","?","M","R","B",null,"M","M","?","M","?","E"],"character_chosen":"DEFECT","items_purchased":["ReplayTheSpireMod:CursedCoin","Loop","FTL"],"campfire_rested":0,"item_purchase_floors":[10,10,10],"current_hp_per_floor":[75,74,74,71,53,53,30,30,30,30,32,32,32,22,44,24,75,60,25,25,16,16,0,0],"gold":378,"neow_bonus":"RANDOM_COMMON_RELIC","is_daily":false,"chose_seed":false,"campfire_upgraded":0,"win_rate":0.0,"timestamp":1609381049,"path_taken":["M","M","?","M","?","M","E","?","T","$","?","?","?","M","R","BOSS","M","?","?","M","?","E"],"items_purchased_type":["Relic","Card","Card"],"build_version":"2020-12-13","purchased_purges":1,"victory":false,"max_hp_per_floor":[75,75,75,75,75,75,75,75,75,75,75,75,75,75,75,75,75,75,75,75,75,75,75,75],"card_choices":[{"not_picked":["BasicCrystalCard","ReplaySolidLightProjector"],"picked":"Crystallizer","floor":1},{"not_picked":["Chill","Gash"],"picked":"Conserve Battery","floor":2},{"not_picked":["Hologram","Stack"],"picked":"BasicCrystalCard","floor":4},{"not_picked":["Steam","White Noise"],"picked":"Beam Cell","floor":6},{"not_picked":["Go for the Eyes","Time Bomb"],"picked":"Sweeping Beam","floor":7},{"not_picked":["Redo","Barrage"],"picked":"Ball Lightning","floor":11},{"not_picked":["Hologram","Ball Lightning"],"picked":"Defragment","floor":14},{"not_picked":["ReplayTheSpireMod:Omega Cannon","Creative AI"],"picked":"ReplayTheSpireMod:Fabricate Wheel","floor":16},{"not_picked":["Beam Cell+1","Conserve Battery"],"picked":"Redo+1","floor":18},{"not_picked":["Beam Cell","Rebound"],"picked":"BasicCrystalCard+1","floor":18},{"not_picked":["Beam Cell+1","Lockon"],"picked":"Compile Driver","floor":19},{"not_picked":["Ball Lightning","Sweeping Beam+1","BasicCrystalCard"],"picked":"SKIP","floor":19},{"not_picked":["Double Energy","Loop+1"],"picked":"Thunder Strike","floor":21},{"not_picked":["Cold Snap","Time Bomb","ReplayTheSpireMod:System Scan"],"picked":"SKIP","floor":21}],"player_experience":11638,"relics_obtained":[{"floor":7,"key":"Kunai"},{"floor":9,"key":"Blood Vial"}],"event_choices":[{"damage_healed":0,"gold_gain":0,"player_choice":"Ignored","damage_taken":0,"max_hp_gain":0,"max_hp_loss":0,"event_name":"Liars Game","floor":3,"gold_loss":0},{"cards_removed":["Strike_B"],"damage_healed":0,"gold_gain":0,"player_choice":"Purged","damage_taken":0,"max_hp_gain":0,"max_hp_loss":0,"event_name":"Purifier","floor":8,"gold_loss":0},{"damage_healed":0,"gold_gain":0,"player_choice":"Grow","damage_taken":0,"max_hp_gain":0,"max_hp_loss":0,"event_name":"Living Wall","floor":12,"gold_loss":0,"cards_upgraded":["Loop"]},{"cards_removed":["Defend_B"],"damage_healed":0,"gold_gain":0,"player_choice":"Offered Basic","damage_taken":0,"max_hp_gain":0,"max_hp_loss":0,"event_name":"Bonfire Elementals","floor":13,"gold_loss":0},{"damage_healed":0,"gold_gain":0,"player_choice":"Smashed Altar","damage_taken":0,"max_hp_gain":0,"max_hp_loss":0,"event_name":"Forgotten Altar","floor":20,"gold_loss":0,"cards_obtained":["Decay"]},{"damage_healed":0,"gold_gain":0,"player_choice":"Ignored","damage_taken":0,"max_hp_gain":0,"max_hp_loss":0,"event_name":"The Mausoleum","floor":22,"gold_loss":0}],"is_beta":false,"boss_relics":[{"not_picked":["Replay:Bronze Core","Tiny House"],"picked":"Black Star"}],"items_purged_floors":[10],"is_endless":false,"potions_floor_spawned":[4,7,14,19,21],"killed_by":"Gremlin Leader","ascension_level":0}}