{"host":"350rh84kbmtekt58","time":1609409850,"event":{"mods":["AchievementEnabler","Act Like it!","BaseMod","Better Synergies","Block Reminder","CapriCore","Challenge The Spire","Colored Map","Colored Powertips","Communication Mod","Downfall","Energized Spire","Friendly Minions","GifTheSpireLib","Highlight Path","Minty Spire (QoL Compilation)","Quick Restart","Replay The Spire","Shop Mod","StSLib","The Animator","The Disciple","The Immortal","The Marked","The Runesmith","The Servant 0.9.4","The Wild Card","Transform Curses","yUi"],"gold_per_floor":[109,109,109,109,129,161,161,196,196,212,224,34,68,68,68,164,164,177,192,207,207,27,58,58,85,85,85,103,120,135,0,0,0,0],"floor_reached":33,"playtime":3229,"items_purged":["Looming Evil"],"score":370,"play_id":"ee436f4e-f08a-4fe4-ba88-c3db73d056f3","local_time":"20201231041730","is_ascension_mode":true,"campfire_choices":[{"floor":7,"key":"REST"},{"floor":15,"key":"REST"},{"floor":24,"key":"REST"},{"floor":27,"key":"DIG"},{"floor":32,"key":"REST"}],"circlet_count":0,"master_deck":["Strike_R","Strike_R","Strike_R","Strike_R","Strike_R","Defend_R","Defend_R","Defend_R","Defend_R","Bash","animator:Strike_GATE","animator:Defend_FullmetalAlchemist","Sadistic Nature","Body Slam","Regret","theWildCard:Scathach","Pommel Strike","Pot Of Greed","Pot Of Greed","Iron Wave","ReplayTheSpireMod:LeadingStrike","Armaments","Intimidate","ReplayTheSpireMod:Stacked","The Bomb","expansioncontent:Chronoboost","Pot Of Greed","Dark Shackles","Demonic Infusion","Reaper","Spot Weakness+1","Defy Death","Sword Boomerang","Carnage","Dark Embrace","Hemokinesis","Evolve+1","Thunderclap","Pot Of Greed","Clothesline","Fire Breathing","Shrug It Off+1"],"relics":["Burning Blood","Iron Hammer","Grinning Jar","Gambling Chip","Replay:WaspNest","ReplayTheSpireMod:ShopPack","Replay:Wax Seal","Electric Blood","Shovel","Potion Belt","Paper Frog","Bottled Flame"],"acts_visited":["Exordium","TheCity"],"potions_floor_usage":[6,16,18,20,20,25,30],"damage_taken":[{"damage":3,"enemies":"2 Louse","floor":1,"turns":4},{"damage":0,"enemies":"Small Slimes","floor":5,"turns":4},{"damage":46,"enemies":"Lagavulin","floor":6,"turns":10},{"damage":34,"enemies":"3 Sentries","floor":8,"turns":12},{"damage":0,"enemies":"Cultist","floor":10,"turns":4},{"damage":7,"enemies":"Large Slime","floor":11,"turns":7},{"damage":18,"enemies":"Lagavulin","floor":13,"turns":8},{"damage":28,"enemies":"Slime Boss","floor":16,"turns":8},{"damage":12,"enemies":"Chosen","floor":18,"turns":6},{"damage":21,"enemies":"2 Thieves","floor":19,"turns":3},{"damage":27,"enemies":"Centurion and Healer","floor":20,"turns":5},{"damage":16,"enemies":"Book of Stabbing","floor":23,"turns":3},{"damage":27,"enemies":"Slavers","floor":25,"turns":4},{"damage":21,"enemies":"Snake Plant","floor":28,"turns":3},{"damage":33,"enemies":"Snecko","floor":29,"turns":3},{"damage":21,"enemies":"Shelled Parasite and Fungi","floor":30,"turns":5},{"damage":64,"enemies":"Automaton","floor":33,"turns":6}],"seed_played":"-3145342456196378517","potions_obtained":[{"floor":5,"key":"Ancient Potion"},{"floor":10,"key":"BlessingOfTheForge"},{"floor":13,"key":"Toxic Potion"},{"floor":16,"key":"SkillPotion"},{"floor":19,"key":"GamblersBrew"},{"floor":23,"key":"Block Potion"},{"floor":29,"key":"ElixirPotion"}],"is_trial":false,"path_per_floor":["M","?","?","?","M","E","R","E","T","M","M","$","E","$","R","B",null,"M","M","M","?","$","E","R","E","T","R","M","M","M","?","R","B"],"character_chosen":"IRONCLAD","items_purchased":["ReplayTheSpireMod:ShopPack","ReplayTheSpireMod:Stacked","Dark Embrace","Hemokinesis"],"campfire_rested":4,"item_purchase_floors":[12,12,22,22],"current_hp_per_floor":[80,80,80,72,78,38,62,34,34,40,39,39,27,27,51,29,80,74,68,55,55,55,45,69,48,48,48,42,20,10,10,34,0,0],"gold":0,"neow_bonus":"RANDOM_COLORLESS_2","is_daily":false,"chose_seed":false,"campfire_upgraded":0,"win_rate":0.0,"timestamp":1609409850,"path_taken":["M","?","?","?","M","E","R","E","T","M","?","$","E","$","R","BOSS","M","M","M","?","$","E","R","E","T","R","M","M","?","?","R","BOSS"],"items_purchased_type":["Relic","Card","Card","Card"],"build_version":"2020-12-22","purchased_purges":1,"victory":false,"max_hp_per_floor":[80,80,80,80,80,80,80,80,80,80,80,80,80,80,80,80,80,80,80,80,80,80,80,80,80,80,80,80,80,80,80,80,80,80],"card_choices":[{"not_picked":["Transmutation","Panache"],"picked":"Sadistic Nature","floor":0},{"not_picked":["Clash","Sever Soul"],"picked":"Body Slam","floor":1},{"not_picked":["Second Wind","Blood for Blood"],"picked":"Pommel Strike","floor":5},{"not_picked":["Shrug It Off","Warcry"],"picked":"Iron Wave","floor":6},{"not_picked":["Abandon","Body Slam"],"picked":"ReplayTheSpireMod:LeadingStrike","floor":8},{"not_picked":["Perfected Strike","Sever Soul"],"picked":"Armaments","floor":10},{"not_picked":["True Grit","Rage"],"picked":"Intimidate","floor":11},{"not_picked":["ReplayTheSpireMod:Necrogeddon","Midas Touch"],"picked":"The Bomb","floor":12},{"not_picked":["Dark Shackles","expansioncontent:FaceSlap"],"picked":"expansioncontent:Chronoboost","floor":12},{"not_picked":["PanicButton","Survey Options"],"picked":"Dark Shackles","floor":12},{"not_picked":["Iron Wave","Flex"],"picked":"Demonic Infusion","floor":13},{"not_picked":["Bludgeon","Double Tap"],"picked":"Reaper","floor":16},{"not_picked":["Thunderclap+1","Burning Pact"],"picked":"Spot Weakness+1","floor":18},{"not_picked":["Perfected Strike","Feel No Pain+1","Havoc"],"picked":"SKIP","floor":19},{"not_picked":["ReplayTheSpireMod:Stacked","Heavy Blade"],"picked":"Defy Death","floor":20},{"not_picked":["Disarm+1","ReplayTheSpireMod:Muscle Training"],"picked":"Evolve+1","floor":23},{"not_picked":["ReplayTheSpireMod:LeadingStrike+1","Disarm+1"],"picked":"Thunderclap","floor":25},{"not_picked":["Headbutt","Perfected Strike"],"picked":"Clothesline","floor":28},{"not_picked":["True Grit","Pommel Strike"],"picked":"Fire Breathing","floor":29},{"not_picked":["Sentinel","Replay:Undeath\u0027s Touch"],"picked":"Shrug It Off+1","floor":30}],"player_experience":166168,"relics_obtained":[{"floor":6,"key":"Grinning Jar"},{"floor":8,"key":"Gambling Chip"},{"floor":9,"key":"Replay:WaspNest"},{"floor":13,"key":"Replay:Wax Seal"},{"floor":23,"key":"Shovel"},{"floor":25,"key":"Potion Belt"},{"floor":26,"key":"Paper Frog"},{"floor":27,"key":"Bottled Flame"}],"event_choices":[{"damage_healed":0,"gold_gain":0,"player_choice":"Box","damage_taken":0,"relics_obtained":["Iron Hammer"],"max_hp_gain":0,"max_hp_loss":0,"event_name":"Big Fish","floor":2,"gold_loss":0,"cards_obtained":["Regret"]},{"damage_healed":0,"gold_gain":0,"player_choice":"Damaged","damage_taken":8,"max_hp_gain":0,"max_hp_loss":0,"event_name":"Wheel of Change","floor":4,"gold_loss":0},{"damage_healed":0,"gold_gain":0,"player_choice":"3 cards matched","damage_taken":0,"max_hp_gain":0,"max_hp_loss":0,"event_name":"Match and Keep!","floor":21,"gold_loss":0,"cards_obtained":["Sword Boomerang","Carnage","Looming Evil"]},{"damage_healed":0,"gold_gain":0,"player_choice":"Paid Fearfully","damage_taken":0,"max_hp_gain":0,"max_hp_loss":0,"event_name":"Masked Bandits","floor":31,"gold_loss":135}],"is_beta":false,"boss_relics":[{"not_picked":["energizedSpire:StickyHand","energizedSpire:EnergizedDie"],"picked":"Electric Blood"}],"items_purged_floors":[22],"is_endless":false,"potions_floor_spawned":[5,10,13,16,19,23,29],"killed_by":"Automaton","ascension_level":1}}