{"host":"dl5mjdlimopbuch5","time":1609441584,"event":{"mods":["AchievementEnabler","BaseMod","Colored Powertips","Googly Eyes","Minty Spire (QoL Compilation)","Quick Restart"],"gold_per_floor":[115,128,128,146,162,162,191,156,181,227,227,154,173,173,173,269,269,289,273,273,273,292,292,307,94,94,124,136,163,192,220,232,343,355,384,409,471,499,525,537,549,561,642,654,691,723,746,770,782,794],"floor_reached":51,"playtime":1926,"items_purged":[],"score":735,"play_id":"2fbeaa67-8a5a-49bb-b41f-909e0e7e4ee5","local_time":"20201231190624","is_ascension_mode":false,"campfire_choices":[{"data":"Blade Dance","floor":6.0,"key":"SMITH"},{"data":"Blur","floor":11.0,"key":"SMITH"},{"floor":15.0,"key":"REST"},{"floor":23.0,"key":"REST"},{"floor":28.0,"key":"REST"},{"floor":32.0,"key":"REST"},{"floor":40,"key":"REST"},{"floor":42,"key":"REST"},{"floor":44,"key":"REST"},{"floor":49,"key":"REST"}],"circlet_count":0,"master_deck":["Strike_G","Strike_G","Strike_G","Strike_G","Strike_G","Defend_G","Defend_G","Defend_G","Defend_G","Defend_G","Survivor","Neutralize","Blur+1","Blade Dance+1","Noxious Fumes","Regret","Venomology","Deadly Poison+1","Blade Dance","Accuracy","Deadly Poison","Catalyst+1","Burst","Flying Knee+1","Writhe"],"relics":["Ring of the Snake","NeowsBlessing","Bag of Preparation","Anchor","Ancient Tea Set","Snake Skull","SlaversCollar","Enchiridion","Lee\u0027s Waffle","MawBank","Busted Crown","Tough Bandages","HornCleat","MealTicket"],"acts_visited":["Exordium","TheCity","TheBeyond"],"potions_floor_usage":[39,39,45,45,45,45,46,47,48,50,50,50],"damage_taken":[{"damage":0.0,"enemies":"2 Louse","floor":1.0,"turns":1.0},{"damage":0.0,"enemies":"Cultist","floor":2.0,"turns":1.0},{"damage":0.0,"enemies":"Jaw Worm","floor":4.0,"turns":1.0},{"damage":0.0,"enemies":"Blue Slaver","floor":5.0,"turns":4.0},{"damage":34.0,"enemies":"Gremlin Nob","floor":7.0,"turns":6.0},{"damage":8.0,"enemies":"3 Louse","floor":13.0,"turns":3.0},{"damage":46.0,"enemies":"Slime Boss","floor":16.0,"turns":10.0},{"damage":10.0,"enemies":"3 Byrds","floor":18.0,"turns":5.0},{"damage":16.0,"enemies":"2 Thieves","floor":19.0,"turns":4.0},{"damage":4.0,"enemies":"Cultist and Chosen","floor":22.0,"turns":6.0},{"damage":5.0,"enemies":"Shelled Parasite and Fungi","floor":24.0,"turns":4.0},{"damage":28.0,"enemies":"Snecko","floor":27.0,"turns":5.0},{"damage":17.0,"enemies":"Cultist and Chosen","floor":29.0,"turns":5.0},{"damage":13.0,"enemies":"Chosen and Byrds","floor":30.0,"turns":5.0},{"damage":16.0,"enemies":"Snake Plant","floor":31.0,"turns":3.0},{"damage":30.0,"enemies":"Automaton","floor":33.0,"turns":5.0},{"damage":3.0,"enemies":"3 Shapes","floor":35.0,"turns":4.0},{"damage":61.0,"enemies":"3 Darklings","floor":36.0,"turns":8.0},{"damage":8.0,"enemies":"Mind Bloom Boss Battle","floor":37.0,"turns":7.0},{"damage":0.0,"enemies":"4 Shapes","floor":38.0,"turns":5.0},{"damage":5,"enemies":"Transient","floor":39,"turns":5},{"damage":27,"enemies":"Giant Head","floor":45,"turns":7},{"damage":2,"enemies":"3 Darklings","floor":46,"turns":5},{"damage":20,"enemies":"Spire Growth","floor":47,"turns":5},{"damage":5,"enemies":"Transient","floor":48,"turns":5},{"damage":48,"enemies":"Donu and Deca","floor":50,"turns":10}],"seed_played":"-1872141579285757818","potions_obtained":[{"floor":2.0,"key":"LiquidBronze"},{"floor":7.0,"key":"SteroidPotion"},{"floor":16.0,"key":"Energy Potion"},{"floor":19.0,"key":"PowerPotion"},{"floor":31.0,"key":"Fruit Juice"},{"floor":35.0,"key":"Explosive Potion"},{"floor":36.0,"key":"LiquidMemories"},{"floor":38.0,"key":"DistilledChaos"},{"floor":39,"key":"EntropicBrew"},{"floor":47,"key":"PowerPotion"}],"is_trial":false,"path_per_floor":["M","M","?","M","M","R","E","?","T","T","R","$","M","?","R","B",null,"M","M","?","?","M","R","M","$","T","M","R","M","M","M","R","B",null,"M","M","?","M","M","R","?","R","T","R","E","M","M","M","R","B",null],"character_chosen":"THE_SILENT","items_purchased":["Noxious Fumes","Accuracy","Lee\u0027s Waffle"],"campfire_rested":8,"item_purchase_floors":[12,25,25],"current_hp_per_floor":[70,70,70,70,70,70,36,53,53,53,53,53,45,45,66,20,70,60,44,28,28,24,45,40,77,77,49,72,55,42,31,55,25,82,79,18,10,10,5,29,50,74,74,82,55,53,33,28,52,4],"gold":806,"neow_bonus":"THREE_ENEMY_KILL","is_daily":false,"chose_seed":false,"campfire_upgraded":2,"win_rate":0.0,"timestamp":1609441584,"path_taken":["M","M","?","?","?","R","E","?","T","?","R","?","M","?","R","BOSS","M","M","?","?","M","R","M","$","T","?","R","M","M","M","R","BOSS","M","?","?","M","M","R","?","R","T","R","E","M","M","M","R","BOSS"],"items_purchased_type":["Card","Card","Relic"],"build_version":"2020-12-22","purchased_purges":0,"victory":true,"max_hp_per_floor":[70,70,70,70,70,70,70,70,70,70,70,70,70,70,70,70,70,70,70,70,70,70,70,70,77,77,77,77,77,77,82,82,82,82,82,82,82,82,82,82,82,82,82,82,82,82,82,82,82,82],"card_choices":[{"not_picked":["Dagger Spray","Quick Slash","Sucker Punch"],"picked":"SKIP","floor":1.0},{"not_picked":["Acrobatics","Reflex"],"picked":"Blur","floor":2.0},{"not_picked":["PiercingWail","Deflect"],"picked":"Blade Dance","floor":4.0},{"not_picked":["Escape Plan","Glass Knife","Eviscerate"],"picked":"SKIP","floor":5.0},{"not_picked":["Endless Agony","Eviscerate","Blur"],"picked":"SKIP","floor":7.0},{"not_picked":["Terror","Flying Knee","Slice"],"picked":"SKIP","floor":13.0},{"not_picked":["Doppelganger","Burst"],"picked":"Venomology","floor":16.0},{"not_picked":["Dodge and Roll","Sucker Punch"],"picked":"Deadly Poison+1","floor":18.0},{"not_picked":["Dagger Spray","Backflip"],"picked":"Blade Dance","floor":19.0},{"not_picked":["Dagger Throw","Acrobatics","Tactician"],"picked":"SKIP","floor":22.0},{"not_picked":["Dodge and Roll","Dagger Spray+1","Blur"],"picked":"SKIP","floor":24.0},{"not_picked":["Cloak And Dagger","Crippling Poison"],"picked":"Deadly Poison","floor":27.0},{"not_picked":["Underhanded Strike","Sucker Punch","Leg Sweep"],"picked":"SKIP","floor":29.0},{"not_picked":["Outmaneuver+1","Skewer+1","Dodge and Roll"],"picked":"SKIP","floor":30.0},{"not_picked":["Phantasmal Killer","Slice"],"picked":"Catalyst+1","floor":31.0},{"not_picked":["Tools of the Trade","Grand Finale"],"picked":"Burst","floor":33.0},{"not_picked":["Concentrate"],"picked":"SKIP","floor":35.0},{"not_picked":[],"picked":"Flying Knee+1","floor":36.0},{"not_picked":["Cloak And Dagger+1"],"picked":"SKIP","floor":38.0},{"not_picked":["All Out Attack+1"],"picked":"SKIP","floor":39},{"not_picked":["Slice"],"picked":"SKIP","floor":45},{"not_picked":["Quick Slash+1"],"picked":"SKIP","floor":46},{"not_picked":["Dodge and Roll"],"picked":"SKIP","floor":47},{"not_picked":["Backflip"],"picked":"SKIP","floor":48}],"player_experience":237020,"relics_obtained":[{"floor":7.0,"key":"Bag of Preparation"},{"floor":9.0,"key":"Anchor"},{"floor":10.0,"key":"Ancient Tea Set"},{"floor":20.0,"key":"Enchiridion"},{"floor":26.0,"key":"MawBank"},{"floor":37.0,"key":"Tough Bandages"},{"floor":43,"key":"HornCleat"},{"floor":45,"key":"MealTicket"}],"event_choices":[{"damage_healed":0.0,"max_hp_gain":0.0,"max_hp_loss":0.0,"gold_gain":0.0,"event_name":"Match and Keep!","player_choice":"0 cards matched","floor":3.0,"gold_loss":0.0,"damage_taken":0.0,"cards_obtained":[]},{"damage_healed":17.0,"max_hp_gain":0.0,"max_hp_loss":0.0,"gold_gain":0.0,"event_name":"The Cleric","player_choice":"Healed","floor":8.0,"gold_loss":35.0,"damage_taken":0.0},{"damage_healed":0.0,"max_hp_gain":0.0,"max_hp_loss":0.0,"gold_gain":0.0,"event_name":"Big Fish","player_choice":"Box","floor":14.0,"gold_loss":0.0,"damage_taken":0.0,"relics_obtained":["Snake Skull"],"cards_obtained":["Regret"]},{"damage_healed":0.0,"max_hp_gain":0.0,"max_hp_loss":0.0,"gold_gain":0.0,"event_name":"Cursed Tome","player_choice":"Obtained Book","floor":20.0,"gold_loss":0.0,"damage_taken":16.0},{"damage_healed":0.0,"max_hp_gain":0.0,"max_hp_loss":0.0,"gold_gain":0.0,"event_name":"N\u0027loth","player_choice":"Ignored","floor":21.0,"gold_loss":0.0,"damage_taken":0.0},{"damage_healed":0.0,"max_hp_gain":0.0,"max_hp_loss":0.0,"gold_gain":0.0,"event_name":"MindBloom","player_choice":"Fight","floor":37.0,"gold_loss":0.0,"damage_taken":0.0},{"damage_healed":21,"gold_gain":0,"player_choice":"Writhe","damage_taken":0,"max_hp_gain":0,"max_hp_loss":0,"event_name":"Winding Halls","floor":41,"gold_loss":0,"cards_obtained":["Writhe"]}],"is_beta":false,"boss_relics":[{"not_picked":["Sozu","Black Star"],"picked":"SlaversCollar"},{"not_picked":["Astrolabe","Coffee Dripper"],"picked":"Busted Crown"}],"items_purged_floors":[],"is_endless":false,"potions_floor_spawned":[2,7,16,19,27,29,30,31,35,36,38,39,47],"ascension_level":0}}