{"host":"3qkmyeoym75lj4wn","time":1609377721,"event":{"mods":["2.2 Compatiblity","Act Like it!","BaseMod","Bestiary","Block Reminder","Colored Powertips","Highlight Path","Minty Spire (QoL Compilation)","Permanent Neow","Rare Cards Sparkle","Relic Stats","StSLib"],"gold_per_floor":[118,131,45,60,60,60,91,91,91,106,31,49,83,83,83,179,179,193,193,193,205,62,62,73,73,123,123,141,152,152,152,152,231,231,247,227,239,126,142,142,177,177,200,216,216,216],"floor_reached":45,"playtime":1400,"items_purged":["Pain","Strike_G"],"score":906,"play_id":"6f418991-bcd5-42f7-a546-3b67a95704d1","local_time":"20201231012201","is_ascension_mode":true,"campfire_choices":[{"data":"Crippling Poison","floor":6,"key":"SMITH"},{"data":"Noxious Fumes","floor":15,"key":"SMITH"},{"data":"A Thousand Cuts","floor":23,"key":"SMITH"},{"floor":25,"key":"RECALL"},{"data":"Footwork","floor":27,"key":"SMITH"},{"data":"Backstab","floor":30,"key":"SMITH"},{"data":"Neutralize","floor":32,"key":"SMITH"},{"data":"Predator","floor":40,"key":"SMITH"},{"data":"Defend_G","floor":42,"key":"SMITH"}],"circlet_count":0,"master_deck":["AscendersBane","Strike_G","Defend_G+1","Defend_G","Defend_G","Defend_G","Defend_G","Survivor","Neutralize+1","Slice","Crippling Poison+1","Predator+1","Riddle With Holes+1","PiercingWail","Cloak And Dagger","Noxious Fumes+1","Blade Dance","A Thousand Cuts+1","Glass Knife+1","Malaise+1","Distraction+1","Footwork+1","Backstab+1","Terror+1"],"relics":["Ring of the Snake","Akabeko","Bloody Idol","Lizard Tail","WarpedTongs","Calipers","Bottled Flame","Astrolabe","MutagenicStrength","Lantern","Philosopher\u0027s Stone","Mercury Hourglass"],"acts_visited":["Exordium","TheCity","TheBeyond"],"potions_floor_usage":[13,13,21,33,37,39,41],"damage_taken":[{"damage":0,"enemies":"Cultist","floor":1,"turns":3},{"damage":0,"enemies":"2 Louse","floor":2,"turns":2},{"damage":0,"enemies":"Small Slimes","floor":4,"turns":2},{"damage":25,"enemies":"Lagavulin","floor":7,"turns":4},{"damage":8,"enemies":"Exordium Wildlife","floor":10,"turns":4},{"damage":0,"enemies":"3 Louse","floor":12,"turns":2},{"damage":3,"enemies":"Gremlin Nob","floor":13,"turns":3},{"damage":43,"enemies":"Hexaghost","floor":16,"turns":10},{"damage":3,"enemies":"Chosen","floor":18,"turns":3},{"damage":1,"enemies":"2 Thieves","floor":21,"turns":2},{"damage":0,"enemies":"Snecko","floor":24,"turns":2},{"damage":0,"enemies":"Snake Plant","floor":28,"turns":2},{"damage":0,"enemies":"Chosen and Byrds","floor":29,"turns":4},{"damage":27,"enemies":"Collector","floor":33,"turns":7},{"damage":0,"enemies":"3 Shapes","floor":35,"turns":5},{"damage":7,"enemies":"3 Darklings","floor":37,"turns":4},{"damage":8,"enemies":"4 Shapes","floor":39,"turns":5},{"damage":16,"enemies":"Nemesis","floor":41,"turns":5},{"damage":31,"enemies":"Spire Growth","floor":44,"turns":4},{"damage":29,"enemies":"Reptomancer","floor":45,"turns":3}],"seed_played":"-6155910819668725449","potions_obtained":[{"floor":2,"key":"Poison Potion"},{"floor":7,"key":"FearPotion"},{"floor":10,"key":"CunningPotion"},{"floor":13,"key":"Explosive Potion"},{"floor":16,"key":"SkillPotion"},{"floor":24,"key":"DistilledChaos"},{"floor":36,"key":"GamblersBrew"},{"floor":39,"key":"SkillPotion"}],"is_trial":false,"path_per_floor":["M","M","$","M","?","R","E","?","T","M","$","M","E","?","R","B",null,"M","?","?","M","$","R","M","R","T","R","M","M","R","$","R","B",null,"M","?","M","$","M","R","E","R","T","M","E"],"character_chosen":"THE_SILENT","items_purchased":["Predator","Footwork","CultistPotion"],"campfire_rested":0,"item_purchase_floors":[3,22,38],"current_hp_per_floor":[59,59,59,59,59,59,34,34,34,26,26,26,23,23,23,12,48,45,45,45,54,54,54,59,59,60,60,60,60,60,60,60,38,55,60,60,58,58,55,55,44,44,49,23,0,0],"gold":216,"neow_bonus":"RANDOM_COMMON_RELIC","is_daily":false,"chose_seed":false,"campfire_upgraded":8,"win_rate":0.0,"timestamp":1609377721,"path_taken":["M","M","$","M","?","R","E","?","T","?","$","M","E","?","R","BOSS","M","?","?","M","$","R","M","R","T","R","M","M","R","?","R","BOSS","M","?","M","$","M","R","E","R","T","?","E"],"items_purchased_type":["Card","Card","Potion"],"build_version":"2020-12-22","purchased_purges":2,"victory":false,"max_hp_per_floor":[66,66,66,66,60,60,60,60,60,60,60,60,60,60,60,60,60,60,60,60,60,60,60,60,60,60,60,60,60,60,60,60,60,60,60,60,60,60,60,60,60,60,60,60,60,60],"relic_stats":{"Lizard Tail":30,"counters":[20,76],"Bloody Idol":51,"Astrolabe":["Glass Knife","Malaise","Distraction"],"obtain_stats":[{"Lantern":26,"Calipers":9,"Golden Idol":5,"Astrolabe":17,"Akabeko":0,"WarpedTongs":8,"Mercury Hourglass":41,"Lizard Tail":7,"Bottled Flame":13,"MutagenicStrength":19,"Bloody Idol":20,"Philosopher\u0027s Stone":34,"Ring of the Snake":0},{"Lantern":11,"Calipers":4,"Golden Idol":3,"Astrolabe":8,"Akabeko":0,"WarpedTongs":4,"Mercury Hourglass":18,"Lizard Tail":4,"Bottled Flame":7,"MutagenicStrength":9,"Bloody Idol":9,"Philosopher\u0027s Stone":14,"Ring of the Snake":0},{"Lantern":37,"Calipers":11,"Golden Idol":7,"Astrolabe":30,"Akabeko":0,"WarpedTongs":11,"Mercury Hourglass":69,"Lizard Tail":11,"Bottled Flame":20,"MutagenicStrength":33,"Bloody Idol":33,"Philosopher\u0027s Stone":50,"Ring of the Snake":0}],"Ring of the Snake":[40],"WarpedTongs":[64],"Mercury Hourglass":[42]},"card_choices":[{"not_picked":["Underhanded Strike","Poisoned Stab"],"picked":"Slice","floor":1},{"not_picked":["Bouncing Flask","Flechettes"],"picked":"Crippling Poison","floor":2},{"not_picked":["Backflip","Dagger Throw"],"picked":"Riddle With Holes","floor":4},{"not_picked":["Underhanded Strike","Deadly Poison"],"picked":"PiercingWail","floor":7},{"not_picked":["Predator","Expertise"],"picked":"Cloak And Dagger","floor":10},{"not_picked":["Setup","Dagger Spray"],"picked":"Noxious Fumes","floor":12},{"not_picked":["Prepared","Flying Knee"],"picked":"Blade Dance","floor":13},{"not_picked":["Phantasmal Killer","Glass Knife"],"picked":"A Thousand Cuts","floor":16},{"not_picked":["Poisoned Stab","Deadly Poison","Dagger Spray"],"picked":"SKIP","floor":18},{"not_picked":["Wraith Form v2","Sucker Punch","Flying Knee"],"picked":"SKIP","floor":21},{"not_picked":["Eviscerate","Cloak And Dagger","Masterful Stab"],"picked":"SKIP","floor":24},{"not_picked":["Choke","Underhanded Strike","Blade Dance"],"picked":"SKIP","floor":28},{"not_picked":["Cloak And Dagger","Dagger Throw+1"],"picked":"Backstab","floor":29},{"not_picked":["Predator","Quick Slash"],"picked":"Terror+1","floor":35},{"not_picked":["Dodge and Roll","Cloak And Dagger","Quick Slash"],"picked":"SKIP","floor":37},{"not_picked":["Blade Dance","Deadly Poison+1","Wraith Form v2"],"picked":"SKIP","floor":39},{"not_picked":["Dagger Throw","Concentrate","Dagger Spray"],"picked":"SKIP","floor":41},{"not_picked":["Bouncing Flask","Outmaneuver","Cloak And Dagger"],"picked":"SKIP","floor":44}],"player_experience":1613509,"relics_obtained":[{"floor":7,"key":"Lizard Tail"},{"floor":9,"key":"Calipers"},{"floor":13,"key":"Bottled Flame"},{"floor":26,"key":"Lantern"},{"floor":41,"key":"Mercury Hourglass"}],"event_choices":[{"damage_healed":0,"gold_gain":0,"player_choice":"Lose Max HP","damage_taken":0,"relics_obtained":["Golden Idol"],"max_hp_gain":0,"max_hp_loss":6,"event_name":"Golden Idol","floor":5,"gold_loss":0},{"damage_healed":0,"gold_gain":0,"player_choice":"Rummage","damage_taken":0,"relics_obtained":["WarpedTongs"],"max_hp_gain":0,"max_hp_loss":0,"event_name":"Accursed Blacksmith","floor":8,"gold_loss":0,"cards_obtained":["Pain"]},{"damage_healed":0,"gold_gain":0,"player_choice":"Grow","damage_taken":0,"max_hp_gain":0,"max_hp_loss":0,"event_name":"Living Wall","floor":14,"gold_loss":0,"cards_upgraded":["Riddle With Holes"]},{"damage_healed":0,"gold_gain":0,"player_choice":"Inject Mutagens","damage_taken":0,"relics_obtained":["MutagenicStrength"],"max_hp_gain":0,"max_hp_loss":0,"event_name":"Drug Dealer","floor":19,"gold_loss":0},{"damage_healed":0,"gold_gain":0,"player_choice":"Gave Idol","damage_taken":0,"relics_obtained":["Bloody Idol"],"max_hp_gain":0,"max_hp_loss":0,"event_name":"Forgotten Altar","floor":20,"relics_lost":["Golden Idol"],"gold_loss":0},{"damage_healed":0,"gold_gain":0,"player_choice":"Bought 1 Potion","damage_taken":0,"max_hp_gain":0,"max_hp_loss":0,"event_name":"The Woman in Blue","floor":36,"gold_loss":0}],"is_beta":false,"boss_relics":[{"not_picked":["Coffee Dripper","WristBlade"],"picked":"Astrolabe"},{"not_picked":["Empty Cage","Runic Dome"],"picked":"Philosopher\u0027s Stone"}],"items_purged_floors":[11,22],"is_endless":false,"potions_floor_spawned":[2,7,10,13,16,24,29,39],"killed_by":"Reptomancer","ascension_level":20}}