{"host":"ei424ha2zqt1xblg","time":1609432467,"event":{"mods":["BaseMod","Downfall-Rebalance","Minty Spire (QoL Compilation)","MostiFishMod","StSLib","TestMod","Waifu the Spire"],"gold_per_floor":[117,117,131,144,69,103,121,121,121,155,175,191,191,216,216,290,290,309,323,76,76,76,105,117,152,152,165,190,190,190,217,217,300,300,319,332,341,354,12,39,39,65,65,99,146,146,176,76,76,76,76,76,11,45,45],"floor_reached":56,"playtime":1253,"items_purged":["Strike_G","Pain","Strike_G"],"score":3405,"play_id":"c1408860-c4f1-4389-a04a-fb5e9410b3a5","local_time":"20210101003427","is_ascension_mode":true,"campfire_choices":[{"data":"Skewer","floor":13.0,"key":"SMITH"},{"data":"MostiFishMod:WinterMarkForm","floor":15.0,"key":"SMITH"},{"data":"After Image","floor":30.0,"key":"SMITH"},{"data":"Accuracy","floor":32.0,"key":"SMITH"},{"data":"Blade Dance","floor":41,"key":"SMITH"},{"floor":49,"key":"RECALL"},{"data":"MostiFishMod:PreservedThorns","floor":52,"key":"SMITH"}],"circlet_count":0,"master_deck":["AscendersBane","Strike_G","Defend_G","Defend_G","Defend_G+1","Defend_G","Defend_G","Survivor","Neutralize","MostiFishMod:FrostNova","MostiFishMod:WinterMarkForm+1","Blur","Accuracy+1","MostiFishMod:PerfectParry","Phantasmal Killer+1","Skewer+1","Escape Plan","Prepared","Blade Dance+1","Skewer+1","MostiFishMod:PreservedThorns+1","After Image+1","Calculated Gamble","Calculated Gamble","After Image"],"relics":["testmod-TestBox","DaveBox","FrostBlade","Transparent","testmod-Fanaticism","SynthV:TestCard","DianPoetry","testmod-ArcanaOfDestiny","Boot","PatriotShield","DollysMirror","The Courier","Shuriken","Unceasing Top","testmod-ConstraintPeriapt","CeramicFish","GreenFoldingFan","WarpedTongs","Lizard Tail","Mercury Hourglass","testmod-IndustrialRevolution","Frozen Egg 2","White Beast Statue","Peace Pipe","Ancient Tea Set","testmod-TurbochargingSystem"],"acts_visited":["Exordium","TheCity","TheBeyond","TheEnding"],"potions_floor_usage":[47,55],"damage_taken":[{"damage":20.0,"enemies":"Jaw Worm","floor":1.0,"turns":2.0},{"damage":12.0,"enemies":"2 Louse","floor":3.0,"turns":2.0},{"damage":7.0,"enemies":"Small Slimes","floor":4.0,"turns":1.0},{"damage":21.0,"enemies":"Lagavulin","floor":6.0,"turns":3.0},{"damage":14.0,"enemies":"Exordium Thugs","floor":7.0,"turns":2.0},{"damage":14.0,"enemies":"3 Sentries","floor":10.0,"turns":2.0},{"damage":7.0,"enemies":"Looter","floor":11.0,"turns":1.0},{"damage":7.0,"enemies":"Large Slime","floor":12.0,"turns":1.0},{"damage":14.0,"enemies":"Gremlin Nob","floor":14.0,"turns":2.0},{"damage":21.0,"enemies":"The Guardian","floor":16.0,"turns":3.0},{"damage":7.0,"enemies":"Chosen","floor":18.0,"turns":1.0},{"damage":7.0,"enemies":"2 Thieves","floor":19.0,"turns":1.0},{"damage":14.0,"enemies":"Slavers","floor":23.0,"turns":1.0},{"damage":14.0,"enemies":"Centurion and Healer","floor":24.0,"turns":1.0},{"damage":14.0,"enemies":"Book of Stabbing","floor":25.0,"turns":1.0},{"damage":14.0,"enemies":"Shelled Parasite and Fungi","floor":27.0,"turns":1.0},{"damage":14.0,"enemies":"Gremlin Leader","floor":28.0,"turns":1.0},{"damage":14.0,"enemies":"Automaton","floor":33.0,"turns":1.0},{"damage":16.0,"enemies":"Orb Walker","floor":35.0,"turns":1.0},{"damage":16.0,"enemies":"3 Shapes","floor":36.0,"turns":1.0},{"damage":16,"enemies":"Sphere and 2 Shapes","floor":38,"turns":1},{"damage":16,"enemies":"Giant Head","floor":40,"turns":1},{"damage":16,"enemies":"Nemesis","floor":42,"turns":1},{"damage":16,"enemies":"Reptomancer","floor":44,"turns":1},{"damage":16,"enemies":"2 Orb Walkers","floor":45,"turns":1},{"damage":16,"enemies":"Giant Head","floor":47,"turns":1},{"damage":32,"enemies":"Time Eater","floor":50,"turns":2},{"damage":16,"enemies":"Shield and Spear","floor":54,"turns":1},{"damage":66,"enemies":"The Heart","floor":55,"turns":4}],"seed_played":"3692346721768526074","potions_obtained":[{"floor":1.0,"key":"Swift Potion"},{"floor":3.0,"key":"Fruit Juice"},{"floor":7.0,"key":"FearPotion"},{"floor":42,"key":"SmokeBomb"},{"floor":47,"key":"testmod-SpacePotion"},{"floor":54,"key":"GamblersBrew"}],"is_trial":false,"path_per_floor":["M","?","M","M","?","E","M","?","T","E","M","M","R","E","R","B",null,"M","M","$","?","?","E","M","E","T","M","E","?","R","T","R","B",null,"M","M","?","M","$","E","R","E","T","E","?","?","E","$","R","B",null,"R","$","E","B",null],"character_chosen":"THE_SILENT","items_purchased":["DollysMirror","Lizard Tail","DistilledChaos"],"campfire_rested":0,"item_purchase_floors":[20,39,53],"current_hp_per_floor":[66,59,71,71,71,71,71,50,50,71,71,71,71,71,71,71,71,71,71,71,71,142,142,142,142,142,142,142,142,142,142,142,142,142,142,142,142,142,142,142,142,142,142,142,142,142,142,142,142,142,142,142,142,142,142],"gold":45,"neow_bonus":"BOSS_RELIC","is_daily":false,"chose_seed":false,"campfire_upgraded":6,"win_rate":0.0,"timestamp":1609432467,"path_taken":["M","?","M","M","?","E","M","?","T","E","?","M","R","E","R","BOSS","M","M","$","?","?","E","M","E","T","M","E","?","R","?","R","BOSS","M","M","?","M","?","E","R","E","T","E","?","?","E","$","R","BOSS","R","$","E","BOSS"],"items_purchased_type":["Relic","Relic","Potion"],"build_version":"2020-12-22","purchased_purges":3,"victory":true,"max_hp_per_floor":[66,66,71,71,71,71,71,71,71,71,71,71,71,71,71,71,71,71,71,71,71,142,142,142,142,142,142,142,142,142,142,142,142,142,142,142,142,142,142,142,142,142,142,142,142,142,142,142,142,142,142,142,142,142,142],"card_choices":[{"not_picked":["Footwork","PiercingWail"],"picked":"Blur","floor":1.0},{"not_picked":["Deadly Poison","Predator","Deflect","MostiFishMod:PerfectParry"],"picked":"Accuracy","floor":3.0},{"not_picked":["Masterful Stab","Eviscerate","Underhanded Strike","PiercingWail"],"picked":"MostiFishMod:PerfectParry","floor":4.0},{"not_picked":["Eviscerate","Infinite Blades","Deadly Poison","Escape Plan"],"picked":"Phantasmal Killer","floor":6.0},{"not_picked":["PiercingWail","Blur","Bouncing Flask","MostiFishMod:PerfectParry"],"picked":"Skewer","floor":7.0},{"not_picked":["Endless Agony","MostiFishMod:FrostNova","MostiFishMod:SpreadingSpore","Eviscerate"],"picked":"Escape Plan","floor":10.0},{"not_picked":["Underhanded Strike","Dagger Spray","Acrobatics","Dodge and Roll"],"picked":"Prepared","floor":11.0},{"not_picked":["Backflip","Sucker Punch","MostiFishMod:PerfectParry","Eviscerate","MostiFishMod:InvigoratingSolution"],"picked":"SKIP","floor":12.0},{"not_picked":["Poisoned Stab","Prepared","Dagger Spray","Choke","Endless Agony"],"picked":"SKIP","floor":14.0},{"not_picked":["Flying Knee","Poisoned Stab","Concentrate","Catalyst"],"picked":"Blade Dance","floor":18.0},{"not_picked":["Catalyst","Infinite Blades","Slice","Quick Slash","Masterful Stab"],"picked":"SKIP","floor":19.0},{"not_picked":["Poisoned Stab","Riddle With Holes","Dagger Throw","Quick Slash","MostiFishMod:PreservedThorns"],"picked":"SKIP","floor":23.0},{"not_picked":["Poisoned Stab","Riddle With Holes","Dagger Throw","Quick Slash"],"picked":"MostiFishMod:PreservedThorns","floor":23.0},{"not_picked":["PiercingWail+1","Blur","Backflip","Venomology","Dodge and Roll"],"picked":"SKIP","floor":24.0},{"not_picked":["Outmaneuver","Venomology","Bouncing Flask","Dodge and Roll"],"picked":"After Image","floor":25.0},{"not_picked":["Cloak And Dagger","PiercingWail","Blade Dance","Dodge and Roll","Die Die Die"],"picked":"SKIP","floor":27.0},{"not_picked":["All Out Attack","Acrobatics+1","Accuracy","PiercingWail"],"picked":"Calculated Gamble","floor":28.0},{"not_picked":["Malaise","Grand Finale","MostiFishMod:FullyArmed","Burst"],"picked":"After Image","floor":33.0},{"not_picked":["Bane","PiercingWail","Quick Slash+1","All Out Attack+1","Skewer+1"],"picked":"SKIP","floor":35.0},{"not_picked":["Riddle With Holes","Distraction","Catalyst+1","Sucker Punch+1","Acrobatics"],"picked":"SKIP","floor":36.0},{"not_picked":["Backflip","Bouncing Flask+1","Crippling Poison","Venomology","Dodge and Roll"],"picked":"SKIP","floor":38},{"not_picked":["Cloak And Dagger","Deflect","Blade Dance","Footwork","Deadly Poison"],"picked":"SKIP","floor":40},{"not_picked":["Cloak And Dagger","MostiFishMod:PerfectParry","Flying Knee+1","Quick Slash","Dodge and Roll"],"picked":"SKIP","floor":42},{"not_picked":["Prepared+1","Bane","Outmaneuver","MostiFishMod:PerfectParry","A Thousand Cuts+1"],"picked":"SKIP","floor":44},{"not_picked":["Cloak And Dagger+1","Dash","Dodge and Roll","Slice","Flying Knee"],"picked":"SKIP","floor":47},{"not_picked":["Blur","MostiFishMod:PerfectParry","Dagger Spray","Deadly Poison+1","Flechettes"],"picked":"SKIP","floor":54}],"player_experience":461821,"relics_obtained":[{"floor":1.0,"key":"SynthV:TestCard"},{"floor":6.0,"key":"DianPoetry"},{"floor":10.0,"key":"testmod-ArcanaOfDestiny"},{"floor":14.0,"key":"Boot"},{"floor":23.0,"key":"The Courier"},{"floor":25.0,"key":"Shuriken"},{"floor":26.0,"key":"Unceasing Top"},{"floor":28.0,"key":"testmod-ConstraintPeriapt"},{"floor":31.0,"key":"CeramicFish"},{"floor":40,"key":"Mercury Hourglass"},{"floor":42,"key":"testmod-IndustrialRevolution"},{"floor":43,"key":"Frozen Egg 2"},{"floor":44,"key":"White Beast Statue"},{"floor":45,"key":"Peace Pipe"},{"floor":47,"key":"Ancient Tea Set"},{"floor":54,"key":"testmod-TurbochargingSystem"}],"event_choices":[{"cards_removed":["Strike_G"],"damage_healed":0.0,"max_hp_gain":0.0,"max_hp_loss":0.0,"gold_gain":0.0,"event_name":"Golden Wing","player_choice":"Card Removal","floor":2.0,"gold_loss":0.0,"damage_taken":7.0},{"cards_removed":["Strike_G"],"damage_healed":0.0,"max_hp_gain":0.0,"max_hp_loss":0.0,"gold_gain":0.0,"event_name":"The Cleric","player_choice":"Card Removal","floor":5.0,"gold_loss":75.0,"damage_taken":0.0},{"damage_healed":0.0,"max_hp_gain":0.0,"max_hp_loss":0.0,"gold_gain":0.0,"event_name":"Shining Light","player_choice":"Entered Light","floor":8.0,"gold_loss":0.0,"damage_taken":21.0,"cards_upgraded":["Defend_G","Phantasmal Killer"]},{"damage_healed":0.0,"max_hp_gain":0.0,"max_hp_loss":0.0,"gold_gain":0.0,"event_name":"给自己的盒子","player_choice":"Swap Relic","floor":22.0,"relics_lost":["testmod-HarvestTotem"],"gold_loss":0.0,"damage_taken":0.0,"relics_obtained":["testmod-HarvestTotem"]},{"damage_healed":0.0,"max_hp_gain":0.0,"max_hp_loss":0.0,"gold_gain":0.0,"event_name":"The Library","player_choice":"Read","floor":29.0,"gold_loss":0.0,"damage_taken":0.0,"cards_obtained":["Calculated Gamble"]},{"damage_healed":0,"gold_gain":0,"player_choice":"Rummage","damage_taken":0,"relics_obtained":["WarpedTongs"],"max_hp_gain":0,"max_hp_loss":0,"event_name":"Accursed Blacksmith","floor":37,"gold_loss":0,"cards_obtained":["Pain"]},{"damage_healed":0,"gold_gain":0,"player_choice":"Fight","damage_taken":0,"max_hp_gain":0,"max_hp_loss":0,"event_name":"Mysterious Sphere","floor":45,"gold_loss":0},{"damage_healed":0,"gold_gain":0,"player_choice":"Ignored","damage_taken":0,"max_hp_gain":0,"max_hp_loss":0,"event_name":"Tomb of Lord Red Mask","floor":46,"gold_loss":0}],"is_beta":false,"boss_relics":[{"not_picked":["Cursed Key","Calling Bell"],"picked":"PatriotShield"},{"not_picked":["TakeMeEscape","RhineCircuit"],"picked":"GreenFoldingFan"}],"items_purged_floors":[20,39,48],"is_endless":false,"potions_floor_spawned":[1,3,7,16,24,25,27,33,35,36,38,42,45,47,54],"ascension_level":19}}