{"host":"15dd7v8o90xso62x","time":1609445045,"event":{"mods":["BaseMod","Minty Spire (QoL Compilation)","Quick Restart","StSLib","SuperFastMode"],"gold_per_floor":[109,123,139,150,150,150,161,161,161,176,191,191,210,210,210,210,210],"floor_reached":16,"playtime":423,"items_purged":[],"score":292,"play_id":"bb596022-d159-4183-9c2b-6c31e8891179","local_time":"20210101050405","is_ascension_mode":true,"campfire_choices":[{"data":"Neutralize","floor":6.0,"key":"SMITH"},{"data":"Dagger Throw","floor":8.0,"key":"SMITH"},{"data":"Dagger Spray","floor":12.0,"key":"SMITH"},{"data":"Cloak And Dagger","floor":15,"key":"SMITH"}],"circlet_count":0,"master_deck":["AscendersBane","Strike_G","Strike_G","Strike_G","Strike_G","Strike_G","Defend_G","Defend_G","Defend_G","Defend_G","Defend_G","Survivor","Neutralize+1","Backstab","Dagger Throw+1","Heel Hook","Escape Plan","Backflip","Dagger Spray+1","Cloak And Dagger+1"],"relics":["Ring of the Snake","Centennial Puzzle","Sundial"],"acts_visited":[],"potions_floor_usage":[16],"damage_taken":[{"damage":1.0,"enemies":"Cultist","floor":1.0,"turns":4.0},{"damage":0.0,"enemies":"Small Slimes","floor":2.0,"turns":3.0},{"damage":2.0,"enemies":"Jaw Worm","floor":3.0,"turns":3.0},{"damage":2.0,"enemies":"3 Louse","floor":4.0,"turns":3.0},{"damage":7.0,"enemies":"2 Fungi Beasts","floor":7.0,"turns":3.0},{"damage":3.0,"enemies":"Exordium Wildlife","floor":10.0,"turns":3.0},{"damage":5.0,"enemies":"Exordium Thugs","floor":11.0,"turns":3.0},{"damage":1.0,"enemies":"2 Fungi Beasts","floor":13.0,"turns":2.0},{"damage":35,"enemies":"Slime Boss","floor":16,"turns":9}],"seed_played":"-9072399979356808336","potions_obtained":[{"floor":3.0,"key":"Weak Potion"},{"floor":13.0,"key":"Block Potion"}],"is_trial":false,"path_per_floor":["M","M","M","M","?","R","M","R","T","M","M","R","M","?","R","B"],"character_chosen":"THE_SILENT","items_purchased":[],"campfire_rested":0,"item_purchase_floors":[],"current_hp_per_floor":[58,58,56,54,54,54,47,47,47,44,39,39,38,38,38,3,3],"gold":210,"neow_bonus":"RANDOM_COMMON_RELIC","is_daily":false,"chose_seed":false,"campfire_upgraded":4,"win_rate":0.0,"timestamp":1609445045,"path_taken":["M","M","M","M","?","R","M","R","T","M","M","R","M","?","R","BOSS"],"items_purchased_type":[],"build_version":"2020-12-22","purchased_purges":0,"victory":false,"max_hp_per_floor":[66,66,66,66,66,66,66,66,66,66,66,66,66,66,66,66,66],"card_choices":[{"not_picked":["PiercingWail","Cloak And Dagger"],"picked":"Backstab","floor":1.0},{"not_picked":["Poisoned Stab","Backflip"],"picked":"Dagger Throw","floor":2.0},{"not_picked":["Dodge and Roll","Outmaneuver"],"picked":"Heel Hook","floor":3.0},{"not_picked":["Deflect","Acrobatics"],"picked":"Escape Plan","floor":4.0},{"not_picked":["Prepared","Infinite Blades"],"picked":"Backflip","floor":7.0},{"not_picked":["Prepared","Deadly Poison"],"picked":"Dagger Spray","floor":10.0},{"not_picked":["Sucker Punch","Bullet Time","Flying Knee"],"picked":"SKIP","floor":11.0},{"not_picked":["Dagger Throw","Prepared"],"picked":"Cloak And Dagger","floor":13.0}],"player_experience":974962,"relics_obtained":[{"floor":9.0,"key":"Sundial"}],"event_choices":[{"damage_healed":0.0,"max_hp_gain":0.0,"max_hp_loss":0.0,"gold_gain":0.0,"event_name":"Liars Game","player_choice":"Ignored","floor":5.0,"gold_loss":0.0,"damage_taken":0.0},{"damage_healed":0,"gold_gain":0,"player_choice":"Searched \u00270\u0027 times","damage_taken":0,"max_hp_gain":0,"max_hp_loss":0,"event_name":"Dead Adventurer","floor":14,"gold_loss":0}],"is_beta":false,"boss_relics":[],"items_purged_floors":[],"is_endless":false,"potions_floor_spawned":[3,13],"killed_by":"Slime Boss","ascension_level":20}}