{"host":"jm9833yuloeli2yd","time":1609391219,"event":{"mods":["AchievementEnabler","BaseMod","Better Altar","Better Match","Better Note","Better Sensory Stone","Better Skull","Better Third Choice","Better Vampires","BetterRewards","Colored Map","Colored Powertips","DeckTracker","Marked Mod","Minty Spire (QoL Compilation)","Permanent Neow","Quick Restart","StSLib","SuperFastMode"],"gold_per_floor":[113,113,113,123,143,143,177,177,247,272,272,65,76,76,76,76,76],"floor_reached":16,"playtime":280,"items_purged":[],"score":220,"play_id":"2724f0eb-d00f-41eb-9ae0-d2ca570d4333","local_time":"20201231000659","is_ascension_mode":true,"campfire_choices":[{"data":"Loop","floor":6,"key":"SMITH"},{"floor":8,"key":"REST"},{"floor":15,"key":"REST"}],"circlet_count":0,"master_deck":["AscendersBane","Strike_B","Strike_B","Strike_B","Strike_B","Defend_B","Defend_B","Defend_B","Defend_B","Zap","Dualcast","Hyperbeam","Ball Lightning","Loop+1","Darkness","Beam Cell","Self Repair","Auto Shields","Conserve Battery","Glacier"],"relics":["Cracked Core","Art of War","Kunai","Du-Vu Doll","Singing Bowl"],"acts_visited":["Exordium"],"potions_floor_usage":[7,13,14,16],"damage_taken":[{"damage":0,"enemies":"Small Slimes","floor":1,"turns":1},{"damage":0,"enemies":"Cultist","floor":4,"turns":2},{"damage":7,"enemies":"Jaw Worm","floor":5,"turns":2},{"damage":35,"enemies":"3 Sentries","floor":7,"turns":7},{"damage":25,"enemies":"Lagavulin","floor":10,"turns":6},{"damage":18,"enemies":"Exordium Thugs","floor":13,"turns":3},{"damage":0,"enemies":"Red Slaver","floor":14,"turns":1},{"damage":44,"enemies":"Slime Boss","floor":16,"turns":5}],"seed_played":"-7532738881488427500","potions_obtained":[{"floor":1,"key":"ColorlessPotion"},{"floor":3,"key":"Ancient Potion"},{"floor":3,"key":"Energy Potion"},{"floor":7,"key":"SmokeBomb"},{"floor":13,"key":"Strength Potion"}],"is_trial":false,"path_per_floor":["M","?","?","M","M","R","E","R","T","E","T","$","M","M","R","B"],"character_chosen":"DEFECT","items_purchased":["Self Repair","Auto Shields","Conserve Battery"],"campfire_rested":2,"item_purchase_floors":[12,12,12],"current_hp_per_floor":[64,69,69,69,62,62,27,47,47,22,22,22,11,11,31,0,0],"gold":76,"neow_bonus":"THREE_RARE_CARDS","is_daily":false,"chose_seed":false,"campfire_upgraded":1,"win_rate":0.0,"timestamp":1609391219,"path_taken":["M","?","?","?","M","R","E","R","T","E","?","?","M","?","R","BOSS"],"items_purchased_type":["Card","Card","Card"],"build_version":"2020-12-22","purchased_purges":0,"victory":false,"max_hp_per_floor":[64,69,69,69,69,69,69,69,69,69,69,69,69,69,69,69,69],"card_choices":[{"not_picked":["Machine Learning","Buffer"],"picked":"Hyperbeam","floor":0},{"not_picked":["Compile Driver","Cold Snap"],"picked":"Ball Lightning","floor":1},{"not_picked":["Steam","Rebound","Blizzard"],"picked":"SKIP","floor":4},{"not_picked":["Redo","Darkness"],"picked":"Loop","floor":5},{"not_picked":["Coolheaded","Fusion"],"picked":"Darkness","floor":7},{"not_picked":["Hologram","Leap"],"picked":"Beam Cell","floor":10},{"not_picked":["Amplify","Gash"],"picked":"Glacier","floor":13}],"player_experience":1200588,"relics_obtained":[{"floor":7,"key":"Art of War"},{"floor":9,"key":"Kunai"},{"floor":10,"key":"Du-Vu Doll"},{"floor":11,"key":"Singing Bowl"}],"event_choices":[{"damage_healed":0,"gold_gain":0,"player_choice":"Donut","damage_taken":0,"max_hp_gain":5,"max_hp_loss":0,"event_name":"Big Fish","floor":2,"gold_loss":0},{"damage_healed":0,"gold_gain":0,"player_choice":"Got Potions","damage_taken":0,"max_hp_gain":0,"max_hp_loss":0,"event_name":"Lab","floor":3,"gold_loss":0}],"is_beta":false,"boss_relics":[],"items_purged_floors":[],"is_endless":false,"potions_floor_spawned":[1,7,13,14],"killed_by":"Slime Boss","ascension_level":20}}