{"host":"zxezw9t7myeayiva","time":1609439954,"event":{"mods":["2.2 Compatiblity","Act Like it!","BaseMod","Colored Map","Downfall","Hallownest","Hermit","Infinite Spire","Lobotomy","Marisa????????","Minty Spire (QoL Compilation)","Replay The Spire","Somnambulant","StSLib","The Animator","The Cursed","The Disciple","The Hierophant","The Jungle","The Servant 0.9.4"],"gold_per_floor":[117,117,42,42,56,56,83,100,100,100,118,118,18,38,38,143,143,154,154,174,189,189,220,135,169,169,189,200,200,200,4,4,105,155,173,184,264,264,279,338,318,318,318,329,346,346,346,48,48,149,249,252,252,300,298,309,330,330,330,330,330,330,330,379,392,392,504,504,513,513,551,476,123,118,146,146,146,160,162,157,173,167,167,276,276,265,100,137,137,144,144,135,152,175,2,2,2,2,14,14,104,104,104],"floor_reached":102,"playtime":9385,"items_purged":["Strike_P","Defend_P","Strike_P","sneckomod:Bewildered","TheCursedMod:Dregs","Normality"],"score":2230,"play_id":"3b160ae5-b6b9-4571-88b1-f8c2b606fb42","local_time":"20201231123914","is_ascension_mode":false,"campfire_choices":[{"data":"infinitespire:DeathsTouch","floor":6.0,"key":"SMITH"},{"data":"Devotion","floor":10.0,"key":"SMITH"},{"data":"Replay:Hum","floor":12.0,"key":"SMITH"},{"data":"DevaForm","floor":29.0,"key":"SMITH"},{"floor":32.0,"key":"DIG"},{"data":"ReplayTheSpireMod:Chaos Vortex","floor":42.0,"key":"SMITH"},{"data":"infinitespire:Gouge","floor":58.0,"key":"SMITH"},{"data":"LikeWater","floor":62.0,"key":"SMITH"},{"data":"Normality","floor":66.0,"key":"PURGE"},{"data":"MasterReality","floor":83.0,"key":"SMITH"},{"data":"Consecrate","floor":91.0,"key":"SMITH"},{"data":"JustLucky","floor":96.0,"key":"SMITH"},{"data":"Defend_P","floor":98.0,"key":"SMITH"},{"data":"DevaForm","floor":100,"key":"SMITH"}],"circlet_count":0,"master_deck":["Defend_P+1","Defend_P","Defend_P+1","Eruption+1","Vigilance+1","Replay:Hum+1","infinitespire:DeathsTouch+1","Devotion+1","LikeWater+1","JustLucky+1","BowlingBash+1","DevaForm+1","Prostrate+1","Protect+1","CutThroughFate+1","infinitespire:TheBestDefense+1","Pray+1","Fasting2+1","ThirdEye+1","Necronomicurse","Jack Of All Trades+1","Wish+1","Halt+1","ConjureBlade+1","infinitespire:TheBestDefense+1","ReplayTheSpireMod:Chaos Vortex+1","Establishment+1","DeusExMachina+1","Delirium","Alpha+1","Replay:SS_forest_5+1","infinitespire:Execution+1","hierophant:Punish+1","infinitespire:Gouge+1","infinitespire:Starlight+1","Consecrate+1","Collect+1","infinitespire:Starlight+1","Vault+1","Consecrate+1","Worship+1","Swivel+1","MasterReality+1","Nirvana+1","EmptyFist+1","Judgement+1","DevaForm+1","Vault+1"],"relics":["PureWater","Happy Flower","FaceOfCleric","Onion Ring","ReplayTheSpireMod:TigerMarble","Snecko Eye","Toxic Egg 2","Replay:Towering Pillar of Hats","Iron Hammer","infinitespire:EmpoweringShard","Pen Nib","Necronomicon","BargainBundle","Smiling Mask","Tiny House","infinitespire:CursedDice","infinitespire:Lucky Rock","Darkstone Periapt","Ring of Searing","Bottled Flame","Replay:Grab Bag","Cursed Key","Replay:Wanted Poster","Snecko Heart","ReplayTheSpireMod:SealedPack","Blue Candle","StoneCalendar","Prayer Wheel","infinitespire:Golems Mask","Torii","Replay:Ancient Bell","Regal Pillow","Meat on the Bone","Incense Burner","Red Mask","MealTicket","Replay:Rubber Ducky","infinitespire:CheckeredPen","MutagenicStrength","White Beast Statue","The Courier","Replay:Drink Me","Damaru","infinitespire:Lychee Nut","Eternal Feather","Strawberry","infinitespire:Beetle Shell","SacredBark"],"acts_visited":["Exordium","TheCity","TheBeyond","Exordium","TheCity","TheBeyond","Hallownest:Greenpath"],"potions_floor_usage":[101],"damage_taken":[{"damage":10.0,"enemies":"2 Louse","floor":1.0,"turns":3.0},{"damage":1.0,"enemies":"Cultist","floor":5.0,"turns":3.0},{"damage":4.0,"enemies":"3 Sentries","floor":7.0,"turns":4.0},{"damage":2.0,"enemies":"Small Slimes","floor":8.0,"turns":2.0},{"damage":4.0,"enemies":"2 Fungi Beasts","floor":11.0,"turns":2.0},{"damage":6.0,"enemies":"Exordium Wildlife","floor":14.0,"turns":3.0},{"damage":0.0,"enemies":"Slime Boss","floor":16.0,"turns":4.0},{"damage":0.0,"enemies":"Shell Parasite","floor":18.0,"turns":1.0},{"damage":0.0,"enemies":"Chosen","floor":20.0,"turns":3.0},{"damage":0.0,"enemies":"Sentry and Sphere","floor":21.0,"turns":1.0},{"damage":0.0,"enemies":"Nightmare","floor":23.0,"turns":3.0},{"damage":1.0,"enemies":"Book of Stabbing","floor":25.0,"turns":3.0},{"damage":2.0,"enemies":"Shelled Parasite and Fungi","floor":27.0,"turns":2.0},{"damage":0.0,"enemies":"Snecko","floor":28.0,"turns":2.0},{"damage":21.0,"enemies":"Automaton","floor":33.0,"turns":3.0},{"damage":4.0,"enemies":"3 Shapes","floor":35.0,"turns":4.0},{"damage":0.0,"enemies":"Orb Walker","floor":36.0,"turns":2.0},{"damage":18.0,"enemies":"Mind Bloom Boss Battle","floor":37.0,"turns":4.0},{"damage":0.0,"enemies":"Jaw Worm Horde","floor":39.0,"turns":2.0},{"damage":75.0,"enemies":"Nightmare","floor":40.0,"turns":6.0},{"damage":12.0,"enemies":"4 Shapes","floor":44.0,"turns":5.0},{"damage":0.0,"enemies":"Sphere and 2 Shapes","floor":45.0,"turns":2.0},{"damage":17.0,"enemies":"Time Eater","floor":50.0,"turns":6.0},{"damage":0.0,"enemies":"2 Louse","floor":52.0,"turns":1.0},{"damage":6.0,"enemies":"Cultist","floor":55.0,"turns":2.0},{"damage":0.0,"enemies":"Small Slimes","floor":56.0,"turns":1.0},{"damage":36.0,"enemies":"Nightmare","floor":57.0,"turns":6.0},{"damage":18.0,"enemies":"Gremlin Gang","floor":64.0,"turns":2.0},{"damage":0.0,"enemies":"Large Slime","floor":65.0,"turns":1.0},{"damage":0.0,"enemies":"Hexaghost","floor":67.0,"turns":3.0},{"damage":26.0,"enemies":"Chosen","floor":69.0,"turns":2.0},{"damage":65.0,"enemies":"Masked Bandits","floor":71.0,"turns":4.0},{"damage":10.0,"enemies":"3 Byrds","floor":74.0,"turns":4.0},{"damage":32.0,"enemies":"Gremlin Leader","floor":75.0,"turns":5.0},{"damage":0.0,"enemies":"Sentry and Sphere","floor":78.0,"turns":1.0},{"damage":1.0,"enemies":"Snake Plant","floor":79.0,"turns":3.0},{"damage":13.0,"enemies":"3 Cultists","floor":80.0,"turns":3.0},{"damage":10.0,"enemies":"Book of Stabbing","floor":81.0,"turns":3.0},{"damage":15.0,"enemies":"Cultist and Chosen","floor":82.0,"turns":4.0},{"damage":40.0,"enemies":"Automaton","floor":84.0,"turns":5.0},{"damage":15.0,"enemies":"3 Darklings","floor":86.0,"turns":4.0},{"damage":11.0,"enemies":"2 Orb Walkers","floor":88.0,"turns":2.0},{"damage":10.0,"enemies":"3 Shapes","floor":90.0,"turns":3.0},{"damage":10.0,"enemies":"Sphere and 2 Shapes","floor":92.0,"turns":3.0},{"damage":20.0,"enemies":"R_Hoarder","floor":93.0,"turns":5.0},{"damage":16,"enemies":"3 Darklings","floor":99,"turns":2},{"damage":8,"enemies":"infinitespire:MassOfShapes","floor":101,"turns":4}],"seed_played":"-1059333295289249324","potions_obtained":[{"floor":5.0,"key":"Reflective Coating"},{"floor":8.0,"key":"SteroidPotion"},{"floor":11.0,"key":"FearPotion"},{"floor":18.0,"key":"Energy Potion"},{"floor":25.0,"key":"Dexterity Potion"},{"floor":34.0,"key":"Block Potion"},{"floor":41.0,"key":"Strength Potion"},{"floor":44.0,"key":"DistilledChaos"},{"floor":45.0,"key":"Fruit Juice"},{"floor":50.0,"key":"Explosive Potion"},{"floor":52.0,"key":"BlessingOfTheForge"},{"floor":64.0,"key":"Block Potion"},{"floor":67.0,"key":"FearPotion"},{"floor":69.0,"key":"Block Potion"},{"floor":74.0,"key":"PowerPotion"},{"floor":75.0,"key":"Toxic Potion"},{"floor":78.0,"key":"Fire Potion"},{"floor":79.0,"key":"Energy Potion"},{"floor":81.0,"key":"Fire Potion"},{"floor":82.0,"key":"Weak Potion"},{"floor":84.0,"key":"SteroidPotion"},{"floor":86.0,"key":"DistilledChaos"},{"floor":88.0,"key":"Adrenaline Potion"},{"floor":89.0,"key":"BottledMiracle"},{"floor":89.0,"key":"Dexterity Potion"},{"floor":90.0,"key":"SpeedPotion"},{"floor":92.0,"key":"LiquidBronze"},{"floor":93.0,"key":"BlessingOfTheForge"},{"floor":99,"key":"Death Potion"},{"floor":101,"key":"sneckomod:MuddlingPotion"}],"is_trial":false,"path_per_floor":["M","?","$","?","M","R","E","M","T","R","M","R","$","M","R_BF","B",null,"M","T","M","M","AVR","NM","?","E","T","M","M","R","?","$","R_BF","B",null,"M","M","?","?","M","NM","?","R","T","M","M","?","?","$","R_BF","B",null,"M","?","?","M","M","NM","R","AVR","T","?","R","?","M","M","R_BF","B",null,"M","?","?","?","$","M","E","?","T","M","M","M","E","M","R","B",null,"M","$","?","?","M","R","M","E","T","$","R","?","R","M","R","B",null],"character_chosen":"WATCHER","items_purchased":["BargainBundle","Jack Of All Trades+1","Bottled Flame","MealTicket","Replay:Rubber Ducky","Damaru","infinitespire:Beetle Shell"],"campfire_rested":0,"item_purchase_floors":[31,31,48,73,73,87,95],"current_hp_per_floor":[62,43,43,43,43,43,40,39,39,39,36,36,36,31,31,32,78,79,79,80,81,81,82,82,82,82,81,82,82,66,66,66,46,91,88,89,72,72,73,35,35,35,35,24,30,30,36,36,68,52,116,117,110,116,111,112,77,77,77,83,83,83,89,72,73,73,82,159,134,134,85,85,85,91,105,105,111,127,142,160,166,163,163,154,132,133,133,100,100,96,96,93,95,108,116,116,116,116,104,117,118,118,118],"gold":104,"neow_bonus":"RANDOM_COMMON_RELIC","is_daily":false,"chose_seed":false,"campfire_upgraded":12,"win_rate":0.0,"timestamp":1609439954,"path_taken":["M","?","$","?","M","R","E","?","T","R","?","R","$","M","R_BF","BOSS","M","?","?","M","AVR","NM","?","E","T","M","M","R","?","?","R_BF","BOSS","M","?","?","?","?","NM","?","R","T","M","?","?","?","$","R_BF","BOSS","M","?","?","M","M","NM","R","AVR","T","?","R","?","M","M","R_BF","BOSS","M","?","?","?","$","M","E","?","T","?","M","M","E","M","R","BOSS","M","$","?","?","M","R","?","E","T","?","R","?","R","M","R","BOSS"],"items_purchased_type":["Relic","Card","Relic","Relic","Relic","Relic","Relic"],"build_version":"2020-12-22","purchased_purges":6,"victory":false,"max_hp_per_floor":[72,72,72,72,73,73,74,75,75,75,76,76,76,77,77,78,78,79,79,80,81,81,82,82,83,83,84,85,85,85,85,85,86,91,92,93,94,94,95,96,96,96,96,97,103,103,109,109,109,110,116,117,117,123,124,125,126,126,126,132,132,132,138,139,140,140,141,159,160,160,161,161,161,162,163,163,169,170,171,172,173,174,174,175,132,133,133,100,100,101,101,102,103,116,116,116,116,116,117,117,118,118,118],"card_choices":[{"not_picked":["Replay:DivineShield","Replay:Vibes"],"picked":"Replay:Hum","floor":1.0},{"not_picked":["infinitespire:FinalStrike","infinitespire:Gouge"],"picked":"infinitespire:DeathsTouch","floor":2.0},{"not_picked":["Replay:ManipulateFuture","BowlingBash","Replay:BluntJabs"],"picked":"SKIP","floor":5.0},{"not_picked":["Collect","InnerPeace"],"picked":"Devotion","floor":7.0},{"not_picked":["Tantrum","Replay:ManipulateFuture"],"picked":"LikeWater","floor":8.0},{"not_picked":["Crescendo","Nirvana"],"picked":"JustLucky","floor":11.0},{"not_picked":["PathToVictory","Replay:ManipulateFuture","ClearTheMind"],"picked":"SKIP","floor":14.0},{"not_picked":["MasterReality","Ragnarok"],"picked":"DevaForm","floor":16.0},{"not_picked":["CutThroughFate","SignatureMove"],"picked":"Prostrate","floor":18.0},{"not_picked":["Replay:AtTheReady+1","ForeignInfluence+1"],"picked":"Protect+1","floor":20.0},{"not_picked":["FlurryOfBlows","WreathOfFlame+1"],"picked":"CutThroughFate+1","floor":21.0},{"not_picked":["Perseverance+1","ThirdEye+1"],"picked":"Pray+1","floor":23.0},{"not_picked":["InnerPeace+1","JustLucky"],"picked":"LessonLearned","floor":25.0},{"not_picked":["FollowUp","DeceiveReality+1"],"picked":"Fasting2+1","floor":27.0},{"not_picked":["Protect+1","FlyingSleeves"],"picked":"ThirdEye+1","floor":28.0},{"not_picked":["Blasphemy+1","DevaForm"],"picked":"Wish+1","floor":33.0},{"not_picked":["PathToVictory+1","Weave"],"picked":"Halt+1","floor":34.0},{"not_picked":["Crescendo+1","Halt+1","EmptyBody+1"],"picked":"SKIP","floor":35.0},{"not_picked":["JustLucky","ConjureBlade+1","SashWhip"],"picked":"SKIP","floor":36.0},{"not_picked":["JustLucky","SashWhip"],"picked":"ConjureBlade+1","floor":36.0},{"not_picked":["Replay:Battleflow+1","Replay:AtTheReady+1","PathToVictory+1"],"picked":"SKIP","floor":39.0},{"not_picked":["infinitespire:Fortify","infinitespire:NeuralNetwork"],"picked":"ReplayTheSpireMod:Chaos Vortex","floor":40.0},{"not_picked":["Replay:Battleflow+1","FlyingSleeves","WindmillStrike"],"picked":"SKIP","floor":40.0},{"not_picked":["Pray+1","ThirdEye+1","JustLucky"],"picked":"SKIP","floor":44.0},{"not_picked":["DeceiveReality+1","Pray+1"],"picked":"Establishment","floor":45.0},{"not_picked":["SpiritShield+1","Brilliance"],"picked":"DeusExMachina+1","floor":50.0},{"not_picked":["Wish","Brilliance"],"picked":"Alpha","floor":51.0},{"not_picked":["Impatience","expansioncontent:ManipulateTime"],"picked":"Replay:SS_forest_5","floor":51.0},{"not_picked":["infinitespire:NeuralNetwork","ReplayTheSpireMod:Chaos Vortex"],"picked":"infinitespire:Execution","floor":51.0},{"not_picked":["KidneyShot","hermit:Snapshot"],"picked":"hierophant:Punish","floor":51.0},{"not_picked":["BowlingBash","ConjureBlade+1","ReachHeaven"],"picked":"SKIP","floor":52.0},{"not_picked":["Sanctity+1","SignatureMove","Nirvana"],"picked":"SKIP","floor":55.0},{"not_picked":["DeceiveReality+1","Prostrate+1","SashWhip"],"picked":"SKIP","floor":56.0},{"not_picked":["ReplayTheSpireMod:Haul","ReplayTheSpireMod:Chaos Vortex"],"picked":"infinitespire:Gouge","floor":57.0},{"not_picked":["Meditate+1","Replay:Vibes+1","SashWhip"],"picked":"SKIP","floor":57.0},{"not_picked":["ClearTheMind+1","Protect+1","ThirdEye+1"],"picked":"SKIP","floor":64.0},{"not_picked":["Protect+1","Replay:ManipulateFuture+1","Evaluate+1"],"picked":"SKIP","floor":64.0},{"not_picked":["Vengeance+1","BowlingBash"],"picked":"Consecrate","floor":65.0},{"not_picked":["LikeWater","Replay:Vibes+1"],"picked":"Collect+1","floor":65.0},{"not_picked":["ReplayTheSpireMod:Chaos Vortex","infinitespire:Punishment"],"picked":"infinitespire:Starlight","floor":67.0},{"not_picked":["Brilliance","Wish+1"],"picked":"Vault+1","floor":67.0},{"not_picked":["Hallucinations","animator:Curse_Dizziness"],"picked":"TheCursedMod:Dregs","floor":68.0},{"not_picked":["Wraith","Overencumbered"],"picked":"sneckomod:Bewildered","floor":68.0},{"not_picked":["Hallucinations","infinitespire:Pacifist"],"picked":"hexamod:Haunted","floor":68.0},{"not_picked":["JustLucky","Replay:Hum+1"],"picked":"Consecrate","floor":69.0},{"not_picked":["Establishment","WheelKick"],"picked":"Worship+1","floor":69.0},{"not_picked":["Crescendo+1","Replay:ManipulateFuture+1"],"picked":"Swivel+1","floor":71.0},{"not_picked":["Fasting2","CutThroughFate","Replay:Hum+1"],"picked":"SKIP","floor":74.0},{"not_picked":["CrushJoints","Replay:Hum+1","Meditate+1"],"picked":"SKIP","floor":74.0},{"not_picked":["SashWhip","Replay:ManipulateFuture+1"],"picked":"MasterReality","floor":75.0},{"not_picked":["Halt+1","Evaluate+1","Replay:AtTheReady+1"],"picked":"SKIP","floor":78.0},{"not_picked":["Halt+1","Replay:Anticipation+1","Collect+1"],"picked":"SKIP","floor":78.0},{"not_picked":["FlyingSleeves+1","Replay:AtTheReady+1"],"picked":"Nirvana","floor":79.0},{"not_picked":["Protect+1","ForeignInfluence+1","EmptyBody+1"],"picked":"SKIP","floor":79.0},{"not_picked":["Halt+1","Replay:ManipulateFuture+1","JustLucky"],"picked":"SKIP","floor":80.0},{"not_picked":["Conclude+1","BowlingBash","ClearTheMind+1"],"picked":"SKIP","floor":80.0},{"not_picked":["CrushJoints","Replay:BluntJabs","EmptyBody+1"],"picked":"SKIP","floor":81.0},{"not_picked":["Nirvana+1","Ragnarok"],"picked":"EmptyFist+1","floor":82.0},{"not_picked":["Halt+1","SashWhip","Evaluate+1"],"picked":"SKIP","floor":82.0},{"not_picked":["MasterReality","Blasphemy+1"],"picked":"Judgement+1","floor":84.0},{"not_picked":["FollowUp","Worship+1","SashWhip+1"],"picked":"SKIP","floor":86.0},{"not_picked":["CrushJoints","Replay:BluntJabs","TalkToTheHand+1"],"picked":"SKIP","floor":86.0},{"not_picked":["Evaluate+1","PathToVictory+1","EmptyMind+1"],"picked":"SKIP","floor":90.0},{"not_picked":["Evaluate+1","CarveReality","EmptyFist"],"picked":"SKIP","floor":90.0},{"not_picked":["Meditate+1","EmptyBody+1","EmptyMind+1"],"picked":"SKIP","floor":92.0},{"not_picked":["EmptyFist+1","Evaluate+1","Swivel+1"],"picked":"SKIP","floor":92.0},{"not_picked":["Collect+1","Replay:Hum+1","Replay:AtTheReady+1"],"picked":"SKIP","floor":93.0},{"not_picked":["Perseverance+1","PathToVictory+1"],"picked":"DevaForm","floor":99},{"not_picked":["Perseverance+1","Worship+1","Replay:BluntJabs"],"picked":"SKIP","floor":99},{"not_picked":["DevaForm","Judgement+1"],"picked":"Vault+1","floor":101}],"player_experience":326681,"relics_obtained":[{"floor":7.0,"key":"Onion Ring"},{"floor":9.0,"key":"ReplayTheSpireMod:TigerMarble"},{"floor":19.0,"key":"Toxic Egg 2"},{"floor":23.0,"key":"Replay:Towering Pillar of Hats"},{"floor":25.0,"key":"infinitespire:EmpoweringShard"},{"floor":26.0,"key":"Pen Nib"},{"floor":30.0,"key":"Necronomicon"},{"floor":32.0,"key":"Smiling Mask"},{"floor":37.0,"key":"infinitespire:CursedDice"},{"floor":40.0,"key":"infinitespire:Lucky Rock"},{"floor":43.0,"key":"Darkstone Periapt"},{"floor":47.0,"key":"Ring of Searing"},{"floor":54.0,"key":"Blue Candle"},{"floor":57.0,"key":"StoneCalendar"},{"floor":60.0,"key":"Prayer Wheel"},{"floor":61.0,"key":"infinitespire:Golems Mask"},{"floor":71.0,"key":"Red Mask"},{"floor":75.0,"key":"infinitespire:CheckeredPen"},{"floor":77.0,"key":"White Beast Statue"},{"floor":81.0,"key":"The Courier"},{"floor":88.0,"key":"infinitespire:Lychee Nut"},{"floor":93.0,"key":"Eternal Feather"},{"floor":94.0,"key":"Strawberry"}],"event_choices":[{"damage_healed":0.0,"max_hp_gain":0.0,"max_hp_loss":0.0,"gold_gain":0.0,"event_name":"FaceTrader","player_choice":"Trade","floor":4.0,"gold_loss":0.0,"damage_taken":0.0,"relics_obtained":["FaceOfCleric"]},{"damage_healed":0.0,"max_hp_gain":0.0,"max_hp_loss":0.0,"gold_gain":0.0,"event_name":"Addict","player_choice":"Obtained Relic","floor":24.0,"gold_loss":85.0,"damage_taken":0.0,"relics_obtained":["Iron Hammer"]},{"damage_healed":0.0,"max_hp_gain":0.0,"max_hp_loss":0.0,"gold_gain":0.0,"event_name":"Cursed Tome","player_choice":"Obtained Book","floor":30.0,"gold_loss":0.0,"damage_taken":16.0},{"damage_healed":0.0,"max_hp_gain":0.0,"max_hp_loss":0.0,"gold_gain":0.0,"event_name":"MindBloom","player_choice":"Fight","floor":37.0,"gold_loss":0.0,"damage_taken":0.0},{"damage_healed":0.0,"max_hp_gain":0.0,"max_hp_loss":0.0,"gold_gain":0.0,"event_name":"Duplicator","player_choice":"Copied","floor":38.0,"gold_loss":0.0,"damage_taken":0.0,"cards_obtained":["infinitespire:TheBestDefense"]},{"damage_healed":0.0,"max_hp_gain":0.0,"max_hp_loss":0.0,"gold_gain":0.0,"event_name":"The Woman in Blue","player_choice":"Bought 1 Potion","floor":41.0,"gold_loss":0.0,"damage_taken":0.0},{"damage_healed":0.0,"max_hp_gain":0.0,"max_hp_loss":0.0,"gold_gain":0.0,"event_name":"Tomb of Lord Red Mask","player_choice":"Ignored","floor":46.0,"gold_loss":0.0,"damage_taken":0.0},{"cards_removed":["Strike_P"],"damage_healed":0.0,"max_hp_gain":0.0,"max_hp_loss":0.0,"gold_gain":0.0,"event_name":"Golden Wing","player_choice":"Card Removal","floor":53.0,"gold_loss":0.0,"damage_taken":7.0},{"damage_healed":0.0,"max_hp_gain":0.0,"max_hp_loss":0.0,"gold_gain":0.0,"event_name":"Big Fish","player_choice":"Box","floor":63.0,"gold_loss":0.0,"damage_taken":0.0,"relics_obtained":["Torii"],"cards_obtained":["Regret"]},{"cards_removed":["Regret"],"damage_healed":0.0,"max_hp_gain":0.0,"max_hp_loss":0.0,"gold_gain":0.0,"event_name":"Back to Basics","player_choice":"Elegance","floor":70.0,"gold_loss":0.0,"damage_taken":0.0},{"damage_healed":0.0,"max_hp_gain":0.0,"max_hp_loss":0.0,"gold_gain":0.0,"event_name":"Masked Bandits","player_choice":"Fought Bandits","floor":71.0,"gold_loss":0.0,"damage_taken":0.0},{"cards_removed":["hexamod:Haunted"],"damage_healed":0.0,"max_hp_gain":0.0,"max_hp_loss":0.0,"gold_gain":0.0,"event_name":"Beggar","player_choice":"Gave Gold","floor":72.0,"gold_loss":75.0,"damage_taken":0.0},{"damage_healed":0.0,"max_hp_gain":0.0,"max_hp_loss":0.0,"gold_gain":0.0,"event_name":"Drug Dealer","player_choice":"Inject Mutagens","floor":76.0,"gold_loss":0.0,"damage_taken":0.0,"relics_obtained":["MutagenicStrength"]},{"damage_healed":0.0,"max_hp_gain":0.0,"max_hp_loss":0.0,"gold_gain":0.0,"event_name":"Mysterious Sphere","player_choice":"Fight","floor":88.0,"gold_loss":0.0,"damage_taken":0.0},{"damage_healed":0.0,"max_hp_gain":0.0,"max_hp_loss":0.0,"gold_gain":0.0,"event_name":"Lab","player_choice":"Got Potions","floor":89.0,"gold_loss":0.0,"damage_taken":0.0},{"cards_removed":["LessonLearned"],"damage_healed":0.0,"max_hp_gain":0.0,"max_hp_loss":0.0,"gold_gain":0.0,"event_name":"Falling","player_choice":"Removed Attack","floor":97.0,"gold_loss":0.0,"damage_taken":0.0}],"is_beta":false,"boss_relics":[{"not_picked":["ChewingGum","Fusion Hammer"],"picked":"Snecko Eye"},{"not_picked":["SacredBark","Abe\u0027s Treasure"],"picked":"Tiny House"},{"not_picked":["Honey Jar","Pandora\u0027s Box"],"picked":"Replay:Grab Bag"},{"not_picked":["ReplayTheSpireMod:DimensionalGlitch","Philosopher\u0027s Stone"],"picked":"Cursed Key"},{"not_picked":["Replay:Fungal Core","Painkiller Herb"],"picked":"Replay:Wanted Poster"},{"not_picked":["Ring of Chaos","VioletLotus"],"picked":"Snecko Heart"},{"not_picked":["SlaversCollar","Runic Pyramid"],"picked":"ReplayTheSpireMod:SealedPack"},{"not_picked":["Coffee Dripper","Fusion Hammer"],"picked":"Replay:Ancient Bell"},{"not_picked":["Grinning Jar","Pet Ghost"],"picked":"Regal Pillow"},{"not_picked":["Pear","Replay:Bottled Snecko"],"picked":"Meat on the Bone"},{"not_picked":["Counterbalance","GoldenEye"],"picked":"Incense Burner"},{"not_picked":["Sozu","Honey Jar"],"picked":"Replay:Drink Me"},{"not_picked":["Ring of Chaos","Runic Pyramid"],"picked":"SacredBark"}],"items_purged_floors":[3,13,48,73,87,95],"is_endless":true,"potions_floor_spawned":[5,8,11,18,25,27,44,45,50,52,64,67,69,74,75,78,79,80,81,82,84,86,88,90,92,93,99,101],"ascension_level":0}}