{"host":"359hz4210ybch7ku","time":1609441858,"event":{"mods":["BaseMod","Block Reminder","Colored Map","Colored Powertips","Highlight Path","Minty Spire (QoL Compilation)","Slay the Relics Exporter","StSLib"],"gold_per_floor":[110,130,130,145,170,170,210,210,210,231,262,262,297,310,310,433,433,458,483,483,483],"floor_reached":20,"playtime":1948,"items_purged":[],"score":221,"play_id":"ac031f38-083a-4ce5-8e8e-f60e8a5baae2","local_time":"20201231111058","is_ascension_mode":false,"campfire_choices":[{"data":"ForeignInfluence","floor":6,"key":"SMITH"},{"data":"Eruption","floor":8,"key":"SMITH"},{"floor":15,"key":"REST"}],"circlet_count":0,"master_deck":["Strike_P","Strike_P","Strike_P","Defend_P","Defend_P","Eruption+1","Vigilance","ForeignInfluence+1","Crescendo","ClearTheMind","ClearTheMind","JustLucky","FollowUp","FlurryOfBlows","Iron Wave","FlyingSleeves","FlyingSleeves","ConjureBlade","FlyingSleeves","CutThroughFate+1"],"relics":["PureWater","Golden Idol","Bottled Lightning","Thread and Needle","Torii","Toy Ornithopter","Black Star"],"acts_visited":["Exordium","TheCity"],"potions_floor_usage":[11,11,16,16,16,16],"damage_taken":[{"damage":0,"enemies":"2 Louse","floor":1,"turns":1},{"damage":2,"enemies":"Cultist","floor":2,"turns":3},{"damage":11,"enemies":"Jaw Worm","floor":4,"turns":2},{"damage":7,"enemies":"Exordium Thugs","floor":5,"turns":3},{"damage":18,"enemies":"3 Sentries","floor":7,"turns":9},{"damage":0,"enemies":"3 Louse","floor":10,"turns":3},{"damage":0,"enemies":"Gremlin Nob","floor":11,"turns":2},{"damage":1,"enemies":"3 Sentries","floor":13,"turns":3},{"damage":0,"enemies":"Blue Slaver","floor":14,"turns":2},{"damage":5,"enemies":"Hexaghost","floor":16,"turns":9},{"damage":1,"enemies":"Shell Parasite","floor":18,"turns":4},{"damage":1,"enemies":"2 Thieves","floor":19,"turns":4},{"damage":70,"enemies":"Snake Plant","floor":20,"turns":5}],"seed_played":"-2240407266634398470","potions_obtained":[{"floor":2,"key":"FearPotion"},{"floor":4,"key":"EntropicBrew"},{"floor":7,"key":"Fire Potion"},{"floor":10,"key":"BlessingOfTheForge"},{"floor":18,"key":"Strength Potion"}],"is_trial":false,"path_per_floor":["M","M","?","M","M","R","E","R","T","M","E","?","E","M","R","B",null,"M","M","M"],"character_chosen":"WATCHER","items_purchased":[],"campfire_rested":1,"item_purchase_floors":[],"current_hp_per_floor":[51,49,49,38,31,31,13,13,13,13,13,13,12,12,32,47,67,66,65,0,0],"gold":483,"neow_bonus":"REMOVE_TWO","is_daily":false,"chose_seed":false,"campfire_upgraded":2,"win_rate":0.0,"timestamp":1609441858,"path_taken":["M","M","?","M","M","R","E","R","T","M","E","?","E","M","R","BOSS","M","?","M"],"items_purchased_type":[],"build_version":"2020-12-22","purchased_purges":0,"victory":false,"max_hp_per_floor":[72,72,67,67,67,67,67,67,67,67,67,67,67,67,67,67,67,67,67,67,67],"card_choices":[{"not_picked":["Consecrate","PathToVictory"],"picked":"ForeignInfluence","floor":1},{"not_picked":["Worship","Pray"],"picked":"Crescendo","floor":2},{"not_picked":["ThirdEye","FearNoEvil"],"picked":"ClearTheMind","floor":4},{"not_picked":["Worship","Perseverance"],"picked":"ClearTheMind","floor":5},{"not_picked":["ClearTheMind","ThirdEye"],"picked":"JustLucky","floor":7},{"not_picked":["Consecrate","Meditate"],"picked":"FollowUp","floor":10},{"not_picked":["ClearTheMind","WreathOfFlame"],"picked":"FlurryOfBlows","floor":11},{"not_picked":["EmptyFist","CarveReality"],"picked":"FlyingSleeves","floor":13},{"not_picked":["ReachHeaven","WaveOfTheHand"],"picked":"FlyingSleeves","floor":14},{"not_picked":["Ragnarok","Blasphemy"],"picked":"ConjureBlade","floor":16},{"not_picked":["CutThroughFate","ClearTheMind"],"picked":"FlyingSleeves","floor":18},{"not_picked":["Halt","Perseverance"],"picked":"CutThroughFate+1","floor":19}],"player_experience":94796,"relics_obtained":[{"floor":7,"key":"Bottled Lightning"},{"floor":9,"key":"Thread and Needle"},{"floor":11,"key":"Torii"},{"floor":13,"key":"Toy Ornithopter"}],"event_choices":[{"damage_healed":0,"gold_gain":0,"player_choice":"Lose Max HP","damage_taken":0,"relics_obtained":["Golden Idol"],"max_hp_gain":0,"max_hp_loss":5,"event_name":"Golden Idol","floor":3,"gold_loss":0},{"cards_removed":["Defend_P"],"damage_healed":0,"gold_gain":0,"player_choice":"Took Card","damage_taken":0,"max_hp_gain":0,"max_hp_loss":0,"event_name":"NoteForYourself","floor":12,"gold_loss":0,"cards_obtained":["Iron Wave"]}],"is_beta":false,"boss_relics":[{"not_picked":["Sozu","SacredBark"],"picked":"Black Star"}],"items_purged_floors":[],"is_endless":false,"potions_floor_spawned":[2,4,7,10,18],"killed_by":"Snake Plant","ascension_level":0}}