{"host":"j61pjxqytd94o6ng","time":1609450970,"event":{"mods":["BaseMod","Bestiary","Colored Map","Colored Powertips","Curses Come First","Minty Spire (QoL Compilation)","StSLib"],"gold_per_floor":[117,42,56,67,81,115,115,125,198,198,217,30,63,81,81,155,155,173,15,15,28,28,28,28],"floor_reached":23,"playtime":1126,"items_purged":[],"score":430,"play_id":"ff2bd6f6-ef4a-4a57-8b5a-01c25675917c","local_time":"20201231144250","is_ascension_mode":true,"campfire_choices":[{"data":"Riddle With Holes","floor":10.0,"key":"SMITH"},{"data":"Footwork","floor":15.0,"key":"SMITH"}],"circlet_count":0,"master_deck":["AscendersBane","Strike_G","Strike_G","Defend_G","Defend_G","Defend_G","Defend_G","Defend_G","Survivor","Neutralize","Deadly Poison","Footwork+1","Riddle With Holes+1","Leg Sweep","Heel Hook","Well Laid Plans","Outmaneuver","Envenom","PiercingWail","Noxious Fumes","Noxious Fumes","Footwork","Tools of the Trade","Wraith Form v2","Expertise+1","Noxious Fumes+1","Flying Knee+1","Apotheosis","Shame","Catalyst"],"relics":["Ring of the Snake","Regal Pillow","FossilizedHelix","The Courier","Ancient Tea Set","Astrolabe","Blue Candle","MutagenicStrength"],"acts_visited":["Exordium","TheCity"],"potions_floor_usage":[18,18],"damage_taken":[{"damage":7.0,"enemies":"Cultist","floor":1.0,"turns":5.0},{"damage":0.0,"enemies":"Jaw Worm","floor":3.0,"turns":4.0},{"damage":1.0,"enemies":"Small Slimes","floor":4.0,"turns":4.0},{"damage":7.0,"enemies":"Looter","floor":5.0,"turns":5.0},{"damage":11.0,"enemies":"Gremlin Nob","floor":6.0,"turns":3.0},{"damage":0.0,"enemies":"Exordium Wildlife","floor":8.0,"turns":5.0},{"damage":0.0,"enemies":"Blue Slaver","floor":11.0,"turns":3.0},{"damage":13.0,"enemies":"3 Sentries","floor":13.0,"turns":7.0},{"damage":20.0,"enemies":"Exordium Thugs","floor":14.0,"turns":6.0},{"damage":0.0,"enemies":"Hexaghost","floor":16.0,"turns":11.0},{"damage":0,"enemies":"3 Byrds","floor":18,"turns":6},{"damage":3,"enemies":"Spheric Guardian","floor":21,"turns":5},{"damage":53,"enemies":"Slavers","floor":23,"turns":4}],"seed_played":"2062244641254675760","potions_obtained":[{"floor":3.0,"key":"CunningPotion"},{"floor":5.0,"key":"PowerPotion"},{"floor":6.0,"key":"SmokeBomb"},{"floor":11.0,"key":"SpeedPotion"},{"floor":13.0,"key":"DuplicationPotion"}],"is_trial":false,"path_per_floor":["M","$","M","M","M","E","?","M","T","R","M","$","E","M","R","B",null,"M","$","?","M","?","E"],"character_chosen":"THE_SILENT","items_purchased":["Footwork","PiercingWail","Noxious Fumes","Noxious Fumes","Footwork","Apotheosis"],"campfire_rested":0,"item_purchase_floors":[2,12,12,12,12,19],"current_hp_per_floor":[58,58,58,57,50,39,39,39,39,39,39,39,26,6,6,6,56,56,56,56,53,53,0,0],"gold":28,"neow_bonus":"TEN_PERCENT_HP_BONUS","is_daily":false,"chose_seed":false,"campfire_upgraded":2,"win_rate":0.0,"timestamp":1609450970,"path_taken":["M","?","M","M","M","E","?","M","T","R","M","$","E","?","R","BOSS","M","$","?","M","?","E"],"items_purchased_type":["Card","Card","Card","Card","Card","Card"],"build_version":"2020-12-22","purchased_purges":0,"victory":false,"max_hp_per_floor":[72,72,72,72,72,72,72,72,72,72,72,72,72,72,72,72,72,72,72,72,72,72,72,72],"card_choices":[{"not_picked":["Backflip","Bane"],"picked":"Deadly Poison","floor":1.0},{"not_picked":["Finisher","Skewer"],"picked":"Riddle With Holes","floor":3.0},{"not_picked":["Deflect","Choke"],"picked":"Leg Sweep","floor":4.0},{"not_picked":["All Out Attack","Blade Dance"],"picked":"Heel Hook","floor":5.0},{"not_picked":["Terror","Quick Slash"],"picked":"Well Laid Plans","floor":6.0},{"not_picked":["Underhanded Strike","Dodge and Roll"],"picked":"Outmaneuver","floor":8.0},{"not_picked":["Deadly Poison","Reflex"],"picked":"Envenom","floor":11.0},{"not_picked":["Reflex","Prepared"],"picked":"Tools of the Trade","floor":13.0},{"not_picked":["Dodge and Roll","Skewer","Setup"],"picked":"SKIP","floor":14.0},{"not_picked":["Grand Finale","Glass Knife"],"picked":"Wraith Form v2","floor":16.0},{"not_picked":["Expertise","Deflect","Backstab"],"picked":"SKIP","floor":18},{"not_picked":["Cloak And Dagger","Outmaneuver"],"picked":"Catalyst","floor":21}],"player_experience":462769,"relics_obtained":[{"floor":6.0,"key":"Regal Pillow"},{"floor":9.0,"key":"The Courier"},{"floor":13.0,"key":"Ancient Tea Set"}],"event_choices":[{"damage_healed":0.0,"max_hp_gain":0.0,"max_hp_loss":0.0,"gold_gain":0.0,"event_name":"WeMeetAgain","player_choice":"Gave Potion","floor":7.0,"gold_loss":0.0,"damage_taken":0.0,"relics_obtained":["FossilizedHelix"]},{"damage_healed":0,"gold_gain":0,"player_choice":"Stole Relic","damage_taken":0,"relics_obtained":["Blue Candle"],"max_hp_gain":0,"max_hp_loss":0,"event_name":"Addict","floor":20,"gold_loss":0,"cards_obtained":["Shame"]},{"damage_healed":0,"gold_gain":0,"player_choice":"Inject Mutagens","damage_taken":0,"relics_obtained":["MutagenicStrength"],"max_hp_gain":0,"max_hp_loss":0,"event_name":"Drug Dealer","floor":22,"gold_loss":0}],"is_beta":false,"boss_relics":[{"not_picked":["Busted Crown","Ectoplasm"],"picked":"Astrolabe"}],"items_purged_floors":[],"is_endless":false,"potions_floor_spawned":[3,5,6,11,13,16],"killed_by":"Slavers","ascension_level":14}}