{"host":"khm4we1ijduz33xh","time":1609412487,"event":{"mods":["AchievementEnabler","BaseMod","Colored Map","Minty Spire (QoL Compilation)","Rare Cards Sparkle","StSLib","SuperFastMode"],"gold_per_floor":[112,125,125,138,63,63,97,97,97,124,142,162,182,182,182,287,287,304,50,68,84,104,104,115,115,115],"floor_reached":25,"playtime":744,"items_purged":["Strike_R"],"score":239,"play_id":"90e02af4-915f-44b3-abb3-210c5328b53d","local_time":"20201231200127","is_ascension_mode":true,"campfire_choices":[{"data":"Heavy Blade","floor":6,"key":"SMITH"},{"floor":8,"key":"RECALL"},{"data":"Seeing Red","floor":15,"key":"SMITH"},{"floor":23,"key":"REST"}],"circlet_count":0,"master_deck":["Strike_R","Strike_R","Defend_R","Defend_R","Defend_R","Bash","Spot Weakness+1","Shockwave","Heavy Blade+1","Heavy Blade","Seeing Red+1","Brutality","Berserk","Anger","Heavy Blade"],"relics":["Burning Blood","NeowsBlessing","HornCleat","Bottled Lightning","Empty Cage","Bottled Tornado"],"acts_visited":["Exordium","TheCity"],"potions_floor_usage":[22],"damage_taken":[{"damage":0,"enemies":"Jaw Worm","floor":1,"turns":1},{"damage":0,"enemies":"Cultist","floor":2,"turns":1},{"damage":0,"enemies":"Small Slimes","floor":4,"turns":1},{"damage":13,"enemies":"3 Sentries","floor":7,"turns":4},{"damage":11,"enemies":"Gremlin Nob","floor":10,"turns":4},{"damage":11,"enemies":"Looter","floor":11,"turns":2},{"damage":3,"enemies":"Exordium Thugs","floor":12,"turns":4},{"damage":9,"enemies":"Blue Slaver","floor":13,"turns":2},{"damage":23,"enemies":"Hexaghost","floor":16,"turns":7},{"damage":30,"enemies":"Spheric Guardian","floor":18,"turns":4},{"damage":19,"enemies":"Chosen","floor":20,"turns":3},{"damage":29,"enemies":"Shelled Parasite and Fungi","floor":21,"turns":3},{"damage":13,"enemies":"Snecko","floor":22,"turns":5},{"damage":18,"enemies":"Cultist and Chosen","floor":24,"turns":3},{"damage":31,"enemies":"Book of Stabbing","floor":25,"turns":2}],"seed_played":"7142120955904218886","potions_obtained":[{"floor":2,"key":"LiquidBronze"},{"floor":4,"key":"Strength Potion"},{"floor":11,"key":"SmokeBomb"},{"floor":13,"key":"Explosive Potion"},{"floor":20,"key":"SkillPotion"},{"floor":21,"key":"Ancient Potion"}],"is_trial":false,"path_per_floor":["M","M","?","M","$","R","E","R","T","E","M","M","M","?","R","B",null,"M","$","M","M","M","R","M","E"],"character_chosen":"IRONCLAD","items_purchased":["Bottled Tornado"],"campfire_rested":1,"item_purchase_floors":[19],"current_hp_per_floor":[80,80,80,80,80,80,73,73,73,68,63,66,63,63,63,46,80,56,56,43,20,13,37,25,0,0],"gold":115,"neow_bonus":"THREE_ENEMY_KILL","is_daily":false,"chose_seed":false,"campfire_upgraded":2,"win_rate":0.0,"timestamp":1609412487,"path_taken":["M","M","?","M","$","R","E","R","T","E","M","M","?","?","R","BOSS","M","$","M","M","M","R","M","E"],"items_purchased_type":["Relic"],"build_version":"2020-12-22","purchased_purges":1,"victory":false,"max_hp_per_floor":[80,80,80,80,80,80,80,80,80,80,80,80,80,80,80,80,80,80,80,80,80,80,80,80,80,80],"card_choices":[{"not_picked":["Perfected Strike","Thunderclap"],"picked":"Spot Weakness","floor":1},{"not_picked":["Rampage","Reckless Charge"],"picked":"Shockwave","floor":2},{"not_picked":["Clash","Disarm"],"picked":"Heavy Blade","floor":4},{"not_picked":["Thunderclap","Evolve"],"picked":"Heavy Blade","floor":7},{"not_picked":["Clothesline","Armaments","Seeing Red"],"picked":"SKIP","floor":10},{"not_picked":["Clothesline","Armaments"],"picked":"Seeing Red","floor":10},{"not_picked":["Sentinel","Wild Strike"],"picked":"Brutality","floor":11},{"not_picked":["Searing Blow","Sword Boomerang","Pommel Strike"],"picked":"SKIP","floor":12},{"not_picked":["Carnage","Clash","Searing Blow"],"picked":"SKIP","floor":13},{"not_picked":["Fiend Fire","Impervious"],"picked":"Berserk","floor":16},{"not_picked":["Evolve","True Grit"],"picked":"Anger","floor":18},{"not_picked":["Rampage","Whirlwind","Pommel Strike"],"picked":"SKIP","floor":20},{"not_picked":["Fire Breathing","True Grit+1","Uppercut+1"],"picked":"SKIP","floor":21},{"not_picked":["Headbutt","Wild Strike"],"picked":"Heavy Blade","floor":22},{"not_picked":["Pummel","Ghostly Armor","Rampage"],"picked":"SKIP","floor":24}],"player_experience":160937,"relics_obtained":[{"floor":7,"key":"HornCleat"},{"floor":10,"key":"Bottled Lightning"}],"event_choices":[{"damage_healed":0,"gold_gain":0,"player_choice":"Upgraded","damage_taken":0,"max_hp_gain":0,"max_hp_loss":0,"event_name":"Upgrade Shrine","floor":3,"gold_loss":0,"cards_upgraded":["Spot Weakness"]},{"cards_removed":["Strike_R"],"damage_healed":0,"gold_gain":0,"player_choice":"Forget","damage_taken":0,"max_hp_gain":0,"max_hp_loss":0,"event_name":"Living Wall","floor":14,"gold_loss":0}],"is_beta":false,"boss_relics":[{"not_picked":["Tiny House","SacredBark"],"picked":"Empty Cage"}],"items_purged_floors":[5],"is_endless":false,"potions_floor_spawned":[2,4,11,13,20,21],"killed_by":"Book of Stabbing","ascension_level":2}}