{"host":"nfszlmdemd3j3v8n","time":1609452753,"event":{"mods":["Arknights The Spire","BaseMod","Colored Map","GifTheSpireLib","Minty Spire (QoL Compilation)","Robot Space Explorer","StSLib","The Dragon Tamer"],"gold_per_floor":[117,132,149,163,180,180,209,209,209,209,243,255,272,283,283,386,386,406,304,316,344,364,364,395,395,421,432,442,475,486,486,486,582,582,593,593,607,213,228,246,246,468,540,559,572,572,588,605,605,605],"floor_reached":51,"playtime":5043,"items_purged":["RobotSpaceExplorer:Strike","RobotSpaceExplorer:ToxicBomb+1"],"score":759,"play_id":"bc64e348-4c6e-4d7a-931e-c6c9085c751f","local_time":"20201231171233","is_ascension_mode":false,"campfire_choices":[{"data":"RobotSpaceExplorer:MiniLasers","floor":6.0,"key":"SMITH"},{"data":"RobotSpaceExplorer:PowerGlove","floor":8.0,"key":"SMITH"},{"data":"RobotSpaceExplorer:Fix","floor":10.0,"key":"SMITH"},{"data":"RobotSpaceExplorer:ShockMissile","floor":15.0,"key":"SMITH"},{"data":"RobotSpaceExplorer:MiniDrones","floor":23,"key":"SMITH"},{"data":"RobotSpaceExplorer:Comet","floor":25,"key":"SMITH"},{"data":"RobotSpaceExplorer:MiniDrones","floor":32,"key":"SMITH"},{"data":"RobotSpaceExplorer:MiniDrones","floor":41,"key":"SMITH"},{"data":"RobotSpaceExplorer:ImprovisedAttack","floor":46,"key":"SMITH"},{"floor":49,"key":"REST"}],"circlet_count":0,"master_deck":["RobotSpaceExplorer:Defend","RobotSpaceExplorer:Defend","RobotSpaceExplorer:Defend","RobotSpaceExplorer:Defend","RobotSpaceExplorer:Scan","RobotSpaceExplorer:MiniLasers+1","RobotSpaceExplorer:PowerGlove+1","RobotSpaceExplorer:MetalStrike","RobotSpaceExplorer:ScrapShield","RobotSpaceExplorer:MiniDrones+1","RobotSpaceExplorer:FreezeRay","RobotSpaceExplorer:Fix+1","RobotSpaceExplorer:RigExplosive","RobotSpaceExplorer:ShockMissile+1","RobotSpaceExplorer:ImprovisedAttack+1","RobotSpaceExplorer:Comet+1","RobotSpaceExplorer:FreezingShield+1","RobotSpaceExplorer:MiniDrones+1","RobotSpaceExplorer:ScrapMissile","RobotSpaceExplorer:RigExplosive","RobotSpaceExplorer:Fix+1","RobotSpaceExplorer:MiniDrones+1","RobotSpaceExplorer:Counterblock+1","RobotSpaceExplorer:Smokescreen+1","Parasite","RobotSpaceExplorer:Ammunition+1","RobotSpaceExplorer:MiniDrones+1","RobotSpaceExplorer:LaserBurst+1","RobotSpaceExplorer:MiniBoosters+1"],"relics":["RobotSpaceExplorer:RoboCore","Juzu Bracelet","ats:Originium","Lantern","Centennial Puzzle","RobotSpaceExplorer:SearchSpecs","Red Mask","Pear","Strawberry","Gremlin Horn","Astrolabe","Vajra","PreservedInsect","Singing Bowl"],"acts_visited":["Exordium","TheCity","TheBeyond"],"potions_floor_usage":[18,21,22,22,24,24,27,28,28,29,29,29,29,33,33,35,35,39,39,40,40,40,45,45,48,50,50,50,50,50],"damage_taken":[{"damage":0.0,"enemies":"Cultist","floor":1.0,"turns":4.0},{"damage":7.0,"enemies":"Small Slimes","floor":2.0,"turns":3.0},{"damage":0.0,"enemies":"Jaw Worm","floor":3.0,"turns":2.0},{"damage":1.0,"enemies":"Blue Slaver","floor":4.0,"turns":2.0},{"damage":0.0,"enemies":"Looter","floor":5.0,"turns":3.0},{"damage":9.0,"enemies":"Lagavulin","floor":7.0,"turns":5.0},{"damage":29.0,"enemies":"3 Sentries","floor":11.0,"turns":9.0},{"damage":0.0,"enemies":"Exordium Thugs","floor":12.0,"turns":3.0},{"damage":0.0,"enemies":"3 Louse","floor":13.0,"turns":3.0},{"damage":0.0,"enemies":"Looter","floor":14.0,"turns":2.0},{"damage":22.0,"enemies":"The Guardian","floor":16.0,"turns":10.0},{"damage":0,"enemies":"3 Byrds","floor":18,"turns":5},{"damage":15,"enemies":"2 Thieves","floor":20,"turns":3},{"damage":13,"enemies":"Masked Bandits","floor":21,"turns":4},{"damage":5,"enemies":"Shelled Parasite and Fungi","floor":22,"turns":2},{"damage":12,"enemies":"Book of Stabbing","floor":24,"turns":5},{"damage":7,"enemies":"Centurion and Healer","floor":27,"turns":8},{"damage":12,"enemies":"Sentry and Sphere","floor":28,"turns":5},{"damage":26,"enemies":"Gremlin Leader","floor":29,"turns":5},{"damage":12,"enemies":"Snake Plant","floor":30,"turns":6},{"damage":61,"enemies":"Automaton","floor":33,"turns":12},{"damage":4,"enemies":"3 Shapes","floor":35,"turns":3},{"damage":0,"enemies":"Orb Walker","floor":37,"turns":3},{"damage":20,"enemies":"Writhing Mass","floor":39,"turns":5},{"damage":31,"enemies":"Transient","floor":40,"turns":5},{"damage":10,"enemies":"Spire Growth","floor":44,"turns":4},{"damage":0,"enemies":"Jaw Worm Horde","floor":45,"turns":3},{"damage":13,"enemies":"3 Darklings","floor":47,"turns":4},{"damage":1,"enemies":"Spire Growth","floor":48,"turns":4},{"damage":42,"enemies":"Awakened One","floor":50,"turns":12}],"seed_played":"-1488529710025131344","potions_obtained":[{"floor":1.0,"key":"Fire Potion"},{"floor":2.0,"key":"ColorlessPotion"},{"floor":7.0,"key":"SkillPotion"},{"floor":22,"key":"DistilledChaos"},{"floor":29,"key":"Fruit Juice"},{"floor":44,"key":"SkillPotion"}],"is_trial":false,"path_per_floor":["M","M","M","M","M","R","E","R","T","R","E","M","M","M","R","B",null,"M","$","M","?","M","R","E","R","T","M","M","E","M","?","R","B",null,"M","?","M","$","M","M","R","?","T","M","M","R","M","M","R","B",null],"character_chosen":"RobotSpaceExplorer","items_purchased":["RobotSpaceExplorer:MiniDrones","Vajra","PreservedInsect"],"campfire_rested":1,"item_purchase_floors":[19,38,38],"current_hp_per_floor":[82,75,75,74,74,74,65,65,65,65,42,42,48,54,54,38,82,82,82,73,66,61,61,65,65,72,71,71,51,51,51,51,7,104,100,100,100,100,92,73,73,73,73,77,91,91,78,83,108,72],"gold":605,"neow_bonus":"TEN_PERCENT_HP_BONUS","is_daily":false,"chose_seed":false,"campfire_upgraded":9,"win_rate":0.0,"timestamp":1609452753,"path_taken":["M","?","M","M","M","R","E","R","T","R","E","M","M","M","R","BOSS","M","$","M","?","M","R","E","R","T","M","M","E","M","?","R","BOSS","M","?","M","$","M","M","R","?","T","M","M","R","M","M","R","BOSS"],"items_purchased_type":["Card","Relic","Relic"],"build_version":"2020-12-22","purchased_purges":2,"victory":true,"max_hp_per_floor":[82,82,82,82,82,82,82,82,82,82,82,82,82,82,82,82,82,82,82,82,82,82,82,92,92,99,99,99,99,99,99,99,104,104,104,104,104,104,104,104,104,104,104,106,108,108,108,108,108,108],"card_choices":[{"not_picked":["RobotSpaceExplorer:MiniBoosters","RobotSpaceExplorer:SlimeMissile"],"picked":"RobotSpaceExplorer:PowerGlove","floor":1.0},{"not_picked":["RobotSpaceExplorer:GlueSpray","RobotSpaceExplorer:ScrapToss"],"picked":"RobotSpaceExplorer:MetalStrike","floor":2.0},{"not_picked":["RobotSpaceExplorer:ImprovisedAttack","RobotSpaceExplorer:Discharger"],"picked":"RobotSpaceExplorer:ScrapShield","floor":3.0},{"not_picked":["RobotSpaceExplorer:JunkDive","RobotSpaceExplorer:Electroshield"],"picked":"RobotSpaceExplorer:MiniDrones","floor":4.0},{"not_picked":["RobotSpaceExplorer:ScrapToss","RobotSpaceExplorer:ShockKick"],"picked":"RobotSpaceExplorer:FreezeRay","floor":5.0},{"not_picked":["RobotSpaceExplorer:TurboDodge","RobotSpaceExplorer:ScrapShield"],"picked":"RobotSpaceExplorer:Fix","floor":7.0},{"not_picked":["RobotSpaceExplorer:SurgingStrike","RobotSpaceExplorer:StunGrenade","RobotSpaceExplorer:GearShield"],"picked":"SKIP","floor":11.0},{"not_picked":["RobotSpaceExplorer:GlueSpray","RobotSpaceExplorer:SlimeMissile"],"picked":"RobotSpaceExplorer:RigExplosive","floor":12.0},{"not_picked":["RobotSpaceExplorer:ExhaustFan","RobotSpaceExplorer:ShovelStrike"],"picked":"RobotSpaceExplorer:ShockMissile","floor":13.0},{"not_picked":["RobotSpaceExplorer:BigMissile","RobotSpaceExplorer:Counterblock"],"picked":"RobotSpaceExplorer:ImprovisedAttack","floor":14.0},{"not_picked":["RobotSpaceExplorer:Blaster","RobotSpaceExplorer:Wormhole"],"picked":"RobotSpaceExplorer:Comet","floor":16.0},{"not_picked":["RobotSpaceExplorer:FrostMissile","RobotSpaceExplorer:ImprovisedAttack"],"picked":"RobotSpaceExplorer:FreezingShield+1","floor":18},{"not_picked":["RobotSpaceExplorer:DoubleBlock","RobotSpaceExplorer:GlueShot"],"picked":"RobotSpaceExplorer:ScrapMissile","floor":20},{"not_picked":["RobotSpaceExplorer:StunGrenade+1","RobotSpaceExplorer:ShockKick"],"picked":"RobotSpaceExplorer:RigExplosive","floor":22},{"not_picked":["RobotSpaceExplorer:SurgingStrike","RobotSpaceExplorer:ToxicBomb","RobotSpaceExplorer:ShovelStrike"],"picked":"SKIP","floor":24},{"not_picked":["RobotSpaceExplorer:Reload","RobotSpaceExplorer:FrostMissile+1"],"picked":"RobotSpaceExplorer:Fix+1","floor":27},{"not_picked":["RobotSpaceExplorer:GlueSpray","RobotSpaceExplorer:GlueShot","RobotSpaceExplorer:TurboDodge"],"picked":"SKIP","floor":28},{"not_picked":["RobotSpaceExplorer:MetalStrike","RobotSpaceExplorer:JunkDive+1"],"picked":"RobotSpaceExplorer:MiniDrones","floor":29},{"not_picked":["RobotSpaceExplorer:ChargingLaser","RobotSpaceExplorer:SurgingStrike+1"],"picked":"RobotSpaceExplorer:Counterblock+1","floor":30},{"not_picked":["RobotSpaceExplorer:DroneSwarm","RobotSpaceExplorer:ShockMissile"],"picked":"RobotSpaceExplorer:Wormhole","floor":33},{"not_picked":["RobotSpaceExplorer:SurgingStrike+1","RobotSpaceExplorer:ShockKick","RobotSpaceExplorer:ShovelStrike"],"picked":"SKIP","floor":35},{"not_picked":["RobotSpaceExplorer:Pulsar","RobotSpaceExplorer:MiniDrones","RobotSpaceExplorer:TurboDodge+1"],"picked":"SKIP","floor":37},{"not_picked":["RobotSpaceExplorer:BigMissile+1","RobotSpaceExplorer:ScrapMissile"],"picked":"RobotSpaceExplorer:Ammunition+1","floor":39},{"not_picked":["RobotSpaceExplorer:Pulsar+1","RobotSpaceExplorer:MetalStrike+1"],"picked":"RobotSpaceExplorer:MiniDrones+1","floor":40},{"not_picked":["RobotSpaceExplorer:ScrapMissile","RobotSpaceExplorer:Smokescreen+1","RobotSpaceExplorer:MiniDrones"],"picked":"Singing Bowl","floor":44},{"not_picked":["RobotSpaceExplorer:MiniDrones+1","RobotSpaceExplorer:PlasmaMissile+1","RobotSpaceExplorer:ShockKick"],"picked":"Singing Bowl","floor":45},{"not_picked":["RobotSpaceExplorer:SlimeMissile+1","RobotSpaceExplorer:SwiftStep"],"picked":"RobotSpaceExplorer:LaserBurst+1","floor":47},{"not_picked":["RobotSpaceExplorer:ShockKick","RobotSpaceExplorer:StarLightning+1"],"picked":"RobotSpaceExplorer:MiniBoosters+1","floor":48}],"player_experience":1043440,"relics_obtained":[{"floor":7.0,"key":"Juzu Bracelet"},{"floor":7.0,"key":"ats:Originium"},{"floor":9.0,"key":"Lantern"},{"floor":11.0,"key":"ats:Originium"},{"floor":11.0,"key":"Centennial Puzzle"},{"floor":21,"key":"Red Mask"},{"floor":24,"key":"ats:Originium"},{"floor":24,"key":"Pear"},{"floor":26,"key":"Strawberry"},{"floor":29,"key":"Gremlin Horn"},{"floor":43,"key":"Singing Bowl"}],"event_choices":[{"damage_healed":0,"gold_gain":0,"player_choice":"Fought Bandits","damage_taken":0,"max_hp_gain":0,"max_hp_loss":0,"event_name":"Masked Bandits","floor":21,"gold_loss":0},{"damage_healed":0,"gold_gain":0,"player_choice":"Ignored","damage_taken":0,"max_hp_gain":0,"max_hp_loss":0,"event_name":"Ghosts","floor":31,"gold_loss":0},{"damage_healed":0,"gold_gain":0,"player_choice":"Memory 1","damage_taken":0,"max_hp_gain":0,"max_hp_loss":0,"event_name":"SensoryStone","floor":36,"gold_loss":0},{"damage_healed":0,"gold_gain":222,"player_choice":"Wore Mask","damage_taken":0,"max_hp_gain":0,"max_hp_loss":0,"event_name":"Tomb of Lord Red Mask","floor":42,"gold_loss":0}],"is_beta":false,"boss_relics":[{"not_picked":["Fusion Hammer","Black Star"],"picked":"RobotSpaceExplorer:SearchSpecs"},{"not_picked":["Calling Bell","Coffee Dripper"],"picked":"Astrolabe"}],"items_purged_floors":[19,38],"is_endless":false,"potions_floor_spawned":[1,2,7,14,16,18,20,22,28,29,39,40,44,47],"ascension_level":0}}