{"host":"9kuc8qxv67wkis18","time":1609448451,"event":{"mods":["2.2 Compatiblity","AchievementEnabler","Aspiration","Astrologer","Bard","BaseMod","Beaked The Cultist","Bestiary","Better Note","Better Third Choice","Block Reminder","Challenge The Spire","ChefMod","Conspire","Curses Come First","GifTheSpireLib","Glutton Mod","Halation","Hermit","Highlight Path","Hubris","Infinite Spire","Jorbs\u0027s Wanderer Trilogy","Marked Mod","Melee Mod","Minty Spire (QoL Compilation)","Permanent Neow","Potionbrewer","Random Character Button","Rare Cards Sparkle","Replay The Spire","Shade Mod","Somnambulant","Spikes Relics","StSLib","Stuff the Spire","The Accelerator","The Blue Laboratory","The Caster","The Construct","The Cursed","The Disciple","The Florist","The Forsaken","The Hierophant","The Judge","The Juggle","The Jungle","The Marked","The Necromancer","The Showman","The Wild Card","TheArtist","Thieving Mod","everything is the same but u backflip on backflip","thorton","vexMod"],"gold_per_floor":[118,43,218,118,118,118,148,160,186,186,213,226,253,266,266,266,266],"floor_reached":16,"playtime":764,"items_purged":["hermit:Strike_Hermit","Doubt"],"score":124,"play_id":"557cf0fe-c22b-42cc-be27-fb498c72e1c8","local_time":"20201231160051","is_ascension_mode":true,"campfire_choices":[{"data":"hermit:GoldenBullet","floor":6,"key":"SMITH"},{"data":"hermit:GoldenBullet","floor":10,"key":"SMITH"},{"floor":15,"key":"REST"}],"circlet_count":0,"master_deck":["hermit:Strike_Hermit","hermit:Strike_Hermit","hermit:Strike_Hermit","hermit:Defend_Hermit","hermit:Defend_Hermit","hermit:Defend_Hermit","hermit:Defend_Hermit","hermit:Snapshot","hermit:Covet","hermit:GoldenBullet+1","hermit:GoldenBullet+1","hermit:Determination"],"relics":["hermit:Momento","halation:QuantumPhysicsTextbook","Strawberry","Calipers","conspire:TopHat"],"acts_visited":["Exordium"],"potions_floor_usage":[13,16],"damage_taken":[{"damage":5,"enemies":"Cultist","floor":1,"turns":4},{"damage":17,"enemies":"Replay:BlueRogue","floor":7,"turns":8},{"damage":5,"enemies":"2 Louse","floor":8,"turns":2},{"damage":21,"enemies":"Gremlin Nob","floor":11,"turns":4},{"damage":1,"enemies":"Jaw Worm","floor":12,"turns":2},{"damage":16,"enemies":"Lagavulin","floor":13,"turns":6},{"damage":10,"enemies":"Exordium Thugs","floor":14,"turns":3},{"damage":31,"enemies":"Slime Boss","floor":16,"turns":7}],"seed_played":"-4554935057166845530","potions_obtained":[{"floor":1,"key":"blueLaboratory:PhilterOfMotion"},{"floor":5,"key":"potionbrewer:CleansingPotion"},{"floor":5,"key":"blueLaboratory:ImpenetrablePotion"},{"floor":5,"key":"infinitespire:BlackPotion"},{"floor":13,"key":"Swift Potion"}],"is_trial":false,"path_per_floor":["M","$","?","$","?","R","E","M","T","R","E","M","E","M","R","B"],"character_chosen":"HERMIT","items_purchased":[],"campfire_rested":1,"item_purchase_floors":[],"current_hp_per_floor":[70,70,70,70,70,70,53,48,55,55,34,33,17,7,31,0,0],"gold":266,"neow_bonus":"THREE_CARDS","is_daily":false,"chose_seed":false,"campfire_upgraded":2,"win_rate":0.0,"timestamp":1609448451,"path_taken":["M","?","?","$","?","R","E","?","T","R","E","M","E","M","R","BOSS"],"items_purchased_type":[],"build_version":"2020-12-22","purchased_purges":2,"victory":false,"max_hp_per_floor":[75,75,75,75,75,75,75,75,82,82,82,82,82,82,82,82,82],"card_choices":[{"not_picked":["hermit:FlashPowder","hermit:Horror"],"picked":"hermit:GoldenBullet","floor":1},{"not_picked":["hermit:Ricochet","hermit:Midnight","hermit:Coalescence"],"picked":"SKIP","floor":7},{"not_picked":["hermit:NoHoldsBarred","hermit:Combo"],"picked":"hermit:GoldenBullet","floor":8},{"not_picked":["hermit:Manifest","hermit:RoundhouseKick","hermit:Deadeye"],"picked":"SKIP","floor":11},{"not_picked":["hermit:Midnight","hermit:ShadowCloak","hermit:Coalescence"],"picked":"SKIP","floor":12},{"not_picked":["hermit:Virtue","hermit:ItchyTrigger","hermit:Midnight"],"picked":"SKIP","floor":13},{"not_picked":["hermit:Showdown","hermit:CalledShot"],"picked":"hermit:Determination","floor":14}],"player_experience":146578,"relics_obtained":[{"floor":7,"key":"halation:QuantumPhysicsTextbook"},{"floor":9,"key":"Strawberry"},{"floor":11,"key":"Calipers"},{"floor":13,"key":"conspire:TopHat"}],"event_choices":[{"damage_healed":0,"gold_gain":175,"player_choice":"AGREE","damage_taken":43,"max_hp_gain":0,"max_hp_loss":0,"event_name":"betterThird:BetterSerpent","floor":3,"gold_loss":0},{"damage_healed":0,"gold_gain":0,"player_choice":"Got Potions","damage_taken":0,"max_hp_gain":0,"max_hp_loss":0,"event_name":"Lab","floor":5,"gold_loss":0}],"is_beta":false,"boss_relics":[],"items_purged_floors":[2,4],"is_endless":false,"potions_floor_spawned":[1,11,12,13],"killed_by":"Slime Boss","ascension_level":1}}