{"host":"k4et7hlhlqy8fuoz","time":1609410680,"event":{"mods":["2.2 Compatiblity","AchievementEnabler","BaseMod","Colored Map","DeckTracker","Highlight Path","Minty Spire (QoL Compilation)","Random Character Button","Rare Cards Sparkle"],"gold_per_floor":[109,4,179,192,36,36,36,54,54,107,107,127,127,24,24,122,122,136,136,150,150,49,49,49,49,49,49,49,65,39,39,39,39,39],"floor_reached":33,"playtime":2487,"items_purged":["Doubt"],"score":229,"play_id":"25b3d8e1-693a-47e6-8045-cc47e7f4afb8","local_time":"20201231113120","is_ascension_mode":false,"campfire_choices":[{"data":"Good Instincts","floor":6,"key":"SMITH"},{"data":"Searing Blow+1","floor":13,"key":"SMITH"},{"data":"Searing Blow+2","floor":15,"key":"SMITH"},{"floor":23,"key":"REST"},{"floor":25,"key":"REST"},{"data":"Anger","floor":27,"key":"SMITH"},{"floor":32,"key":"REST"}],"circlet_count":0,"master_deck":["Strike_R+1","Strike_R+1","Strike_R+1","Strike_R+1","Strike_R+1","Defend_R+1","Defend_R+1","Defend_R+1","Defend_R+1","Bash","Bandage Up","Cleave","Pommel Strike","Rampage","Searing Blow+3","Good Instincts+1","Uppercut","Shockwave","Shrug It Off","Anger+1","Feed","Clothesline","Uppercut+1","Pummel","Shrug It Off","Infernal Blade","Headbutt","Intimidate"],"relics":["Burning Blood","Mummified Hand","HornCleat","SacredBark","Nilry\u0027s Codex","Calipers"],"acts_visited":["Exordium","TheCity"],"potions_floor_usage":[33,33],"damage_taken":[{"damage":12,"enemies":"Small Slimes","floor":1,"turns":4},{"damage":7,"enemies":"2 Louse","floor":4,"turns":2},{"damage":11,"enemies":"Jaw Worm","floor":8,"turns":2},{"damage":0,"enemies":"Blue Slaver","floor":12,"turns":3},{"damage":23,"enemies":"Slime Boss","floor":16,"turns":8},{"damage":41,"enemies":"Shell Parasite","floor":18,"turns":7},{"damage":6,"enemies":"Chosen","floor":20,"turns":3},{"damage":49,"enemies":"3 Cultists","floor":29,"turns":8},{"damage":90,"enemies":"Collector","floor":33,"turns":6}],"seed_played":"7459731191838839852","potions_obtained":[{"floor":1,"key":"Regen Potion"},{"floor":4,"key":"DistilledChaos"},{"floor":16,"key":"Dexterity Potion"}],"is_trial":false,"path_per_floor":["M","$","?","M","$","R","?","M","T","?","?","M","R","$","R","B",null,"M","?","M","?","$","R","?","R","T","R","$","M","$","?","R","B"],"character_chosen":"IRONCLAD","items_purchased":["Pommel Strike","Rampage","Good Instincts","Shrug It Off","Anger","Pummel","Shrug It Off","Headbutt"],"campfire_rested":3,"item_purchase_floors":[2,2,5,14,14,22,22,30],"current_hp_per_floor":[78,78,78,77,77,77,77,75,75,75,68,78,78,78,78,61,80,49,49,53,38,38,63,47,72,72,72,72,33,33,33,58,0,0],"gold":39,"neow_bonus":"RANDOM_COLORLESS","is_daily":false,"chose_seed":false,"campfire_upgraded":4,"win_rate":0.0,"timestamp":1609410680,"path_taken":["M","$","?","M","$","R","?","M","T","?","?","M","R","$","R","BOSS","M","?","M","?","$","R","?","R","T","R","$","M","?","?","R","BOSS"],"items_purchased_type":["Card","Card","Card","Card","Card","Card","Card","Card"],"build_version":"2020-12-22","purchased_purges":1,"victory":false,"max_hp_per_floor":[80,80,80,80,80,80,80,80,80,80,80,80,80,80,80,80,80,80,80,80,85,85,85,85,85,85,85,85,85,85,85,85,85,85],"card_choices":[{"not_picked":["Impatience","Finesse"],"picked":"Bandage Up","floor":0},{"not_picked":["Iron Wave","Combust"],"picked":"Cleave","floor":1},{"not_picked":["Clothesline","Sword Boomerang"],"picked":"Searing Blow","floor":4},{"not_picked":["Whirlwind","Shrug It Off"],"picked":"Uppercut","floor":8},{"not_picked":["Thunderclap","Sword Boomerang"],"picked":"Shockwave","floor":12},{"not_picked":["Brutality","Double Tap"],"picked":"Feed","floor":16},{"not_picked":["Armaments","Heavy Blade"],"picked":"Clothesline","floor":18},{"not_picked":["Warcry","Power Through"],"picked":"Uppercut+1","floor":20},{"not_picked":["Flex","Power Through"],"picked":"Infernal Blade","floor":29}],"player_experience":42627,"relics_obtained":[{"floor":9,"key":"Mummified Hand"},{"floor":24,"key":"Nilry\u0027s Codex"},{"floor":26,"key":"Calipers"}],"event_choices":[{"damage_healed":0,"gold_gain":175,"player_choice":"AGREE","damage_taken":0,"max_hp_gain":0,"max_hp_loss":0,"event_name":"Liars Game","floor":3,"gold_loss":0,"cards_obtained":["Doubt"]},{"damage_healed":0,"gold_gain":0,"player_choice":"Grow","damage_taken":0,"max_hp_gain":0,"max_hp_loss":0,"event_name":"Living Wall","floor":7,"gold_loss":0,"cards_upgraded":["Searing Blow"]},{"damage_healed":0,"gold_gain":53,"player_choice":"Gained Gold","damage_taken":0,"max_hp_gain":0,"max_hp_loss":0,"event_name":"Golden Wing","floor":10,"gold_loss":0},{"damage_healed":0,"gold_gain":0,"player_choice":"Success","damage_taken":7,"relics_obtained":["HornCleat"],"max_hp_gain":0,"max_hp_loss":0,"event_name":"Scrap Ooze","floor":11,"gold_loss":0},{"damage_healed":0,"gold_gain":0,"player_choice":"Simplicity","damage_taken":0,"max_hp_gain":0,"max_hp_loss":0,"event_name":"Back to Basics","floor":19,"gold_loss":0,"cards_upgraded":["Strike_R","Strike_R","Strike_R","Strike_R","Strike_R","Defend_R","Defend_R","Defend_R","Defend_R"]},{"damage_healed":0,"gold_gain":0,"player_choice":"Shed Blood","damage_taken":20,"max_hp_gain":5,"max_hp_loss":0,"event_name":"Forgotten Altar","floor":21,"gold_loss":0},{"damage_healed":0,"gold_gain":0,"player_choice":"Obtained Book","damage_taken":16,"max_hp_gain":0,"max_hp_loss":0,"event_name":"Cursed Tome","floor":24,"gold_loss":0},{"damage_healed":0,"gold_gain":0,"player_choice":"Read","damage_taken":0,"max_hp_gain":0,"max_hp_loss":0,"event_name":"The Library","floor":31,"gold_loss":0,"cards_obtained":["Intimidate"]}],"is_beta":false,"boss_relics":[{"not_picked":["Runic Dome","Empty Cage"],"picked":"SacredBark"}],"items_purged_floors":[5],"is_endless":false,"potions_floor_spawned":[1,4,16,20,29],"killed_by":"Collector","ascension_level":0}}