{"host":"0nndazl0keusavit","time":1609418939,"event":{"mods":["AchievementEnabler","BaseMod","Colored Map","Curses Come First","Highlight Path","Minty Spire (QoL Compilation)","Relic Stats","StSLib"],"gold_per_floor":[115,115,40,51,126,126,153,153,153,164,174,174,189,139,139,234,234,244,159,159,7,24,24,42,59,59,75,75,75,87,87,87,87,87],"floor_reached":33,"playtime":835,"items_purged":["Strike_R","Defend_R"],"score":272,"play_id":"f0e3f1ba-fa93-4955-afa1-0b015a9e9f66","local_time":"20201231084859","is_ascension_mode":false,"campfire_choices":[{"data":"Bash","floor":6,"key":"SMITH"},{"data":"Strike_R","floor":8,"key":"SMITH"},{"data":"Defend_R","floor":15,"key":"SMITH"},{"data":"Shrug It Off","floor":23,"key":"SMITH"},{"data":"Defend_R","floor":29,"key":"SMITH"},{"floor":32,"key":"REST"}],"circlet_count":0,"master_deck":["Strike_R+1","Strike_R+1","Strike_R+1","Defend_R+1","Bash+1","Shrug It Off+1"],"relics":["Burning Blood","NeowsBlessing","Torii","Darkstone Periapt","Sozu","PreservedInsect","Nunchaku"],"acts_visited":["Exordium","TheCity"],"potions_floor_usage":[11,18,24],"damage_taken":[{"damage":0,"enemies":"2 Louse","floor":1,"turns":1},{"damage":0,"enemies":"Small Slimes","floor":4,"turns":1},{"damage":0,"enemies":"Gremlin Nob","floor":7,"turns":1},{"damage":1,"enemies":"Cultist","floor":10,"turns":3},{"damage":0,"enemies":"Gremlin Gang","floor":11,"turns":2},{"damage":2,"enemies":"Looter","floor":13,"turns":3},{"damage":40,"enemies":"The Guardian","floor":16,"turns":12},{"damage":10,"enemies":"Spheric Guardian","floor":18,"turns":3},{"damage":1,"enemies":"Chosen","floor":22,"turns":3},{"damage":0,"enemies":"Snecko","floor":24,"turns":4},{"damage":15,"enemies":"Centurion and Healer","floor":25,"turns":6},{"damage":9,"enemies":"Snake Plant","floor":27,"turns":4},{"damage":9,"enemies":"3 Cultists","floor":30,"turns":6},{"damage":104,"enemies":"Automaton","floor":33,"turns":6}],"seed_played":"4363374625025291220","potions_obtained":[{"floor":7,"key":"Explosive Potion"},{"floor":13,"key":"Energy Potion"},{"floor":16,"key":"ElixirPotion"}],"is_trial":false,"path_per_floor":["M","?","$","M","?","R","E","R","T","M","M","?","M","?","R","B",null,"M","?","?","$","M","R","M","M","T","M","$","R","M","?","R","B"],"character_chosen":"IRONCLAD","items_purchased":["Shrug It Off"],"campfire_rested":1,"item_purchase_floors":[21],"current_hp_per_floor":[80,80,80,80,69,69,75,75,75,80,80,64,68,68,68,34,80,76,76,76,76,80,80,80,71,71,68,68,68,65,65,80,0,0],"gold":87,"neow_bonus":"THREE_ENEMY_KILL","is_daily":false,"chose_seed":false,"campfire_upgraded":5,"win_rate":0.0,"timestamp":1609418939,"path_taken":["M","?","$","M","?","R","E","R","T","M","M","?","M","?","R","BOSS","M","?","?","$","?","R","?","M","T","M","$","R","M","?","R","BOSS"],"items_purchased_type":["Card"],"build_version":"2020-12-22","purchased_purges":2,"victory":false,"max_hp_per_floor":[80,80,80,80,80,80,80,80,80,80,80,80,80,80,80,80,80,80,80,80,80,80,80,80,80,80,80,80,80,80,80,80,80,80],"relic_stats":{"Darkstone Periapt":0,"Sozu":3,"Nunchaku":[4],"Torii":56,"counters":[14,55],"PreservedInsect":0,"obtain_stats":[{"Darkstone Periapt":9,"Sozu":17,"Nunchaku":26,"NeowsBlessing":0,"Torii":7,"PreservedInsect":19,"Burning Blood":0},{"Darkstone Periapt":3,"Sozu":7,"Nunchaku":11,"NeowsBlessing":0,"Torii":3,"PreservedInsect":8,"Burning Blood":0},{"Darkstone Periapt":3,"Sozu":23,"Nunchaku":39,"NeowsBlessing":0,"Torii":3,"PreservedInsect":26,"Burning Blood":0}],"Burning Blood":53},"card_choices":[{"not_picked":["Havoc","Wild Strike","Body Slam"],"picked":"SKIP","floor":1},{"not_picked":["Wild Strike","Inflame","Iron Wave"],"picked":"SKIP","floor":4},{"not_picked":["Iron Wave","Infernal Blade","True Grit"],"picked":"SKIP","floor":7},{"not_picked":["Dark Embrace","Havoc","Second Wind"],"picked":"SKIP","floor":10},{"not_picked":["Cleave","Bludgeon","Fire Breathing"],"picked":"SKIP","floor":11},{"not_picked":["Flame Barrier","Fire Breathing","Dark Embrace"],"picked":"SKIP","floor":13},{"not_picked":["Iron Wave+1","Perfected Strike","Heavy Blade"],"picked":"SKIP","floor":18},{"not_picked":["Power Through+1","Clothesline","Whirlwind+1"],"picked":"SKIP","floor":22},{"not_picked":["Warcry","Perfected Strike","Pommel Strike"],"picked":"SKIP","floor":24},{"not_picked":["Impervious","Body Slam","Headbutt"],"picked":"SKIP","floor":25},{"not_picked":["Sword Boomerang","Havoc","Bloodletting"],"picked":"SKIP","floor":27},{"not_picked":["Perfected Strike","Headbutt+1","Clothesline"],"picked":"SKIP","floor":30}],"player_experience":862948,"relics_obtained":[{"floor":7,"key":"Torii"},{"floor":9,"key":"Darkstone Periapt"},{"floor":26,"key":"Nunchaku"}],"event_choices":[{"cards_removed":["Defend_R"],"damage_healed":0,"gold_gain":0,"player_choice":"Forget","damage_taken":0,"max_hp_gain":0,"max_hp_loss":0,"event_name":"Living Wall","floor":2,"gold_loss":0},{"damage_healed":0,"gold_gain":75,"player_choice":"Gather Gold","damage_taken":11,"max_hp_gain":0,"max_hp_loss":0,"event_name":"World of Goop","floor":5,"gold_loss":0},{"damage_healed":0,"gold_gain":0,"player_choice":"Entered Light","damage_taken":16,"max_hp_gain":0,"max_hp_loss":0,"event_name":"Shining Light","floor":12,"gold_loss":0,"cards_upgraded":["Strike_R","Strike_R"]},{"cards_removed":["Strike_R"],"damage_healed":0,"gold_gain":0,"player_choice":"Card Removal","damage_taken":0,"max_hp_gain":0,"max_hp_loss":0,"event_name":"The Cleric","floor":14,"gold_loss":50},{"damage_healed":0,"gold_gain":0,"player_choice":"Obtained Relic","damage_taken":0,"relics_obtained":["PreservedInsect"],"max_hp_gain":0,"max_hp_loss":0,"event_name":"Addict","floor":19,"gold_loss":85},{"damage_healed":0,"gold_gain":0,"player_choice":"Bought 0 Potions","damage_taken":0,"max_hp_gain":0,"max_hp_loss":0,"event_name":"The Woman in Blue","floor":20,"gold_loss":0},{"cards_removed":["Defend_R"],"damage_healed":0,"gold_gain":0,"player_choice":"Elegance","damage_taken":0,"max_hp_gain":0,"max_hp_loss":0,"event_name":"Back to Basics","floor":31,"gold_loss":0}],"is_beta":false,"boss_relics":[{"not_picked":["Fusion Hammer","SlaversCollar"],"picked":"Sozu"}],"items_purged_floors":[3,21],"is_endless":false,"potions_floor_spawned":[7,13,16,18,22,24],"killed_by":"Automaton","ascension_level":0}}