{"host":"645xqr9rkj71uhiq","time":1609423001,"event":{"mods":["AchievementEnabler","Act Like it!","BaseMod","Beaked The Cultist","Better Altar","Better Third Choice","BetterRewards","Card Forge","Colored Map","Conspire","Downfall","Hallownest","Hermit","Hubris","Infinite Spire","Lobotomy","Minty Spire (QoL Compilation)","Rare Cards Sparkle","Replay The Spire","Spicy Shops","Spikes Relics","StSLib","The Bug Knight","The Hierophant"],"gold_per_floor":[113,125,138,138,19,49,49,82,82,101,132,132,144,177,177,280,280,292,292,292,42,39,39,50,77,125,145,171,171,189,189,189,294,294,313,332,185,185,185],"floor_reached":38,"playtime":2386,"items_purged":[],"score":735,"play_id":"ac9951c6-8026-4e4e-a8b9-793fc3980993","local_time":"20201231085641","is_ascension_mode":true,"campfire_choices":[{"data":"expansioncontent:CaCaw","floor":7,"key":"SMITH"},{"data":"Replay:SS_fish_2","floor":12,"key":"SMITH"},{"data":"hubris:SharpeningStone","floor":15,"key":"SMITH"},{"data":"Sword Boomerang","floor":23,"key":"SMITH"},{"data":"Replay:Dark Deal","floor":29,"key":"SMITH"},{"floor":32,"key":"DIG"}],"circlet_count":0,"master_deck":["Strike_R","Strike_R","Strike_R","Strike_R","Strike_R","Defend_R","Defend_R","Defend_R","Defend_R","Bash","Defend_G","Sword Boomerang+1","Dropkick","Replay:SS_fish_2+1","expansioncontent:CaCaw+1","Replay:Dark Deal+1","hubris:SharpeningStone+1","Armaments+1","Shockwave+1","Run Through+1","Sword Boomerang+1","Berserk","Flame Barrier+1","BlessedFruit+1","BlessedFruit+1"],"relics":["Burning Blood","Hammer of Thor","Seething Fire","Anvil of the Gods","Champion Belt","ReplayTheSpireMod:ShopPack","Replay:Wax Seal","HollowMod:StagPassRelic","hubris:MobiusCoin","infinitespire:Satchel","infinitespire:Lucky Rock","hubris:Backtick","Bottled Tornado","Orrery","PreservedInsect","ReplayTheSpireMod:TigerMarble","Replay:Rubber Ducky","Letter Opener","Replay:Accelerometer","infinitespire:FocusingShard","conspire:SlowCooker","HeavenlyBonsai"],"acts_visited":["Hallownest:Greenpath","TheCity","Hallownest:KingdomsEdge"],"potions_floor_usage":[13,13,16,18,22,25,33,33,36],"damage_taken":[{"damage":7,"enemies":"Hallownest:monsterHuskWarrior","floor":1,"turns":5},{"damage":6,"enemies":"Hallownest:monsterHuskGuard","floor":2,"turns":5},{"damage":10,"enemies":"2_ Uuma","floor":3,"turns":4},{"damage":33,"enemies":"Hallownest:eliteVengeflyKing","floor":6,"turns":8},{"damage":0,"enemies":"Hallownest:eliteCrystalGuardian","floor":8,"turns":2},{"damage":0,"enemies":"Hallownest:monsterAspidMother","floor":10,"turns":6},{"damage":0,"enemies":"Hallownest:eliteMossKnight","floor":11,"turns":9},{"damage":26,"enemies":"Hallownest:1_Ooma_and_2_Uuma","floor":13,"turns":5},{"damage":5,"enemies":"Hallownest:eliteVengeflyKing","floor":14,"turns":4},{"damage":71,"enemies":"Hallownest:BossHornet","floor":16,"turns":9},{"damage":2,"enemies":"conspire:FuzzyDice","floor":18,"turns":3},{"damage":46,"enemies":"2 Thieves","floor":22,"turns":5},{"damage":22,"enemies":"Snake Plant","floor":24,"turns":5},{"damage":21,"enemies":"HollowMod:Nosk","floor":25,"turns":7},{"damage":24,"enemies":"Centurion and Healer","floor":27,"turns":5},{"damage":15,"enemies":"Book of Stabbing","floor":28,"turns":3},{"damage":17,"enemies":"conspire:HollyBat","floor":30,"turns":7},{"damage":37,"enemies":"Pondfish","floor":33,"turns":10},{"damage":45,"enemies":"Hallownest:Shield_Heavy","floor":35,"turns":6},{"damage":29,"enemies":"Hallownest:3_Siblings","floor":36,"turns":6},{"damage":84,"enemies":"Hallownest:Xero_Hu_Marmu","floor":38,"turns":6}],"seed_played":"3283814635724554459","potions_obtained":[{"floor":2,"key":"Slimebound:ThreeZeroPotion"},{"floor":6,"key":"Energy Potion"},{"floor":10,"key":"LifebloodPotion"},{"floor":11,"key":"AttackPotion"},{"floor":14,"key":"PowerPotion"},{"floor":16,"key":"LiquidMemories"},{"floor":22,"key":"SpeedPotion"},{"floor":24,"key":"Explosive Potion"},{"floor":27,"key":"AttackPotion"},{"floor":35,"key":"SkillPotion"}],"is_trial":false,"path_per_floor":["M","M","M","?","$","E","R","E","T","M","E","R","M","E","R","B",null,"M","?","?","$","M","R","M","E","T","M","E","R","M","?","R_BF","B",null,"M","M","$","M"],"character_chosen":"IRONCLAD","items_purchased":["ReplayTheSpireMod:ShopPack","Orrery","PreservedInsect","HeavenlyBonsai"],"campfire_rested":0,"item_purchase_floors":[5,21,21,37],"current_hp_per_floor":[79,79,75,66,66,53,53,59,59,65,79,79,73,74,74,23,80,80,80,80,80,54,54,52,51,51,47,38,38,41,41,41,24,80,63,54,54,0,0],"gold":185,"neow_bonus":"ONE_RARE_RELIC","is_daily":false,"chose_seed":false,"campfire_upgraded":5,"win_rate":0.0,"timestamp":1609423001,"path_taken":["M","M","M","?","$","E","R","E","T","M","E","R","M","E","R","BOSS","M","?","?","$","M","R","M","E","T","?","E","R","M","?","R_BF","BOSS","M","M","$","M"],"items_purchased_type":["Relic","Relic","Relic","Relic"],"build_version":"2020-12-22","purchased_purges":0,"victory":false,"max_hp_per_floor":[80,80,80,80,80,80,80,80,80,80,80,80,80,80,80,80,80,80,80,80,80,80,80,80,80,80,80,80,80,80,80,80,80,80,80,80,80,84,84],"card_choices":[{"not_picked":["hubris:ReadiedAction","ReplayTheSpireMod:Strike From Hell"],"picked":"Sword Boomerang","floor":1},{"not_picked":["ReplayTheSpireMod:Strike From Hell","Entrench"],"picked":"Dropkick","floor":2},{"not_picked":["hubris:ReadiedAction","Sword Boomerang","hubris:SharpeningStone"],"picked":"SKIP","floor":3},{"not_picked":["Replay:Sssssssssstrike","expansioncontent:PrepareCrush"],"picked":"Replay:SS_fish_2","floor":5},{"not_picked":["Midas Touch","Replay:SS_forest_6"],"picked":"expansioncontent:CaCaw","floor":5},{"not_picked":["Magnetism","HandOfGreed"],"picked":"Replay:Dark Deal","floor":5},{"not_picked":["Flex","hubris:ReadiedAction","Hemokinesis"],"picked":"SKIP","floor":6},{"not_picked":["Infernal Blade","Anger","Invigoration"],"picked":"SKIP","floor":8},{"not_picked":["Headbutt","Warcry","ReplayTheSpireMod:Limb From Limb"],"picked":"SKIP","floor":10},{"not_picked":["Havoc","Double Tap","Bloodletting"],"picked":"SKIP","floor":11},{"not_picked":["Burning Pact","Sword Boomerang","Life Link"],"picked":"SKIP","floor":13},{"not_picked":["Sword Boomerang","Rampage"],"picked":"hubris:SharpeningStone","floor":14},{"not_picked":["Abandon+1","Havoc","Carnage+1"],"picked":"SKIP","floor":18},{"not_picked":["Pommel Strike","Replay:Undeath\u0027s Touch"],"picked":"Armaments+1","floor":21},{"not_picked":["Clothesline+1","Eclipse"],"picked":"Shockwave","floor":21},{"not_picked":["Perfected Strike+1","Dropkick"],"picked":"Run Through+1","floor":21},{"not_picked":["Cleave","Whirlwind"],"picked":"Sword Boomerang+1","floor":22},{"not_picked":["Corruption","Armaments","Flex"],"picked":"SKIP","floor":24},{"not_picked":["Shrug It Off","Cleave","ReplayTheSpireMod:Corrosion Curse+1"],"picked":"SKIP","floor":25},{"not_picked":["Anger","Dropkick+1","Searing Blow"],"picked":"SKIP","floor":27},{"not_picked":["Wild Strike","Warcry+1","Eclipse"],"picked":"SKIP","floor":28},{"not_picked":["Battle Trance","ReplayTheSpireMod:Strike From Hell","Anger"],"picked":"SKIP","floor":30},{"not_picked":["Reaper","Replay:Many Hands"],"picked":"Berserk","floor":33},{"not_picked":["Warcry+1","Pommel Strike"],"picked":"Flame Barrier+1","floor":35},{"not_picked":["Cleave","Dropkick","Havoc"],"picked":"SKIP","floor":36}],"player_experience":15026,"relics_obtained":[{"floor":6,"key":"Replay:Wax Seal"},{"floor":8,"key":"HollowMod:StagPassRelic"},{"floor":9,"key":"hubris:MobiusCoin"},{"floor":11,"key":"infinitespire:Satchel"},{"floor":14,"key":"infinitespire:Lucky Rock"},{"floor":25,"key":"ReplayTheSpireMod:TigerMarble"},{"floor":26,"key":"Replay:Rubber Ducky"},{"floor":28,"key":"Letter Opener"},{"floor":32,"key":"infinitespire:FocusingShard"}],"event_choices":[{"cards_removed":["Slimebound:Tackle"],"damage_healed":0,"gold_gain":0,"player_choice":"Purged","damage_taken":0,"max_hp_gain":0,"max_hp_loss":0,"event_name":"Purifier","floor":20,"gold_loss":0}],"is_beta":false,"boss_relics":[{"not_picked":["Black Blood","hubris:TerracottaHorce"],"picked":"hubris:Backtick"},{"not_picked":["Runic Pyramid","hubris:Stopwatch"],"picked":"conspire:SlowCooker"}],"items_purged_floors":[],"is_endless":false,"potions_floor_spawned":[2,6,10,11,14,16,22,24,27,35],"killed_by":"Hallownest:Xero_Hu_Marmu","ascension_level":3}}