{"host":"8w77ry71wnq5rafu","time":1609381355,"event":{"mods":["AchievementEnabler","BaseMod","ChefMod","Colored Map","Hermit","Highlight Path","Key Reminder","Minty Spire (QoL Compilation)","Permanent Neow","Random Character Button","Rare Cards Sparkle","StSLib","The Edgeheg","The IronCluck","The Problem Sleuth","The Senshi","Unceasing Turn Reminder","egg","everything is the same but u backflip on backflip","slay the spire mod where everything is the same but ironclad has a cowboy hat","thorton"],"gold_per_floor":[119,44,55,65,340,374,392,420,500,520,534,534,56,56,56,206,206,250,250,292,117,134,134,134],"floor_reached":23,"playtime":1297,"items_purged":["Regret","Defend_R"],"score":335,"play_id":"caabeb7d-88fd-4973-a74a-fb19e92fc9d8","local_time":"20201230192235","is_ascension_mode":true,"campfire_choices":[{"data":"HandOfGreed","floor":15,"key":"SMITH"}],"circlet_count":0,"master_deck":["AscendersBane","Strike_R","Strike_R","Strike_R","Strike_R","Strike_R","Defend_R","Defend_R","Defend_R","Bash","Shrug It Off","True Grit","Perfected Strike","Headbutt","Perfected Strike","Cleave","Shrug It Off","Impervious","True Grit","Perfected Strike","HandOfGreed+1","Juggernaut+1","Burning Pact","Shockwave","Havoc+1"],"relics":["Burning Blood","Charon\u0027s Ashes","Centennial Puzzle","Calipers","Frozen Egg 2","theSenshi:SuperSailorFukuRelic","Snecko Eye"],"acts_visited":["Exordium","TheCity"],"potions_floor_usage":[6,7,20],"damage_taken":[{"damage":1,"enemies":"Cultist","floor":1,"turns":3},{"damage":5,"enemies":"2 Louse","floor":3,"turns":2},{"damage":0,"enemies":"Small Slimes","floor":4,"turns":3},{"damage":29,"enemies":"Gremlin Nob","floor":6,"turns":4},{"damage":8,"enemies":"Exordium Wildlife","floor":7,"turns":3},{"damage":25,"enemies":"3 Sentries","floor":8,"turns":6},{"damage":12,"enemies":"3 Louse","floor":10,"turns":3},{"damage":7,"enemies":"Looter","floor":11,"turns":3},{"damage":32,"enemies":"Slime Boss","floor":16,"turns":12},{"damage":0,"enemies":"Chosen","floor":18,"turns":3},{"damage":0,"enemies":"3 Byrds","floor":20,"turns":4},{"damage":15,"enemies":"3 Cultists","floor":22,"turns":4},{"damage":0,"enemies":"Slavers","floor":23,"turns":1}],"seed_played":"7189857050761107284","potions_obtained":[{"floor":4,"key":"BlessingOfTheForge"},{"floor":6,"key":"ColorlessPotion"},{"floor":10,"key":"LiquidBronze"},{"floor":16,"key":"Fire Potion"},{"floor":20,"key":"EssenceOfSteel"}],"is_trial":false,"path_per_floor":["M","$","M","M","?","E","M","E","T","M","M","?","$","?","R","B",null,"M","?","M","$","M","E"],"character_chosen":"IRONCLAD","items_purchased":["True Grit","Perfected Strike","HandOfGreed","theSenshi:SuperSailorFukuRelic","Shockwave"],"campfire_rested":0,"item_purchase_floors":[2,2,13,13,21],"current_hp_per_floor":[56,56,57,63,63,40,38,19,19,13,12,38,38,38,38,12,63,69,69,75,75,66,66,66],"gold":134,"neow_bonus":"ONE_RARE_RELIC","is_daily":false,"chose_seed":false,"campfire_upgraded":1,"win_rate":0.0,"timestamp":1609381355,"path_taken":["M","$","?","M","?","E","?","E","T","M","M","?","$","?","R","BOSS","M","?","M","$","M","E"],"items_purchased_type":["Card","Card","Card","Relic","Card"],"build_version":"2020-12-22","purchased_purges":2,"victory":false,"max_hp_per_floor":[80,80,80,80,80,80,80,80,80,80,80,80,80,80,80,80,80,80,80,80,80,80,80,80],"card_choices":[{"not_picked":["Sentinel","Rupture"],"picked":"Shrug It Off","floor":1},{"not_picked":["Dual Wield","Warcry"],"picked":"Headbutt","floor":3},{"not_picked":["Anger","Iron Wave"],"picked":"Perfected Strike","floor":4},{"not_picked":["Sword Boomerang","Pommel Strike"],"picked":"Cleave","floor":6},{"not_picked":["Flex","Anger"],"picked":"Shrug It Off","floor":7},{"not_picked":["Spot Weakness","Bloodletting"],"picked":"Impervious","floor":8},{"not_picked":["Clash","Rampage"],"picked":"True Grit","floor":10},{"not_picked":["Rage","Thunderclap"],"picked":"Perfected Strike","floor":11},{"not_picked":["Offering","Feed"],"picked":"Juggernaut+1","floor":16},{"not_picked":["Bloodletting","Warcry+1","Headbutt"],"picked":"SKIP","floor":18},{"not_picked":["Carnage","Combust+1"],"picked":"Burning Pact","floor":20},{"not_picked":["Rampage","Power Through"],"picked":"Havoc+1","floor":22}],"player_experience":473761,"relics_obtained":[{"floor":6,"key":"Centennial Puzzle"},{"floor":8,"key":"Calipers"},{"floor":9,"key":"Frozen Egg 2"}],"event_choices":[{"damage_healed":0,"gold_gain":275,"player_choice":"Desecrate","damage_taken":0,"max_hp_gain":0,"max_hp_loss":0,"event_name":"Golden Shrine","floor":5,"gold_loss":0,"cards_obtained":["Regret"]},{"damage_healed":26,"gold_gain":0,"player_choice":"Banana","damage_taken":0,"max_hp_gain":0,"max_hp_loss":0,"event_name":"Big Fish","floor":12,"gold_loss":0},{"damage_healed":0,"gold_gain":0,"player_choice":"Bought 0 Potions","damage_taken":0,"max_hp_gain":0,"max_hp_loss":0,"event_name":"The Woman in Blue","floor":14,"gold_loss":0},{"damage_healed":0,"gold_gain":0,"player_choice":"Ignored","damage_taken":0,"max_hp_gain":0,"max_hp_loss":0,"event_name":"Vampires","floor":19,"gold_loss":0}],"is_beta":false,"boss_relics":[{"not_picked":["Black Star","Black Blood"],"picked":"Snecko Eye"}],"items_purged_floors":[13,21],"is_endless":false,"potions_floor_spawned":[4,6,10,16,20],"killed_by":"Slavers","ascension_level":13}}