{"host":"ormi09wwzv7sq47a","time":1609450279,"event":{"mods":["2.2 Compatiblity","AchievementEnabler","Act Like it!","BaseMod","Bestiary","Better Altar","Better Note","Better Sensory Stone","Better Skull","Better Third Choice","Better Vampires","BetterRewards","Block Reminder","Card Forge","Colored Map","Colored Powertips","Curses Come First","DeckTracker","Downfall","Highlight Path","Minty Spire (QoL Compilation)","Permanent Neow","Quick Restart","Rare Cards Sparkle","Relic Stats","Shop Mod","StSLib","The Jungle","The Servant 0.9.4"],"gold_per_floor":[111,111,131,150,50,50,93,93,93,53,76,97,97,97,97,190,190,215,215,231,250,263,263,263,263,263,9,43,43,63,86,86,184,184,203,203,223,57,71,118,28,59,59,104,104,131,149,197,197,197,197,197,72,108,108],"floor_reached":56,"playtime":3463,"items_purged":["Slimebound:Tackle","Injury","Slimebound:Defend_Slimebound"],"score":2793,"play_id":"eacee82e-a061-4c05-9d0b-c11ef7b58d32","local_time":"20201231183119","is_ascension_mode":true,"campfire_choices":[{"data":"Slimebound:Split","floor":6.0,"key":"SMITH"},{"data":"Apotheosis","floor":8.0,"key":"SMITH"},{"data":"Slimebound:SpikyOuterGoop","floor":15.0,"key":"SMITH"},{"data":"Slimebound:SlimeSlap","floor":23.0,"key":"SMITH"},{"data":"Dark Shackles","floor":25.0,"key":"SMITH"},{"data":"Sadistic Nature","floor":29,"key":"SMITH"},{"data":"Slimebound:SplitMire","floor":32,"key":"SMITH"},{"data":"Slimebound:TongueLash","floor":45,"key":"SMITH"},{"floor":49,"key":"RECALL"},{"data":"Slimebound:SlimeSpikes","floor":52,"key":"SMITH"}],"circlet_count":0,"master_deck":["AscendersBane","Slimebound:Strike_Slimebound","Slimebound:Strike_Slimebound","Slimebound:Defend_Slimebound","Slimebound:Defend_Slimebound","Slimebound:Split+1","Slimebound:CorrosiveSpit","Slimebound:RejuvenatingLick","Apotheosis+1","Slimebound:SpikyOuterGoop+1","Slimebound:HauntingLick","Slimebound:LeechingTouch","Slimebound:SplitMire+1","Slimebound:Recollect","Slimebound:SlimeTap","Slimebound:LivingWall","Slimebound:SlimeSlap+1","Slimebound:AcidTongue","Slimebound:LivingWall+1","Slimebound:MegaLick+1","Dark Shackles+1","Sadistic Nature+1","Slimebound:MegaLick+1","Slimebound:SplitMire+1","Slimebound:MegaLick+1","Slimebound:OozeBath","Slimebound:SlimeSpikes+1","Slimebound:Recycling","expansioncontent:Chronoboost","Slimebound:TongueLash+1","Slimebound:LeechingTouch+1","Slimebound:SamplingLick+1"],"relics":["Slimebound:AbsorbEndCombat","Hammer of Thor","Seething Fire","Anvil of the Gods","StoneCalendar","Pear","CaptainsWheel","Golden Idol","Matryoshka","Bag of Marbles","Singing Bowl","Coffee Dripper","Enchiridion","Gremlin Horn","Strawberry","FossilizedHelix","SacredBark","Lantern","CeramicFish","Bottled Lightning","Slimebound:AggressiveSlimeRelic","Bag of Preparation","Blue Candle"],"acts_visited":["Exordium","TheCity","TheBeyond","TheEnding"],"potions_floor_usage":[28,31,33,37,39,44,54],"damage_taken":[{"damage":20.0,"enemies":"Small Slimes","floor":1.0,"turns":4.0},{"damage":16.0,"enemies":"2 Louse","floor":3.0,"turns":3.0},{"damage":16.0,"enemies":"Jaw Worm","floor":4.0,"turns":4.0},{"damage":53.0,"enemies":"3 Sentries","floor":7.0,"turns":7.0},{"damage":11.0,"enemies":"3 Louse","floor":11.0,"turns":4.0},{"damage":23.0,"enemies":"Exordium Wildlife","floor":12.0,"turns":5.0},{"damage":23.0,"enemies":"The Guardian","floor":16.0,"turns":8.0},{"damage":13.0,"enemies":"3 Byrds","floor":18.0,"turns":3.0},{"damage":12.0,"enemies":"Chosen","floor":20.0,"turns":5.0},{"damage":20.0,"enemies":"Centurion and Healer","floor":21.0,"turns":4.0},{"damage":30.0,"enemies":"Cultist and Chosen","floor":22.0,"turns":6.0},{"damage":16,"enemies":"Gremlin Leader","floor":28,"turns":4},{"damage":8,"enemies":"Snecko","floor":30,"turns":4},{"damage":4,"enemies":"Shelled Parasite and Fungi","floor":31,"turns":3},{"damage":48,"enemies":"Champ","floor":33,"turns":7},{"damage":0,"enemies":"3 Shapes","floor":35,"turns":2},{"damage":24,"enemies":"3 Shapes","floor":36,"turns":4},{"damage":25,"enemies":"3 Darklings","floor":37,"turns":3},{"damage":30,"enemies":"Transient","floor":39,"turns":6},{"damage":12,"enemies":"Nemesis","floor":40,"turns":5},{"damage":30,"enemies":"Giant Head","floor":42,"turns":7},{"damage":68,"enemies":"Reptomancer","floor":44,"turns":5},{"damage":12,"enemies":"Writhing Mass","floor":46,"turns":4},{"damage":12,"enemies":"Sphere and 2 Shapes","floor":47,"turns":4},{"damage":26,"enemies":"Nemesis","floor":48,"turns":5},{"damage":42,"enemies":"Time Eater","floor":50,"turns":7},{"damage":45,"enemies":"Shield and Spear","floor":54,"turns":5},{"damage":84,"enemies":"The Heart","floor":55,"turns":8}],"seed_played":"-173458939190945408","potions_obtained":[{"floor":1.0,"key":"Regen Potion"},{"floor":3.0,"key":"SpeedPotion"},{"floor":16.0,"key":"DistilledChaos"},{"floor":20.0,"key":"Swift Potion"},{"floor":28,"key":"champ:CounterPotion"},{"floor":30,"key":"Swift Potion"},{"floor":31,"key":"Explosive Potion"},{"floor":35,"key":"GamblersBrew"},{"floor":39,"key":"SpeedPotion"},{"floor":44,"key":"Strength Potion"},{"floor":46,"key":"GamblersBrew"},{"floor":48,"key":"PowerPotion"}],"is_trial":false,"path_per_floor":["M","?","M","M","$","R","E","R","T","$","M","M","?","?","R","B",null,"M","?","M","M","M","R","?","R","T","$","E","R","M","M","R","B",null,"M","?","M","$","M","E","$","E","T","E","R","M","M","E","R","B",null,"R","$","E","B",null],"character_chosen":"SLIMEBOUND","items_purchased":["Pear","Slimebound:RejuvenatingLick","Apotheosis","Slimebound:SpikyOuterGoop","CaptainsWheel","Slimebound:SlimeTap","Sadistic Nature","Slimebound:SlimedPotion","Lantern","expansioncontent:Chronoboost"],"campfire_rested":0,"item_purchase_floors":[0,0,0,0,0,10,27,27,38,41],"current_hp_per_floor":[41,41,46,46,46,46,19,19,19,19,22,29,29,22,22,39,59,66,45,53,66,68,68,70,70,77,77,77,77,77,77,77,61,73,79,71,78,78,79,83,83,65,65,39,39,57,73,71,71,53,79,79,79,78,30],"gold":108,"neow_bonus":"","is_daily":false,"chose_seed":false,"campfire_upgraded":9,"win_rate":0.0,"timestamp":1609450279,"path_taken":["M","?","M","M","$","R","E","R","T","$","M","M","?","?","R","BOSS","M","?","M","M","M","R","?","R","T","?","E","R","M","?","R","BOSS","M","?","M","$","M","E","$","E","T","E","R","M","M","E","R","BOSS","R","$","E","BOSS"],"items_purchased_type":["Relic","Card","Card","Card","Relic","Card","Card","Potion","Relic","Card"],"build_version":"2020-12-22","purchased_purges":3,"victory":true,"max_hp_per_floor":[64,64,64,64,64,64,64,64,64,64,64,66,66,66,66,66,66,66,66,66,66,68,68,70,70,77,77,77,77,77,77,77,77,77,79,81,81,81,83,83,83,85,85,85,85,85,87,87,87,87,87,87,87,89,89],"relic_stats":{"Singing Bowl":18,"Gremlin Horn":[18,18],"counters":[238,1082],"Golden Idol":188,"CeramicFish":45,"Blue Candle":[0],"StoneCalendar":[122],"Bag of Preparation":[6],"obtain_stats":[{"Spirit Poop":29,"Whetstone":26,"Ginger":54,"Bottled Tornado":8,"Sling":0,"Boot":54,"Old Coin":48,"Blood Vial":30,"Sundial":0,"MealTicket":24,"Kunai":39,"Slimebound:AggressiveSlimeRelic":12,"Pear":29,"Blue Candle":9,"Eternal Feather":45,"Pen Nib":40,"Guardian:PocketSentry":23,"Akabeko":26,"Slimebound:TarBlob":17,"SlaversCollar":34,"Bird Faced Urn":0,"StrikeDummy":26,"Slimebound:SlimedTailRelic":47,"Lantern":43,"Torii":39,"Singing Bowl":9,"StoneCalendar":11,"Bag of Preparation":20,"Smiling Mask":42,"Ancient Tea Set":20,"Slimebound:MaxSlimesRelic":53,"Matryoshka":25,"Shovel":29,"InkBottle":43,"Potion Belt":31,"Golden Idol":4,"PreservedInsect":7,"The Courier":43,"Omamori":21,"Seething Fire":0,"Slimebound:PotencyRelic":0,"Busted Crown":34,"Turnip":30,"Slimebound:AbsorbEndCombat":0,"Art of War":29,"Bottled Lightning":47,"hexamod:BolsterEngine":0,"Slimebound:AbsorbEndCombatUpgraded":17,"Toy Ornithopter":40,"Ice Cream":41,"Calipers":0,"Gremlin Horn":9,"Nilry\u0027s Codex":20,"CeramicFish":31,"Vajra":44,"Hammer of Thor":0,"Sozu":34,"Lizard Tail":7,"HornCleat":0,"Strawberry":26,"Philosopher\u0027s Stone":34,"Prayer Wheel":0,"Toxic Egg 2":0,"Girya":8,"Happy Flower":54,"Oddly Smooth Stone":43,"Letter Opener":48,"War Paint":37,"Question Card":26,"Du-Vu Doll":12,"Bottled Flame":26,"Shuriken":53,"Anvil of the Gods":0,"Bronze Scales":41,"Molten Egg 2":7,"Black Star":17,"theJungle:WildStrawberry":25,"Slimebound:SlimedSkullRelic":6,"Pocketwatch":0,"SacredBark":34,"Enchiridion":19,"Mango":0,"Incense Burner":0,"Empty Cage":17,"Nunchaku":54,"Mummified Hand":53,"Gambling Chip":21,"Pantograph":10,"Tiny Chest":0,"Red Mask":20,"White Beast Statue":11,"Mercury Hourglass":30,"Slimebound:GreedOozeRelic":10,"Strange Spoon":0,"Anchor":24,"CaptainsWheel":36,"Bag of Marbles":25,"Coffee Dripper":17,"Membership Card":37,"TungstenRod":27,"FossilizedHelix":28},{"Spirit Poop":13,"Whetstone":38,"Ginger":159,"Bottled Tornado":59,"Sling":83,"Boot":110,"Old Coin":80,"Blood Vial":100,"Sundial":83,"MealTicket":37,"Kunai":129,"Slimebound:AggressiveSlimeRelic":89,"Pear":70,"Blue Candle":4,"Eternal Feather":24,"Pen Nib":153,"Guardian:PocketSentry":67,"Akabeko":97,"Slimebound:TarBlob":141,"SlaversCollar":73,"Bird Faced Urn":54,"StrikeDummy":68,"Slimebound:SlimedTailRelic":80,"Lantern":154,"Torii":179,"Singing Bowl":214,"StoneCalendar":89,"Bag of Preparation":9,"Smiling Mask":23,"Ancient Tea Set":65,"Slimebound:MaxSlimesRelic":52,"Matryoshka":68,"Shovel":124,"InkBottle":180,"Potion Belt":41,"Golden Idol":1,"PreservedInsect":31,"The Courier":77,"Omamori":9,"Seething Fire":0,"Slimebound:PotencyRelic":27,"Busted Crown":201,"Turnip":14,"Slimebound:AbsorbEndCombat":0,"Art of War":40,"Bottled Lightning":107,"hexamod:BolsterEngine":27,"Slimebound:AbsorbEndCombatUpgraded":7,"Toy Ornithopter":22,"Ice Cream":130,"Calipers":83,"Gremlin Horn":31,"Nilry\u0027s Codex":121,"CeramicFish":125,"Vajra":155,"Hammer of Thor":0,"Sozu":126,"Lizard Tail":163,"HornCleat":54,"Strawberry":221,"Philosopher\u0027s Stone":16,"Prayer Wheel":160,"Toxic Egg 2":54,"Girya":190,"Happy Flower":26,"Oddly Smooth Stone":47,"Letter Opener":207,"War Paint":44,"Question Card":12,"Du-Vu Doll":192,"Bottled Flame":170,"Shuriken":109,"Anvil of the Gods":0,"Bronze Scales":47,"Molten Egg 2":3,"Black Star":92,"theJungle:WildStrawberry":197,"Slimebound:SlimedSkullRelic":138,"Pocketwatch":160,"SacredBark":175,"Enchiridion":218,"Mango":135,"Incense Burner":111,"Empty Cage":63,"Nunchaku":53,"Mummified Hand":81,"Gambling Chip":65,"Pantograph":140,"Tiny Chest":111,"Red Mask":168,"White Beast Statue":164,"Mercury Hourglass":100,"Slimebound:GreedOozeRelic":4,"Strange Spoon":160,"Anchor":37,"CaptainsWheel":128,"Bag of Marbles":12,"Coffee Dripper":35,"Membership Card":44,"TungstenRod":98,"FossilizedHelix":222},{"Spirit Poop":74,"Whetstone":221,"Ginger":712,"Bottled Tornado":317,"Sling":399,"Boot":510,"Old Coin":384,"Blood Vial":456,"Sundial":399,"MealTicket":217,"Kunai":586,"Slimebound:AggressiveSlimeRelic":416,"Pear":352,"Blue Candle":22,"Eternal Feather":153,"Pen Nib":689,"Guardian:PocketSentry":344,"Akabeko":446,"Slimebound:TarBlob":642,"SlaversCollar":362,"Bird Faced Urn":297,"StrikeDummy":346,"Slimebound:SlimedTailRelic":384,"Lantern":694,"Torii":782,"Singing Bowl":965,"StoneCalendar":416,"Bag of Preparation":51,"Smiling Mask":145,"Ancient Tea Set":337,"Slimebound:MaxSlimesRelic":289,"Matryoshka":346,"Shovel":564,"InkBottle":787,"Potion Belt":232,"Golden Idol":5,"PreservedInsect":195,"The Courier":376,"Omamori":51,"Seething Fire":0,"Slimebound:PotencyRelic":184,"Busted Crown":891,"Turnip":81,"Slimebound:AbsorbEndCombat":0,"Art of War":229,"Bottled Lightning":486,"hexamod:BolsterEngine":184,"Slimebound:AbsorbEndCombatUpgraded":39,"Toy Ornithopter":137,"Ice Cream":593,"Calipers":399,"Gremlin Horn":195,"Nilry\u0027s Codex":551,"CeramicFish":569,"Vajra":697,"Hammer of Thor":0,"Sozu":578,"Lizard Tail":726,"HornCleat":297,"Strawberry":999,"Philosopher\u0027s Stone":99,"Prayer Wheel":718,"Toxic Egg 2":297,"Girya":827,"Happy Flower":173,"Oddly Smooth Stone":261,"Letter Opener":918,"War Paint":248,"Question Card":71,"Du-Vu Doll":837,"Bottled Flame":748,"Shuriken":504,"Anvil of the Gods":0,"Bronze Scales":261,"Molten Egg 2":17,"Black Star":425,"theJungle:WildStrawberry":866,"Slimebound:SlimedSkullRelic":632,"Pocketwatch":718,"SacredBark":769,"Enchiridion":984,"Mango":622,"Incense Burner":516,"Empty Cage":330,"Nunchaku":295,"Mummified Hand":389,"Gambling Chip":337,"Pantograph":639,"Tiny Chest":516,"Red Mask":741,"White Beast Statue":728,"Mercury Hourglass":456,"Slimebound:GreedOozeRelic":22,"Strange Spoon":718,"Anchor":217,"CaptainsWheel":583,"Bag of Marbles":71,"Coffee Dripper":211,"Membership Card":248,"TungstenRod":449,"FossilizedHelix":1003}]},"card_choices":[{"not_picked":["Slimebound:Chomp","Slimebound:ViciousTackle"],"picked":"Slimebound:LeechingTouch","floor":1.0},{"not_picked":["Slimebound:LeechingTouch","Slimebound:PressTheAttack","Slimebound:Schlurp"],"picked":"SKIP","floor":3.0},{"not_picked":["Slimebound:ComboTackle","Slimebound:PressTheAttack"],"picked":"Slimebound:SplitMire","floor":4.0},{"not_picked":["Slimebound:SplitAcid","Slimebound:PressTheAttack"],"picked":"Slimebound:Recollect","floor":7.0},{"not_picked":["Slimebound:SplitAcid","Slimebound:RollThrough"],"picked":"Slimebound:LivingWall","floor":11.0},{"not_picked":["Slimebound:SlimeSpikes","Slimebound:Dissolve","Slimebound:SplitMire"],"picked":"Singing Bowl","floor":12.0},{"not_picked":["Slimebound:PrepareCrush","Slimebound:CheckThePlaybook"],"picked":"Slimebound:SlimeSlap","floor":16.0},{"not_picked":["Slimebound:SplitLeeching","Slimebound:FlameTackle"],"picked":"Slimebound:AcidTongue","floor":18.0},{"not_picked":["Slimebound:PressTheAttack","Slimebound:SplitMire"],"picked":"Slimebound:LivingWall+1","floor":20.0},{"not_picked":["Slimebound:SplitAcid+1","Slimebound:SamplingLick"],"picked":"Slimebound:MegaLick+1","floor":21.0},{"not_picked":["Slimebound:PressTheAttack","Slimebound:Schlurp+1","Slimebound:FinishingTackle+1"],"picked":"Singing Bowl","floor":22.0},{"not_picked":["expansioncontent:TimeRipple","Swift Strike"],"picked":"Dark Shackles","floor":24.0},{"not_picked":["expansioncontent:StudyTheSpire","expansioncontent:BronzeBeam","Madness"],"picked":"Singing Bowl","floor":24.0},{"not_picked":["Slimebound:ProtectTheBoss","Slimebound:ComboTackle"],"picked":"Slimebound:MegaLick+1","floor":28},{"not_picked":["Slimebound:SlimeBarrage+1","Slimebound:SplitAcid"],"picked":"Slimebound:SplitMire+1","floor":30},{"not_picked":["Slimebound:LeechingTouch","Slimebound:Schlurp"],"picked":"Slimebound:MegaLick+1","floor":31},{"not_picked":["Slimebound:MinionMaster","Slimebound:SelfFormingGoo"],"picked":"Slimebound:OozeBath","floor":33},{"not_picked":["Slimebound:FirmFortitude","Slimebound:RollThrough","Slimebound:SplitBruiser"],"picked":"Singing Bowl","floor":35},{"not_picked":["Slimebound:GoopSpray","Slimebound:GoopTackle","Slimebound:SplitAcid+1"],"picked":"Singing Bowl","floor":36},{"not_picked":["Slimebound:RollThrough","Slimebound:GoopSpray"],"picked":"Slimebound:SlimeSpikes","floor":37},{"not_picked":["Slimebound:GoopSpray","Slimebound:SpikyOuterGoop","Slimebound:Chomp"],"picked":"Singing Bowl","floor":39},{"not_picked":["Slimebound:SamplingLick+1","Slimebound:Recollect"],"picked":"Slimebound:Recycling","floor":40},{"not_picked":["Slimebound:ComboTackle","Slimebound:WasteNot","Slimebound:GrowthPunch+1"],"picked":"Singing Bowl","floor":42},{"not_picked":["Slimebound:SplitMire+1","Slimebound:MegaLick"],"picked":"Slimebound:TongueLash","floor":44},{"not_picked":["Slimebound:FirmFortitude","Slimebound:PressTheAttack+1"],"picked":"Slimebound:LeechingTouch+1","floor":46},{"not_picked":["Slimebound:DisruptingSlam","Slimebound:SplitBruiser","Slimebound:Recollect"],"picked":"Singing Bowl","floor":47},{"not_picked":["Slimebound:GrowthPunch","Slimebound:Prepare"],"picked":"Slimebound:SamplingLick+1","floor":48},{"not_picked":["Slimebound:SlimeTap","Slimebound:SlimeSlap","Slimebound:DisruptingSlam+1"],"picked":"Singing Bowl","floor":54}],"player_experience":836381,"relics_obtained":[{"floor":7.0,"key":"Matryoshka"},{"floor":9.0,"key":"Bag of Marbles"},{"floor":9.0,"key":"Singing Bowl"},{"floor":19.0,"key":"Enchiridion"},{"floor":26.0,"key":"Gremlin Horn"},{"floor":26.0,"key":"Strawberry"},{"floor":28,"key":"FossilizedHelix"},{"floor":40,"key":"CeramicFish"},{"floor":42,"key":"Bottled Lightning"},{"floor":44,"key":"Slimebound:AggressiveSlimeRelic"},{"floor":48,"key":"Bag of Preparation"},{"floor":54,"key":"Blue Candle"}],"event_choices":[{"damage_healed":0.0,"max_hp_gain":0.0,"max_hp_loss":0.0,"gold_gain":0.0,"event_name":"Golden Idol","player_choice":"Take Wound","floor":2.0,"gold_loss":0.0,"damage_taken":0.0,"relics_obtained":["Golden Idol"],"cards_obtained":["Injury"]},{"damage_healed":29.0,"max_hp_gain":0.0,"max_hp_loss":66.0,"gold_gain":0.0,"event_name":"betterThird:BetterShining","player_choice":"Leave","floor":13.0,"gold_loss":0.0,"damage_taken":0.0},{"cards_removed":["Slimebound:Strike_Slimebound"],"damage_healed":0.0,"max_hp_gain":0.0,"max_hp_loss":0.0,"gold_gain":0.0,"event_name":"Golden Wing","player_choice":"Card Removal","floor":14.0,"gold_loss":0.0,"damage_taken":7.0},{"damage_healed":0.0,"max_hp_gain":0.0,"max_hp_loss":0.0,"gold_gain":0.0,"event_name":"Cursed Tome","player_choice":"Obtained Book","floor":19.0,"gold_loss":0.0,"damage_taken":21.0},{"damage_healed":0.0,"max_hp_gain":0.0,"max_hp_loss":0.0,"gold_gain":2.0,"event_name":"betterStone:BetterStone","player_choice":"1","floor":24.0,"gold_loss":0.0,"damage_taken":0.0}],"is_beta":false,"boss_relics":[{"not_picked":["Snecko Eye","Velvet Choker"],"picked":"Coffee Dripper"},{"not_picked":["Fusion Hammer","Cursed Key"],"picked":"SacredBark"}],"items_purged_floors":[0,5,53],"is_endless":false,"potions_floor_spawned":[1,3,16,20,28,30,31,35,39,44,46,48],"ascension_level":18}}