{"host":"gsgpu9obojnqwpp0","time":1609394029,"event":{"mods":["AchievementEnabler","BaseMod","Block Reminder","DeckTracker","Minty Spire (QoL Compilation)","Permanent Neow"],"gold_per_floor":[219,144,144,94,24,24,24,24,47,63,83,117,131,148,148,246,246,256,256,274,30,30,30],"floor_reached":22,"playtime":926,"items_purged":["Strike_B","Defend_B"],"score":202,"play_id":"d8601c79-14de-4504-9186-a849ee8979cd","local_time":"20201231005349","is_ascension_mode":true,"campfire_choices":[{"data":"Dualcast","floor":6,"key":"SMITH"},{"data":"Reinforced Body","floor":8,"key":"SMITH"},{"floor":15,"key":"REST"}],"circlet_count":0,"master_deck":["Strike_B","Strike_B","Defend_B","Defend_B+1","Defend_B","Zap+1","Dualcast+1","Capacitor+1","Reinforced Body+1","White Noise","Multi-Cast","Tempest","Self Repair","Conserve Battery","Creative AI","Defragment","Hologram+1","Amplify"],"relics":["Cracked Core","Dream Catcher","Regal Pillow","Busted Crown"],"acts_visited":["Exordium","TheCity"],"potions_floor_usage":[18,20,20,22],"damage_taken":[{"damage":0,"enemies":"2 Louse","floor":1,"turns":3},{"damage":0,"enemies":"Cultist","floor":10,"turns":3},{"damage":0,"enemies":"Jaw Worm","floor":11,"turns":3},{"damage":16,"enemies":"Gremlin Nob","floor":12,"turns":4},{"damage":0,"enemies":"Large Slime","floor":13,"turns":6},{"damage":0,"enemies":"Red Slaver","floor":14,"turns":4},{"damage":17,"enemies":"Hexaghost","floor":16,"turns":10},{"damage":13,"enemies":"Chosen","floor":18,"turns":6},{"damage":30,"enemies":"Shell Parasite","floor":20,"turns":6},{"damage":40,"enemies":"Centurion and Healer","floor":22,"turns":6}],"seed_played":"-7718024920194394051","potions_obtained":[{"floor":1,"key":"Block Potion"},{"floor":11,"key":"Energy Potion"},{"floor":14,"key":"Block Potion"},{"floor":18,"key":"SkillPotion"}],"is_trial":false,"path_per_floor":["M","$","?","?","$","R","?","R","T","M","M","E","M","M","R","B",null,"M","?","M","$","M"],"character_chosen":"DEFECT","items_purchased":["Reinforced Body","Amplify"],"campfire_rested":1,"item_purchase_floors":[5,21],"current_hp_per_floor":[75,75,60,60,60,60,60,60,60,60,60,44,44,44,75,65,75,69,69,46,46,6,6],"gold":30,"neow_bonus":"HUNDRED_GOLD","is_daily":false,"chose_seed":false,"campfire_upgraded":2,"win_rate":0.0,"timestamp":1609394029,"path_taken":["M","$","?","?","$","R","?","R","T","M","?","E","M","M","R","BOSS","M","?","M","$","M"],"items_purchased_type":["Card","Card"],"build_version":"2020-12-22","purchased_purges":2,"victory":false,"max_hp_per_floor":[75,75,75,75,75,75,75,75,75,75,75,75,75,75,75,75,75,75,75,75,75,75,75],"card_choices":[{"not_picked":["Lockon","Melter"],"picked":"Capacitor","floor":1},{"not_picked":["Capacitor","Beam Cell"],"picked":"White Noise","floor":10},{"not_picked":["Cold Snap","Recycle","Turbo"],"picked":"SKIP","floor":11},{"not_picked":["Hello World","Double Energy"],"picked":"Multi-Cast","floor":12},{"not_picked":["Streamline","Beam Cell"],"picked":"Tempest","floor":13},{"not_picked":["Gash","Sweeping Beam"],"picked":"Self Repair","floor":14},{"not_picked":["Heatsinks","Glacier"],"picked":"Conserve Battery","floor":15},{"not_picked":["Hyperbeam","Electrodynamics"],"picked":"Creative AI","floor":16},{"not_picked":[],"picked":"Defragment","floor":18},{"not_picked":[],"picked":"Hologram+1","floor":20}],"player_experience":242596,"relics_obtained":[{"floor":9,"key":"Dream Catcher"},{"floor":12,"key":"Regal Pillow"}],"event_choices":[{"damage_healed":0,"gold_gain":0,"player_choice":"Entered Light","damage_taken":15,"max_hp_gain":0,"max_hp_loss":0,"event_name":"Shining Light","floor":3,"gold_loss":0,"cards_upgraded":["Zap","Defend_B"]},{"cards_removed":["Strike_B"],"damage_healed":0,"gold_gain":0,"player_choice":"Card Removal","damage_taken":0,"max_hp_gain":0,"max_hp_loss":0,"event_name":"The Cleric","floor":4,"gold_loss":50},{"damage_healed":0,"gold_gain":0,"player_choice":"Forge","damage_taken":0,"max_hp_gain":0,"max_hp_loss":0,"event_name":"Accursed Blacksmith","floor":7,"gold_loss":0,"cards_upgraded":["Capacitor"]},{"damage_healed":0,"gold_gain":0,"player_choice":"Ignored","damage_taken":0,"max_hp_gain":0,"max_hp_loss":0,"event_name":"Ghosts","floor":19,"gold_loss":0}],"is_beta":false,"boss_relics":[{"not_picked":["Runic Dome","Snecko Eye"],"picked":"Busted Crown"}],"items_purged_floors":[2,21],"is_endless":false,"potions_floor_spawned":[1,11,14,18],"killed_by":"Centurion and Healer","ascension_level":2}}