{"host":"873t0y8ybyo38pfq","time":1609420639,"event":{"mods":["BaseMod","Bestiary","Colored Map","Colored Powertips","Highlight Path","Minty Spire (QoL Compilation)","Quick Restart","RNG Fix","Rare Cards Sparkle","Relic Stats","StSLib"],"gold_per_floor":[363,363,438,438,457,457,178,178,232,232,247,22,22,55,55,201,201,242,278,278,278,278,278,278,278],"floor_reached":24,"playtime":642,"items_purged":["Strike_B"],"score":278,"play_id":"bd9e7ddc-9a78-40c1-93c6-8bc6569bada0","local_time":"20201231081719","is_ascension_mode":true,"campfire_choices":[{"floor":6,"key":"REST"},{"data":"Loop","floor":10,"key":"SMITH"},{"data":"Biased Cognition","floor":13,"key":"SMITH"},{"data":"Zap","floor":15,"key":"SMITH"},{"data":"Multi-Cast","floor":23,"key":"SMITH"}],"circlet_count":0,"master_deck":["Strike_B","Strike_B","Strike_B","Defend_B","Defend_B","Defend_B","Defend_B","Zap+1","Dualcast","Coolheaded","Loop+1","Hologram","Biased Cognition+1","HandOfGreed","Cold Snap","Ball Lightning","Multi-Cast+1","Conserve Battery","Redo","Shame"],"relics":["Cracked Core","Bronze Scales","Golden Idol","Membership Card","Orichalcum","Blood Vial","Bag of Marbles","ClockworkSouvenir","Nuclear Battery","Juzu Bracelet"],"acts_visited":["Exordium","TheCity"],"potions_floor_usage":[],"damage_taken":[{"damage":1,"enemies":"Cultist","floor":1,"turns":3},{"damage":7,"enemies":"Jaw Worm","floor":5,"turns":3},{"damage":0,"enemies":"Small Slimes","floor":11,"turns":3},{"damage":4,"enemies":"Looter","floor":14,"turns":2},{"damage":0,"enemies":"Slime Boss","floor":16,"turns":5},{"damage":6,"enemies":"3 Byrds","floor":18,"turns":2},{"damage":0,"enemies":"Spheric Guardian","floor":19,"turns":3},{"damage":55,"enemies":"Gremlin Leader","floor":24,"turns":10}],"seed_played":"-6748115841301245350","potions_obtained":[{"floor":1,"key":"BlessingOfTheForge"}],"is_trial":false,"path_per_floor":["M","?","?","?","M","R","$","?","T","R","M","$","R","M","R","B",null,"M","M","?","?","?","R","E"],"character_chosen":"DEFECT","items_purchased":["Membership Card","Loop","Orichalcum","Biased Cognition","ClockworkSouvenir","HandOfGreed","Cold Snap"],"campfire_rested":1,"item_purchase_floors":[7,7,7,12,12,12,12],"current_hp_per_floor":[53,53,42,42,35,55,55,48,48,48,50,50,50,48,48,50,69,63,65,53,53,53,53,0,0],"gold":278,"neow_bonus":"TWO_FIFTY_GOLD","is_daily":false,"chose_seed":false,"campfire_upgraded":4,"win_rate":0.0,"timestamp":1609420639,"path_taken":["M","?","?","?","M","R","$","?","T","R","?","$","R","M","R","BOSS","M","M","?","?","?","R","E"],"items_purchased_type":["Relic","Card","Relic","Card","Relic","Card","Card"],"build_version":"2020-12-22","purchased_purges":1,"victory":false,"max_hp_per_floor":[75,75,75,69,69,69,69,69,69,69,69,69,69,69,69,69,69,69,69,74,74,74,74,74,74],"relic_stats":{"Blood Vial":10,"counters":[8,31],"Golden Idol":42,"Bronze Scales":[61],"Juzu Bracelet":0,"Orichalcum":[84],"obtain_stats":[{"Blood Vial":8,"Golden Idol":4,"Bronze Scales":2,"Bag of Marbles":9,"Juzu Bracelet":22,"Membership Card":7,"Orichalcum":7,"Cracked Core":0,"ClockworkSouvenir":12,"Nuclear Battery":17},{"Blood Vial":2,"Golden Idol":1,"Bronze Scales":1,"Bag of Marbles":2,"Juzu Bracelet":7,"Membership Card":2,"Orichalcum":2,"Cracked Core":0,"ClockworkSouvenir":3,"Nuclear Battery":5},{"Blood Vial":6,"Golden Idol":3,"Bronze Scales":3,"Bag of Marbles":6,"Juzu Bracelet":21,"Membership Card":6,"Orichalcum":6,"Cracked Core":0,"ClockworkSouvenir":9,"Nuclear Battery":16}]},"card_choices":[{"not_picked":["Steam","Compile Driver","Rebound"],"picked":"SKIP","floor":1},{"not_picked":["Turbo","Rebound"],"picked":"Coolheaded","floor":5},{"not_picked":["Tempest","Stack"],"picked":"Hologram","floor":11},{"not_picked":["Seek","Steam"],"picked":"Ball Lightning","floor":14},{"not_picked":["Echo Form","Rainbow"],"picked":"Multi-Cast","floor":16},{"not_picked":["Chaos","Aggregate"],"picked":"Conserve Battery","floor":18},{"not_picked":["Streamline","Stack"],"picked":"Redo","floor":19}],"player_experience":1441298,"relics_obtained":[{"floor":9,"key":"Bag of Marbles"}],"event_choices":[{"damage_healed":0,"gold_gain":0,"player_choice":"Gave Potion","damage_taken":0,"relics_obtained":["Bronze Scales"],"max_hp_gain":0,"max_hp_loss":0,"event_name":"WeMeetAgain","floor":2,"gold_loss":0},{"damage_healed":0,"gold_gain":75,"player_choice":"Gather Gold","damage_taken":11,"max_hp_gain":0,"max_hp_loss":0,"event_name":"World of Goop","floor":3,"gold_loss":0},{"damage_healed":0,"gold_gain":0,"player_choice":"Lose Max HP","damage_taken":0,"relics_obtained":["Golden Idol"],"max_hp_gain":0,"max_hp_loss":6,"event_name":"Golden Idol","floor":4,"gold_loss":0},{"damage_healed":0,"gold_gain":0,"player_choice":"Success","damage_taken":7,"relics_obtained":["Blood Vial"],"max_hp_gain":0,"max_hp_loss":0,"event_name":"Scrap Ooze","floor":8,"gold_loss":0},{"damage_healed":0,"gold_gain":0,"player_choice":"Shed Blood","damage_taken":17,"max_hp_gain":5,"max_hp_loss":0,"event_name":"Forgotten Altar","floor":20,"gold_loss":0},{"damage_healed":0,"gold_gain":0,"player_choice":"Ignored","damage_taken":0,"max_hp_gain":0,"max_hp_loss":0,"event_name":"Cursed Tome","floor":21,"gold_loss":0},{"damage_healed":0,"gold_gain":0,"player_choice":"Stole Relic","damage_taken":0,"relics_obtained":["Juzu Bracelet"],"max_hp_gain":0,"max_hp_loss":0,"event_name":"Addict","floor":22,"gold_loss":0,"cards_obtained":["Shame"]}],"is_beta":false,"boss_relics":[{"not_picked":["Busted Crown","FrozenCore"],"picked":"Nuclear Battery"}],"items_purged_floors":[7],"is_endless":false,"potions_floor_spawned":[1],"killed_by":"Gremlin Leader","ascension_level":4}}