{"host":"i09pxcjttd31eh4q","time":1609379695,"event":{"mods":["AchievementEnabler","BaseMod","Colored Map","Keyboard Shortcuts","Minty Spire (QoL Compilation)","StSLib","SuperFastMode"],"gold_per_floor":[113,263,273,273,273,306,306,317,317,317,336,354,379,393,393,469,469,469,469,469,469,469,469,469,469,469],"floor_reached":25,"playtime":600,"items_purged":[],"score":580,"play_id":"fc5c775d-910f-4805-a188-df07eed45362","local_time":"20201231105455","is_ascension_mode":true,"campfire_choices":[{"data":"Crippling Poison","floor":7,"key":"SMITH"},{"data":"Neutralize","floor":10,"key":"SMITH"},{"data":"Deadly Poison","floor":15,"key":"SMITH"},{"data":"Noxious Fumes","floor":23,"key":"SMITH"}],"circlet_count":0,"master_deck":["AscendersBane","Strike_G","Strike_G","Strike_G","Strike_G","Strike_G","Defend_G","Defend_G","Defend_G","Defend_G","Defend_G","Survivor","Neutralize+1","Crippling Poison+1","Leg Sweep","Backflip","Tactician","Cloak And Dagger","Deadly Poison+1","Adrenaline","Heel Hook","Burst","Backflip","Calculated Gamble","Noxious Fumes+1","Reflex"],"relics":["Ring of the Snake","NeowsBlessing","Matryoshka","The Courier","White Beast Statue","Boot","Ectoplasm"],"acts_visited":["Exordium","TheCity"],"potions_floor_usage":[13,16,22,24,25],"damage_taken":[{"damage":0,"enemies":"2 Louse","floor":1,"turns":1},{"damage":0,"enemies":"Jaw Worm","floor":3,"turns":1},{"damage":0,"enemies":"3 Sentries","floor":6,"turns":1},{"damage":0,"enemies":"Cultist","floor":8,"turns":5},{"damage":1,"enemies":"Looter","floor":11,"turns":4},{"damage":7,"enemies":"2 Fungi Beasts","floor":12,"turns":4},{"damage":30,"enemies":"Lagavulin","floor":13,"turns":8},{"damage":10,"enemies":"Exordium Thugs","floor":14,"turns":4},{"damage":0,"enemies":"The Guardian","floor":16,"turns":13},{"damage":6,"enemies":"Shell Parasite","floor":18,"turns":5},{"damage":0,"enemies":"Spheric Guardian","floor":19,"turns":3},{"damage":16,"enemies":"3 Cultists","floor":22,"turns":6},{"damage":9,"enemies":"Shelled Parasite and Fungi","floor":24,"turns":5},{"damage":24,"enemies":"Slavers","floor":25,"turns":1}],"seed_played":"-9170774283637180251","potions_obtained":[{"floor":1,"key":"EssenceOfSteel"},{"floor":11,"key":"ColorlessPotion"},{"floor":12,"key":"Strength Potion"},{"floor":13,"key":"SpeedPotion"},{"floor":16,"key":"AttackPotion"},{"floor":18,"key":"Block Potion"},{"floor":22,"key":"Strength Potion"},{"floor":24,"key":"LiquidMemories"}],"is_trial":false,"path_per_floor":["M","?","M","?","?","E","R","M","T","R","M","M","E","M","R","B",null,"M","M","?","?","M","R","M","E"],"character_chosen":"THE_SILENT","items_purchased":[],"campfire_rested":0,"item_purchase_floors":[],"current_hp_per_floor":[59,59,59,52,66,66,66,66,66,66,65,58,28,18,18,18,54,48,48,48,48,32,32,23,0,0],"gold":469,"neow_bonus":"THREE_ENEMY_KILL","is_daily":false,"chose_seed":false,"campfire_upgraded":4,"win_rate":0.0,"timestamp":1609379695,"path_taken":["M","?","M","?","?","E","R","?","T","R","M","M","E","M","R","BOSS","M","M","?","?","M","R","M","E"],"items_purchased_type":[],"build_version":"2020-12-22","purchased_purges":0,"victory":false,"max_hp_per_floor":[66,66,66,66,66,66,66,66,66,66,66,66,66,66,66,66,66,66,66,66,66,66,66,66,66,66],"card_choices":[{"not_picked":["Backstab","Outmaneuver"],"picked":"Crippling Poison","floor":1},{"not_picked":["Dodge and Roll","Sucker Punch"],"picked":"Leg Sweep","floor":3},{"not_picked":["Flying Knee","Choke"],"picked":"Backflip","floor":6},{"not_picked":["Catalyst","Expertise"],"picked":"Tactician","floor":8},{"not_picked":["Deflect","Flying Knee"],"picked":"Cloak And Dagger","floor":11},{"not_picked":["Cloak And Dagger","Dash"],"picked":"Deadly Poison","floor":12},{"not_picked":["Skewer","Blade Dance"],"picked":"Adrenaline","floor":13},{"not_picked":["Poisoned Stab","Quick Slash"],"picked":"Heel Hook","floor":14},{"not_picked":["Storm of Steel","Die Die Die"],"picked":"Burst","floor":16},{"not_picked":["Escape Plan","Outmaneuver+1"],"picked":"Backflip","floor":18},{"not_picked":["Backstab","Infinite Blades"],"picked":"Calculated Gamble","floor":19},{"not_picked":["Leg Sweep","Flying Knee"],"picked":"Noxious Fumes","floor":22},{"not_picked":["Calculated Gamble","Crippling Poison"],"picked":"Reflex","floor":24}],"player_experience":798662,"relics_obtained":[{"floor":6,"key":"Matryoshka"},{"floor":9,"key":"The Courier"},{"floor":9,"key":"White Beast Statue"},{"floor":13,"key":"Boot"}],"event_choices":[{"damage_healed":0,"gold_gain":150,"player_choice":"AGREE","damage_taken":0,"max_hp_gain":0,"max_hp_loss":0,"event_name":"Liars Game","floor":2,"gold_loss":0,"cards_obtained":["Doubt"]},{"cards_removed":["Doubt"],"damage_healed":0,"gold_gain":0,"player_choice":"Card Removal","damage_taken":7,"max_hp_gain":0,"max_hp_loss":0,"event_name":"Golden Wing","floor":4,"gold_loss":0},{"damage_healed":14,"gold_gain":0,"player_choice":"Full Heal","damage_taken":0,"max_hp_gain":0,"max_hp_loss":0,"event_name":"Wheel of Change","floor":5,"gold_loss":0},{"damage_healed":0,"gold_gain":0,"player_choice":"Ignored","damage_taken":0,"max_hp_gain":0,"max_hp_loss":0,"event_name":"The Mausoleum","floor":20,"gold_loss":0},{"damage_healed":0,"gold_gain":50,"player_choice":"Stole From Cult","damage_taken":0,"max_hp_gain":0,"max_hp_loss":0,"event_name":"Nest","floor":21,"gold_loss":0}],"is_beta":false,"boss_relics":[{"not_picked":["SlaversCollar","WristBlade"],"picked":"Ectoplasm"}],"items_purged_floors":[],"is_endless":false,"potions_floor_spawned":[1,11,12,13,14,16,18,19,22,24],"killed_by":"Slavers","ascension_level":20}}