{"host":"vm8b3ptwl81uq21f","time":1609438381,"event":{"mods":["Aspiration","BaseMod","BetterRewards","Colored Map","Colored Powertips","Downfall","GifTheSpireLib","Googly Eyes","GungeonMod","Halation","Hubris","Infinite Spire","Minty Spire (QoL Compilation)","Quick Restart","Rare Cards Sparkle","Replay The Spire","Shop Mod","StSLib","Stuff the Spire","The Bug Knight","The IronCluck","[IsaacMod]????"],"gold_per_floor":[116,133,133,133,133,133,166,166,166,178,197,208,239,7,7,108,108,26,26,26,37,55,55,74,74,100,117,117,43,77,94,94,193,193,213,213,313,25,25,25],"floor_reached":39,"playtime":2058,"items_purged":["Strike_G","hubris:Counter"],"score":559,"play_id":"ac871c9a-2b98-499f-8bd5-60a825e0da6a","local_time":"20201231131301","is_ascension_mode":false,"campfire_choices":[{"data":"Noxious Fumes","floor":6,"key":"SMITH"},{"data":"Noxious Fumes","floor":15,"key":"SMITH"},{"data":"ReplayTheSpireMod:Necrosis","floor":23,"key":"SMITH"},{"data":"Deadly Poison","floor":25,"key":"SMITH"},{"data":"Catalyst","floor":32,"key":"SMITH"}],"circlet_count":0,"master_deck":["Defend_G","Defend_G+1","Defend_G","Survivor","Neutralize","Replay:Poison Smokescreen+1","Noxious Fumes+1","Backstab","Noxious Fumes+1","Deflect","Calculated Gamble","Malaise+1","ReplayTheSpireMod:Necrosis+1","Slimebound:Icky","Deflect+1","PiercingWail","Burst","Deadly Poison+1","Catalyst+1","Poison Darts","StuffTheSpire:ReptileScales","Bouncing Flask","ReplayTheSpireMod:Necrosis","ReplayTheSpireMod:Haul","Dodge and Roll+1"],"relics":["StuffTheSpire:OccultApparatus","HushsDoor","Leech","NeowsBlessing","halation:EternalFortune","Gremlin Horn","Vajra","Mirror","Guide Book","Kintsugi","Smiling Mask","DemoMod:AgedBell","hubris:Backtick","Snake Skull","Durian","Replay:Bottled Flurry"],"acts_visited":["Exordium","TheCity","TheBeyond"],"potions_floor_usage":[24,30,31,33],"damage_taken":[{"damage":0,"enemies":"Cultist","floor":1,"turns":1},{"damage":0,"enemies":"Jaw Worm","floor":2,"turns":1},{"damage":0,"enemies":"3 Sentries","floor":7,"turns":1},{"damage":0,"enemies":"2 Louse","floor":10,"turns":3},{"damage":1,"enemies":"Gremlin Gang","floor":11,"turns":4},{"damage":0,"enemies":"2 Fungi Beasts","floor":12,"turns":2},{"damage":17,"enemies":"Gremlin Nob","floor":13,"turns":4},{"damage":0,"enemies":"Hexaghost","floor":16,"turns":9},{"damage":9,"enemies":"3 Byrds","floor":18,"turns":5},{"damage":7,"enemies":"Shell Parasite","floor":21,"turns":5},{"damage":0,"enemies":"Snecko","floor":22,"turns":5},{"damage":0,"enemies":"Chosen and Byrds","floor":24,"turns":6},{"damage":29,"enemies":"3 Cultists","floor":27,"turns":6},{"damage":0,"enemies":"Nightmare","floor":30,"turns":6},{"damage":1,"enemies":"Centurion and Healer","floor":31,"turns":5},{"damage":20,"enemies":"Automaton","floor":33,"turns":8},{"damage":26,"enemies":"3 Shapes","floor":35,"turns":4},{"damage":31,"enemies":"infinitespire:Three Voidlings","floor":37,"turns":4},{"damage":22,"enemies":"Nightmare_Alpha","floor":37,"turns":8},{"damage":43,"enemies":"2 Orb Walkers","floor":39,"turns":5}],"seed_played":"-4608852284580879878","potions_obtained":[{"floor":10,"key":"DemoMod:LeadSkinPotion"},{"floor":13,"key":"Weak Potion"},{"floor":16,"key":"SpeedPotion"},{"floor":21,"key":"Dexterity Potion"},{"floor":24,"key":"Swift Potion"}],"is_trial":false,"path_per_floor":["M","M","?","?","?","R","E","?","T","M","M","M","E","$","R","B",null,"M","?","?","M","M","R","M","R","T","M","?","$","NM","M","R","B",null,"M","?","?","$","?"],"character_chosen":"THE_SILENT","items_purchased":["Guide Book","Catalyst","Replay:Bottled Flurry"],"campfire_rested":0,"item_purchase_floors":[14,29,38],"current_hp_per_floor":[70,70,70,70,73,73,73,58,58,61,63,64,50,50,50,56,73,68,68,68,66,71,71,73,73,73,47,47,47,53,57,57,43,73,50,50,29,29,0,0],"gold":25,"neow_bonus":"THREE_ENEMY_KILL","is_daily":false,"chose_seed":false,"campfire_upgraded":5,"win_rate":0.0,"timestamp":1609438381,"path_taken":["M","?","?","?","?","R","E","?","T","?","M","M","E","$","R","BOSS","M","?","?","?","M","R","?","R","T","M","?","$","NM","M","R","BOSS","M","?","?","?","?"],"items_purchased_type":["Relic","Card","Relic"],"build_version":"2020-12-22","purchased_purges":2,"victory":false,"max_hp_per_floor":[70,70,70,70,73,73,73,73,73,73,73,73,73,73,73,73,73,73,73,73,73,73,73,73,73,73,73,73,73,73,73,73,73,73,73,73,78,78,78,78],"card_choices":[{"not_picked":["Deflect","Outmaneuver"],"picked":"Replay:Poison Smokescreen","floor":1},{"not_picked":["Choke","hubris:Counter"],"picked":"Noxious Fumes","floor":2},{"not_picked":["Dash","Prepared"],"picked":"Backstab","floor":7},{"not_picked":["StuffTheSpire:BrimstoneBlast","Flying Knee"],"picked":"Noxious Fumes","floor":10},{"not_picked":["Dagger Spray","Hidden Blade"],"picked":"Deflect","floor":11},{"not_picked":["Deflect","Hidden Blade"],"picked":"Calculated Gamble","floor":12},{"not_picked":["Wraith Form v2","Poisoned Stab"],"picked":"Malaise","floor":13},{"not_picked":["Die Die Die","Atom Bomb"],"picked":"ReplayTheSpireMod:Necrosis","floor":16},{"not_picked":["Flying Knee","StuffTheSpire:BrimstoneBlast"],"picked":"Deflect+1","floor":18},{"not_picked":["Outmaneuver+1","Backflip"],"picked":"PiercingWail","floor":21},{"not_picked":["StuffTheSpire:ClusterCrunch+1","Flying Knee"],"picked":"Burst","floor":22},{"not_picked":["StuffTheSpire:Python+1","Prepared"],"picked":"Deadly Poison","floor":24},{"not_picked":["Predator","Prepared","Accuracy"],"picked":"SKIP","floor":27},{"not_picked":["Dagger Throw","hubris:Counter+1"],"picked":"Poison Darts","floor":30},{"not_picked":["Outmaneuver","Deadly Poison"],"picked":"StuffTheSpire:ReptileScales","floor":31},{"not_picked":["Deadly Poison+1","Dagger Throw"],"picked":"Bouncing Flask","floor":35},{"not_picked":["infinitespire:FinalStrike","infinitespire:Execution"],"picked":"ReplayTheSpireMod:Haul","floor":37},{"not_picked":["Hidden Blade+1","Quick Slash+1"],"picked":"Dodge and Roll+1","floor":37}],"player_experience":338189,"relics_obtained":[{"floor":7,"key":"DemoMod:WeirdEgg"},{"floor":9,"key":"Vajra"},{"floor":13,"key":"Mirror"},{"floor":26,"key":"Smiling Mask"},{"floor":30,"key":"DemoMod:AgedBell"},{"floor":37,"key":"Durian"}],"event_choices":[{"damage_healed":0,"gold_gain":0,"player_choice":"Entered Light","damage_taken":15,"max_hp_gain":0,"max_hp_loss":0,"event_name":"Shining Light","floor":8,"gold_loss":0,"cards_upgraded":["Strike_G","Defend_G"]},{"cards_removed":["Strike_G"],"damage_healed":0,"gold_gain":0,"player_choice":"Elegance","damage_taken":0,"max_hp_gain":0,"max_hp_loss":0,"event_name":"Back to Basics","floor":28,"gold_loss":0},{"damage_healed":0,"gold_gain":0,"player_choice":"2 cards matched","damage_taken":0,"max_hp_gain":0,"max_hp_loss":0,"event_name":"Match and Keep!","floor":36,"gold_loss":0,"cards_obtained":["hubris:Counter","ReplayTheSpireMod:Necrosis"]},{"damage_healed":0,"gold_gain":0,"player_choice":"Fight","damage_taken":0,"max_hp_gain":0,"max_hp_loss":0,"event_name":"Mysterious Sphere","floor":39,"gold_loss":0}],"is_beta":false,"boss_relics":[{"not_picked":["halation:Yufonium","halation:ForbiddenBikini"],"picked":"Kintsugi"},{"not_picked":[]},{"not_picked":["DemoMod:WaxWing","ChewingGum"],"picked":"hubris:Backtick"},{"not_picked":[]}],"items_purged_floors":[14,38],"is_endless":true,"potions_floor_spawned":[10,13,16,21,24,27],"killed_by":"2 Orb Walkers","ascension_level":0}}