{"host":"be3r5d8qs4ku9xfy","time":1609456515,"event":{"mods":["2.2 Compatiblity","AchievementEnabler","Act Like it!","Aspiration","BaseMod","Better Altar","Better Note","Better Sensory Stone","Better Skull","Better Third Choice","BetterRewards","Card Forge","Colored Map","Colored Powertips","DNKmod","DeckTracker","Defuse TimeMaze Blight","Downfall","Friendly Minions","Gensokyo","Hallownest","Highlight Path","Hubris","Infinite Spire","Keyboard Shortcuts","Lobotomy","Minty Spire (QoL Compilation)","Quick Restart","Rare Cards Sparkle","Replay The Spire","Shop Mod","StSLib","SuperFastMode","Synergy Search","The Jungle"],"gold_per_floor":[1015,1027,1027,524,534,559,559,585,612,650,679,703,735,784,784,907,907,936,965,999,675,708,708,731,761,761,809,838,838,838,838,838,947,947,976,1004,1045,1073,1093,1093],"floor_reached":39,"playtime":8760,"items_purged":[],"score":548,"play_id":"48cb5cae-5aa9-4c8f-9ead-225c399cb1d6","local_time":"20201231181515","is_ascension_mode":false,"campfire_choices":[{"floor":23.0,"key":"REST"},{"floor":29.0,"key":"REST"},{"floor":29.0,"key":"RECALL"},{"data":"Aggregate","floor":32.0,"key":"SMITH"}],"circlet_count":0,"master_deck":["Strike_B","Strike_B","Strike_B","Strike_B","Defend_B","Defend_B","Defend_B","Defend_B","Zap","Dualcast","Scrape","Scrape","Gash","Go for the Eyes","Rebound","Go for the Eyes","Rebound","Aggregate+1","FIFO Queue","Conserve Battery","Coolheaded","Static Discharge","Mirror Shield","Genetic Algorithm+1","Storm","Crystallizer+1","Apotheosis","Go for the Eyes","Replay:Parry","Static Discharge+1","Double Energy+1","Gash","Stack","Gash+1","infinitespire:TheBestDefense","Electrodynamics","ReplayTheSpireMod:Calculation Training","Rebound+1","Barrage","Beam Cell+1"],"relics":["Cracked Core","Hammer of Thor","Seething Fire","Anvil of the Gods","Nunchaku","Replay:Bottled Snecko","ClockworkSouvenir","Replay:Bandana","Gensokyo:Justice","Bronze Scales","Pet Ghost","hubris:ScarierMask","infinitespire:Magic Flask","hubris:GrandSneckoEye"],"acts_visited":["Gensokyo:Gensokyo","Gensokyo:Gensokyo","Hallownest:KingdomsEdge"],"potions_floor_usage":[39,39],"damage_taken":[{"damage":2.0,"enemies":"Gensokyo:Gryphon","floor":1.0,"turns":3.0},{"damage":1.0,"enemies":"Gensokyo:Python","floor":2.0,"turns":3.0},{"damage":0.0,"enemies":"Gensokyo:3_Fairies","floor":5.0,"turns":3.0},{"damage":20.0,"enemies":"Gensokyo:Aya","floor":6.0,"turns":5.0},{"damage":0.0,"enemies":"Gensokyo:2_Rabbits","floor":8.0,"turns":3.0},{"damage":8.0,"enemies":"Gensokyo:VengefulSpirit","floor":10.0,"turns":3.0},{"damage":0.0,"enemies":"Gensokyo:3_Kodama","floor":11.0,"turns":2.0},{"damage":0.0,"enemies":"Gensokyo:LivingMonolith","floor":12.0,"turns":2.0},{"damage":12.0,"enemies":"Gensokyo:CorruptedTreant","floor":13.0,"turns":2.0},{"damage":11.0,"enemies":"Gensokyo:Mamizou","floor":14.0,"turns":4.0},{"damage":23.0,"enemies":"Gensokyo:Yukari","floor":16.0,"turns":6.0},{"damage":6.0,"enemies":"theJungle:GiantWrat","floor":18.0,"turns":6.0},{"damage":13.0,"enemies":"Shell Parasite","floor":19.0,"turns":4.0},{"damage":5.0,"enemies":"theJungle:Lyon","floor":20.0,"turns":3.0},{"damage":17.0,"enemies":"theJungle:SlimyTreeVines","floor":22.0,"turns":5.0},{"damage":1.0,"enemies":"theJungle:JungleHuntersEncounter","floor":24.0,"turns":3.0},{"damage":4.0,"enemies":"Snake Plant","floor":25.0,"turns":3.0},{"damage":25.0,"enemies":"theJungle:MamaSnecko","floor":27.0,"turns":4.0},{"damage":17.0,"enemies":"theJungle:2_Flameangoes","floor":28.0,"turns":3.0},{"damage":0.0,"enemies":"theJungle:FunGuy","floor":33.0,"turns":9.0},{"damage":0,"enemies":"Hallownest:Shield_Heavy","floor":35,"turns":2},{"damage":0,"enemies":"Hallownest:3_Siblings","floor":36,"turns":2},{"damage":0,"enemies":"Hallownest:Slobbering_and_Violent","floor":37,"turns":4},{"damage":15,"enemies":"Hallownest:2_Wing_and_1_Kings","floor":38,"turns":3},{"damage":2,"enemies":"Hallownest:Xero_Hu_Marmu","floor":39,"turns":3}],"seed_played":"-5042799718502931656","potions_obtained":[{"floor":1.0,"key":"Strength Potion"},{"floor":6.0,"key":"Languid Potion"},{"floor":10.0,"key":"sneckomod:MuddlingPotion"},{"floor":16.0,"key":"Death Potion"},{"floor":22.0,"key":"Reflective Coating"},{"floor":27.0,"key":"Fire Potion"},{"floor":28.0,"key":"SkillPotion"}],"is_trial":false,"path_per_floor":["M","M","?","$","M","E","?","M","T","M","M","M","M","E","R_BF","B",null,"M","M","M","$","M","R","M","M","T","E","M","R","?","AVR","R_BF","B",null,"M","M","M","M","M"],"character_chosen":"DEFECT","items_purchased":["Replay:Bottled Snecko","ClockworkSouvenir","Scrape","Gash","Apotheosis","Go for the Eyes","Replay:Parry"],"campfire_rested":2,"item_purchase_floors":[4,4,4,4,21,21,21],"current_hp_per_floor":[98,97,97,97,97,77,77,77,77,69,69,69,57,46,46,23,100,94,81,76,76,62,92,91,87,87,62,45,75,70,70,70,70,105,105,105,105,90,88,88],"gold":1093,"neow_bonus":"RANDOM_COMMON_RELIC","is_daily":false,"chose_seed":false,"campfire_upgraded":1,"win_rate":0.0,"timestamp":1609456515,"path_taken":["M","M","?","$","M","E","?","M","T","M","M","M","M","E","R_BF","BOSS","M","M","M","$","M","R","M","M","T","E","M","R","?","AVR","R_BF","BOSS","M","M","M","M","M"],"items_purchased_type":["Relic","Relic","Card","Card","Card","Card","Card"],"build_version":"2020-12-22","purchased_purges":0,"victory":false,"max_hp_per_floor":[100,100,100,100,100,100,100,100,100,100,100,100,100,100,100,100,100,100,100,100,100,100,100,100,100,100,100,100,100,105,105,105,105,105,105,105,105,105,105,105],"card_choices":[{"not_picked":["Coolheaded","Capacitor"],"picked":"Storm","floor":1.0},{"not_picked":["BasicCrystalCard","Leap"],"picked":"ReplaySolidLightProjector","floor":2.0},{"not_picked":["Ball Lightning","Blizzard"],"picked":"Go for the Eyes","floor":5.0},{"not_picked":["Compile Driver","Conserve Battery"],"picked":"Rebound","floor":6.0},{"not_picked":["Chill","Ball Lightning"],"picked":"Go for the Eyes","floor":8.0},{"not_picked":["Auto Shields","Undo"],"picked":"Rebound","floor":10.0},{"not_picked":["BasicCrystalCard","Cold Snap"],"picked":"Aggregate","floor":11.0},{"not_picked":["Leap","Consume"],"picked":"FIFO Queue","floor":12.0},{"not_picked":["ReplaySolidLightProjector","Rebound"],"picked":"Conserve Battery","floor":13.0},{"not_picked":["Go for the Eyes","Redo"],"picked":"Coolheaded","floor":14.0},{"not_picked":["Fission","Electrodynamics"],"picked":"Mirror Shield","floor":16.0},{"not_picked":["Conserve Battery","Panic Button"],"picked":"Genetic Algorithm+1","floor":18.0},{"not_picked":["ReplayTheSpireMod:Reroute Power+1","FIFO Queue"],"picked":"Storm","floor":19.0},{"not_picked":["Rebound","Barrage"],"picked":"Crystallizer+1","floor":20.0},{"not_picked":["Cold Snap","ReplayTheSpireMod:GoodbyeWorld"],"picked":"Static Discharge+1","floor":22.0},{"not_picked":["Defragment","Stack"],"picked":"Double Energy+1","floor":24.0},{"not_picked":["Creative AI","Stack"],"picked":"Gash","floor":25.0},{"not_picked":["Steam","ReplayTheSpireMod:System Scan"],"picked":"Stack","floor":27.0},{"not_picked":["ReplaySort+1","Seek"],"picked":"Gash+1","floor":28.0},{"not_picked":["ReplayTheSpireMod:Fabricate Wheel","hubris:Prefetch"],"picked":"Electrodynamics","floor":33.0},{"not_picked":["Reprogram","Beam Cell+1"],"picked":"ReplayTheSpireMod:Calculation Training","floor":35},{"not_picked":["Panic Button+1","Hologram"],"picked":"Rebound+1","floor":36},{"not_picked":["Go for the Eyes","ReplayTheSpireMod:Reroute Power+1"],"picked":"Barrage","floor":37},{"not_picked":["Leap","Chill"],"picked":"Beam Cell+1","floor":38}],"player_experience":17221,"relics_obtained":[{"floor":6.0,"key":"Replay:Bandana"},{"floor":9.0,"key":"Bronze Scales"},{"floor":14.0,"key":"Pet Ghost"},{"floor":27.0,"key":"infinitespire:Magic Flask"}],"event_choices":[],"is_beta":false,"boss_relics":[{"not_picked":["Snecko Eye","ChewingGum"],"picked":"hubris:ScarierMask"},{"not_picked":["SacredBark","Coffee Dripper"],"picked":"hubris:GrandSneckoEye"}],"items_purged_floors":[],"is_endless":false,"potions_floor_spawned":[1,6,10,11,14,16,19,20,22,27,28,35],"killed_by":"Hallownest:Xero_Hu_Marmu","ascension_level":0}}