{"host":"b5k9dtspx1cjm4w0","time":1609453508,"event":{"mods":["AchievementEnabler","BaseMod","Better Third Choice","Colored Map","Colored Powertips","Highlight Path","Minty Spire (QoL Compilation)","Permanent Neow","Quick Restart","Relic Stats","StSLib"],"gold_per_floor":[115,126,126,140,315,315,345,355,355,355,370,397,412,412,412,532,532,552,571,592,18,18,18,37,57,57,78,78,78,78,78,78,204,204,219,552,564,578,59,87,87,87,111,126,138,151,151,179,179,179],"floor_reached":51,"playtime":4035,"items_purged":["Doubt","Defend_R"],"score":896,"play_id":"456bac4a-bf3a-4908-a6a8-e6f7db7dbda7","local_time":"20201231222508","is_ascension_mode":false,"campfire_choices":[{"data":"Rampage","floor":6.0,"key":"SMITH"},{"data":"Warcry","floor":10.0,"key":"SMITH"},{"data":"Havoc","floor":15.0,"key":"SMITH"},{"floor":23.0,"key":"REST"},{"data":"Havoc","floor":28.0,"key":"SMITH"},{"data":"Ghostly","floor":32.0,"key":"SMITH"},{"data":"Disarm","floor":41,"key":"SMITH"},{"data":"Havoc","floor":49,"key":"SMITH"}],"circlet_count":0,"master_deck":["Defend_R","Defend_R","Bash","Rampage+1","Cleave","Shrug It Off","Warcry+1","Whirlwind","Disarm+1","Offering","Havoc+1","Offering","True Grit+1","Intimidate+1","Inflame","Impervious","Body Slam+1","Havoc+1","Sever Soul+1","Bite","Bite","Bite","Bite","Bite","Ghostly+1","Ghostly","Ghostly","Ghostly","Ghostly","Exhume","Body Slam+1","Parasite","Havoc+1","Dark Shackles","Second Wind","Rage+1","Impervious"],"relics":["Burning Blood","CaptainsWheel","Kunai","StoneCalendar","Ice Cream","Strange Spoon","Art of War","Dead Branch","Pocketwatch","Pear","Philosopher\u0027s Stone","Ancient Tea Set","Toolbox","Juzu Bracelet","Bronze Scales","Ginger"],"acts_visited":["Exordium","TheCity","TheBeyond"],"potions_floor_usage":[46,46,50],"damage_taken":[{"damage":0.0,"enemies":"2 Louse","floor":1.0,"turns":3.0},{"damage":1.0,"enemies":"Cultist","floor":2.0,"turns":3.0},{"damage":5.0,"enemies":"Small Slimes","floor":4.0,"turns":3.0},{"damage":9.0,"enemies":"Gremlin Nob","floor":7.0,"turns":4.0},{"damage":11.0,"enemies":"Red Slaver","floor":8.0,"turns":4.0},{"damage":15.0,"enemies":"Large Slime","floor":11.0,"turns":7.0},{"damage":23.0,"enemies":"Lagavulin","floor":12.0,"turns":7.0},{"damage":5.0,"enemies":"3 Louse","floor":13.0,"turns":4.0},{"damage":31.0,"enemies":"Slime Boss","floor":16.0,"turns":7.0},{"damage":27.0,"enemies":"2 Thieves","floor":18.0,"turns":3.0},{"damage":36.0,"enemies":"Spheric Guardian","floor":19.0,"turns":6.0},{"damage":32.0,"enemies":"Centurion and Healer","floor":20.0,"turns":7.0},{"damage":19.0,"enemies":"3 Cultists","floor":24.0,"turns":3.0},{"damage":17.0,"enemies":"Shelled Parasite and Fungi","floor":25.0,"turns":7.0},{"damage":6.0,"enemies":"Snake Plant","floor":27.0,"turns":3.0},{"damage":7,"enemies":"Automaton","floor":33,"turns":8},{"damage":8,"enemies":"3 Darklings","floor":35,"turns":4},{"damage":17,"enemies":"Orb Walker","floor":37,"turns":6},{"damage":2,"enemies":"Writhing Mass","floor":38,"turns":6},{"damage":3,"enemies":"Nemesis","floor":40,"turns":5},{"damage":5,"enemies":"Sphere and 2 Shapes","floor":44,"turns":3},{"damage":12,"enemies":"4 Shapes","floor":45,"turns":5},{"damage":7,"enemies":"Transient","floor":46,"turns":5},{"damage":2,"enemies":"Reptomancer","floor":48,"turns":5},{"damage":7,"enemies":"Donu and Deca","floor":50,"turns":8}],"seed_played":"4114539240724662106","potions_obtained":[{"floor":1.0,"key":"LiquidMemories"},{"floor":4.0,"key":"CultistPotion"},{"floor":16.0,"key":"ElixirPotion"},{"floor":18.0,"key":"Block Potion"},{"floor":19.0,"key":"BloodPotion"},{"floor":25.0,"key":"Block Potion"},{"floor":35,"key":"Energy Potion"},{"floor":40,"key":"SkillPotion"},{"floor":45,"key":"Weak Potion"},{"floor":48,"key":"FairyPotion"}],"is_trial":false,"path_per_floor":["M","M","?","M","?","R","E","M","T","R","M","E","M","?","R","B",null,"M","M","M","$","?","R","M","M","T","M","R","?","?","T","R","B",null,"M","?","M","M","$","E","R","?","T","M","M","M","?","E","R","B",null],"character_chosen":"IRONCLAD","items_purchased":["Strange Spoon","Inflame","Impervious","Art of War","SteroidPotion","Dark Shackles","Second Wind","Ancient Tea Set","Toolbox"],"campfire_rested":1,"item_purchase_floors":[21,21,21,21,21,39,39,39,39],"current_hp_per_floor":[62,67,67,68,68,68,65,60,60,60,51,34,35,35,35,10,74,53,23,11,11,11,33,20,9,9,9,9,9,9,19,19,24,35,35,35,32,35,35,35,35,35,35,35,35,35,35,35,35,35],"gold":179,"neow_bonus":"ONE_RARE_RELIC","is_daily":false,"chose_seed":false,"campfire_upgraded":7,"win_rate":0.0,"timestamp":1609453508,"path_taken":["M","M","?","?","?","R","E","M","T","R","M","E","M","?","R","BOSS","M","M","M","$","?","R","M","M","T","?","R","?","?","?","R","BOSS","M","?","M","M","$","E","R","?","T","M","M","M","?","E","R","BOSS"],"items_purchased_type":["Relic","Card","Card","Relic","Potion","Card","Card","Relic","Relic"],"build_version":"2020-12-22","purchased_purges":2,"victory":true,"max_hp_per_floor":[80,80,80,80,80,80,80,80,80,80,80,80,80,74,74,74,74,74,74,74,74,74,74,74,74,74,74,74,51,25,35,35,35,35,35,35,35,35,35,35,35,35,35,35,35,35,35,35,35,35],"relic_stats":{"Strange Spoon":[92],"counters":[25,126],"Dead Branch":[188],"Bronze Scales":[66],"StoneCalendar":[179],"Art of War":[5],"Juzu Bracelet":0,"Kunai":[29],"Ginger":[0],"obtain_stats":[{"Ice Cream":12,"Pear":31,"Golden Idol":14,"Dead Branch":22,"StoneCalendar":9,"Juzu Bracelet":40,"Ginger":48,"Ancient Tea Set":39,"Burning Blood":0,"Strange Spoon":21,"CaptainsWheel":0,"Bronze Scales":43,"Toolbox":39,"Philosopher\u0027s Stone":34,"Art of War":21,"Kunai":7,"Pocketwatch":26},{"Ice Cream":7,"Pear":15,"Golden Idol":8,"Dead Branch":12,"StoneCalendar":5,"Juzu Bracelet":20,"Ginger":24,"Ancient Tea Set":19,"Burning Blood":0,"Strange Spoon":12,"CaptainsWheel":0,"Bronze Scales":20,"Toolbox":19,"Philosopher\u0027s Stone":16,"Art of War":12,"Kunai":4,"Pocketwatch":14},{"Ice Cream":31,"Pear":71,"Golden Idol":35,"Dead Branch":58,"StoneCalendar":17,"Juzu Bracelet":100,"Ginger":118,"Ancient Tea Set":95,"Burning Blood":0,"Strange Spoon":58,"CaptainsWheel":0,"Bronze Scales":100,"Toolbox":95,"Philosopher\u0027s Stone":79,"Art of War":58,"Kunai":13,"Pocketwatch":68}],"Burning Blood":122,"Pocketwatch":[15]},"card_choices":[{"not_picked":["Cleave","Armaments"],"picked":"Rampage","floor":1.0},{"not_picked":["Flex","Sword Boomerang"],"picked":"Cleave","floor":2.0},{"not_picked":["Iron Wave","Dropkick"],"picked":"Shrug It Off","floor":4.0},{"not_picked":["Rupture","Reckless Charge"],"picked":"Warcry","floor":7.0},{"not_picked":["Anger","Dropkick"],"picked":"Whirlwind","floor":8.0},{"not_picked":["Blood for Blood","Carnage"],"picked":"Disarm","floor":11.0},{"not_picked":["Sword Boomerang","Shrug It Off"],"picked":"Offering","floor":12.0},{"not_picked":["Iron Wave","Body Slam"],"picked":"Havoc","floor":13.0},{"not_picked":["Barricade","Juggernaut"],"picked":"Offering","floor":16.0},{"not_picked":["Rampage","Iron Wave+1","Perfected Strike+1"],"picked":"SKIP","floor":18.0},{"not_picked":["Rupture+1","Disarm"],"picked":"True Grit+1","floor":19.0},{"not_picked":["Power Through","True Grit"],"picked":"Intimidate+1","floor":20.0},{"not_picked":["Heavy Blade","Shrug It Off"],"picked":"Body Slam+1","floor":24.0},{"not_picked":["Flex","Headbutt"],"picked":"Havoc","floor":25.0},{"not_picked":["Armaments","Clothesline"],"picked":"Sever Soul+1","floor":27.0},{"not_picked":["Immolate","Double Tap"],"picked":"Exhume","floor":33},{"not_picked":["Heavy Blade","Flame Barrier+1"],"picked":"Body Slam+1","floor":35},{"not_picked":["Carnage","Perfected Strike","Shockwave"],"picked":"SKIP","floor":37},{"not_picked":["Thunderclap","Twin Strike"],"picked":"Havoc","floor":38},{"not_picked":["Bludgeon","Pummel+1","Clash+1"],"picked":"SKIP","floor":40},{"not_picked":["Heavy Blade","Iron Wave+1","Shrug It Off+1"],"picked":"SKIP","floor":44},{"not_picked":["Clothesline+1","Heavy Blade","Carnage+1"],"picked":"SKIP","floor":45},{"not_picked":["Juggernaut","Whirlwind","Rage+1"],"picked":"SKIP","floor":46},{"not_picked":["Juggernaut","Whirlwind"],"picked":"Rage+1","floor":46},{"not_picked":["Twin Strike+1","Reckless Charge","Double Tap"],"picked":"SKIP","floor":48}],"player_experience":1621051,"relics_obtained":[{"floor":7.0,"key":"Kunai"},{"floor":9.0,"key":"StoneCalendar"},{"floor":12.0,"key":"Ice Cream"},{"floor":26.0,"key":"Pocketwatch"},{"floor":31.0,"key":"Pear"},{"floor":40,"key":"Juzu Bracelet"},{"floor":43,"key":"Bronze Scales"},{"floor":48,"key":"Ginger"}],"event_choices":[{"cards_removed":["Strike_R"],"damage_healed":0.0,"max_hp_gain":0.0,"max_hp_loss":0.0,"gold_gain":0.0,"event_name":"Wheel of Change","player_choice":"Card Removal","floor":3.0,"gold_loss":0.0,"damage_taken":0.0},{"damage_healed":0.0,"max_hp_gain":0.0,"max_hp_loss":0.0,"gold_gain":175.0,"event_name":"betterThird:BetterSerpent","player_choice":"AGREE","floor":5.0,"gold_loss":0.0,"damage_taken":140.0},{"damage_healed":0.0,"max_hp_gain":0.0,"max_hp_loss":6.0,"gold_gain":0.0,"event_name":"Golden Idol","player_choice":"Lose Max HP","floor":14.0,"gold_loss":0.0,"damage_taken":0.0,"relics_obtained":["Golden Idol"]},{"damage_healed":0.0,"max_hp_gain":0.0,"max_hp_loss":0.0,"gold_gain":0.0,"event_name":"WeMeetAgain","player_choice":"Gave Potion","floor":22.0,"gold_loss":0.0,"damage_taken":0.0,"relics_obtained":["Dead Branch"]},{"damage_healed":0.0,"max_hp_gain":0.0,"max_hp_loss":23.0,"gold_gain":0.0,"event_name":"Vampires","player_choice":"Became a vampire","floor":29.0,"gold_loss":0.0,"damage_taken":0.0,"cards_obtained":["Bite","Bite","Bite","Bite","Bite"]},{"damage_healed":0.0,"max_hp_gain":0.0,"max_hp_loss":26.0,"gold_gain":0.0,"event_name":"Ghosts","player_choice":"Became a Ghost","floor":30.0,"gold_loss":0.0,"damage_taken":0.0,"cards_obtained":["Ghostly","Ghostly","Ghostly","Ghostly","Ghostly"]},{"damage_healed":0,"gold_gain":333,"player_choice":"Gave Idol","damage_taken":0,"max_hp_gain":0,"max_hp_loss":0,"event_name":"The Moai Head","floor":36,"relics_lost":["Golden Idol"],"gold_loss":0},{"damage_healed":0,"gold_gain":0,"player_choice":"Memory 1","damage_taken":0,"max_hp_gain":0,"max_hp_loss":0,"event_name":"SensoryStone","floor":42,"gold_loss":0},{"damage_healed":0,"gold_gain":0,"cards_transformed":["Defend_R"],"player_choice":"Transformed","damage_taken":0,"max_hp_gain":0,"max_hp_loss":0,"event_name":"Transmorgrifier","floor":47,"gold_loss":0,"cards_obtained":["Impervious"]}],"is_beta":false,"boss_relics":[{"not_picked":[]},{"not_picked":["Empty Cage","Runic Dome"],"picked":"Philosopher\u0027s Stone"}],"items_purged_floors":[21,39],"is_endless":false,"potions_floor_spawned":[1,4,16,18,19,25,35,40,45,48],"ascension_level":0}}