{"host":"p08oqmr389b4tgxi","time":1609430970,"event":{"mods":["Act Like it!","Arknights The Spire","BaseMod","Colored Powertips","Friendly Minions","Gensokyo","Hermit","Minty Spire (QoL Compilation)","Pale of the Ancients","Relic Stats","StSLib","The Alterego","The Marked","UnlockEverythingMod","Yakumo Yukari mod"],"gold_per_floor":[115,128,148,223,223,223,241,252,252,252,263,292,311,234,234,330,330,350,360,360,360,378,378,392,392,392],"floor_reached":25,"playtime":1084,"items_purged":[],"score":207,"play_id":"4593476e-9192-423a-a98b-d02828151d58","local_time":"20210101000930","is_ascension_mode":false,"campfire_choices":[{"data":"ats:Apocalypse","floor":6,"key":"SMITH"},{"data":"ats:Explosion Area Strengthen","floor":10,"key":"SMITH"},{"data":"ats:Part Time Job","floor":15,"key":"SMITH"},{"data":"ats:Curse Doll","floor":23,"key":"SMITH"}],"circlet_count":0,"master_deck":["ats:Strike C","ats:Strike G","ats:Strike S","ats:Strike V","ats:Armor Crushing Shot","ats:Defend","ats:Defend","ats:Defend","ats:Defend","ats:Emotion Absorption+1","ats:Explosion Area Strengthen+1","ats:Hammer On+1","ats:Apocalypse+1","ats:Curse Doll+1","ats:Part Time Job+1","ats:Shadow Assault","ats:Beaten Up+1","ats:Magnetic Hammer+1"],"relics":["ats:Sanity","Torii","ats:Originium","Calipers","ats:Omniscience"],"acts_visited":["Exordium","TheCity"],"potions_floor_usage":[16,16,22,24],"damage_taken":[{"damage":9,"enemies":"Small Slimes","floor":1,"turns":5},{"damage":10,"enemies":"Cultist","floor":2,"turns":4},{"damage":1,"enemies":"2 Louse","floor":3,"turns":3},{"damage":19,"enemies":"Red Slaver","floor":7,"turns":5},{"damage":8,"enemies":"Lots of Slimes","floor":8,"turns":3},{"damage":7,"enemies":"3 Louse","floor":11,"turns":3},{"damage":6,"enemies":"Gremlin Nob","floor":12,"turns":3},{"damage":6,"enemies":"Exordium Wildlife","floor":13,"turns":3},{"damage":101,"enemies":"The Guardian","floor":16,"turns":23},{"damage":39,"enemies":"Chosen","floor":18,"turns":7},{"damage":29,"enemies":"3 Byrds","floor":19,"turns":4},{"damage":18,"enemies":"Snake Plant","floor":22,"turns":6},{"damage":52,"enemies":"Sentry and Sphere","floor":24,"turns":8},{"damage":47,"enemies":"Cultist and Chosen","floor":25,"turns":7}],"seed_played":"-7420537203152775718","potions_obtained":[{"floor":7,"key":"ColorlessPotion"},{"floor":11,"key":"DuplicationPotion"},{"floor":19,"key":"Weak Potion"},{"floor":22,"key":"DistilledChaos"}],"is_trial":false,"path_per_floor":["M","M","M","?","?","R","M","M","T","R","M","E","M","$","R","B",null,"M","M","?","?","M","R","M","M"],"character_chosen":"DOCTOR_CLASS","items_purchased":["ats:Part Time Job"],"campfire_rested":0,"item_purchase_floors":[14],"current_hp_per_floor":[63,53,52,41,41,41,32,24,24,24,22,24,26,26,26,13,72,43,29,29,72,64,64,28,0,0],"gold":392,"neow_bonus":"UPGRADE_CARD","is_daily":false,"chose_seed":false,"campfire_upgraded":4,"win_rate":0.0,"timestamp":1609430970,"path_taken":["M","M","M","?","?","R","M","?","T","R","M","E","?","$","R","BOSS","M","M","?","?","M","R","M","M"],"items_purchased_type":["Card"],"build_version":"2020-12-22","purchased_purges":0,"victory":false,"max_hp_per_floor":[72,72,72,72,72,72,72,72,72,72,72,72,72,72,72,72,72,72,72,72,72,72,72,72,72,72],"relic_stats":{"Torii":81,"counters":[14,84],"obtain_stats":[{"Calipers":12,"Torii":9,"ats:Originium":12,"ats:Sanity":0,"ats:Omniscience":17},{"Calipers":7,"Torii":5,"ats:Originium":7,"ats:Sanity":0,"ats:Omniscience":9},{"Calipers":26,"Torii":20,"ats:Originium":26,"ats:Sanity":0,"ats:Omniscience":52}]},"card_choices":[{"not_picked":["ats:Curse Doll","ats:Revitalization"],"picked":"ats:Explosion Area Strengthen","floor":1},{"not_picked":["ats:Childhood Dance","ats:Automatic Cover"],"picked":"ats:Hammer On","floor":2},{"not_picked":["ats:Curse Doll","ats:Explosion Area Strengthen"],"picked":"ats:Apocalypse","floor":3},{"not_picked":["ats:Childhood Dance","ats:Soul Absorption"],"picked":"ats:Curse Doll","floor":7},{"not_picked":["ats:Soul Absorption","ats:Red Shift","ats:Charging Defense"],"picked":"SKIP","floor":8},{"not_picked":["ats:Thorns","ats:Assault Order"],"picked":"ats:Blood Oath","floor":11},{"not_picked":["ats:Chain Hook","ats:Rat Pack","ats:Thermite Blade"],"picked":"SKIP","floor":12},{"not_picked":["ats:Magnetic Hammer","ats:Childhood Dance","ats:Poison Spread"],"picked":"SKIP","floor":13},{"not_picked":["ats:Durian","ats:Rat Pack"],"picked":"ats:Shadow Assault","floor":16},{"not_picked":["ats:Very Hot Blade","ats:Shell Defense"],"picked":"ats:Beaten Up+1","floor":18},{"not_picked":["ats:Powerful Strike","ats:Cat Scratch+1","ats:Curse Doll"],"picked":"SKIP","floor":19},{"not_picked":["ats:Encircling Forest","ats:Shell Defense+1","ats:Leaping Hammer"],"picked":"SKIP","floor":22},{"not_picked":["ats:Consecutive Shot Auto","ats:Dogmatic Field"],"picked":"ats:Magnetic Hammer+1","floor":24}],"player_experience":3684,"relics_obtained":[{"floor":9,"key":"Torii"},{"floor":12,"key":"ats:Originium"},{"floor":12,"key":"Calipers"}],"event_choices":[{"damage_healed":0,"gold_gain":75,"player_choice":"Gather Gold","damage_taken":11,"max_hp_gain":0,"max_hp_loss":0,"event_name":"World of Goop","floor":4,"gold_loss":0},{"damage_healed":0,"gold_gain":0,"player_choice":"Forge","damage_taken":0,"max_hp_gain":0,"max_hp_loss":0,"event_name":"Accursed Blacksmith","floor":5,"gold_loss":0,"cards_upgraded":["ats:Hammer On"]},{"damage_healed":0,"gold_gain":0,"player_choice":"Ignored","damage_taken":0,"max_hp_gain":0,"max_hp_loss":0,"event_name":"The Mausoleum","floor":20,"gold_loss":0},{"cards_removed":["ats:Blood Oath"],"damage_healed":43,"gold_gain":0,"player_choice":"Offered Uncommon","damage_taken":0,"max_hp_gain":0,"max_hp_loss":0,"event_name":"Bonfire Elementals","floor":21,"gold_loss":0}],"is_beta":false,"boss_relics":[{"not_picked":["SacredBark","ats:Sanity Plus"],"picked":"ats:Omniscience"}],"items_purged_floors":[],"is_endless":false,"potions_floor_spawned":[7,11,19,22],"killed_by":"Cultist and Chosen","ascension_level":0}}