{"host":"46hhpd9tbruz5rpt","time":1609395536,"event":{"mods":["BaseMod","Marisa£®ÏF”Í°°ƒß¿Ì…≥£©","Minty Spire (QoL Compilation)","Quick Restart","Replay The Spire","StSLib"],"gold_per_floor":[109,109,123,202,324,324,366,397,397,50,63,63,82,31,31,133,133,153,171,421,483,332,365,365,383,383,383,393,404,434,449,449,553,553,566,616,666,716,727,727,747,747,747,551,570,620,412,428,428,428],"floor_reached":51,"playtime":2280,"items_purged":["WitchOfGreed","JA","UpSweep","ShootTheMoon+1"],"score":941,"play_id":"35379d18-f525-405f-a6d2-5d73f18f3b1d","local_time":"20201231141856","is_ascension_mode":true,"campfire_choices":[{"data":"GrandCross","floor":6.0,"key":"SMITH"},{"data":"MagicChant","floor":12.0,"key":"SMITH"},{"data":"GrandCross","floor":15.0,"key":"SMITH"},{"data":"PowerUp","floor":24.0,"key":"SMITH"},{"data":"MilkyWay","floor":27.0,"key":"SMITH"},{"data":"PulseMagic","floor":32.0,"key":"SMITH"},{"data":"MillisecondPulsars","floor":40,"key":"SMITH"},{"data":"GrandCross","floor":42,"key":"SMITH"},{"floor":49,"key":"RECALL"}],"circlet_count":0,"master_deck":["MasterSpark+1","GrandCross+1","BlazeAway+1","MilkyWay+1","MagicChant+1","FairyDestructionRay+1","GrandCross+1","PowerUp+1","MachineGunSpark+1","SuperPerseids+1","SprinkleStarSeal+1","PropBag+1","GrandCross+1","EarthLightRay+1","GasGiant+1","PulseMagic+1","MillisecondPulsars+1","SporeBomb+1","Thinking Ahead+1","EnergyRecoil+1","ShootingEcho+1","6A+1","MilkyWay+1","MachineGunSpark+1"],"relics":["MiniHakkero","Honey Jar","Pandora\u0027s Box","SsserpentHead","Replay:Accelerometer","Divine Protection","Membership Card","Mango","Lantern","Philosopher\u0027s Stone","Replay:Wax Seal","Akabeko","Snack Pack","Mercury Hourglass","Counterbalance","Runic Dome","Smiling Mask","Replay:Baseball","Frozen Eye","Mark of the Bloom","DollysMirror","Pet Ghost"],"acts_visited":["Exordium","TheCity","TheBeyond"],"potions_floor_usage":[],"damage_taken":[{"damage":6.0,"enemies":"2 Louse","floor":1.0,"turns":2.0},{"damage":0.0,"enemies":"Cultist","floor":3.0,"turns":2.0},{"damage":12.0,"enemies":"Jaw Worm","floor":4.0,"turns":2.0},{"damage":16.0,"enemies":"Gremlin Nob","floor":7.0,"turns":3.0},{"damage":7.0,"enemies":"2 Fungi Beasts","floor":8.0,"turns":3.0},{"damage":0.0,"enemies":"Gremlin Gang","floor":11.0,"turns":3.0},{"damage":0.0,"enemies":"Blue Slaver","floor":13.0,"turns":2.0},{"damage":22.0,"enemies":"The Guardian","floor":16.0,"turns":6.0},{"damage":0.0,"enemies":"2 Thieves","floor":18.0,"turns":2.0},{"damage":0.0,"enemies":"Spheric Guardian","floor":19.0,"turns":1.0},{"damage":0.0,"enemies":"3 Cultists","floor":21.0,"turns":2.0},{"damage":0.0,"enemies":"Gremlin Leader","floor":23.0,"turns":2.0},{"damage":2.0,"enemies":"Cultist and Chosen","floor":25.0,"turns":3.0},{"damage":0.0,"enemies":"Snake Plant","floor":28.0,"turns":1.0},{"damage":17.0,"enemies":"Centurion and Healer","floor":29.0,"turns":3.0},{"damage":7.0,"enemies":"Book of Stabbing","floor":30.0,"turns":3.0},{"damage":0.0,"enemies":"Cultist and Chosen","floor":31.0,"turns":2.0},{"damage":3.0,"enemies":"Collector","floor":33.0,"turns":4.0},{"damage":0.0,"enemies":"Orb Walker","floor":35.0,"turns":2.0},{"damage":0,"enemies":"3 Shapes","floor":39,"turns":2},{"damage":0,"enemies":"Maw","floor":41,"turns":5},{"damage":11,"enemies":"Spire Growth","floor":45,"turns":2},{"damage":0,"enemies":"Jaw Worm Horde","floor":48,"turns":2},{"damage":8,"enemies":"Time Eater","floor":50,"turns":3}],"seed_played":"7607210916126209605","potions_obtained":[{"floor":4.0,"key":"SpeedPotion"},{"floor":7.0,"key":"ShroomBrew"},{"floor":7.0,"key":"Venom Potion"},{"floor":8.0,"key":"Swift Potion"},{"floor":11.0,"key":"ColorlessPotion"},{"floor":16.0,"key":"Explosive Potion"},{"floor":19.0,"key":"Strength Potion"},{"floor":23.0,"key":"PowerPotion"},{"floor":30.0,"key":"BottledSpark"},{"floor":31.0,"key":"SteroidPotion"},{"floor":35.0,"key":"SpeedPotion"},{"floor":41,"key":"Reflective Coating"},{"floor":48,"key":"SpeedPotion"}],"is_trial":false,"path_per_floor":["M","?","M","M","?","R","E","M","T","$","M","R","M","$","R","B",null,"M","M","?","M","$","E","R","M","T","R","M","M","E","M","R","B",null,"M","?","?","?","M","R","M","R","T","$","M","?","$","M","R","B",null],"character_chosen":"MARISA","items_purchased":["Membership Card","Mango","Lantern","GrandCross","Replay:Wax Seal","Akabeko","Replay:Baseball","Frozen Eye","DollysMirror","Pet Ghost"],"campfire_rested":0,"item_purchase_floors":[10,10,14,14,22,22,44,44,47,47],"current_hp_per_floor":[62,62,62,50,50,50,34,27,27,41,41,41,41,41,41,19,72,72,72,72,72,72,72,72,74,74,74,76,63,64,68,68,75,86,89,85,85,85,85,85,85,85,85,85,80,80,80,80,80,72],"gold":428,"neow_bonus":"DOUBLE_BOSS_RELIC","is_daily":false,"chose_seed":false,"campfire_upgraded":8,"win_rate":0.0,"timestamp":1609395536,"path_taken":["M","?","M","?","?","R","E","M","T","$","M","R","M","?","R","BOSS","M","M","?","?","$","E","R","M","T","R","M","M","E","M","R","BOSS","M","?","?","?","M","R","M","R","T","$","M","?","$","M","R","BOSS"],"items_purchased_type":["Relic","Relic","Relic","Card","Relic","Relic","Relic","Relic","Relic","Relic"],"build_version":"2020-12-22","purchased_purges":4,"victory":true,"max_hp_per_floor":[75,75,75,75,75,75,75,75,75,89,89,89,89,89,89,89,89,89,89,89,89,89,89,89,89,89,89,89,89,89,89,89,89,89,89,85,85,85,85,85,85,85,85,85,85,85,85,85,85,85],"card_choices":[{"not_picked":["EnergyFlow","ChargeUpSpray","AsteroidBelt"],"picked":"GrandCross","floor":1.0},{"not_picked":["DoubleSpark","UnstableBomb","MeteoricShower"],"picked":"WitchOfGreed","floor":3.0},{"not_picked":["AsteroidBelt","Robbery","MysteriousBeam"],"picked":"BlazeAway","floor":4.0},{"not_picked":["FairyDestructionRay","OneTimeOff","MillisecondPulsars"],"picked":"MilkyWay","floor":7.0},{"not_picked":["IllusionStar","MachineGunSpark","GravityBeat"],"picked":"MagicChant","floor":8.0},{"not_picked":["DarkSpark","Acceleration","UnstableBomb"],"picked":"FairyDestructionRay","floor":11.0},{"not_picked":["IllusionStar","OpenUniverse","Acceleration"],"picked":"ShootTheMoon","floor":13.0},{"not_picked":["SuperNova","BigCrunch","TreasureHunter"],"picked":"JA","floor":16.0},{"not_picked":["UnstableBomb","GasGiant+1","GrandCross+1"],"picked":"PowerUp","floor":18.0},{"not_picked":["Orbital","MilkyWay","Acceleration"],"picked":"MachineGunSpark+1","floor":19.0},{"not_picked":["IllusionStar","Robbery","WitchLeyline+1"],"picked":"SuperPerseids","floor":21.0},{"not_picked":["EscapeVelocity","DoubleSpark","SporeBomb"],"picked":"SprinkleStarSeal","floor":23.0},{"not_picked":["WitchLeyline","StarBarrage+1","MagicChant"],"picked":"PropBag+1","floor":25.0},{"not_picked":["NonDirectionalLaser","ShootTheMoon","GalacticHalo"],"picked":"GrandCross","floor":28.0},{"not_picked":["GalacticHalo+1","SporeBomb","SuperPerseids"],"picked":"EarthLightRay","floor":29.0},{"not_picked":["RefractionSpark+1","WitchOfGreed","DC"],"picked":"GasGiant","floor":30.0},{"not_picked":["AsteroidBelt+1","PowerUp","DoubleSpark"],"picked":"PulseMagic","floor":31.0},{"not_picked":["BigCrunch","SuperNova","FinalSpark"],"picked":"MillisecondPulsars","floor":33.0},{"not_picked":["GrandCross+1","IllusionStar","NonDirectionalLaser"],"picked":"SporeBomb+1","floor":35.0},{"not_picked":["Enlightenment","Poisoned Strike","Mayhem"],"picked":"Thinking Ahead","floor":37},{"not_picked":["RefractionSpark","SporeBomb+1","PulseMagic"],"picked":"EnergyRecoil+1","floor":39},{"not_picked":["WitchOfGreed+1","StarlightTyphoon+1","6A"],"picked":"ShootingEcho+1","floor":41},{"not_picked":["GalacticHalo+1","DC+1","BinaryStars"],"picked":"6A","floor":45},{"not_picked":["DoubleSpark","SporeBomb","WitchOfGreed+1"],"picked":"MachineGunSpark+1","floor":48}],"player_experience":89393,"relics_obtained":[{"floor":7.0,"key":"Replay:Accelerometer"},{"floor":9.0,"key":"Divine Protection"},{"floor":23.0,"key":"Snack Pack"},{"floor":26.0,"key":"Mercury Hourglass"},{"floor":30.0,"key":"Counterbalance"},{"floor":43,"key":"Smiling Mask"}],"event_choices":[{"damage_healed":0.0,"max_hp_gain":0.0,"max_hp_loss":0.0,"gold_gain":0.0,"event_name":"FaceTrader","player_choice":"Trade","floor":2.0,"gold_loss":0.0,"damage_taken":0.0,"relics_obtained":["SsserpentHead"]},{"damage_healed":0.0,"max_hp_gain":0.0,"max_hp_loss":0.0,"gold_gain":72.0,"event_name":"Golden Wing","player_choice":"Gained Gold","floor":5.0,"gold_loss":0.0,"damage_taken":0.0},{"damage_healed":0.0,"max_hp_gain":0.0,"max_hp_loss":0.0,"gold_gain":250.0,"event_name":"The Joust","player_choice":"Bet on Owner","floor":20.0,"gold_loss":50.0,"damage_taken":0.0},{"damage_healed":0.0,"max_hp_gain":0.0,"max_hp_loss":4.0,"gold_gain":0.0,"event_name":"Winding Halls","player_choice":"Max HP","floor":36.0,"gold_loss":0.0,"damage_taken":0.0},{"damage_healed":0,"gold_gain":0,"player_choice":"Memory 1","damage_taken":0,"max_hp_gain":0,"max_hp_loss":0,"event_name":"SensoryStone","floor":37,"gold_loss":0},{"damage_healed":0,"gold_gain":0,"player_choice":"Ignored","damage_taken":0,"max_hp_gain":0,"max_hp_loss":0,"event_name":"Tomb of Lord Red Mask","floor":38,"gold_loss":0},{"damage_healed":0,"gold_gain":0,"player_choice":"Upgrade","damage_taken":0,"relics_obtained":["Mark of the Bloom"],"max_hp_gain":0,"max_hp_loss":0,"event_name":"MindBloom","floor":46,"gold_loss":0,"cards_upgraded":["MasterSpark","BlazeAway","FairyDestructionRay","ShootTheMoon","SuperPerseids","SprinkleStarSeal","EarthLightRay","GasGiant","Thinking Ahead","6A"]}],"is_beta":false,"boss_relics":[{"not_picked":["ExperimentalFamiliar","Empty Cage"],"picked":"Philosopher\u0027s Stone"},{"not_picked":["BewitchedHakkero","Sozu"],"picked":"Runic Dome"}],"items_purged_floors":[10,22,44,47],"is_endless":false,"potions_floor_spawned":[7,8,11,16,19,23,30,31,35,41,48],"ascension_level":6}}