{"host":"gttgmv2wah99hzdm","time":1609391904,"event":{"mods":["AchievementEnabler","BaseMod","Bestiary","Block Reminder","Filter the Spire","Minty Spire (QoL Compilation)","Relic Stats","ojb\u0027s Better Paths Mod","ojb\u0027s Info Mod"],"gold_per_floor":[161,171,188,188,188,188,206,206,256,256,10,10,50,74,74,74,74],"floor_reached":16,"playtime":1512,"items_purged":["Strike_R"],"score":200,"play_id":"84bbfd0c-d99c-4ab8-aef9-fd5c80ba4112","local_time":"20201230231824","is_ascension_mode":true,"campfire_choices":[{"data":"Searing Blow","floor":6.0,"key":"SMITH"},{"data":"Searing Blow+1","floor":8,"key":"SMITH"},{"data":"Searing Blow+2","floor":10,"key":"SMITH"},{"data":"Searing Blow+3","floor":15,"key":"SMITH"}],"circlet_count":0,"master_deck":["AscendersBane","Strike_R","Strike_R","Strike_R","Strike_R","Defend_R","Defend_R","Defend_R+1","Defend_R","Bash","Searing Blow+4","Armaments","True Grit","Battle Trance","Offering"],"relics":["Tiny House","Juzu Bracelet","Golden Idol","Pen Nib","Orichalcum","Oddly Smooth Stone"],"acts_visited":["Exordium"],"potions_floor_usage":[13,13],"damage_taken":[{"damage":7.0,"enemies":"Jaw Worm","floor":1.0,"turns":6.0},{"damage":0.0,"enemies":"2 Louse","floor":2.0,"turns":3.0},{"damage":0.0,"enemies":"Small Slimes","floor":3.0,"turns":4.0},{"damage":3,"enemies":"Blue Slaver","floor":7,"turns":5},{"damage":2,"enemies":"Gremlin Nob","floor":13,"turns":3},{"damage":5,"enemies":"Looter","floor":14,"turns":3},{"damage":36,"enemies":"Slime Boss","floor":16,"turns":6}],"seed_played":"8596644458650052804","potions_obtained":[{"floor":0.0,"key":"Fire Potion"},{"floor":1.0,"key":"Fire Potion"}],"is_trial":false,"path_per_floor":["M","M","M","?","?","R","M","R","T","R","$","$","E","M","R","B"],"character_chosen":"IRONCLAD","items_purchased":["Orichalcum"],"campfire_rested":0,"item_purchase_floors":[11],"current_hp_per_floor":[66,66,66,40,40,40,37,37,37,37,37,37,35,30,30,0,0],"gold":74,"neow_bonus":"BOSS_RELIC","is_daily":false,"chose_seed":false,"campfire_upgraded":4,"win_rate":0.0,"timestamp":1609391904,"path_taken":["M","M","M","?","?","R","M","R","T","R","?","$","E","M","R","BOSS"],"items_purchased_type":["Relic"],"build_version":"2020-12-22","purchased_purges":1,"victory":false,"max_hp_per_floor":[80,80,80,80,72,72,72,72,72,72,72,72,72,72,72,72,72],"relic_stats":{"counters":[7,30],"Golden Idol":17,"Pen Nib":[1],"Juzu Bracelet":0,"Orichalcum":[36],"obtain_stats":[{"Tiny House":0,"Golden Idol":5,"Oddly Smooth Stone":13,"Pen Nib":9,"Juzu Bracelet":4,"Orichalcum":11,"Burning Blood":0},{"Tiny House":0,"Golden Idol":3,"Oddly Smooth Stone":5,"Pen Nib":4,"Juzu Bracelet":3,"Orichalcum":4,"Burning Blood":0},{"Tiny House":0,"Golden Idol":13,"Oddly Smooth Stone":21,"Pen Nib":18,"Juzu Bracelet":13,"Orichalcum":18,"Burning Blood":0}]},"card_choices":[{"not_picked":["Seeing Red","Armaments"],"picked":"Searing Blow","floor":0.0},{"not_picked":["Warcry","Dual Wield","Intimidate"],"picked":"SKIP","floor":1.0},{"not_picked":["Havoc","Dropkick","Flex"],"picked":"SKIP","floor":2.0},{"not_picked":["Rage","Perfected Strike","Armaments"],"picked":"SKIP","floor":3.0},{"not_picked":["Rage","Perfected Strike"],"picked":"Armaments","floor":3.0},{"not_picked":["Thunderclap","Pommel Strike"],"picked":"True Grit","floor":7},{"not_picked":["Uppercut","Wild Strike"],"picked":"Battle Trance","floor":13},{"not_picked":["Seeing Red","Twin Strike"],"picked":"Offering","floor":14}],"player_experience":1043997,"relics_obtained":[{"floor":9,"key":"Pen Nib"},{"floor":13,"key":"Oddly Smooth Stone"}],"event_choices":[{"damage_healed":0.0,"max_hp_gain":0.0,"max_hp_loss":0.0,"gold_gain":0.0,"event_name":"Scrap Ooze","player_choice":"Success","floor":4.0,"gold_loss":0.0,"damage_taken":26.0,"relics_obtained":["Juzu Bracelet"]},{"damage_healed":0.0,"max_hp_gain":0.0,"max_hp_loss":8.0,"gold_gain":0.0,"event_name":"Golden Idol","player_choice":"Lose Max HP","floor":5.0,"gold_loss":0.0,"damage_taken":0.0,"relics_obtained":["Golden Idol"]}],"is_beta":false,"boss_relics":[],"items_purged_floors":[11],"is_endless":false,"potions_floor_spawned":[1,7],"killed_by":"Slime Boss","ascension_level":20}}