{"host":"waq1ashgqt0tulkv","time":1609386888,"event":{"mods":["BaseMod","Downfall","Hermit","Infinite Spire","Minty Spire (QoL Compilation)","Replay The Spire","StSLib","The Animator","The Servant 0.9.4"],"gold_per_floor":[199,210,225,237,222,222,222,222,222,285,285,285,316,332,347,449,449,374,385,1,20,20,20,20,20,31,42,62,62,62,47,67,162,162,162,177,195,389,406,739,739,739,739,739],"floor_reached":42,"playtime":2667,"items_purged":["hexamod:Strike"],"score":478,"play_id":"a9ba5c39-0ca0-4d2e-bc49-6d1f39bb5c90","local_time":"20201230205448","is_ascension_mode":false,"campfire_choices":[{"data":"hexamod:HauntingEcho","floor":6,"key":"SMITH"},{"data":"hexamod:SkipABeat","floor":9,"key":"SMITH"},{"data":"hexamod:ChargedBarrage","floor":11,"key":"SMITH"},{"data":"Regret","floor":18,"key":"PURGE"},{"floor":30,"key":"REST"},{"data":"hexamod:VolcanoVisage","floor":35,"key":"SMITH"}],"circlet_count":0,"master_deck":["hexamod:Strike","hexamod:Strike+1","hexamod:Strike+1","hexamod:Defend","hexamod:Defend","hexamod:Defend","hexamod:Defend","hexamod:Sear+1","hexamod:HauntingEcho+1","hexamod:SkipABeat+1","hexamod:ChargedBarrage+1","hexamod:Firestarter+1","hexamod:StepThrough","hexamod:ThirdSeal","hexamod:EmpoweredFlame+1","hexamod:WildfireWeapon+1","hexamod:ExtraCrispy","hexamod:BurningTouch","hexamod:ThermalTransfer","hexamod:ShieldOfDarkness+1","hexamod:HexaLevel+1","hexamod:RadiantFlame","hexamod:SpectralAdrenaline","hexamod:BurningTouch+1","hexamod:HeatShield+1","hexamod:VolcanoVisage+1","hexamod:Incineration+1"],"relics":["hexamod:SpiritBrand","InkBottle","Garlic","ReplayTheSpireMod:Ninjato","Sozu","downfall:HeartBlessingGreen","Lantern","War Paint","Guide Book","Toxic Egg 2","hexamod:MatchstickCase","Old Coin","TungstenRod"],"acts_visited":["Exordium","TheCity","TheBeyond"],"potions_floor_usage":[13,16,32,40],"damage_taken":[{"damage":1,"enemies":"Jaw Worm","floor":2,"turns":4},{"damage":0,"enemies":"Small Slimes","floor":3,"turns":4},{"damage":0,"enemies":"2 Louse","floor":4,"turns":3},{"damage":0,"enemies":"downfall:FleeingMerchant","floor":5,"turns":4},{"damage":20,"enemies":"3 Sentries","floor":13,"turns":8},{"damage":8,"enemies":"2 Fungi Beasts","floor":14,"turns":4},{"damage":3,"enemies":"3 Louse","floor":15,"turns":4},{"damage":11,"enemies":"downfall:Watcher","floor":16,"turns":7},{"damage":13,"enemies":"3 Byrds","floor":19,"turns":5},{"damage":0,"enemies":"downfall:FleeingMerchant","floor":20,"turns":4},{"damage":6,"enemies":"Shell Parasite","floor":21,"turns":6},{"damage":11,"enemies":"Centurion and Healer","floor":26,"turns":6},{"damage":0,"enemies":"Cultist and Chosen","floor":27,"turns":6},{"damage":6,"enemies":"Shelled Parasite and Fungi","floor":28,"turns":4},{"damage":0,"enemies":"downfall:FleeingMerchant","floor":31,"turns":4},{"damage":11,"enemies":"Centurion and Healer","floor":32,"turns":7},{"damage":5,"enemies":"downfall:Defect","floor":33,"turns":8},{"damage":9,"enemies":"Orb Walker","floor":36,"turns":4},{"damage":29,"enemies":"3 Darklings","floor":37,"turns":7},{"damage":0,"enemies":"downfall:FleeingMerchant","floor":38,"turns":3},{"damage":12,"enemies":"Jaw Worm Horde","floor":39,"turns":7},{"damage":37,"enemies":"Giant Head","floor":40,"turns":9},{"damage":12,"enemies":"Sphere and 2 Shapes","floor":42,"turns":5}],"seed_played":"-5747568189975544710","potions_obtained":[{"floor":3,"key":"Fire Potion"},{"floor":10,"key":"Flashbang"},{"floor":14,"key":"Block Potion"},{"floor":15,"key":"FairyPotion"},{"floor":16,"key":"Weak Potion"}],"is_trial":false,"path_per_floor":["R","M","M","M","$","R","T","?","R","?","R","?","E","M","M","B",null,"R","M","$","M","AVR","?","T","?","M","M","M","?","R","$","M","B",null,"R","M","M","$","M","E","T","M"],"character_chosen":"THE_SPIRIT","items_purchased":["Lantern","War Paint","hexamod:MatchstickCase"],"campfire_rested":1,"item_purchase_floors":[20,20,38],"current_hp_per_floor":[70,69,69,69,69,69,69,69,69,52,52,52,32,24,21,10,70,70,57,57,51,51,51,51,51,40,40,34,34,55,55,44,39,70,70,61,32,32,20,8,8,0,0,0],"gold":739,"neow_bonus":"HUNDRED_GOLD","is_daily":false,"chose_seed":false,"campfire_upgraded":4,"win_rate":0.0,"timestamp":1609386888,"path_taken":["R","M","M","M","$","R","T","?","R","?","R","?","E","M","M","BOSS","R","M","$","M","AVR","?","T","?","?","M","M","?","R","$","M","BOSS","R","M","M","$","M","E","T","M"],"items_purchased_type":["Relic","Relic","Relic"],"build_version":"2020-12-13","purchased_purges":1,"victory":false,"max_hp_per_floor":[70,70,70,70,70,70,70,70,70,70,70,70,70,70,70,70,70,70,70,70,70,70,70,70,70,70,70,70,70,70,70,70,70,70,70,70,70,70,70,70,70,70,70,70],"card_choices":[{"not_picked":["hexamod:ExtraCrispy","hexamod:ThermalTransfer"],"picked":"hexamod:HauntingEcho","floor":2},{"not_picked":["hexamod:NightmareStrike","hexamod:Hexaguard"],"picked":"hexamod:SkipABeat","floor":3},{"not_picked":["hexamod:SoulSteal","hexamod:ThirdSeal"],"picked":"hexamod:ChargedBarrage","floor":4},{"not_picked":["hexamod:GhostLash","hexamod:RainOfEmbers"],"picked":"hexamod:Firestarter","floor":5},{"not_picked":["hexamod:GhostOfSpirePast","hexamod:VolcanoVisage"],"picked":"hexamod:StepThrough","floor":10},{"not_picked":["hexamod:Firestarter","hexamod:ThermalTransfer"],"picked":"hexamod:EmpoweredFlame","floor":13},{"not_picked":["hexamod:ShieldOfDarkness","hexamod:GhostLash"],"picked":"hexamod:WildfireWeapon","floor":13},{"not_picked":["hexamod:Incineration","hexamod:BacktrackSmack"],"picked":"hexamod:ExtraCrispy","floor":14},{"not_picked":["hexamod:SoulSteal","hexamod:AdvancingGuard"],"picked":"hexamod:BurningTouch","floor":14},{"not_picked":["hexamod:NightmareStrike","hexamod:RainOfEmbers"],"picked":"hexamod:ThermalTransfer","floor":15},{"not_picked":["hexamod:SpectersWail","hexamod:ThermalTransfer"],"picked":"hexamod:ShieldOfDarkness","floor":15},{"not_picked":["hexamod:TimeWarp","hexamod:TurnItUp"],"picked":"hexamod:HexaLevel","floor":16},{"not_picked":["hexamod:StepThrough","hexamod:FastForward"],"picked":"hexamod:RadiantFlame","floor":19},{"not_picked":["hexamod:RetreatToShadows","hexamod:GhostShield","hexamod:RainOfEmbers"],"picked":"SKIP","floor":19},{"not_picked":["hexamod:RainOfEmbers","hexamod:FirstSeal","hexamod:Firestarter"],"picked":"SKIP","floor":20},{"not_picked":["hexamod:NightmareStrike","hexamod:ExtraCrispy"],"picked":"hexamod:SpectralAdrenaline","floor":21},{"not_picked":["hexamod:FastForward","hexamod:GhostOfSpireFuture+1","hexamod:NightmareStrike"],"picked":"SKIP","floor":21},{"not_picked":["hexamod:FourthSeal","hexamod:SkipABeat+1"],"picked":"hexamod:BurningTouch+1","floor":26},{"not_picked":["hexamod:ThermalTransfer+1","hexamod:SoulSteal+1","hexamod:UnleashSpirits"],"picked":"SKIP","floor":26},{"not_picked":["hexamod:FastForward+1","hexamod:HeatCrush","hexamod:SpectersWail"],"picked":"SKIP","floor":27},{"not_picked":["hexamod:BurningTouch+1","hexamod:ThirdSeal","hexamod:Hexaguard+1"],"picked":"SKIP","floor":27},{"not_picked":["hexamod:GhostflameBarrier+1","hexamod:SwordOfDarkness"],"picked":"hexamod:HeatShield+1","floor":28},{"not_picked":["hexamod:BurningTouch+1","hexamod:ThermalTransfer","hexamod:StepThrough"],"picked":"SKIP","floor":28},{"not_picked":["hexamod:Rewind+1","hexamod:TimeWarp","hexamod:GhostOfSpireFuture+1"],"picked":"SKIP","floor":31},{"not_picked":["hexamod:Firestarter+1","hexamod:Hexaguard+1","hexamod:BacktrackSmack"],"picked":"SKIP","floor":31},{"not_picked":["hexamod:GhostShield+1","hexamod:HeatShield+1","hexamod:SpectersWail"],"picked":"SKIP","floor":32},{"not_picked":["hexamod:EmpoweringStance","hexamod:FifthSeal"],"picked":"hexamod:VolcanoVisage","floor":33},{"not_picked":["hexamod:EmpoweredFlame","hexamod:BurningTouch+1","hexamod:SwordOfDarkness"],"picked":"SKIP","floor":36},{"not_picked":["hexamod:BacktrackSmack","hexamod:ExtraCrispy","hexamod:Haunt+1"],"picked":"SKIP","floor":37},{"not_picked":["hexamod:RetreatToShadows+1","hexamod:TimeWarp"],"picked":"hexamod:Incineration+1","floor":38},{"not_picked":["hexamod:FastForward+1","hexamod:FourthSeal","hexamod:ShieldOfDarkness+1"],"picked":"SKIP","floor":39},{"not_picked":["hexamod:InspiringFlames+1","hexamod:AdvancingGuard+1","hexamod:Incineration"],"picked":"SKIP","floor":39},{"not_picked":["hexamod:HeatShield+1","hexamod:NecessarySacrifice+1","hexamod:SkipABeat+1"],"picked":"SKIP","floor":40}],"player_experience":15458,"relics_obtained":[{"floor":7,"key":"InkBottle"},{"floor":10,"key":"Garlic"},{"floor":13,"key":"ReplayTheSpireMod:Ninjato"},{"floor":24,"key":"Toxic Egg 2"},{"floor":40,"key":"Old Coin"},{"floor":41,"key":"TungstenRod"}],"event_choices":[{"damage_healed":0,"gold_gain":0,"player_choice":"Forge","damage_taken":0,"max_hp_gain":0,"max_hp_loss":0,"event_name":"Accursed Blacksmith","floor":25,"gold_loss":0,"cards_upgraded":["hexamod:EmpoweredFlame"]}],"is_beta":false,"boss_relics":[{"not_picked":["Snecko Eye","Replay:Grab Bag"],"picked":"Sozu"},{"not_picked":["ChewingGum","Velvet Choker","Philosopher\u0027s Stone"]}],"items_purged_floors":[20],"is_endless":false,"potions_floor_spawned":[3,14,15,16,21,26,32,33,37,40],"killed_by":"Sphere and 2 Shapes","ascension_level":0}}