{"host":"57rcrwhzj4x4jlaj","time":1609402134,"event":{"mods":["2.2 Compatiblity","BaseMod","BetterRewards","Colored Map","Conspire","Dota2Spire","Downfall","Energized Spire","Grow up Mod","Hermit","Hubris","Infinite Spire","Marisa????????","Mimic Mod","Minty Spire (QoL Compilation)","Relic Filter","Relic Stats","Remilia??????","Replay The Spire","Shop Mod","StSLib","SuperFastMode","Td1madao Mod","The Accelerator","The Bug Knight","The Exalted","The Jungle","The Marked","[IsaacMod]????","vexMod"],"gold_per_floor":[113,127,77,97,110,110,143,143,143,143,143,157,157,157,157,254,254,266,241,166,183,183,183,215,215,263,290,303,335,346,361,361,464,464,483,494,494,494,494,505,505,534,609,635,635,73,99,114,114,219,219,219,225,237,246,421,437,437,454,446,446,455,463,491,491,491,560,610,607,590,590,590,590,586,586,572,576,571,569,569,569],"floor_reached":80,"playtime":4541,"items_purged":["HollowMod:NailStrikeStart","Parasite"],"score":1643,"play_id":"f03fb135-1378-4e36-9e6d-3974d4c94e74","local_time":"20201231150854","is_ascension_mode":true,"campfire_choices":[{"data":"HollowMod:ChannelNail","floor":6,"key":"SMITH"},{"data":"HollowMod:CoiledNail","floor":8,"key":"SMITH"},{"data":"HollowMod:NewJinnsSoul","floor":11,"key":"SMITH"},{"data":"HollowMod:HowlingWraiths","floor":15,"key":"SMITH"},{"data":"HollowMod:SlysStrikes","floor":23,"key":"SMITH"},{"data":"HollowMod:MantisMark","floor":25,"key":"SMITH"},{"floor":32,"key":"REST"},{"data":"HollowMod:ElderbugsWisdom","floor":41,"key":"SMITH"},{"data":"HollowMod:ShapeofUnn","floor":49,"key":"SMITH"},{"data":"HollowMod:HerrahsAnger","floor":58,"key":"SMITH"},{"data":"HollowMod:DoubleDash","floor":61,"key":"SMITH"},{"data":"HollowMod:AwokenDreamNail","floor":66,"key":"SMITH"},{"data":"HollowMod:MidwifesHunger","floor":75,"key":"SMITH"}],"circlet_count":0,"master_deck":["HollowMod:NailStrikeStart+1","HollowMod:NailStrikeStart+1","HollowMod:QuickDashStart+1","HollowMod:QuickDashStart+1","HollowMod:QuickDashStart+1","HollowMod:QuickDashStart+1","HollowMod:PogoStrike","HollowMod:HowlingWraiths+1","HollowMod:ChannelNail+1","HollowMod:NewJinnsSoul+1","HollowMod:ShapeofUnn+1","HollowMod:CoiledNail+1","HollowMod:MidwifesHunger+1","HollowMod:MantisMark+1","HollowMod:SlysStrikes+1","hubris:NaturalOne","HollowMod:MonarchWings+1","HollowMod:GrimmsGift+1","HollowMod:ElderbugsWisdom+1","HollowMod:HornetsHelp","HollowMod:AwokenDreamNail+1","HollowMod:SoulSplash+1","HollowMod:DungDefenderAura+1","HollowMod:DoubleDash+1","HollowMod:DreamGate+1","HollowMod:MonarchWings+1","HollowMod:HerrahsAnger+1","HollowMod:NewLittleFool+1","HollowMod:CornifersMapStart+1","HollowMod:CloakDash+1","Doubt","HollowMod:theNailsmith+1"],"relics":["HollowMod:VesselMask","HushsDoor","Chaos","vexMod:ImprovementManual","conspire:GiftBox","StoneCalendar","ReplayTheSpireMod:Shallot","hubris:Towel","conspire:SpecialSausage","hubris:Icosahedron","GuppysHead","vexMod:RetaliationKit","ReplayTheSpireMod:Ninjato","Replay:WaspNest","FossilizedHelix","Empty Cage","Bromod:ArcaneAegis","HollowMod:JonisBlessing","Dota2Spire:EtherealBlade","Onion Ring","Dota2Spire:ShadowBlade","DoctorsRemote","HollowMod:IsmasTear","War Paint","Bromod:ArcaneNullifier","Dota2Spire:ShivaGuard","conspire:GlowingRock","hubris:DisguiseKit","conspire:TopHat","Tiny House","Mummified Hand","TungstenRod","Bromod:ArcaneNullifier"],"acts_visited":["Exordium","TheCity","TheBeyond","Exordium","TheCity"],"potions_floor_usage":[16,16,27,29,31,42,50],"damage_taken":[{"damage":0,"enemies":"Small Slimes","floor":1,"turns":3},{"damage":0,"enemies":"conspire:RoseBush","floor":2,"turns":3},{"damage":9,"enemies":"infinitespire:Voidling","floor":4,"turns":4},{"damage":11,"enemies":"3 Louse","floor":5,"turns":3},{"damage":55,"enemies":"Gremlin Nob","floor":7,"turns":6},{"damage":14,"enemies":"Exordium Thugs","floor":12,"turns":6},{"damage":27,"enemies":"The Guardian","floor":16,"turns":13},{"damage":12,"enemies":"HollowMod:HuskSentry","floor":18,"turns":7},{"damage":17,"enemies":"3 Byrds","floor":21,"turns":7},{"damage":70,"enemies":"Slavers","floor":24,"turns":7},{"damage":25,"enemies":"Book of Stabbing","floor":27,"turns":7},{"damage":6,"enemies":"Cultist and Chosen","floor":28,"turns":7},{"damage":163,"enemies":"Nightmare","floor":29,"turns":11},{"damage":28,"enemies":"Snecko","floor":30,"turns":5},{"damage":13,"enemies":"Centurion and Healer","floor":31,"turns":5},{"damage":74,"enemies":"hubris:MusketHawk","floor":33,"turns":7},{"damage":9,"enemies":"3 Darklings","floor":35,"turns":7},{"damage":11,"enemies":"Orb Walker","floor":36,"turns":4},{"damage":2,"enemies":"Writhing Mass","floor":40,"turns":6},{"damage":59,"enemies":"Reptomancer","floor":42,"turns":8},{"damage":63,"enemies":"conspire:MimicChest","floor":44,"turns":6},{"damage":53,"enemies":"Giant Head","floor":47,"turns":11},{"damage":39,"enemies":"HollowMod:SlobberingHusk","floor":48,"turns":10},{"damage":81,"enemies":"conspire:OrnateMirror","floor":50,"turns":11},{"damage":0,"enemies":"Jaw Worm","floor":52,"turns":3},{"damage":0,"enemies":"Small Slimes","floor":53,"turns":3},{"damage":0,"enemies":"2 Louse","floor":54,"turns":2},{"damage":0,"enemies":"Exordium Thugs","floor":55,"turns":4},{"damage":0,"enemies":"Lagavulin","floor":57,"turns":4},{"damage":0,"enemies":"Replay:BlueRogue","floor":59,"turns":3},{"damage":0,"enemies":"Large Slime","floor":60,"turns":9},{"damage":0,"enemies":"Large Slime","floor":62,"turns":2},{"damage":0,"enemies":"2 Fungi Beasts","floor":63,"turns":3},{"damage":0,"enemies":"Hiden Room Battle","floor":64,"turns":6},{"damage":0,"enemies":"3 Louse","floor":65,"turns":4},{"damage":310,"enemies":"Hexaghost","floor":67,"turns":7},{"damage":0,"enemies":"Shell Parasite","floor":69,"turns":6},{"damage":0,"enemies":"3 Byrds","floor":70,"turns":6},{"damage":40,"enemies":"Gremlin Leader","floor":74,"turns":7},{"damage":0,"enemies":"3 Cultists","floor":76,"turns":6},{"damage":0,"enemies":"Snake Plant","floor":77,"turns":7},{"damage":18,"enemies":"Snake Plant","floor":78,"turns":4},{"damage":0,"enemies":"Centurion and Healer","floor":79,"turns":4},{"damage":0,"enemies":"Cultist and Chosen","floor":80,"turns":1}],"seed_played":"-9000969101334265232","potions_obtained":[{"floor":7,"key":"GamblersBrew"},{"floor":12,"key":"Swift Potion"},{"floor":16,"key":"PowerPotion"},{"floor":18,"key":"Dexterity Potion"},{"floor":30,"key":"Strength Potion"},{"floor":36,"key":"Block Potion"},{"floor":40,"key":"ColorlessPotion"},{"floor":42,"key":"Elixir"},{"floor":45,"key":"champ:CounterPotion"},{"floor":45,"key":"GamblersBrew"},{"floor":57,"key":"Block Potion"}],"is_trial":false,"path_per_floor":["M","M","?","M","M","R","E","R","T","?","R","M","?","?","R","B",null,"M","?","$","M","?","R","E","R","T","E","M","NM","M","M","R","B",null,"M","M","?","T","?","M","R","E","T","?","?","$","E","M","R","B",null,"M","M","M","M","?","E","R","E","MIM","R","M","M","?","M","R","B",null,"M","M","?","?","$","E","R","M","MIM","M","M","M"],"character_chosen":"THE_BUGKNIGHT","items_purchased":["vexMod:ImprovementManual","conspire:GiftBox","HollowMod:HowlingWraiths","Dota2Spire:EtherealBlade","Onion Ring","HollowMod:DoubleDash","HollowMod:IsmasTear"],"campfire_rested":1,"item_purchase_floors":[0,0,0,46,46,46,51],"current_hp_per_floor":[95,105,115,120,119,129,84,94,104,114,124,120,130,140,150,133,255,253,263,273,266,276,286,226,236,246,231,235,82,64,61,189,125,425,426,425,420,430,440,448,458,409,419,366,376,386,343,314,324,253,582,592,602,612,622,632,642,652,662,672,682,692,702,712,722,732,432,757,767,777,787,797,807,777,787,797,807,799,809,809,809],"gold":569,"neow_bonus":"","is_daily":false,"chose_seed":false,"campfire_upgraded":12,"win_rate":0.0,"timestamp":1609402134,"path_taken":["M","M","?","M","?","R","E","R","T","?","R","M","?","?","R","BOSS","M","?","$","?","?","R","E","R","T","E","M","NM","M","M","R","BOSS","M","M","?","?","?","M","R","E","T","?","?","?","E","M","R","BOSS","M","M","M","M","?","E","R","E","MIM","R","M","M","?","M","R","BOSS","M","M","?","?","$","E","R","M","MIM","M","M","M"],"items_purchased_type":["Relic","Relic","Card","Relic","Relic","Card","Relic"],"build_version":"2020-12-22","purchased_purges":2,"victory":false,"max_hp_per_floor":[95,105,115,125,135,145,155,165,175,185,195,205,215,225,235,245,255,265,275,285,295,305,315,325,335,345,355,365,375,385,395,405,415,425,435,445,455,465,475,485,495,505,515,525,535,545,555,565,575,585,582,592,602,612,622,632,642,652,662,672,682,692,702,712,722,732,742,757,767,777,787,797,807,817,827,837,847,857,867,867,867],"relic_stats":{"counters":[95,469],"Mummified Hand":[15],"StoneCalendar":[499],"War Paint":["HollowMod:CornifersMapStart","HollowMod:CloakDash"],"obtain_stats":[{"Chaos":52,"Ice Cream":0,"Replay:Accelerometer":22,"Dota2Spire:PowerTreads":23,"Tiny House":68,"Bromod:ArcaneNullifier":59,"Dota2Spire:ArmletOfMordiggian":10,"Vajra":28,"downfall:HeartBlessingGreen":27,"HollowMod:VesselMask":77,"Dota2Spire:RefresherOrb":28,"Dota2Spire:ShadowBlade":47,"DeadEye":0,"Dota2Spire:EtherealBlade":46,"Bromod:ArcaneAegis":42,"theJungle:SneckoAutograph":20,"conspire:GlowingRock":60,"Fusion Hammer":34,"Dota2Spire:DivineRapier":0,"Diplopia":77,"vexMod:RetaliationKit":26,"KeepersGift":0,"Dota2Spire:HandOfMidas":6,"Happy Flower":5,"HollowMod:JonisBlessing":43,"Dota2Spire:ShivaGuard":60,"Pen Nib":25,"HollowMod:IsmasTear":51,"MoneyPower":31,"War Paint":57,"SteamSale":31,"infinitespire:EvilPickle":33,"Replay:Baseball":10,"vexMod:Cooldron":21,"conspire:GiftBox":0,"ReplayTheSpireMod:Shallot":7,"Onion Ring":46,"infinitespire:EmpoweringShard":26,"HushsDoor":0,"infinitespire:PuzzleCube":48,"vexMod:ImprovementManual":17,"Dota2Spire:Desolator":53,"vexMod:BigBerry":34,"Dota2Spire:EchoSabre":24,"GuppysTail":17,"SacredBark":17,"champ:ChampionCrown":0,"StoneCalendar":0,"conspire:SpecialSausage":17,"Juzu Bracelet":44,"Empty Cage":38,"conspire:TopHat":64,"hubris:Icosahedron":22,"downfall:HeartBlessingBlue":43,"Mummified Hand":74,"vexMod:RedPlottingStone":26,"DoctorsRemote":0,"hubris:DisguiseKit":64,"ReplayTheSpireMod:Ninjato":27,"downfall:HeartBlessingRed":6,"Replay:WaspNest":29,"Omamori":29,"infinitespire:Lucky Rock":9,"Odd Mushroom":14,"hubris:Towel":14,"D4":46,"Strange Spoon":25,"hubris:BundleOfHerbs":19,"Bag of Marbles":7,"GuppysHead":24,"FossilizedHelix":34,"TungstenRod":77},{"Chaos":31,"Ice Cream":32,"Replay:Accelerometer":14,"Dota2Spire:PowerTreads":43,"Tiny House":87,"Bromod:ArcaneNullifier":81,"Dota2Spire:ArmletOfMordiggian":37,"Vajra":45,"downfall:HeartBlessingGreen":16,"HollowMod:VesselMask":92,"Dota2Spire:RefresherOrb":45,"Dota2Spire:ShadowBlade":73,"DeadEye":32,"Dota2Spire:EtherealBlade":72,"Bromod:ArcaneAegis":25,"theJungle:SneckoAutograph":12,"conspire:GlowingRock":82,"Fusion Hammer":21,"Dota2Spire:DivineRapier":32,"Diplopia":92,"vexMod:RetaliationKit":61,"KeepersGift":0,"Dota2Spire:HandOfMidas":36,"Happy Flower":1,"HollowMod:JonisBlessing":71,"Dota2Spire:ShivaGuard":82,"Pen Nib":15,"HollowMod:IsmasTear":75,"MoneyPower":19,"War Paint":80,"SteamSale":47,"infinitespire:EvilPickle":48,"Replay:Baseball":5,"vexMod:Cooldron":13,"conspire:GiftBox":51,"ReplayTheSpireMod:Shallot":56,"Onion Ring":72,"infinitespire:EmpoweringShard":44,"HushsDoor":0,"infinitespire:PuzzleCube":28,"vexMod:ImprovementManual":40,"Dota2Spire:Desolator":31,"vexMod:BigBerry":48,"Dota2Spire:EchoSabre":14,"GuppysTail":40,"SacredBark":11,"champ:ChampionCrown":0,"StoneCalendar":51,"conspire:SpecialSausage":58,"Juzu Bracelet":26,"Empty Cage":69,"conspire:TopHat":85,"hubris:Icosahedron":60,"downfall:HeartBlessingBlue":25,"Mummified Hand":90,"vexMod:RedPlottingStone":16,"DoctorsRemote":0,"hubris:DisguiseKit":85,"ReplayTheSpireMod:Ninjato":62,"downfall:HeartBlessingRed":1,"Replay:WaspNest":64,"Omamori":17,"infinitespire:Lucky Rock":37,"Odd Mushroom":9,"hubris:Towel":57,"D4":27,"Strange Spoon":15,"hubris:BundleOfHerbs":12,"Bag of Marbles":2,"GuppysHead":61,"FossilizedHelix":67,"TungstenRod":92},{"Chaos":126,"Ice Cream":150,"Replay:Accelerometer":59,"Dota2Spire:PowerTreads":179,"Tiny House":428,"Bromod:ArcaneNullifier":397,"Dota2Spire:ArmletOfMordiggian":161,"Vajra":185,"downfall:HeartBlessingGreen":69,"HollowMod:VesselMask":460,"Dota2Spire:RefresherOrb":185,"Dota2Spire:ShadowBlade":357,"DeadEye":150,"Dota2Spire:EtherealBlade":346,"Bromod:ArcaneAegis":99,"theJungle:SneckoAutograph":47,"conspire:GlowingRock":406,"Fusion Hammer":85,"Dota2Spire:DivineRapier":150,"Diplopia":460,"vexMod:RetaliationKit":273,"KeepersGift":0,"Dota2Spire:HandOfMidas":158,"Happy Flower":3,"HollowMod:JonisBlessing":340,"Dota2Spire:ShivaGuard":406,"Pen Nib":63,"HollowMod:IsmasTear":378,"MoneyPower":77,"War Paint":394,"SteamSale":193,"infinitespire:EvilPickle":201,"Replay:Baseball":18,"vexMod:Cooldron":51,"conspire:GiftBox":214,"ReplayTheSpireMod:Shallot":233,"Onion Ring":346,"infinitespire:EmpoweringShard":182,"HushsDoor":0,"infinitespire:PuzzleCube":112,"vexMod:ImprovementManual":172,"Dota2Spire:Desolator":126,"vexMod:BigBerry":201,"Dota2Spire:EchoSabre":59,"GuppysTail":172,"SacredBark":37,"champ:ChampionCrown":0,"StoneCalendar":214,"conspire:SpecialSausage":252,"Juzu Bracelet":102,"Empty Cage":326,"conspire:TopHat":417,"hubris:Icosahedron":266,"downfall:HeartBlessingBlue":99,"Mummified Hand":447,"vexMod:RedPlottingStone":69,"DoctorsRemote":0,"hubris:DisguiseKit":417,"ReplayTheSpireMod:Ninjato":280,"downfall:HeartBlessingRed":3,"Replay:WaspNest":298,"Omamori":72,"infinitespire:Lucky Rock":161,"Odd Mushroom":27,"hubris:Towel":239,"D4":109,"Strange Spoon":63,"hubris:BundleOfHerbs":47,"Bag of Marbles":9,"GuppysHead":273,"FossilizedHelix":315,"TungstenRod":460}],"TungstenRod":3},"card_choices":[{"not_picked":["HollowMod:LordofShades","HollowMod:PureVessel"],"picked":"HollowMod:SoulMaster","floor":0},{"not_picked":["HollowMod:InfectedAttack","HollowMod:SiblingsShadow","HollowMod:DashSlash"],"picked":"SKIP","floor":1},{"not_picked":["HollowMod:MawleksShell","HollowMod:CrystalDash"],"picked":"HollowMod:ChannelNail","floor":2},{"not_picked":["HollowMod:NewLittleFool","HollowMod:HeavyBlow","HollowMod:NewJinnsSoul"],"picked":"SKIP","floor":4},{"not_picked":["HollowMod:NewLittleFool","HollowMod:HeavyBlow"],"picked":"HollowMod:NewJinnsSoul","floor":4},{"not_picked":["HollowMod:CloakDash","HollowMod:CycloneSlash"],"picked":"HollowMod:ShapeofUnn","floor":5},{"not_picked":["HollowMod:GrimmsGift","HollowMod:AbyssShriek"],"picked":"HollowMod:CoiledNail","floor":7},{"not_picked":["HollowMod:CycloneSlash","HollowMod:Grubsong","HollowMod:LuriensSpire"],"picked":"SKIP","floor":12},{"not_picked":["HollowMod:HerrahsAnger","HollowMod:AwokenDreamNail"],"picked":"HollowMod:MidwifesHunger","floor":16},{"not_picked":["HollowMod:DungDefenderAura","HollowMod:SharpenedNail"],"picked":"HollowMod:MantisMark","floor":18},{"not_picked":["HollowMod:SoulSplash","HollowMod:HeavyBlow"],"picked":"HollowMod:SlysStrikes","floor":21},{"not_picked":["HollowMod:BaldurShell+1","HollowMod:PureNailStrike+1"],"picked":"HollowMod:MonarchWings+1","floor":24},{"not_picked":["HollowMod:SharpenedShadows+1","HollowMod:HeavyBlow","HollowMod:InfectedAttack"],"picked":"SKIP","floor":27},{"not_picked":["HollowMod:WraithStrike","HollowMod:HeavyBlow"],"picked":"HollowMod:GrimmsGift+1","floor":28},{"not_picked":["HollowMod:ShapeofUnn","HollowMod:HeavyBlow"],"picked":"HollowMod:ElderbugsWisdom","floor":29},{"not_picked":["HollowMod:CycloneSlash","HollowMod:SiblingsShadow"],"picked":"HollowMod:HornetsHelp","floor":30},{"not_picked":["HollowMod:GrimmsGift","HollowMod:GreatSlash","HollowMod:LifebloodCocoon"],"picked":"SKIP","floor":31},{"not_picked":["HollowMod:NewInfectedGuardian","HollowMod:SoulMaster"],"picked":"HollowMod:AwokenDreamNail","floor":33},{"not_picked":["HollowMod:NewJinnsSoul+1","HollowMod:VengefulVoid","HollowMod:TaintedHusks+1"],"picked":"SKIP","floor":35},{"not_picked":["HollowMod:DreamGate","HollowMod:NewJinnsSoul"],"picked":"HollowMod:SoulSplash+1","floor":36},{"not_picked":["HollowMod:VengefulVoid+1","HollowMod:DreamGate"],"picked":"HollowMod:DungDefenderAura+1","floor":40},{"not_picked":["HollowMod:CoiledNail+1","HollowMod:CrystalDash","HollowMod:InfectedCysts+1"],"picked":"SKIP","floor":42},{"not_picked":["HollowMod:TaintedHusks+1","HollowMod:BrokenVessel"],"picked":"HollowMod:DreamGate+1","floor":47},{"not_picked":["HollowMod:MidwifesHunger","HollowMod:SoulSplash"],"picked":"HollowMod:MonarchWings+1","floor":48},{"not_picked":["HollowMod:ZotesMagnificence","HollowMod:SoulMaster"],"picked":"HollowMod:HerrahsAnger","floor":50},{"not_picked":["HollowMod:VengefulVoid","HollowMod:PureNailStrike"],"picked":"HollowMod:NewLittleFool","floor":52},{"not_picked":["HollowMod:InfectedCysts","HollowMod:NewGlowingWomb"],"picked":"HollowMod:CornifersMapStart","floor":53},{"not_picked":["HollowMod:DreamGate","HollowMod:NewJinnsSoul","HollowMod:SoulSplash"],"picked":"SKIP","floor":54},{"not_picked":["HollowMod:HeavyBlow","HollowMod:SharpenedShadows"],"picked":"HollowMod:CloakDash","floor":55},{"not_picked":["HollowMod:SoulStrike","HollowMod:LuriensSpire","HollowMod:DreamGate"],"picked":"SKIP","floor":57},{"not_picked":["HollowMod:Weaversong","HollowMod:InfectionAssault","HollowMod:TaintedHusks"],"picked":"SKIP","floor":59},{"not_picked":["HollowMod:PerfectDash","HollowMod:PureNailStrike","HollowMod:SoulVessel"],"picked":"SKIP","floor":62},{"not_picked":["HollowMod:InfectedAttack","HollowMod:VengefulVoid","HollowMod:MothsMistake"],"picked":"SKIP","floor":63},{"not_picked":["HollowMod:ChannelNail","HollowMod:WraithStrike","HollowMod:SoulVessel","Coolheaded"],"picked":"SKIP","floor":65},{"not_picked":["HollowMod:PureVessel","HollowMod:VoidDash","Rainbow"],"picked":"HollowMod:theNailsmith","floor":67},{"not_picked":["HollowMod:MonarchWings","HollowMod:SharpenedNail","HollowMod:VengefulSpirit","Beam Cell"],"picked":"SKIP","floor":69},{"not_picked":["HollowMod:DreamGate","HollowMod:SharpenedShadows+1","HollowMod:InfectionAssault","Go for the Eyes"],"picked":"SKIP","floor":70},{"not_picked":["HollowMod:LifebloodCocoon","HollowMod:GrimmsGift","HollowMod:HeavyBlow+1","Panic Button"],"picked":"SKIP","floor":74},{"not_picked":["HollowMod:ChannelNail","HollowMod:PerfectDash","HollowMod:HowlingWraiths+1","Tempest"],"picked":"SKIP","floor":76},{"not_picked":["HollowMod:InfectedAttack+1","HollowMod:NewJinnsSoul","HollowMod:SoulSplash","Steam"],"picked":"SKIP","floor":78},{"not_picked":["HollowMod:HeavyBlow+1","HollowMod:NewGlowingWomb+1","HollowMod:ShadowDash+1","Ball Lightning"],"picked":"SKIP","floor":79}],"player_experience":675436,"relics_obtained":[{"floor":7,"key":"ReplayTheSpireMod:Shallot"},{"floor":24,"key":"GuppysHead"},{"floor":26,"key":"vexMod:RetaliationKit"},{"floor":27,"key":"ReplayTheSpireMod:Ninjato"},{"floor":29,"key":"Replay:WaspNest"},{"floor":38,"key":"Empty Cage"},{"floor":42,"key":"Bromod:ArcaneAegis"},{"floor":43,"key":"HollowMod:JonisBlessing"},{"floor":47,"key":"Dota2Spire:ShadowBlade"},{"floor":57,"key":"War Paint"},{"floor":59,"key":"Bromod:ArcaneNullifier"},{"floor":60,"key":"Dota2Spire:ShivaGuard"},{"floor":60,"key":"conspire:GlowingRock"},{"floor":64,"key":"hubris:DisguiseKit"},{"floor":64,"key":"conspire:TopHat"},{"floor":74,"key":"Mummified Hand"},{"floor":77,"key":"TungstenRod"},{"floor":77,"key":"Diplopia"}],"event_choices":[{"cards_removed":["HollowMod:FocusHealStart"],"damage_healed":0,"gold_gain":0,"player_choice":"Card Removal","damage_taken":0,"max_hp_gain":0,"max_hp_loss":0,"event_name":"The Cleric","floor":3,"gold_loss":50},{"damage_healed":0,"gold_gain":0,"player_choice":"Leave","damage_taken":0,"max_hp_gain":0,"max_hp_loss":0,"event_name":"conspire:Investor","floor":10,"gold_loss":0},{"damage_healed":0,"gold_gain":0,"player_choice":"Ignored","damage_taken":0,"max_hp_gain":0,"max_hp_loss":0,"event_name":"SecretPortal","floor":39,"gold_loss":0},{"damage_healed":0,"gold_gain":0,"player_choice":"Got Potions","damage_taken":0,"max_hp_gain":0,"max_hp_loss":0,"event_name":"Lab","floor":45,"gold_loss":0},{"damage_healed":0,"gold_gain":175,"player_choice":"AGREE","damage_taken":0,"max_hp_gain":0,"max_hp_loss":0,"event_name":"Liars Game","floor":56,"gold_loss":0,"cards_obtained":["Doubt"]},{"damage_healed":0,"gold_gain":0,"player_choice":"Fight","damage_taken":0,"max_hp_gain":0,"max_hp_loss":0,"event_name":"HidenRoomEvent","floor":64,"gold_loss":0},{"damage_healed":0,"gold_gain":0,"player_choice":"Forge","damage_taken":0,"max_hp_gain":0,"max_hp_loss":0,"event_name":"Accursed Blacksmith","floor":71,"gold_loss":0,"cards_upgraded":["HollowMod:theNailsmith"]},{"damage_healed":0,"gold_gain":0,"player_choice":"Full Heal","damage_taken":0,"max_hp_gain":0,"max_hp_loss":0,"event_name":"Wheel of Change","floor":72,"gold_loss":0}],"is_beta":false,"boss_relics":[{"not_picked":["infinitespire:WardingShard","Sozu"],"picked":"conspire:SpecialSausage"},{"not_picked":[]},{"not_picked":["Ring of Chaos","ReplayTheSpireMod:SealedPack"],"picked":"FossilizedHelix"},{"not_picked":[]},{"not_picked":["hubris:Spice","RottenBaby"],"picked":"DoctorsRemote"},{"not_picked":[]},{"not_picked":["conspire:SeveredTorchhead","Runic Pyramid"],"picked":"Tiny House"},{"not_picked":[]}],"items_purged_floors":[20,51],"is_endless":true,"potions_floor_spawned":[2,7,12,16,18,21,28,30,36,40,42,47,48,53,54,57,63,65,67,69,76,79],"killed_by":"Cultist and Chosen","ascension_level":1}}