{"host":"6azrrw3tf7wb0f4b","time":1609400783,"event":{"mods":["BaseMod","DeckTracker","Minty Spire (QoL Compilation)","SuperFastMode"],"gold_per_floor":[119,119,133,133,153,182,182,202,225,225,225,266,266,64,64,168,168,186,207,41,56,81,81,81],"floor_reached":23,"playtime":523,"items_purged":["Strike_G","Defend_G"],"score":308,"play_id":"b4144cf6-9c8d-4f7b-bb74-058308c7a4cc","local_time":"20201231164623","is_ascension_mode":true,"campfire_choices":[{"data":"Predator","floor":7,"key":"SMITH"},{"data":"Neutralize","floor":11,"key":"SMITH"},{"data":"Unload","floor":13,"key":"SMITH"},{"data":"Skewer","floor":15,"key":"SMITH"}],"circlet_count":0,"master_deck":["AscendersBane","Strike_G","Strike_G","Strike_G","Strike_G+1","Defend_G","Defend_G","Defend_G+1","Defend_G","Survivor","Neutralize+1","Flying Knee","Backflip","Predator+1","Unload+1","Skewer+1","Blur","Caltrops","Phantasmal Killer","Blur+1","Footwork"],"relics":["Ring of the Snake","NeowsBlessing","Omamori","CeramicFish","Oddly Smooth Stone","Snecko Eye","Bag of Preparation"],"acts_visited":["Exordium","TheCity"],"potions_floor_usage":[6,12],"damage_taken":[{"damage":0,"enemies":"2 Louse","floor":1,"turns":1},{"damage":0,"enemies":"Jaw Worm","floor":3,"turns":1},{"damage":0,"enemies":"Small Slimes","floor":5,"turns":1},{"damage":20,"enemies":"3 Sentries","floor":6,"turns":11},{"damage":4,"enemies":"Red Slaver","floor":8,"turns":4},{"damage":15,"enemies":"Lagavulin","floor":12,"turns":5},{"damage":57,"enemies":"Slime Boss","floor":16,"turns":11},{"damage":9,"enemies":"Spheric Guardian","floor":18,"turns":3},{"damage":11,"enemies":"3 Byrds","floor":19,"turns":4},{"damage":18,"enemies":"Cultist and Chosen","floor":21,"turns":7},{"damage":19,"enemies":"Book of Stabbing","floor":23,"turns":4}],"seed_played":"-27258226244200457","potions_obtained":[{"floor":1,"key":"LiquidBronze"},{"floor":3,"key":"BlessingOfTheForge"},{"floor":5,"key":"SteroidPotion"}],"is_trial":false,"path_per_floor":["M","?","M","?","M","E","R","M","T","?","R","E","R","$","R","B",null,"M","M","$","M","T","E"],"character_chosen":"THE_SILENT","items_purchased":["Blur","Caltrops","Footwork"],"campfire_rested":0,"item_purchase_floors":[14,14,20],"current_hp_per_floor":[63,68,68,53,53,33,33,29,29,75,75,60,60,60,60,3,57,48,37,37,19,19,0,0],"gold":81,"neow_bonus":"THREE_ENEMY_KILL","is_daily":false,"chose_seed":false,"campfire_upgraded":4,"win_rate":0.0,"timestamp":1609400783,"path_taken":["M","?","M","?","M","E","R","M","T","?","R","E","R","$","R","BOSS","M","M","$","M","?","E"],"items_purchased_type":["Card","Card","Card"],"build_version":"2020-12-22","purchased_purges":2,"victory":false,"max_hp_per_floor":[70,75,75,75,75,75,75,75,75,75,75,75,75,75,75,75,75,75,75,75,75,75,75,75],"card_choices":[{"not_picked":["Well Laid Plans","Acrobatics"],"picked":"Flying Knee","floor":1},{"not_picked":["Catalyst","Finisher"],"picked":"Backflip","floor":3},{"not_picked":["Blade Dance","Quick Slash"],"picked":"Predator","floor":5},{"not_picked":["PiercingWail","Bane"],"picked":"Unload","floor":6},{"not_picked":["Bane","Backflip"],"picked":"Well Laid Plans","floor":8},{"not_picked":["Deflect","Quick Slash"],"picked":"Skewer","floor":12},{"not_picked":["Glass Knife","Tools of the Trade"],"picked":"Phantasmal Killer","floor":16},{"not_picked":["Caltrops","Backstab","Terror"],"picked":"SKIP","floor":18},{"not_picked":["Accuracy","Dodge and Roll"],"picked":"Blur+1","floor":19},{"not_picked":["Leg Sweep+1","Footwork","Underhanded Strike"],"picked":"SKIP","floor":21}],"player_experience":654678,"relics_obtained":[{"floor":6,"key":"Omamori"},{"floor":9,"key":"CeramicFish"},{"floor":12,"key":"Oddly Smooth Stone"},{"floor":22,"key":"Bag of Preparation"}],"event_choices":[{"damage_healed":0,"gold_gain":0,"player_choice":"Donut","damage_taken":0,"max_hp_gain":5,"max_hp_loss":0,"event_name":"Big Fish","floor":2,"gold_loss":0},{"damage_healed":0,"gold_gain":0,"player_choice":"Entered Light","damage_taken":15,"max_hp_gain":0,"max_hp_loss":0,"event_name":"Shining Light","floor":4,"gold_loss":0,"cards_upgraded":["Strike_G","Defend_G"]},{"cards_removed":["Well Laid Plans"],"damage_healed":46,"gold_gain":0,"player_choice":"Offered Uncommon","damage_taken":0,"max_hp_gain":0,"max_hp_loss":0,"event_name":"Bonfire Elementals","floor":10,"gold_loss":0}],"is_beta":false,"boss_relics":[{"not_picked":["Ring of the Serpent","Philosopher\u0027s Stone"],"picked":"Snecko Eye"}],"items_purged_floors":[14,20],"is_endless":false,"potions_floor_spawned":[1,3,5],"killed_by":"Book of Stabbing","ascension_level":11}}