{"host":"htqwg582tjjtn9p7","time":1609419172,"event":{"mods":["2.2 Compatiblity","AchievementEnabler","Act Like it!","Aspiration","BaseMod","Better Third Choice","Colored Map","Conspire","Curses Come First","Displayed Cursed Tome","Energized Spire","Force Act Four","GifTheSpireLib","Hermit","Highlight Path","JesterMod","Mad Scientist","Minty Spire (QoL Compilation)","Pale of the Ancients","Permanent Neow","Random Character Button","Relic Stats","Replay The Spire","Robot Space Explorer","Somnambulant","Spicy Shops","Spikes Relics","StSLib","Stuff the Spire","The Blue Laboratory","The Disciple","The Dragon Tamer","The Forsaken","The Gatherer","The Judge","The Jungle","The Marked","The Runesmith","The Servant 0.9.4"],"gold_per_floor":[115,115,141,160,173,173,187,187,214,214,19,32,50,65,65,143,143,159,209,12,0,11,11,39,39,85,85,115,115,115,169,169,246,246,256,256,270,69,96,122,137,170,215,240,271,0,0,0,0,0,0,0,0,27,27],"floor_reached":56,"playtime":2867,"items_purged":["Pain","Strike_G","Defend_G"],"score":2041,"play_id":"37b6bf35-ba01-4e22-a53a-3f7aed5e5eb4","local_time":"20201231135252","is_ascension_mode":true,"campfire_choices":[{"floor":6,"key":"REST"},{"data":"Noxious Fumes","floor":10,"key":"SMITH"},{"data":"Neutralize","floor":23,"key":"SMITH"},{"data":"Catalyst","floor":25,"key":"SMITH"},{"data":"Footwork","floor":29,"key":"SMITH"},{"data":"Replay:Poison Smokescreen","floor":32,"key":"SMITH"},{"floor":47,"key":"RECALL"},{"floor":49,"key":"REST"},{"floor":52,"key":"REST"}],"circlet_count":0,"master_deck":["AscendersBane","Defend_G+1","Defend_G+1","Defend_G","Defend_G","Survivor","Neutralize+1","ReplayTheSpireMod:Brewmster+1","StuffTheSpire:Injection","Noxious Fumes+1","Leg Sweep","PiercingWail","Footwork+1","Catalyst+1","Replay:Poison Smokescreen+1","After Image","Backflip","Dodge and Roll+1","Backflip","Blur","Footwork","Calculated Gamble","ReplayTheSpireMod:Speed Training","Footwork"],"relics":["Ring of the Snake","aspiration:Lifesprig","theForsaken:Lifeblossom","Replay:Grab Bag","Velvet Choker","energizedSpire:RedRose","SlaversCollar","Replay:Drink Me","ReplayTheSpireMod:Ninjato","Simple Rune","ReplayTheSpireMod:Lightbulb","Ancient Tea Set","Fusion Hammer","Sundial","Kunai","Juzu Bracelet","Pondfish Scales","Potion Belt","Red Mask","GiantMaggot"],"acts_visited":["Exordium","TheCity","TheBeyond","TheEnding"],"potions_floor_usage":[1,1,5,7,7,7,12,14,14,14,14,14,14,16,16,16,18,21,22,22,22,24,24,24,24,27,27,28,33,33,33,35,35,35,40,40,41,41,41,44,50,50,54,54,55,55,55,55,55,55,55,55,55,55,55],"damage_taken":[{"damage":2,"enemies":"Jaw Worm","floor":1,"turns":7},{"damage":8,"enemies":"Small Slimes","floor":4,"turns":7},{"damage":4,"enemies":"2 Louse","floor":5,"turns":6},{"damage":18,"enemies":"Exordium Thugs","floor":7,"turns":8},{"damage":3,"enemies":"Lots of Slimes","floor":12,"turns":6},{"damage":6,"enemies":"Red Slaver","floor":13,"turns":6},{"damage":0,"enemies":"Large Slime","floor":14,"turns":7},{"damage":24,"enemies":"Slime Boss","floor":16,"turns":11},{"damage":6,"enemies":"Chosen","floor":18,"turns":8},{"damage":8,"enemies":"2 Thieves","floor":21,"turns":4},{"damage":0,"enemies":"Snecko","floor":22,"turns":6},{"damage":0,"enemies":"Book of Stabbing","floor":24,"turns":6},{"damage":16,"enemies":"Colosseum Slavers","floor":27,"turns":7},{"damage":3,"enemies":"Slavers","floor":28,"turns":6},{"damage":1,"enemies":"conspire:MysteriousRune","floor":33,"turns":9},{"damage":0,"enemies":"3 Darklings","floor":35,"turns":6},{"damage":2,"enemies":"Orb Walker","floor":37,"turns":3},{"damage":3,"enemies":"Nemesis","floor":40,"turns":7},{"damage":0,"enemies":"Maw","floor":41,"turns":8},{"damage":0,"enemies":"R_Hoarder","floor":42,"turns":7},{"damage":0,"enemies":"Mind Bloom Boss Battle","floor":44,"turns":5},{"damage":1,"enemies":"Reptomancer","floor":45,"turns":7},{"damage":10,"enemies":"Donu and Deca","floor":50,"turns":10},{"damage":10,"enemies":"Shield and Spear","floor":54,"turns":6},{"damage":25,"enemies":"The Heart","floor":55,"turns":12}],"seed_played":"2577531033183185819","potions_obtained":[{"floor":3,"key":"Swift Potion"},{"floor":5,"key":"Poison Potion"},{"floor":7,"key":"Adrenaline Potion"},{"floor":18,"key":"DuplicationPotion"},{"floor":22,"key":"Adrenaline Potion"},{"floor":35,"key":"Swift Potion"},{"floor":45,"key":"blueLaboratory:AbyssPotion"}],"is_trial":false,"path_per_floor":["M","?","?","M","M","R","M","?","T","R","$","M","M","M","R_BF","B",null,"M","?","$","M","M","R","E","R","T","?","E","R","?","T","R","B",null,"M","?","M","$","T","E","M","E","T","?","E","?","R","?","R","B",null,"R","$","E","B",null],"character_chosen":"THE_SILENT","items_purchased":["Footwork","blueLaboratory:EmptyBottle","Footwork"],"campfire_rested":3,"item_purchase_floors":[11,20,38],"current_hp_per_floor":[57,57,57,49,45,60,54,54,54,54,54,57,57,60,60,36,43,40,40,40,38,44,44,45,45,45,47,47,47,47,47,47,47,47,47,47,47,47,47,45,47,47,47,47,47,47,47,47,47,40,45,47,47,38,19],"gold":27,"neow_bonus":"RANDOM_COLORLESS_2","is_daily":false,"chose_seed":false,"campfire_upgraded":5,"win_rate":0.0,"timestamp":1609419172,"path_taken":["M","?","?","M","M","R","M","?","T","R","$","M","M","M","R_BF","BOSS","M","?","$","M","M","R","E","R","T","?","E","R","?","?","R","BOSS","M","?","?","$","?","E","M","E","T","?","E","?","R","?","R","BOSS","R","$","E","BOSS"],"items_purchased_type":["Card","Potion","Card"],"build_version":"2020-12-22","purchased_purges":3,"victory":true,"max_hp_per_floor":[60,60,60,60,60,60,60,60,60,60,60,60,60,60,60,60,45,45,45,45,45,45,45,45,45,45,47,47,47,47,47,47,47,47,47,47,47,47,47,47,47,47,47,47,47,47,47,47,47,47,47,47,47,47,47],"relic_stats":{"counters":[25,175],"Sundial":[20],"Juzu Bracelet":1,"Kunai":[0],"obtain_stats":[{"energizedSpire:RedRose":17,"Potion Belt":45,"aspiration:Lifesprig":3,"ReplayTheSpireMod:Ninjato":24,"GiantMaggot":54,"Replay:Grab Bag":17,"Velvet Choker":17,"theForsaken:Lifeblossom":9,"Juzu Bracelet":43,"Ancient Tea Set":31,"SlaversCollar":17,"Pondfish Scales":44,"Sundial":40,"Simple Rune":26,"Fusion Hammer":34,"Red Mask":46,"Kunai":42,"Replay:Drink Me":17,"ReplayTheSpireMod:Lightbulb":28,"Ring of the Snake":0},{"energizedSpire:RedRose":8,"Potion Belt":22,"aspiration:Lifesprig":1,"ReplayTheSpireMod:Ninjato":12,"GiantMaggot":24,"Replay:Grab Bag":8,"Velvet Choker":8,"theForsaken:Lifeblossom":4,"Juzu Bracelet":20,"Ancient Tea Set":14,"SlaversCollar":8,"Pondfish Scales":21,"Sundial":18,"Simple Rune":12,"Fusion Hammer":15,"Red Mask":22,"Kunai":20,"Replay:Drink Me":8,"ReplayTheSpireMod:Lightbulb":14,"Ring of the Snake":0},{"energizedSpire:RedRose":58,"Potion Belt":147,"aspiration:Lifesprig":7,"ReplayTheSpireMod:Ninjato":82,"GiantMaggot":163,"Replay:Grab Bag":58,"Velvet Choker":58,"theForsaken:Lifeblossom":28,"Juzu Bracelet":135,"Ancient Tea Set":95,"SlaversCollar":58,"Pondfish Scales":140,"Sundial":120,"Simple Rune":82,"Fusion Hammer":104,"Red Mask":147,"Kunai":135,"Replay:Drink Me":58,"ReplayTheSpireMod:Lightbulb":95,"Ring of the Snake":0}],"Ring of the Snake":[50]},"card_choices":[{"not_picked":["Sadistic Nature","The Bomb"],"picked":"ReplayTheSpireMod:Brewmster","floor":0},{"not_picked":["Deadly Poison","Replay:Poison Smokescreen"],"picked":"StuffTheSpire:Injection","floor":1},{"not_picked":["Acrobatics","Finisher"],"picked":"Noxious Fumes","floor":3},{"not_picked":["Dagger Spray","StuffTheSpire:Injection"],"picked":"Leg Sweep","floor":3},{"not_picked":["Outmaneuver","Quick Slash"],"picked":"PiercingWail","floor":4},{"not_picked":["Dodge and Roll","StuffTheSpire:BumpUp","StuffTheSpire:Incursion"],"picked":"SKIP","floor":5},{"not_picked":["StuffTheSpire:BumpUp","StuffTheSpire:BrimstoneBlast","Leg Sweep"],"picked":"SKIP","floor":7},{"not_picked":["StuffTheSpire:Repulse","Flying Knee","Sucker Punch"],"picked":"SKIP","floor":12},{"not_picked":["ReplayTheSpireMod:The Works","Blade Dance","Dagger Spray"],"picked":"SKIP","floor":13},{"not_picked":["Underhanded Strike","ReplayTheSpireMod:Speed Training"],"picked":"Catalyst","floor":14},{"not_picked":["ReplayTheSpireMod:From All Sides","Envenom"],"picked":"After Image","floor":16},{"not_picked":["Underhanded Strike","Poisoned Stab","conspire:PoisonWeapons"],"picked":"SKIP","floor":18},{"not_picked":["Deadly Poison","Fluid Movement"],"picked":"Backflip","floor":21},{"not_picked":["StuffTheSpire:BumpUp","PiercingWail"],"picked":"Dodge and Roll+1","floor":22},{"not_picked":["Atom Bomb","Heel Hook"],"picked":"Backflip","floor":24},{"not_picked":["Flying Knee","Hidden Blade","Riddle With Holes"],"picked":"SKIP","floor":28},{"not_picked":["Outmaneuver","Slice","Escape Plan"],"picked":"SKIP","floor":35},{"not_picked":["Slice+1","Deadly Poison","Choke+1"],"picked":"SKIP","floor":37},{"not_picked":["Acrobatics","Slice+1"],"picked":"Calculated Gamble","floor":40},{"not_picked":["InfectiousVector+1","Underhanded Strike","StuffTheSpire:Fury"],"picked":"SKIP","floor":41},{"not_picked":["Setup+1","Hidden Blade"],"picked":"ReplayTheSpireMod:Speed Training","floor":42},{"not_picked":["Outmaneuver","Cloak And Dagger+1"],"picked":"Footwork","floor":45},{"not_picked":["Flechettes","Underhanded Strike+1","Toxin Wave"],"picked":"SKIP","floor":54}],"player_experience":1849012,"relics_obtained":[{"floor":3,"key":"aspiration:Lifesprig"},{"floor":9,"key":"theForsaken:Lifeblossom"},{"floor":24,"key":"ReplayTheSpireMod:Ninjato"},{"floor":26,"key":"Simple Rune"},{"floor":28,"key":"ReplayTheSpireMod:Lightbulb"},{"floor":31,"key":"Ancient Tea Set"},{"floor":40,"key":"Sundial"},{"floor":42,"key":"Kunai"},{"floor":43,"key":"Juzu Bracelet"},{"floor":44,"key":"Pondfish Scales"},{"floor":45,"key":"Potion Belt"},{"floor":54,"key":"GiantMaggot"}],"event_choices":[{"damage_healed":0,"gold_gain":0,"player_choice":"Grow","damage_taken":0,"max_hp_gain":0,"max_hp_loss":0,"event_name":"Living Wall","floor":2,"gold_loss":0,"cards_upgraded":["ReplayTheSpireMod:Brewmster"]},{"damage_healed":0,"gold_gain":0,"player_choice":"Searched \u00270\u0027 times","damage_taken":0,"max_hp_gain":0,"max_hp_loss":0,"event_name":"Dead Adventurer","floor":8,"gold_loss":0},{"damage_healed":0,"gold_gain":50,"player_choice":"Steal","damage_taken":0,"max_hp_gain":0,"max_hp_loss":0,"event_name":"betterThird:BetterNest","floor":19,"gold_loss":0},{"damage_healed":0,"gold_gain":0,"player_choice":"Fight","damage_taken":0,"max_hp_gain":0,"max_hp_loss":0,"event_name":"Colosseum","floor":27,"gold_loss":0},{"damage_healed":0,"gold_gain":0,"player_choice":"Fled From Nobs","damage_taken":0,"max_hp_gain":0,"max_hp_loss":0,"event_name":"Colosseum","floor":27,"gold_loss":0},{"damage_healed":0,"gold_gain":0,"player_choice":"Read","damage_taken":0,"max_hp_gain":0,"max_hp_loss":0,"event_name":"The Library","floor":30,"gold_loss":0,"cards_obtained":["Blur"]},{"damage_healed":0,"gold_gain":0,"player_choice":"Random: Orange","damage_taken":0,"max_hp_gain":0,"max_hp_loss":0,"event_name":"betterThird:BetterPortal","floor":36,"gold_loss":0},{"damage_healed":0,"gold_gain":0,"player_choice":"0 cards matched","damage_taken":0,"max_hp_gain":0,"max_hp_loss":0,"event_name":"Match and Keep!","floor":36,"gold_loss":0,"cards_obtained":[]},{"damage_healed":0,"gold_gain":0,"player_choice":"Fight","damage_taken":0,"max_hp_gain":0,"max_hp_loss":0,"event_name":"MindBloom","floor":44,"gold_loss":0},{"damage_healed":0,"gold_gain":0,"player_choice":"Paid","damage_taken":0,"relics_obtained":["Red Mask"],"max_hp_gain":0,"max_hp_loss":0,"event_name":"Tomb of Lord Red Mask","floor":46,"gold_loss":271},{"damage_healed":0,"gold_gain":0,"player_choice":"Ignored","damage_taken":0,"max_hp_gain":0,"max_hp_loss":0,"event_name":"Mysterious Sphere","floor":48,"gold_loss":0}],"is_beta":false,"boss_relics":[{"not_picked":["HoveringKite","Ring of Chaos"],"picked":"Replay:Grab Bag"},{"not_picked":["ChewingGum","Replay:Fungal Core"],"picked":"Velvet Choker"},{"not_picked":["ReplayTheSpireMod:DimensionalGlitch","conspire:RoyalGoblet"],"picked":"energizedSpire:RedRose"},{"not_picked":["aspiration:SecretTechniqueScroll","aspiration:PoetsPen_weak"],"picked":"SlaversCollar"},{"not_picked":["Ring of the Serpent","conspire:SpecialSausage"],"picked":"Replay:Drink Me"},{"not_picked":["StuffTheSpire:Kangaroo","StuffTheSpire:ModemDavis"],"picked":"Fusion Hammer"}],"items_purged_floors":[11,20,38],"is_endless":false,"potions_floor_spawned":[5,7,18,22,24,35,42,45],"ascension_level":15}}