{"host":"3qkmyeoym75lj4wn","time":1609422275,"event":{"mods":["2.2 Compatiblity","BaseMod","Block Reminder","Colored Powertips","Highlight Path","Minty Spire (QoL Compilation)","Permanent Neow","Potion Indicator Mod","Rare Cards Sparkle","Relic Stats","StSLib"],"gold_per_floor":[13,13,288,301,324,338,351,384,411,411,424,12,27,67,67,158,158,177,177,177,23,36,36,61,97,97,113,151,8,8,49,49,144,144,160,32,90,90,40,40,84,84,84,103,436,462,473,43,43,43,43,43],"floor_reached":51,"playtime":2757,"items_purged":["Regret","Strike_G+1"],"score":1521,"play_id":"2b33e0a5-95b5-4ac9-817f-bbc7946e146d","local_time":"20201231134435","is_ascension_mode":true,"campfire_choices":[{"floor":10.0,"key":"REST"},{"floor":15.0,"key":"REST"},{"data":"A Thousand Cuts","floor":23.0,"key":"SMITH"},{"floor":30.0,"key":"REST"},{"floor":32.0,"key":"REST"},{"floor":40,"key":"REST"},{"floor":49,"key":"RECALL"}],"circlet_count":0,"master_deck":["AscendersBane","Strike_G+1","Strike_G+1","Defend_G+1","Defend_G+1","Defend_G+1","Defend_G+1","Defend_G+1","Survivor","Neutralize","A Thousand Cuts+1","Leg Sweep+1","Riddle With Holes","Blade Dance","Slice","Die Die Die","Poisoned Stab","Cloak And Dagger","Malaise","Well Laid Plans","Envenom","Deflect","Mayhem","Blade Dance","Infinite Blades","Noxious Fumes","Dagger Spray+1","Backflip","Finesse","Backstab","Storm of Steel","Backflip+1","Apotheosis"],"relics":["Ring of the Snake","The Courier","War Paint","Sling","Toy Ornithopter","Potion Belt","Philosopher\u0027s Stone","Smiling Mask","PreservedInsect","Kunai","Meat on the Bone","Fusion Hammer","Medical Kit","Tingsha","Pear","Girya","Ninja Scroll"],"acts_visited":["Exordium","TheCity","TheBeyond"],"potions_floor_usage":[37,37,47,50,50],"damage_taken":[{"damage":0.0,"enemies":"2 Louse","floor":1.0,"turns":3.0},{"damage":6.0,"enemies":"Jaw Worm","floor":4.0,"turns":6.0},{"damage":5.0,"enemies":"Cultist","floor":5.0,"turns":4.0},{"damage":5.0,"enemies":"2 Fungi Beasts","floor":6.0,"turns":4.0},{"damage":26.0,"enemies":"Blue Slaver","floor":7.0,"turns":5.0},{"damage":0.0,"enemies":"Gremlin Nob","floor":8.0,"turns":2.0},{"damage":2.0,"enemies":"Exordium Thugs","floor":11.0,"turns":5.0},{"damage":0.0,"enemies":"Gremlin Gang","floor":13.0,"turns":2.0},{"damage":15.0,"enemies":"Lagavulin","floor":14.0,"turns":6.0},{"damage":25.0,"enemies":"Slime Boss","floor":16.0,"turns":9.0},{"damage":0.0,"enemies":"Shell Parasite","floor":18.0,"turns":7.0},{"damage":7.0,"enemies":"Spheric Guardian","floor":22.0,"turns":6.0},{"damage":15.0,"enemies":"Snecko","floor":24.0,"turns":5.0},{"damage":10.0,"enemies":"Book of Stabbing","floor":25.0,"turns":6.0},{"damage":3.0,"enemies":"3 Cultists","floor":27.0,"turns":5.0},{"damage":13.0,"enemies":"Gremlin Leader","floor":28.0,"turns":6.0},{"damage":28.0,"enemies":"Slavers","floor":31.0,"turns":5.0},{"damage":21.0,"enemies":"Champ","floor":33.0,"turns":11.0},{"damage":27.0,"enemies":"3 Darklings","floor":35.0,"turns":5.0},{"damage":40,"enemies":"2 Orb Walkers","floor":37,"turns":5},{"damage":9,"enemies":"Nemesis","floor":41,"turns":7},{"damage":0,"enemies":"3 Shapes","floor":44,"turns":3},{"damage":25,"enemies":"Giant Head","floor":46,"turns":6},{"damage":16,"enemies":"Transient","floor":47,"turns":6},{"damage":40,"enemies":"Awakened One","floor":50,"turns":19},{"damage":60,"enemies":"Donu and Deca","floor":51,"turns":5}],"seed_played":"-3425703586422157665","potions_obtained":[{"floor":4.0,"key":"AttackPotion"},{"floor":5.0,"key":"BlessingOfTheForge"},{"floor":14.0,"key":"FearPotion"},{"floor":16.0,"key":"Block Potion"},{"floor":24.0,"key":"Weak Potion"},{"floor":25.0,"key":"LiquidMemories"},{"floor":27.0,"key":"Poison Potion"},{"floor":31.0,"key":"FairyPotion"},{"floor":35.0,"key":"GamblersBrew"},{"floor":44,"key":"Regen Potion"},{"floor":46,"key":"EssenceOfSteel"}],"is_trial":false,"path_per_floor":["M","?","?","M","M","M","M","E","T","R","M","$","M","E","R","B",null,"M","?","?","$","M","R","M","E","T","M","E","$","R","E","R","B",null,"M","$","?","?","$","R","E","?","T","M","?","E","M","$","R","B","B"],"character_chosen":"THE_SILENT","items_purchased":["Sling","Toy Ornithopter","Die Die Die","Poisoned Stab","Mayhem","Noxious Fumes","DuplicationPotion","FearPotion","Medical Kit","Ninja Scroll","Apotheosis","Block Potion"],"campfire_rested":5,"item_purchase_floors":[12,12,12,12,21,29,29,29,36,48,48,48],"current_hp_per_floor":[59,59,59,53,48,43,17,17,17,35,33,33,33,18,36,16,49,54,54,54,54,47,47,32,27,27,24,16,16,34,6,24,15,49,39,39,21,21,21,39,52,52,52,52,52,39,43,43,43,25,0,0],"gold":43,"neow_bonus":"THREE_RARE_CARDS","is_daily":false,"chose_seed":false,"campfire_upgraded":1,"win_rate":0.0,"timestamp":1609422275,"path_taken":["M","?","?","M","?","M","M","E","T","R","M","$","M","E","R","BOSS","M","?","?","$","M","R","?","E","T","?","E","?","R","E","R","BOSS","M","$","?","?","$","R","E","?","T","M","?","E","?","?","R","BOSS","BOSS"],"items_purchased_type":["Relic","Relic","Card","Card","Card","Card","Potion","Potion","Relic","Relic","Card","Potion"],"build_version":"2020-12-22","purchased_purges":2,"victory":false,"max_hp_per_floor":[66,60,60,60,60,60,60,60,60,60,60,60,60,60,60,60,60,60,60,60,60,60,60,60,60,60,60,60,60,60,60,60,60,60,60,60,60,60,60,60,70,66,66,66,66,66,66,66,66,66,66,66],"relic_stats":{"counters":[26,153],"Tingsha":[29],"PreservedInsect":270,"Kunai":[75],"War Paint":["Defend_G","Leg Sweep"],"Smiling Mask":30,"Medical Kit":[9],"obtain_stats":[{"Potion Belt":14,"Girya":46,"Pear":41,"Golden Idol":2,"Tingsha":37,"The Courier":8,"PreservedInsect":26,"War Paint":9,"Sling":12,"Smiling Mask":25,"Medical Kit":36,"Ninja Scroll":48,"Philosopher\u0027s Stone":17,"Fusion Hammer":34,"Kunai":28,"Toy Ornithopter":12,"Ring of the Snake":0,"Meat on the Bone":31},{"Potion Belt":9,"Girya":23,"Pear":21,"Golden Idol":1,"Tingsha":20,"The Courier":6,"PreservedInsect":14,"War Paint":6,"Sling":7,"Smiling Mask":14,"Medical Kit":19,"Ninja Scroll":24,"Philosopher\u0027s Stone":10,"Fusion Hammer":18,"Kunai":16,"Toy Ornithopter":7,"Ring of the Snake":0,"Meat on the Bone":17},{"Potion Belt":37,"Girya":123,"Pear":114,"Golden Idol":3,"Tingsha":107,"The Courier":24,"PreservedInsect":70,"War Paint":24,"Sling":29,"Smiling Mask":70,"Medical Kit":102,"Ninja Scroll":129,"Philosopher\u0027s Stone":46,"Fusion Hammer":97,"Kunai":81,"Toy Ornithopter":29,"Ring of the Snake":0,"Meat on the Bone":86}],"Toy Ornithopter":50,"Ring of the Snake":[52],"Meat on the Bone":72},"card_choices":[{"not_picked":["After Image","Venomology"],"picked":"A Thousand Cuts","floor":0.0},{"not_picked":["Prepared","Deadly Poison"],"picked":"Leg Sweep","floor":1.0},{"not_picked":["Flying Knee","Quick Slash"],"picked":"Riddle With Holes","floor":4.0},{"not_picked":["Choke","Sucker Punch","Flying Knee"],"picked":"SKIP","floor":5.0},{"not_picked":["Choke","Predator"],"picked":"Blade Dance","floor":6.0},{"not_picked":["Bane","Tactician"],"picked":"Slice","floor":7.0},{"not_picked":["Underhanded Strike","Dodge and Roll","Bane"],"picked":"SKIP","floor":8.0},{"not_picked":["Blur","Sucker Punch","Deadly Poison"],"picked":"SKIP","floor":11.0},{"not_picked":["Underhanded Strike","Poisoned Stab","Prepared"],"picked":"SKIP","floor":13.0},{"not_picked":["Deflect","Outmaneuver"],"picked":"Cloak And Dagger","floor":14.0},{"not_picked":["Doppelganger","Corpse Explosion"],"picked":"Malaise","floor":16.0},{"not_picked":["Flying Knee+1","Dagger Throw"],"picked":"Well Laid Plans","floor":18.0},{"not_picked":["Escape Plan","Cloak And Dagger","Accuracy"],"picked":"SKIP","floor":22.0},{"not_picked":["Dodge and Roll","Bane","Dagger Throw"],"picked":"SKIP","floor":24.0},{"not_picked":["Infinite Blades","Masterful Stab"],"picked":"Blade Dance","floor":25.0},{"not_picked":["Slice","Escape Plan","Deadly Poison"],"picked":"SKIP","floor":27.0},{"not_picked":["Bane","Grand Finale"],"picked":"Infinite Blades","floor":28.0},{"not_picked":["Underhanded Strike","Dash"],"picked":"Dagger Spray+1","floor":31.0},{"not_picked":["Riddle With Holes","Concentrate+1","Poisoned Stab"],"picked":"SKIP","floor":35.0},{"not_picked":["Acrobatics","Leg Sweep"],"picked":"Backflip","floor":37},{"not_picked":["Discovery","Chrysalis"],"picked":"Finesse","floor":38},{"not_picked":["Outmaneuver","Skewer"],"picked":"Backstab","floor":41},{"not_picked":["Quick Slash","Sucker Punch","Acrobatics"],"picked":"SKIP","floor":44},{"not_picked":["Cloak And Dagger","Slice"],"picked":"Storm of Steel","floor":46},{"not_picked":["Poisoned Stab+1","Setup+1"],"picked":"Backflip+1","floor":47}],"player_experience":1623152,"relics_obtained":[{"floor":8.0,"key":"The Courier"},{"floor":9.0,"key":"War Paint"},{"floor":14.0,"key":"Potion Belt"},{"floor":25.0,"key":"Smiling Mask"},{"floor":26.0,"key":"PreservedInsect"},{"floor":28.0,"key":"Kunai"},{"floor":31.0,"key":"Meat on the Bone"},{"floor":37,"key":"Tingsha"},{"floor":41,"key":"Pear"},{"floor":46,"key":"Girya"}],"event_choices":[{"damage_healed":0.0,"max_hp_gain":0.0,"max_hp_loss":6.0,"gold_gain":0.0,"event_name":"Golden Idol","player_choice":"Lose Max HP","floor":2.0,"gold_loss":0.0,"damage_taken":0.0,"relics_obtained":["Golden Idol"]},{"damage_healed":0.0,"max_hp_gain":0.0,"max_hp_loss":0.0,"gold_gain":275.0,"event_name":"Golden Shrine","player_choice":"Desecrate","floor":3.0,"gold_loss":0.0,"damage_taken":0.0,"cards_obtained":["Regret"]},{"damage_healed":0.0,"max_hp_gain":0.0,"max_hp_loss":0.0,"gold_gain":0.0,"cards_transformed":["Strike_G","Strike_G"],"event_name":"Drug Dealer","player_choice":"Became Test Subject","floor":19.0,"gold_loss":0.0,"damage_taken":0.0,"cards_obtained":["Envenom","Deflect"]},{"damage_healed":0.0,"max_hp_gain":0.0,"max_hp_loss":0.0,"gold_gain":0.0,"event_name":"Back to Basics","player_choice":"Simplicity","floor":20.0,"gold_loss":0.0,"damage_taken":0.0,"cards_upgraded":["Strike_G","Strike_G","Strike_G","Defend_G","Defend_G","Defend_G","Defend_G"]},{"damage_healed":0,"gold_gain":0,"player_choice":"Fight","damage_taken":0,"max_hp_gain":0,"max_hp_loss":0,"event_name":"Mysterious Sphere","floor":37,"gold_loss":0},{"damage_healed":0,"gold_gain":0,"player_choice":"Memory 1","damage_taken":0,"max_hp_gain":0,"max_hp_loss":0,"event_name":"SensoryStone","floor":38,"gold_loss":0},{"damage_healed":0,"gold_gain":0,"player_choice":"Max HP","damage_taken":0,"max_hp_gain":0,"max_hp_loss":4,"event_name":"Winding Halls","floor":42,"gold_loss":0},{"damage_healed":0,"gold_gain":333,"player_choice":"Gave Idol","damage_taken":0,"max_hp_gain":0,"max_hp_loss":0,"event_name":"The Moai Head","floor":45,"relics_lost":["Golden Idol"],"gold_loss":0}],"is_beta":false,"boss_relics":[{"not_picked":["WristBlade","HoveringKite"],"picked":"Philosopher\u0027s Stone"},{"not_picked":["Tiny House","Snecko Eye"],"picked":"Fusion Hammer"}],"items_purged_floors":[12,39],"is_endless":false,"potions_floor_spawned":[4,5,14,16,24,25,27,31,35,44,46],"killed_by":"Donu and Deca","ascension_level":20}}