{"host":"z7p9vpu3tdvnhwui","time":1609374606,"event":{"mods":["2.2 Compatiblity","Act Like it!","BaseMod","Better Third Choice","Colored Powertips","DeckTracker","Defuse TimeMaze Blight","Friendly Minions","Hermit","Hubris","Infinite Spire","Marisa????????","Minty Spire (QoL Compilation)","Quick Restart","Rare Cards Sparkle","Replay The Spire","Shop Mod","Somnambulant","Spicy Shops","StSLib","The Cursed","The Forsaken","The Necromancer","The Servant 0.9.4","TheSwordswoman"],"gold_per_floor":[113,5,5,5,5,5,37,51,51,66,84,84,115,129,129,229,229,243,253,265,285,304,335,349,363,390,390,390],"floor_reached":27,"playtime":2275,"items_purged":[],"score":299,"play_id":"447b5bba-d02a-4527-a229-1020b1a062ba","local_time":"20201231003006","is_ascension_mode":false,"campfire_choices":[{"data":"Sucker Punch","floor":6.0,"key":"SMITH"},{"data":"Phantasmal Killer","floor":12.0,"key":"SMITH"},{"floor":15.0,"key":"REST"}],"circlet_count":0,"master_deck":["Strike_G","Strike_G","Strike_G","Strike_G","Defend_G","Defend_G+1","Defend_G","Defend_G","Defend_G","Survivor","Neutralize","Heel Hook","Pride","Poisoned Stab","Sucker Punch+1","Phantasmal Killer+1","Sucker Punch","Flying Knee","Hidden Blade","Storm of Steel","Backflip","ReplayTheSpireMod:From All Sides","Infinite Blades+1","Quick Slash","Slice+1","Outmaneuver","Replay:Poison Smokescreen+1","Corpse Explosion","Bane","Cloak And Dagger+1"],"relics":["Ring of the Snake","Orichalcum","Replay:Ringing Soul","hubris:64BitClover","Sundial","SacredBark","Akabeko","Blood Vial"],"acts_visited":["TheCity"],"potions_floor_usage":[27],"damage_taken":[{"damage":0.0,"enemies":"Cultist","floor":1.0,"turns":4.0},{"damage":17.0,"enemies":"3 Sentries","floor":7.0,"turns":12.0},{"damage":0.0,"enemies":"2 Louse","floor":8.0,"turns":3.0},{"damage":3.0,"enemies":"infinitespire:Voidling","floor":10.0,"turns":2.0},{"damage":12.0,"enemies":"Lots of Slimes","floor":11.0,"turns":4.0},{"damage":7.0,"enemies":"Lagavulin","floor":13.0,"turns":5.0},{"damage":6.0,"enemies":"3 Louse","floor":14.0,"turns":3.0},{"damage":40.0,"enemies":"The Guardian","floor":16.0,"turns":11.0},{"damage":5.0,"enemies":"Shell Parasite","floor":18.0,"turns":6.0},{"damage":10.0,"enemies":"Chosen","floor":19.0,"turns":5.0},{"damage":5.0,"enemies":"Snecko","floor":20.0,"turns":5.0},{"damage":22.0,"enemies":"Shelled Parasite and Fungi","floor":21.0,"turns":4.0},{"damage":27.0,"enemies":"3 Cultists","floor":22.0,"turns":5.0},{"damage":16.0,"enemies":"Gremlin Leader","floor":23.0,"turns":6.0},{"damage":3.0,"enemies":"Snecko","floor":24.0,"turns":4.0},{"damage":26.0,"enemies":"Centurion and Healer","floor":25.0,"turns":4.0},{"damage":14,"enemies":"3 Cultists","floor":27,"turns":3}],"seed_played":"6667160323511512497","potions_obtained":[{"floor":7.0,"key":"SkillPotion"},{"floor":8.0,"key":"SteroidPotion"},{"floor":13.0,"key":"Block Potion"},{"floor":14.0,"key":"Adrenaline Potion"},{"floor":19.0,"key":"EntropicBrew"},{"floor":22.0,"key":"Block Potion"},{"floor":23.0,"key":"Elixir"}],"is_trial":false,"path_per_floor":["M","$","?","?","$","R","E","M","T","M","M","R","E","M","R","B",null,"M","M","M","M","M","E","M","M","T","M"],"character_chosen":"THE_SILENT","items_purchased":["Orichalcum","Poisoned Stab"],"campfire_rested":1,"item_purchase_floors":[2,2],"current_hp_per_floor":[70,70,70,70,70,70,56,59,59,59,50,50,46,43,69,32,91,89,82,80,61,37,24,26,5,5,0,0],"gold":390,"neow_bonus":"RANDOM_EVENT","is_daily":false,"chose_seed":false,"campfire_upgraded":2,"win_rate":0.0,"timestamp":1609374606,"path_taken":["M","$","?","?","$","R","E","?","T","M","M","R","E","M","R","BOSS","M","?","M","M","M","E","M","M","T","?"],"items_purchased_type":["Relic","Card"],"build_version":"2020-12-22","purchased_purges":0,"victory":false,"max_hp_per_floor":[70,70,70,70,70,70,73,76,76,79,82,82,85,88,88,91,91,94,97,100,103,106,109,112,115,115,115,115],"card_choices":[{"not_picked":["Acrobatics","hubris:Counter"],"picked":"Heel Hook","floor":1.0},{"not_picked":["Fluid Movement","Dagger Spray"],"picked":"Phantasmal Killer","floor":7.0},{"not_picked":["Dagger Throw","Dodge and Roll"],"picked":"Sucker Punch","floor":8.0},{"not_picked":["Setup","PiercingWail"],"picked":"Flying Knee","floor":10.0},{"not_picked":["Eviscerate","Prepared"],"picked":"Hidden Blade","floor":11.0},{"not_picked":["Well Laid Plans","Deflect"],"picked":"Storm of Steel","floor":13.0},{"not_picked":["Leg Sweep","Choke"],"picked":"Backflip","floor":14.0},{"not_picked":["Envenom","Die Die Die"],"picked":"ReplayTheSpireMod:From All Sides","floor":16.0},{"not_picked":["Skewer","Acrobatics+1"],"picked":"Infinite Blades+1","floor":18.0},{"not_picked":["Dagger Throw","Prepared"],"picked":"Quick Slash","floor":19.0},{"not_picked":["Concentrate","Quick Slash"],"picked":"Slice+1","floor":20.0},{"not_picked":["Toxin Wave","Dagger Throw"],"picked":"Outmaneuver","floor":21.0},{"not_picked":["Slice","Dagger Throw+1"],"picked":"Replay:Poison Smokescreen+1","floor":22.0},{"not_picked":["Concentrate","Deflect+1"],"picked":"Corpse Explosion","floor":23.0},{"not_picked":["Dagger Throw+1","Blade Dance"],"picked":"Bane","floor":24.0},{"not_picked":["Sucker Punch","PiercingWail+1"],"picked":"Cloak And Dagger+1","floor":25.0}],"player_experience":605160,"relics_obtained":[{"floor":7.0,"key":"Replay:Ringing Soul"},{"floor":9.0,"key":"hubris:64BitClover"},{"floor":13.0,"key":"Sundial"},{"floor":20.0,"key":"Akabeko"},{"floor":23.0,"key":"Blood Vial"}],"event_choices":[{"cards_removed":["Strike_G"],"damage_healed":0.0,"max_hp_gain":0.0,"max_hp_loss":0.0,"gold_gain":0.0,"event_name":"Bonfire Elementals","player_choice":"Offered Basic","floor":4.0,"gold_loss":0.0,"damage_taken":0.0}],"is_beta":false,"boss_relics":[{"not_picked":["Velvet Choker","Cursed Key"],"picked":"SacredBark"}],"items_purged_floors":[],"is_endless":false,"potions_floor_spawned":[7,8,13,14,19,22,23],"killed_by":"3 Cultists","ascension_level":0}}