{"host":"1qe75caem8li7mer","time":1609373444,"event":{"mods":["BaseMod","Colored Map","Minty Spire (QoL Compilation)","Relic Stats","StSLib","The Wild Card"],"gold_per_floor":[113,113,113,89,112,150,162,194,278,465,490,540,590,617,629,641,641],"floor_reached":16,"playtime":1410,"items_purged":[],"score":145,"play_id":"f71aa022-00a4-4669-8f8d-2d6c98f9cf21","local_time":"20201231011044","is_ascension_mode":false,"campfire_choices":[{"data":"theWildCard:CallToAdventure","floor":7,"key":"SMITH"},{"floor":15,"key":"REST"}],"circlet_count":0,"master_deck":["theWildCard:BasicStrike","theWildCard:BasicStrike","theWildCard:BasicStrike","theWildCard:BasicStrike","theWildCard:BasicDefend","theWildCard:BasicDefend+1","theWildCard:BasicDefend","theWildCard:BasicDefend","theWildCard:CallToAdventure+1","theWildCard:Arsene+1","theWildCard:SeveringSlash","theWildCard:Patience","theWildCard:Michael","theWildCard:PaleRider","theWildCard:ArchaicAssault","Doubt","theWildCard:Polydeuces","theWildCard:Satanael","theWildCard:MagicMettle","theWildCard:Unburden"],"relics":["theWildCard:VelvetContract","NeowsBlessing","Golden Idol","War Paint","MawBank","Question Card","WingedGreaves","Boot"],"acts_visited":["Exordium"],"potions_floor_usage":[12,13],"damage_taken":[{"damage":0,"enemies":"Jaw Worm","floor":1,"turns":1},{"damage":0,"enemies":"2 Louse","floor":5,"turns":2},{"damage":0,"enemies":"3 Sentries","floor":6,"turns":1},{"damage":0,"enemies":"Cultist","floor":8,"turns":3},{"damage":0,"enemies":"Lots of Slimes","floor":11,"turns":3},{"damage":18,"enemies":"Lagavulin","floor":12,"turns":11},{"damage":9,"enemies":"3 Sentries","floor":13,"turns":6},{"damage":0,"enemies":"Red Slaver","floor":14,"turns":4},{"damage":33,"enemies":"Slime Boss","floor":16,"turns":10}],"seed_played":"-5533525540897572172","potions_obtained":[{"floor":6,"key":"GamblersBrew"},{"floor":11,"key":"PowerPotion"},{"floor":14,"key":"Ancient Potion"}],"is_trial":false,"path_per_floor":["M","?","?","$","M","E","R","M","T","?","M","E","E","M","R","B"],"character_chosen":"THE_WILD_CARD","items_purchased":["theWildCard:Patience"],"campfire_rested":1,"item_purchase_floors":[4],"current_hp_per_floor":[60,45,42,42,42,42,42,42,42,42,42,24,15,15,33,0,0],"gold":641,"neow_bonus":"THREE_ENEMY_KILL","is_daily":false,"chose_seed":false,"campfire_upgraded":1,"win_rate":0.0,"timestamp":1609373444,"path_taken":["M","?","?","?","?","E","R","M","T","?","M","E","E","M","R","BOSS"],"items_purchased_type":["Card"],"build_version":"2020-12-22","purchased_purges":0,"victory":false,"max_hp_per_floor":[60,60,60,60,60,60,60,60,60,60,60,60,60,60,60,60,60],"relic_stats":{"counters":[9,41],"Golden Idol":39,"War Paint":["theWildCard:Arsene","theWildCard:BasicDefend"],"MawBank":120,"Question Card":4,"Boot":[8],"obtain_stats":[{"theWildCard:VelvetContract":0,"NeowsBlessing":0,"Golden Idol":2,"WingedGreaves":12,"War Paint":3,"MawBank":6,"Question Card":9,"Boot":13},{"theWildCard:VelvetContract":0,"NeowsBlessing":0,"Golden Idol":1,"WingedGreaves":6,"War Paint":1,"MawBank":3,"Question Card":4,"Boot":7},{"theWildCard:VelvetContract":0,"NeowsBlessing":0,"Golden Idol":1,"WingedGreaves":21,"War Paint":1,"MawBank":4,"Question Card":7,"Boot":27}]},"card_choices":[{"not_picked":["theWildCard:Sakuya","theWildCard:MagicalMight"],"picked":"theWildCard:SeveringSlash","floor":1},{"not_picked":["theWildCard:ArcanaArtistry","theWildCard:Polydeuces"],"picked":"theWildCard:Michael","floor":5},{"not_picked":["theWildCard:ShieldOfMany","theWildCard:ArcaneArts"],"picked":"theWildCard:PaleRider","floor":6},{"not_picked":["theWildCard:Providence","theWildCard:Attunement"],"picked":"theWildCard:ArchaicAssault","floor":8},{"not_picked":["theWildCard:MagicalMight","theWildCard:BladeOfGenerations","theWildCard:MagicMettle"],"picked":"theWildCard:Polydeuces","floor":11},{"not_picked":["theWildCard:Proficiency","theWildCard:SeveringSlash","theWildCard:Unburden"],"picked":"theWildCard:Satanael","floor":12},{"not_picked":["theWildCard:Patience","theWildCard:SeveringSlash","theWildCard:PowerOfTheArcana"],"picked":"theWildCard:MagicMettle","floor":13},{"not_picked":["theWildCard:ArchaicAssault","theWildCard:MagicMettle","theWildCard:LadyLuck"],"picked":"theWildCard:Unburden","floor":14}],"player_experience":1029404,"relics_obtained":[{"floor":6,"key":"MawBank"},{"floor":9,"key":"Question Card"},{"floor":12,"key":"WingedGreaves"},{"floor":13,"key":"Boot"}],"event_choices":[{"damage_healed":0,"gold_gain":0,"player_choice":"Take Damage","damage_taken":15,"relics_obtained":["Golden Idol"],"max_hp_gain":0,"max_hp_loss":0,"event_name":"Golden Idol","floor":2,"gold_loss":0},{"damage_healed":0,"gold_gain":0,"player_choice":"Success","damage_taken":3,"relics_obtained":["War Paint"],"max_hp_gain":0,"max_hp_loss":0,"event_name":"Scrap Ooze","floor":3,"gold_loss":0},{"damage_healed":0,"gold_gain":175,"player_choice":"AGREE","damage_taken":0,"max_hp_gain":0,"max_hp_loss":0,"event_name":"Liars Game","floor":10,"gold_loss":0,"cards_obtained":["Doubt"]}],"is_beta":false,"boss_relics":[],"items_purged_floors":[],"is_endless":false,"potions_floor_spawned":[6,11,14],"killed_by":"Slime Boss","ascension_level":0}}