{"host":"hhk99zdwe8tkcyq7","time":1609372948,"event":{"mods":["AchievementEnabler","BaseMod","Minty Spire (QoL Compilation)"],"gold_per_floor":[113,38,58,58,8,8,24,24,24,24,44,125,125,145,145,247,247,260,260,33,33,50,50,50,50,50,67,67,67,83,101,101,101,101],"floor_reached":33,"playtime":2573,"items_purged":["Strike_G","Defend_G"],"score":235,"play_id":"48bf62d8-bb31-4cb3-94b7-ff6c07257871","local_time":"20201230180228","is_ascension_mode":false,"campfire_choices":[{"data":"Backflip","floor":6,"key":"SMITH"},{"data":"Backflip","floor":8,"key":"SMITH"},{"data":"Flying Knee","floor":13,"key":"SMITH"},{"floor":15,"key":"REST"},{"floor":23,"key":"REST"},{"floor":25,"key":"REST"},{"floor":32,"key":"REST"}],"circlet_count":0,"master_deck":["Strike_G","Strike_G","Defend_G","Defend_G","Survivor","Neutralize","Flying Knee+1","Backflip+1","Backflip+1","Escape Plan","Quick Slash","Venomology+1","Backflip+1","Acrobatics+1","Footwork","Acrobatics+1"],"relics":["Ring of the Snake","Orichalcum","Anchor","Toxic Egg 2","Empty Cage","Nilry\u0027s Codex","Matryoshka","MutagenicStrength"],"acts_visited":["Exordium","TheCity"],"potions_floor_usage":[16,16,22,22,27,33,33,33,33],"damage_taken":[{"damage":5,"enemies":"Jaw Worm","floor":1,"turns":4},{"damage":0,"enemies":"Small Slimes","floor":3,"turns":6},{"damage":0,"enemies":"Cultist","floor":7,"turns":3},{"damage":0,"enemies":"Looter","floor":11,"turns":3},{"damage":4,"enemies":"Exordium Thugs","floor":14,"turns":6},{"damage":40,"enemies":"Hexaghost","floor":16,"turns":13},{"damage":5,"enemies":"2 Thieves","floor":18,"turns":5},{"damage":30,"enemies":"3 Byrds","floor":22,"turns":7},{"damage":16,"enemies":"Centurion and Healer","floor":27,"turns":18},{"damage":8,"enemies":"Snake Plant","floor":30,"turns":9},{"damage":5,"enemies":"Snecko","floor":31,"turns":9},{"damage":97,"enemies":"Champ","floor":33,"turns":27}],"seed_played":"-3517297180340212076","potions_obtained":[{"floor":3,"key":"PowerPotion"},{"floor":11,"key":"Fire Potion"},{"floor":27,"key":"BlessingOfTheForge"}],"is_trial":false,"path_per_floor":["M","$","M","?","?","R","M","R","T","$","M","T","R","M","R","B",null,"M","?","$","?","M","R","?","R","T","M","$","?","M","M","R","B"],"character_chosen":"THE_SILENT","items_purchased":["Footwork","Acrobatics+1"],"campfire_rested":4,"item_purchase_floors":[20,20],"current_hp_per_floor":[65,65,65,58,58,58,58,58,58,58,58,58,58,54,70,30,70,65,65,65,49,28,49,49,70,70,54,54,54,46,41,62,0,0],"gold":101,"neow_bonus":"RANDOM_COMMON_RELIC","is_daily":false,"chose_seed":false,"campfire_upgraded":3,"win_rate":0.0,"timestamp":1609372948,"path_taken":["M","$","M","?","?","R","M","R","T","?","M","?","R","?","R","BOSS","M","?","$","?","M","R","?","R","T","M","$","?","M","M","R","BOSS"],"items_purchased_type":["Card","Card"],"build_version":"2020-12-22","purchased_purges":2,"victory":false,"max_hp_per_floor":[70,70,70,70,70,70,70,70,70,70,70,70,70,70,70,70,70,70,70,70,70,70,70,70,70,70,70,70,70,70,70,70,70,70],"card_choices":[{"not_picked":["Blade Dance","Prepared"],"picked":"Flying Knee","floor":1},{"not_picked":["Dagger Spray","Skewer"],"picked":"Backflip","floor":3},{"not_picked":["Dagger Spray","Blade Dance"],"picked":"Backflip","floor":7},{"not_picked":["Slice","Reflex"],"picked":"Escape Plan","floor":11},{"not_picked":["Backstab","Crippling Poison+1"],"picked":"Quick Slash","floor":14},{"not_picked":["Phantasmal Killer+1","Doppelganger+1"],"picked":"Venomology+1","floor":16},{"not_picked":["Reflex+1","Dagger Throw"],"picked":"Backflip+1","floor":18},{"not_picked":["Bouncing Flask+1","Outmaneuver+1","Dagger Throw"],"picked":"SKIP","floor":22},{"not_picked":["Tactician+1","Blade Dance+1","Malaise+1"],"picked":"SKIP","floor":27},{"not_picked":["Eviscerate","Flying Knee","Acrobatics+1"],"picked":"SKIP","floor":30},{"not_picked":["Prepared+1","Sucker Punch","Poisoned Stab"],"picked":"SKIP","floor":31}],"player_experience":21550,"relics_obtained":[{"floor":9,"key":"Anchor"},{"floor":12,"key":"Toxic Egg 2"},{"floor":21,"key":"Nilry\u0027s Codex"},{"floor":26,"key":"Matryoshka"}],"event_choices":[{"cards_removed":["Defend_G"],"damage_healed":0,"gold_gain":0,"player_choice":"Card Removal","damage_taken":7,"max_hp_gain":0,"max_hp_loss":0,"event_name":"Golden Wing","floor":4,"gold_loss":0},{"cards_removed":["Strike_G"],"damage_healed":0,"gold_gain":0,"player_choice":"Card Removal","damage_taken":0,"max_hp_gain":0,"max_hp_loss":0,"event_name":"The Cleric","floor":5,"gold_loss":50},{"damage_healed":0,"gold_gain":0,"player_choice":"Read","damage_taken":0,"max_hp_gain":0,"max_hp_loss":0,"event_name":"The Library","floor":19,"gold_loss":0,"cards_obtained":["Acrobatics"]},{"damage_healed":0,"gold_gain":0,"player_choice":"Obtained Book","damage_taken":16,"max_hp_gain":0,"max_hp_loss":0,"event_name":"Cursed Tome","floor":21,"gold_loss":0},{"damage_healed":0,"gold_gain":0,"player_choice":"Inject Mutagens","damage_taken":0,"relics_obtained":["MutagenicStrength"],"max_hp_gain":0,"max_hp_loss":0,"event_name":"Drug Dealer","floor":29,"gold_loss":0}],"is_beta":false,"boss_relics":[{"not_picked":["Sozu","SacredBark"],"picked":"Empty Cage"}],"items_purged_floors":[2,20],"is_endless":false,"potions_floor_spawned":[3,11,27,31],"killed_by":"Champ","ascension_level":0}}