{"host":"6to8m083wj0ro91z","time":1609448764,"event":{"mods":["BaseMod","Better Third Choice","BetterRewards","CatGirl Mod","ChefMod","Friendly Minions","GungeonMod","Hubris","Mad Scientist","Marisa????????","Minty Spire (QoL Compilation)","Shade Mod","Spicy Shops","StSLib","The Blackbeard","The Death Knight","The Dragon Tamer","The Gatherer","The Marked","The Mystic","The Necromancer","The Servant 0.9.4"],"gold_per_floor":[115,115,128,128,128,153,171,171,171,188,217,227,77,104,104,330,330,348,368,382,398,33,62,62,95,95,95,110,125,142,162,180,180,180,278,278,297,62,30,43,43,70,70,101,125,175,185,214,232,250,250,250,250,250,6,31,31],"floor_reached":58,"playtime":3438,"items_purged":["DemoMod:Strike_Huntress","DemoMod:Strike_Huntress","DemoMod:Strike_Huntress","DemoMod:Defend_Huntress","DemoMod:CrossBow","DemoMod:Defend_Huntress+1"],"score":1959,"play_id":"7d14cbf1-7a54-4a60-9a49-036e8957b791","local_time":"20201231220604","is_ascension_mode":true,"campfire_choices":[{"data":"DemoMod:RustySidearm","floor":8.0,"key":"SMITH"},{"data":"blackbeard:Rum","floor":15.0,"key":"SMITH"},{"data":"DemoMod:ManualReload","floor":24.0,"key":"SMITH"},{"data":"DemoMod:Roll","floor":27.0,"key":"SMITH"},{"floor":33.0,"key":"RECALL"},{"floor":43.0,"key":"REST"},{"floor":51.0,"key":"REST"},{"floor":54.0,"key":"REST"}],"circlet_count":0,"master_deck":["DemoMod:Defend_Huntress+1","DemoMod:Defend_Huntress+1","DemoMod:Roll+1","DemoMod:ManualReload+1","DemoMod:RustySidearm+1","Trip+1","Flash of Steel+1","blackbeard:Rum+1","Deflect+1","Streamline+1","Backflip+1","Doppelganger+1","NonDirectionalLaser+1","PowerUp+1","DemoMod:SpreadAmmo+1"],"relics":["DemoMod:Dog","PrismaticShard","DemoMod:BlueGuonStone","Toxic Egg 2","Shuriken","Molten Egg 2","ClockworkSouvenir","hubris:Icosahedron","hubris:Towel","DemoMod:GlassGuonStoneRelic","DemoMod:WhiteGuonStone","DemoMod:PoisonVial","Matryoshka","Orichalcum","Busted Crown","Membership Card","DemoMod:SerJunkan","Bronze Scales","Gremlin Horn","DemoMod:RatBoots","DemoMod:ResourcefulSack","DemoMod:PartiallyEatenCheese","SlaversCollar","hubris:Backtick","DemoMod:Plus1Bullets","War Paint","DemoMod:Metronome","Bag of Preparation","DeathKnight:SindragosasSkull","FossilizedHelix","DemoMod:Orange","DemoMod:Junk","Du-Vu Doll","DemoMod:MonsterBlood","DemoMod:BigBoy","Nunchaku"],"acts_visited":["Exordium","TheCity","TheCity","TheBeyond","TheEnding"],"potions_floor_usage":[57,57,57],"damage_taken":[{"damage":0.0,"enemies":"Jaw Worm","floor":1.0,"turns":3.0},{"damage":0.0,"enemies":"2 Louse","floor":3.0,"turns":2.0},{"damage":1.0,"enemies":"3 Sentries","floor":6.0,"turns":8.0},{"damage":0.0,"enemies":"Small Slimes","floor":7.0,"turns":3.0},{"damage":0.0,"enemies":"Looter","floor":10.0,"turns":2.0},{"damage":0.0,"enemies":"Gremlin Nob","floor":11.0,"turns":4.0},{"damage":0.0,"enemies":"3 Louse","floor":12.0,"turns":3.0},{"damage":0.0,"enemies":"Lagavulin","floor":14.0,"turns":5.0},{"damage":0.0,"enemies":"The Guardian","floor":16.0,"turns":8.0},{"damage":0.0,"enemies":"3 Byrds","floor":18.0,"turns":3.0},{"damage":0.0,"enemies":"2 Thieves","floor":19.0,"turns":2.0},{"damage":0.0,"enemies":"Snake Plant","floor":20.0,"turns":2.0},{"damage":0.0,"enemies":"Shelled Parasite and Fungi","floor":21.0,"turns":2.0},{"damage":0.0,"enemies":"Gremlin Leader","floor":23.0,"turns":3.0},{"damage":0.0,"enemies":"Slavers","floor":25.0,"turns":2.0},{"damage":0.0,"enemies":"DemoMod:4_Bullet_Kins","floor":28.0,"turns":1.0},{"damage":0.0,"enemies":"DemoMod:2_Veteran_bullet_kins_and_red_shotgun_kin","floor":29.0,"turns":1.0},{"damage":0.0,"enemies":"DemoMod:Veteran_shot_gun_kin_and_red_shotgun_kin_with_gunsinger","floor":30.0,"turns":2.0},{"damage":2.0,"enemies":"DemoMod:Veteran_shot_gun_kin_and_blue_shotgun_kin_with_gunsinger","floor":31.0,"turns":1.0},{"damage":0.0,"enemies":"DemoMod:2_Mousers","floor":32.0,"turns":1.0},{"damage":0.0,"enemies":"DemoMod:ResourcefulRat","floor":35.0,"turns":8.0},{"damage":0.0,"enemies":"Orb Walker","floor":37.0,"turns":3.0},{"damage":0.0,"enemies":"3 Shapes","floor":40.0,"turns":3.0},{"damage":0.0,"enemies":"Nemesis","floor":42.0,"turns":3.0},{"damage":0.0,"enemies":"Giant Head","floor":44.0,"turns":3.0},{"damage":0.0,"enemies":"Mind Bloom Boss Battle","floor":46.0,"turns":4.0},{"damage":0.0,"enemies":"Spire Growth","floor":47.0,"turns":2.0},{"damage":0.0,"enemies":"Reptomancer","floor":48.0,"turns":2.0},{"damage":0.0,"enemies":"4 Shapes","floor":49.0,"turns":1.0},{"damage":0.0,"enemies":"Maw","floor":50.0,"turns":4.0},{"damage":0.0,"enemies":"Awakened One","floor":52.0,"turns":6.0},{"damage":0.0,"enemies":"Shield and Spear","floor":56.0,"turns":5.0},{"damage":0,"enemies":"The Heart","floor":57,"turns":5}],"seed_played":"-1785850915483300043","potions_obtained":[{"floor":1.0,"key":"DeathKnight:RimePotion"},{"floor":10.0,"key":"LiquidBronze"},{"floor":11.0,"key":"FearPotion"},{"floor":12.0,"key":"Dexterity Potion"},{"floor":25.0,"key":"Energy Potion"},{"floor":44.0,"key":"Strength Potion"}],"is_trial":false,"path_per_floor":["M","?","M","?","?","E","M","R","T","M","E","M","$","E","R","B",null,"M","M","M","M","$","E","R","E","T","R","M","M","M","M","M","R","B","B",null,"M","$","?","M","?","E","R","E","T","?","M","E","M","M","R","B",null,"R","$","E","B",null],"character_chosen":"HUNTRESS","items_purchased":["PrismaticShard","DemoMod:BlueGuonStone","Toxic Egg 2","Trip+1","DemoMod:GnawedKey","Shuriken","Molten Egg 2","Flash of Steel+1","ClockworkSouvenir","Membership Card","DemoMod:SerJunkan","DemoMod:Metronome","Bag of Preparation","DeathKnight:SindragosasSkull","DemoMod:BigBoy"],"campfire_rested":3,"item_purchase_floors":[0,0,0,0,0,0,0,0,0,22,22,38,38,38,55],"current_hp_per_floor":[28,33,33,33,33,32,32,32,32,32,32,32,32,32,32,32,75,75,75,75,75,75,75,75,75,75,75,75,75,75,73,73,73,73,73,75,75,75,75,75,75,75,75,87,87,87,87,94,94,94,94,94,94,94,94,94,94],"gold":31,"neow_bonus":"","is_daily":false,"chose_seed":false,"campfire_upgraded":4,"win_rate":0.0,"timestamp":1609448764,"path_taken":["M","?","M","?","?","E","M","R","T","M","E","M","$","E","R","BOSS","M","M","M","M","$","E","R","E","T","R","M","M","M","M","M","R","BOSS","BOSS","M","$","?","M","?","E","R","E","T","?","M","E","M","M","R","BOSS","R","$","E","BOSS"],"items_purchased_type":["Relic","Relic","Relic","Card","Relic","Relic","Relic","Card","Relic","Relic","Relic","Relic","Relic","Relic","Relic"],"build_version":"2020-12-22","purchased_purges":6,"victory":true,"max_hp_per_floor":[70,75,75,75,75,75,75,75,75,75,75,75,75,75,75,75,75,75,75,75,75,75,75,75,75,75,75,75,75,75,75,75,75,75,75,75,75,75,75,75,75,75,75,87,87,87,87,94,94,94,94,94,94,94,94,94,94],"card_choices":[{"not_picked":["Shade:PoundOfFlesh+1","theCatGirl:PlayAround+1"],"picked":"blackbeard:Rum","floor":1.0},{"not_picked":["chefmod:SaveForLater+1","DoubleSpark+1","DeathKnight:IcyTouch+1"],"picked":"SKIP","floor":3.0},{"not_picked":["blackbeard:CloakAndCannonball+1","theMarked:RogueSparks","theMarked:DispelDoubt+1"],"picked":"SKIP","floor":6.0},{"not_picked":["Stop_Heart+1","Discovery+1"],"picked":"Deflect+1","floor":7.0},{"not_picked":["DTMod:PurifyingFlame+1","Gatherer:SmartManeuver+1","DeathKnight:Parry+1"],"picked":"SKIP","floor":10.0},{"not_picked":["DemoMod:Behold!+1","blackbeard:Recklessness+1"],"picked":"Streamline+1","floor":11.0},{"not_picked":["Shade:GraveStillness+1","DeathKnight:DancingRuneblade"],"picked":"Backflip+1","floor":12.0},{"not_picked":["blackbeard:CannonballSupply+1","Shade:ClawBack+1","theCatGirl:PoisedStrike+1"],"picked":"SKIP","floor":14.0},{"not_picked":["DemoMod:FightSabre+1","chefmod:Canape+1"],"picked":"Doppelganger+1","floor":16.0},{"not_picked":[],"picked":"NonDirectionalLaser+1","floor":18.0},{"not_picked":[],"picked":"PowerUp+1","floor":18.0},{"not_picked":["Luminosity"],"picked":"SKIP","floor":19.0},{"not_picked":["Swivel+1"],"picked":"SKIP","floor":20.0},{"not_picked":["Gatherer:BlackTea+1"],"picked":"SKIP","floor":21.0},{"not_picked":["Gash+1"],"picked":"SKIP","floor":23.0},{"not_picked":["DTMod:Hide+1"],"picked":"SKIP","floor":25.0},{"not_picked":["Gatherer:WitheringStrike+1"],"picked":"SKIP","floor":28.0},{"not_picked":["Stop_Heart+1"],"picked":"SKIP","floor":29.0},{"not_picked":["Gatherer:CarefulStrike+1"],"picked":"SKIP","floor":30.0},{"not_picked":["mysticmod:IllusionOfCalm+1"],"picked":"SKIP","floor":31.0},{"not_picked":["theCatGirl:GoddessOfMisfortune+1"],"picked":"SKIP","floor":32.0},{"not_picked":["BowlingBash+1"],"picked":"SKIP","floor":37.0},{"not_picked":["Epidemic+1"],"picked":"SKIP","floor":40.0},{"not_picked":["chefmod:GroceryDelivery+1"],"picked":"SKIP","floor":40.0},{"not_picked":["Epidemic+1"],"picked":"SKIP","floor":40.0},{"not_picked":["chefmod:GroceryDelivery+1"],"picked":"SKIP","floor":40.0},{"not_picked":["blackbeard:GoldenStrike+1"],"picked":"SKIP","floor":42.0},{"not_picked":["DeathKnight:IceboundArmor+1"],"picked":"SKIP","floor":44.0},{"not_picked":["Summon_Undead+1"],"picked":"SKIP","floor":47.0},{"not_picked":["MadScienceMod:SoftenUp+1"],"picked":"SKIP","floor":48.0},{"not_picked":["PathToVictory+1"],"picked":"SKIP","floor":49.0},{"not_picked":["mysticmod:HeavyStrike+1"],"picked":"SKIP","floor":50.0},{"not_picked":["Cold Snap+1"],"picked":"SKIP","floor":56.0}],"player_experience":1062016,"relics_obtained":[{"floor":6.0,"key":"DemoMod:WhiteGuonStone"},{"floor":9.0,"key":"DemoMod:PoisonVial"},{"floor":11.0,"key":"Matryoshka"},{"floor":14.0,"key":"Orichalcum"},{"floor":23.0,"key":"Bronze Scales"},{"floor":25.0,"key":"Gremlin Horn"},{"floor":36.0,"key":"DemoMod:RatBoots"},{"floor":36.0,"key":"DemoMod:ResourcefulSack"},{"floor":36.0,"key":"DemoMod:PartiallyEatenCheese"},{"floor":36.0,"key":"SlaversCollar"},{"floor":36.0,"key":"hubris:Backtick"},{"floor":36.0,"key":"War Paint"},{"floor":42.0,"key":"FossilizedHelix"},{"floor":44.0,"key":"DemoMod:Orange"},{"floor":45.0,"key":"DemoMod:Junk"},{"floor":46.0,"key":"Du-Vu Doll"},{"floor":48.0,"key":"DemoMod:MonsterBlood"},{"floor":56.0,"key":"Nunchaku"}],"event_choices":[{"damage_healed":0.0,"max_hp_gain":5.0,"max_hp_loss":0.0,"gold_gain":0.0,"event_name":"Big Fish","player_choice":"Donut","floor":2.0,"gold_loss":0.0,"damage_taken":0.0},{"damage_healed":0.0,"max_hp_gain":0.0,"max_hp_loss":0.0,"gold_gain":0.0,"event_name":"MindBloom","player_choice":"Fight","floor":46.0,"gold_loss":0.0,"damage_taken":0.0}],"is_beta":false,"boss_relics":[{"not_picked":["Sozu","Velvet Choker"],"picked":"Busted Crown"},{"not_picked":[]}],"items_purged_floors":[0,0,0,13,22,55],"is_endless":false,"potions_floor_spawned":[1,10,11,12,20,23,25,28,31,35,44,47,50,56],"ascension_level":1}}