{"host":"kn32u0f2pym5bozc","time":1609401830,"event":{"mods":["2.2 Compatiblity","BaseMod","Better Third Choice","Minty Spire (QoL Compilation)","Permanent Neow","Relic Stats","StSLib","The Animator"],"gold_per_floor":[117,135,157,171,202,202,219,219,246,265,20,38,38,62,62,139,139,139,139,64,64,64,64,64,64,64,64,64,64,64,64,64,64,64],"floor_reached":33,"playtime":2187,"items_purged":["animator:Strike"],"score":481,"play_id":"796f6c9f-23aa-49f0-ad3a-ca589df7e86f","local_time":"20201231030350","is_ascension_mode":true,"campfire_choices":[{"data":"animator:ChaikaBohdan","floor":6.0,"key":"SMITH"},{"floor":8.0,"key":"REST"},{"floor":13.0,"key":"REST"},{"floor":15.0,"key":"REST"},{"data":"animator:Aqua","floor":25,"key":"SMITH"},{"data":"animator:ElricEdward","floor":27,"key":"SMITH"},{"floor":29,"key":"REST"},{"floor":32,"key":"REST"}],"circlet_count":0,"master_deck":["AscendersBane","animator:Strike_HitsugiNoChaika","animator:Defend_HitsugiNoChaika","animator:Strike","animator:Strike","animator:Defend","animator:Defend","animator:Defend","animator:AcuraAkari+1","animator:Gillette","animator:ElricEdward+1","animator:UneriGinkaku","animator:RoryMercury","animator:ChaikaBohdan+1","animator:Souei","animator:Millim+1","animator:Viivi","animator:AcuraTooru","animator:ChaikaTrabant","animator:Raven","animator:Aqua+1","animator:Layla","animator:Guy+1","animator:Bozes","animator:HighElfArcher","animator:GuildGirl"],"relics":["animator:LivingPicture","animator:TheMissingPiece","animator:PurgingStone","Art of War","Paper Frog","Ectoplasm","Incense Burner","Matryoshka","animator:WornHelmet"],"acts_visited":["Exordium","TheCity"],"potions_floor_usage":[23,28,33],"damage_taken":[{"damage":7.0,"enemies":"Small Slimes","floor":1.0,"turns":4.0},{"damage":0.0,"enemies":"Cultist","floor":2.0,"turns":3.0},{"damage":5.0,"enemies":"2 Louse","floor":3.0,"turns":2.0},{"damage":0.0,"enemies":"Lots of Slimes","floor":4.0,"turns":2.0},{"damage":0.0,"enemies":"3 Louse","floor":5.0,"turns":3.0},{"damage":27.0,"enemies":"Gremlin Gang","floor":7.0,"turns":3.0},{"damage":7.0,"enemies":"2 Fungi Beasts","floor":10.0,"turns":3.0},{"damage":7.0,"enemies":"3 Louse","floor":12.0,"turns":3.0},{"damage":19.0,"enemies":"Exordium Thugs","floor":14.0,"turns":4.0},{"damage":11.0,"enemies":"Hexaghost","floor":16.0,"turns":7.0},{"damage":1.0,"enemies":"Chosen","floor":18.0,"turns":4.0},{"damage":4.0,"enemies":"Shell Parasite","floor":19.0,"turns":3.0},{"damage":3.0,"enemies":"Centurion and Healer","floor":22.0,"turns":4.0},{"damage":19,"enemies":"animator:HornedBat","floor":23,"turns":7},{"damage":27,"enemies":"Book of Stabbing","floor":28,"turns":4},{"damage":3,"enemies":"Chosen and Byrds","floor":30,"turns":4},{"damage":19,"enemies":"Snake Plant","floor":31,"turns":4},{"damage":70,"enemies":"Champ","floor":33,"turns":10}],"seed_played":"1781631310166137135","potions_obtained":[{"floor":1.0,"key":"Explosive Potion"},{"floor":7.0,"key":"FearPotion"},{"floor":12.0,"key":"Swift Potion"},{"floor":14.0,"key":"FearPotion"},{"floor":18.0,"key":"Fire Potion"},{"floor":19.0,"key":"Swift Potion"},{"floor":23,"key":"FearPotion"},{"floor":31,"key":"Regen Potion"}],"is_trial":false,"path_per_floor":["M","M","M","M","M","R","M","R","T","M","$","M","R","M","R","B",null,"M","M","$","?","M","E","?","R","T","R","E","R","M","M","R","B"],"character_chosen":"THE_ANIMATOR","items_purchased":["Paper Frog"],"campfire_rested":5,"item_purchase_floors":[11],"current_hp_per_floor":[47,47,42,42,42,42,15,33,33,26,26,20,38,19,37,27,53,52,48,48,48,47,32,32,32,32,32,8,27,28,12,31,0,0],"gold":64,"neow_bonus":"UPGRADE_CARD","is_daily":false,"chose_seed":false,"campfire_upgraded":3,"win_rate":0.0,"timestamp":1609401830,"path_taken":["M","M","M","M","M","R","M","R","T","M","$","M","R","M","R","BOSS","M","M","$","?","?","E","?","R","T","R","E","R","?","M","R","BOSS"],"items_purchased_type":["Relic"],"build_version":"2020-12-22","purchased_purges":1,"victory":false,"max_hp_per_floor":[60,60,60,60,60,60,60,60,60,60,60,61,61,61,61,62,62,62,62,62,62,62,64,64,64,64,64,64,64,65,65,65,65,65],"relic_stats":{"counters":[18,74],"Ectoplasm":254,"Art of War":[0],"obtain_stats":[{"Matryoshka":26,"animator:PurgingStone":0,"animator:TheMissingPiece":0,"animator:LivingPicture":0,"Ectoplasm":17,"Art of War":9,"Incense Burner":23,"animator:WornHelmet":28,"Paper Frog":11},{"Matryoshka":14,"animator:PurgingStone":0,"animator:TheMissingPiece":0,"animator:LivingPicture":0,"Ectoplasm":10,"Art of War":6,"Incense Burner":14,"animator:WornHelmet":15,"Paper Frog":7},{"Matryoshka":52,"animator:PurgingStone":0,"animator:TheMissingPiece":0,"animator:LivingPicture":0,"Ectoplasm":34,"Art of War":17,"Incense Burner":52,"animator:WornHelmet":56,"Paper Frog":20}]},"card_choices":[{"not_picked":["animator:Tet","animator:MumenRider"],"picked":"animator:ElricEdward","floor":1.0},{"not_picked":["animator:Alexander","animator:Hakurou"],"picked":"animator:Vesta","floor":2.0},{"not_picked":["animator:Kuribayashi","animator:Kazuma"],"picked":"animator:UneriGinkaku","floor":3.0},{"not_picked":["animator:Arpeggio","animator:Kuribayashi"],"picked":"animator:RoryMercury","floor":4.0},{"not_picked":["animator:Mitsuba","animator:Kuribayashi"],"picked":"animator:ChaikaBohdan","floor":5.0},{"not_picked":["animator:Berserker","animator:Sebas"],"picked":"animator:Souei","floor":7.0},{"not_picked":["animator:Shinoa","animator:WinryRockbell"],"picked":"animator:Millim","floor":10.0},{"not_picked":["animator:Gillette","animator:ChaikaBohdan"],"picked":"animator:Viivi","floor":12.0},{"not_picked":["animator:PandorasActor","animator:Verdia"],"picked":"animator:AcuraTooru","floor":14.0},{"not_picked":["animator:Boros","animator:Ainz"],"picked":"animator:ChaikaTrabant","floor":16.0},{"not_picked":["animator:TukaLunaMarceau","animator:MetalKnight"],"picked":"animator:Raven","floor":18.0},{"not_picked":["animator:Benimaru","animator:Yoichi"],"picked":"animator:Aqua","floor":19.0},{"not_picked":["animator:Gillette","animator:Viivi"],"picked":"animator:Layla","floor":22.0},{"not_picked":["animator:Togame","animator:WinryRockbell"],"picked":"animator:Guy+1","floor":23},{"not_picked":["animator:Geryuganshoop","animator:Witch"],"picked":"animator:HighElfArcher","floor":28},{"not_picked":["animator:Raven","animator:SilverFang"],"picked":"animator:GuildGirl","floor":30},{"not_picked":["animator:Benimaru","animator:Shion"],"picked":"animator:Millim","floor":31}],"player_experience":781010,"relics_obtained":[{"floor":9.0,"key":"Art of War"},{"floor":23,"key":"Incense Burner"},{"floor":26,"key":"Matryoshka"},{"floor":28,"key":"animator:WornHelmet"}],"event_choices":[{"damage_healed":0.0,"max_hp_gain":0.0,"max_hp_loss":0.0,"gold_gain":0.0,"event_name":"The Woman in Blue","player_choice":"Bought 0 Potions","floor":21.0,"gold_loss":0.0,"damage_taken":0.0},{"damage_healed":0,"gold_gain":0,"cards_transformed":["animator:Vesta"],"player_choice":"Transformed","damage_taken":0,"max_hp_gain":0,"max_hp_loss":0,"event_name":"Transmorgrifier","floor":24,"gold_loss":0,"cards_obtained":["animator:Bozes"]}],"is_beta":false,"boss_relics":[{"not_picked":["Tiny House","Velvet Choker"],"picked":"Ectoplasm"}],"items_purged_floors":[20],"is_endless":false,"potions_floor_spawned":[1,7,12,14,18,19,23,31],"killed_by":"Champ","ascension_level":14}}