{"host":"nsxzlb359hv0da5z","time":1609405117,"event":{"mods":["BaseMod","Bestiary","Colored Map","Minty Spire (QoL Compilation)","Permanent Neow","Relic Stats","Slay the Relics Exporter","ojb\u0027s Info Mod"],"gold_per_floor":[115,115,135,154,154,154,190,190,216,240,19,54,74,89,89,187,187,187,19,19,19,19,19,19,19,19],"floor_reached":25,"playtime":1951,"items_purged":[],"score":462,"play_id":"eb2208ad-b5d8-4018-b04e-276673b6dc37","local_time":"20201231005837","is_ascension_mode":true,"campfire_choices":[{"data":"Eviscerate","floor":6,"key":"SMITH"},{"floor":15,"key":"REST"},{"data":"Neutralize","floor":23,"key":"SMITH"}],"circlet_count":0,"master_deck":["AscendersBane","Strike_G","Strike_G","Strike_G","Strike_G","Strike_G","Defend_G","Defend_G","Defend_G","Defend_G","Survivor","Neutralize+1","Cloak And Dagger","Well Laid Plans","Deflect","Eviscerate+1","Terror","Flying Knee","Noxious Fumes","Deadly Poison","Glass Knife","Blur","Corpse Explosion","Poisoned Stab+1","Glass Knife"],"relics":["Ring of the Snake","Lantern","Golden Idol","Smiling Mask","MealTicket","Singing Bowl","Ectoplasm","OrangePellets","Shuriken"],"acts_visited":["Exordium","TheCity"],"potions_floor_usage":[16,16,24,25],"damage_taken":[{"damage":0,"enemies":"Small Slimes","floor":1,"turns":3},{"damage":0,"enemies":"2 Louse","floor":3,"turns":4},{"damage":8,"enemies":"Jaw Worm","floor":4,"turns":4},{"damage":24,"enemies":"Gremlin Nob","floor":7,"turns":4},{"damage":0,"enemies":"Exordium Thugs","floor":10,"turns":5},{"damage":30,"enemies":"Lagavulin","floor":12,"turns":5},{"damage":5,"enemies":"Large Slime","floor":13,"turns":4},{"damage":1,"enemies":"Gremlin Gang","floor":14,"turns":4},{"damage":26,"enemies":"The Guardian","floor":16,"turns":10},{"damage":8,"enemies":"3 Byrds","floor":18,"turns":3},{"damage":12,"enemies":"Shell Parasite","floor":21,"turns":3},{"damage":42,"enemies":"Gremlin Leader","floor":24,"turns":6},{"damage":30,"enemies":"Shelled Parasite and Fungi","floor":25,"turns":4}],"seed_played":"-2992507037918195589","potions_obtained":[{"floor":10,"key":"ColorlessPotion"},{"floor":13,"key":"Swift Potion"},{"floor":16,"key":"ColorlessPotion"},{"floor":24,"key":"ColorlessPotion"}],"is_trial":false,"path_per_floor":["M","?","M","M","?","R","E","?","T","M","$","E","M","M","R","B",null,"M","$","?","M","$","R","E","M"],"character_chosen":"THE_SILENT","items_purchased":["Noxious Fumes","Deadly Poison","Glass Knife","OrangePellets"],"campfire_rested":1,"item_purchase_floors":[11,11,11,19],"current_hp_per_floor":[59,59,59,51,51,51,27,27,27,27,42,14,11,10,29,3,49,41,56,56,46,61,61,21,0,0],"gold":19,"neow_bonus":"RANDOM_COMMON_RELIC","is_daily":false,"chose_seed":false,"campfire_upgraded":2,"win_rate":0.0,"timestamp":1609405117,"path_taken":["M","?","M","M","?","R","E","?","T","M","$","E","?","M","R","BOSS","M","$","?","M","?","R","E","M"],"items_purchased_type":["Card","Card","Card","Relic"],"build_version":"2020-12-22","purchased_purges":0,"victory":false,"max_hp_per_floor":[66,66,66,66,60,60,60,60,60,60,60,62,64,64,64,64,64,64,64,64,66,66,66,68,68,68],"relic_stats":{"OrangePellets":[2],"Singing Bowl":8,"counters":[13,59],"Golden Idol":62,"Shuriken":[0],"MealTicket":45,"Ectoplasm":77,"Smiling Mask":0,"obtain_stats":[{"OrangePellets":19,"Lantern":0,"Singing Bowl":12,"Golden Idol":5,"Shuriken":24,"MealTicket":9,"Ectoplasm":17,"Smiling Mask":7,"Ring of the Snake":0},{"OrangePellets":10,"Lantern":0,"Singing Bowl":6,"Golden Idol":3,"Shuriken":12,"MealTicket":4,"Ectoplasm":9,"Smiling Mask":4,"Ring of the Snake":0},{"OrangePellets":46,"Lantern":0,"Singing Bowl":25,"Golden Idol":11,"Shuriken":55,"MealTicket":15,"Ectoplasm":43,"Smiling Mask":15,"Ring of the Snake":0}],"Ring of the Snake":[26]},"card_choices":[{"not_picked":["Acrobatics","Tactician"],"picked":"Cloak And Dagger","floor":1},{"not_picked":["Outmaneuver","Acrobatics"],"picked":"Deflect","floor":3},{"not_picked":["Flying Knee","Sucker Punch"],"picked":"Eviscerate","floor":4},{"not_picked":["Well Laid Plans","Distraction"],"picked":"Terror","floor":7},{"not_picked":["Sucker Punch","Terror"],"picked":"Flying Knee","floor":10},{"not_picked":["Concentrate","Underhanded Strike","Poisoned Stab"],"picked":"Singing Bowl","floor":12},{"not_picked":["Blade Dance","Poisoned Stab","Slice"],"picked":"Singing Bowl","floor":13},{"not_picked":["Dagger Throw","Underhanded Strike"],"picked":"Blur","floor":14},{"not_picked":["A Thousand Cuts","Night Terror"],"picked":"Corpse Explosion","floor":16},{"not_picked":["Dagger Spray","Distraction"],"picked":"Poisoned Stab+1","floor":18},{"not_picked":["Bane","Choke","Deflect"],"picked":"Singing Bowl","floor":21},{"not_picked":["Calculated Gamble","Phantasmal Killer","Sucker Punch"],"picked":"Singing Bowl","floor":24}],"player_experience":1888802,"relics_obtained":[{"floor":7,"key":"Smiling Mask"},{"floor":9,"key":"MealTicket"},{"floor":12,"key":"Singing Bowl"},{"floor":24,"key":"Shuriken"}],"event_choices":[{"damage_healed":0,"gold_gain":0,"cards_transformed":["Defend_G"],"player_choice":"Change","damage_taken":0,"max_hp_gain":0,"max_hp_loss":0,"event_name":"Living Wall","floor":2,"gold_loss":0,"cards_obtained":["Well Laid Plans"]},{"damage_healed":0,"gold_gain":0,"player_choice":"Lose Max HP","damage_taken":0,"relics_obtained":["Golden Idol"],"max_hp_gain":0,"max_hp_loss":6,"event_name":"Golden Idol","floor":5,"gold_loss":0},{"damage_healed":0,"gold_gain":0,"player_choice":"Ignored","damage_taken":0,"max_hp_gain":0,"max_hp_loss":0,"event_name":"Golden Wing","floor":8,"gold_loss":0},{"damage_healed":0,"gold_gain":0,"player_choice":"Copied","damage_taken":0,"max_hp_gain":0,"max_hp_loss":0,"event_name":"Duplicator","floor":20,"gold_loss":0,"cards_obtained":["Glass Knife"]}],"is_beta":false,"boss_relics":[{"not_picked":["SacredBark","Busted Crown"],"picked":"Ectoplasm"}],"items_purged_floors":[],"is_endless":false,"potions_floor_spawned":[10,13,16,24],"killed_by":"Shelled Parasite and Fungi","ascension_level":20}}