{"host":"4jrpzl06hw66hx43","time":1609479702,"event":{"mods":["BaseMod","Bestiary","Colored Map","Colored Powertips","Minty Spire (QoL Compilation)","Permanent Neow","Quick Restart","Relic Sorter","Relic Stats","Spicy Shops","StSLib","??????REMEMod"],"gold_per_floor":[114,114,130,150,32,57,67,96,145,145,160,171,171,171,171,266,266,285,385,405,14,14,14,40,52,52,52,52,65,65,20,20,20,20],"floor_reached":33,"playtime":1239,"items_purged":[],"score":300,"play_id":"234ab063-4217-49bc-bb86-6acc7842525d","local_time":"20201231214142","daily_mods":["Draft","Allstar","Diverse"],"is_ascension_mode":false,"campfire_choices":[{"floor":10,"key":"REST"},{"floor":13,"key":"REST"},{"data":"DevaForm","floor":15,"key":"SMITH"},{"floor":28,"key":"REST"},{"data":"Echo Form","floor":30,"key":"SMITH"},{"floor":32,"key":"REST"}],"circlet_count":0,"master_deck":["Demon Form","Wraith Form v2","Echo Form+1","DevaForm+1","Underhanded Strike","Sucker Punch","Iron Wave","Accuracy","Cleave","Noxious Fumes","Backflip","Slice","Shrug It Off","Rage","Chill","Dagger Spray","All Out Attack","Thunderclap","Wild Strike","Iron Wave","Sweeping Beam","Stack","Heavy Blade","Jack Of All Trades","Compile Driver","Blade Dance","Scrape","Reprogram","REME_SpectralBlade","Hyperbeam","Clothesline","Outmaneuver","Fusion","Slice","REME_ForAll","Underhanded Strike","Turbo+1","Flying Knee"],"relics":["Burning Blood","REME_ComplimentaryCards","Akabeko","Red Skull","REME_DuelDisc","CaptainsWheel","Nloth\u0027s Gift","PreservedInsect","Toxic Egg 2","Singing Bowl"],"acts_visited":["Exordium","TheCity"],"potions_floor_usage":[],"damage_taken":[{"damage":15,"enemies":"Jaw Worm","floor":1,"turns":5},{"damage":4,"enemies":"Cultist","floor":3,"turns":4},{"damage":1,"enemies":"Small Slimes","floor":4,"turns":5},{"damage":40,"enemies":"Gremlin Nob","floor":6,"turns":5},{"damage":22,"enemies":"Blue Slaver","floor":7,"turns":4},{"damage":16,"enemies":"3 Sentries","floor":8,"turns":6},{"damage":8,"enemies":"Lots of Slimes","floor":11,"turns":2},{"damage":36,"enemies":"3 Louse","floor":12,"turns":3},{"damage":54,"enemies":"The Guardian","floor":16,"turns":6},{"damage":11,"enemies":"Chosen","floor":18,"turns":5},{"damage":30,"enemies":"Spheric Guardian","floor":20,"turns":4},{"damage":39,"enemies":"Slavers","floor":24,"turns":4},{"damage":17,"enemies":"Shelled Parasite and Fungi","floor":25,"turns":4},{"damage":24,"enemies":"Chosen and Byrds","floor":29,"turns":6},{"damage":37,"enemies":"Champ","floor":33,"turns":5}],"seed_played":"-4173357943935731721","potions_obtained":[{"floor":3,"key":"Dexterity Potion"},{"floor":7,"key":"Regen Potion"},{"floor":8,"key":"PowerPotion"},{"floor":16,"key":"AttackPotion"},{"floor":24,"key":"Strength Potion"},{"floor":29,"key":"DuplicationPotion"}],"is_trial":true,"path_per_floor":["M","?","M","M","$","E","M","E","T","R","M","M","R","?","R","B",null,"M","?","M","$","?","?","E","M","T","T","R","M","R","$","R","B"],"character_chosen":"IRONCLAD","items_purchased":["Heavy Blade","Jack Of All Trades","CaptainsWheel","Fusion","Slice","Flying Knee"],"campfire_rested":4,"item_purchase_floors":[5,5,21,21,21,31],"current_hp_per_floor":[71,71,73,78,78,44,28,18,18,42,40,10,34,60,60,12,80,75,75,51,51,51,51,18,7,7,7,31,13,13,13,37,0,0],"gold":20,"neow_bonus":"","is_daily":false,"chose_seed":false,"campfire_upgraded":2,"win_rate":0.0,"timestamp":1609479702,"path_taken":["M","?","M","M","?","E","M","E","T","R","M","M","R","?","R","BOSS","M","?","?","$","?","?","E","?","T","?","R","?","R","$","R","BOSS"],"items_purchased_type":["Card","Card","Relic","Card","Card","Card"],"build_version":"2020-12-22","purchased_purges":0,"victory":false,"max_hp_per_floor":[80,80,80,80,80,80,80,80,80,80,80,80,80,80,80,80,80,80,80,80,80,80,80,80,80,80,80,80,80,80,80,80,80,80],"relic_stats":{"Singing Bowl":0,"counters":[15,68],"PreservedInsect":0,"Nloth\u0027s Gift":1,"obtain_stats":[{"CaptainsWheel":21,"Gremlin Horn":8,"Singing Bowl":27,"REME_DuelDisc":17,"PreservedInsect":24,"Nloth\u0027s Gift":23,"Toxic Egg 2":26,"Burning Blood":0,"Akabeko":6,"Red Skull":9,"REME_ComplimentaryCards":0},{"CaptainsWheel":11,"Gremlin Horn":6,"Singing Bowl":13,"REME_DuelDisc":9,"PreservedInsect":12,"Nloth\u0027s Gift":11,"Toxic Egg 2":13,"Burning Blood":0,"Akabeko":4,"Red Skull":6,"REME_ComplimentaryCards":0},{"CaptainsWheel":49,"Gremlin Horn":29,"Singing Bowl":57,"REME_DuelDisc":40,"PreservedInsect":53,"Nloth\u0027s Gift":49,"Toxic Egg 2":57,"Burning Blood":0,"Akabeko":19,"Red Skull":29,"REME_ComplimentaryCards":0}],"Burning Blood":84},"card_choices":[{"not_picked":["Pummel","Thunderclap"],"picked":"Underhanded Strike","floor":0},{"not_picked":["Perfected Strike","Auto Shields"],"picked":"Sucker Punch","floor":0},{"not_picked":["Cloak And Dagger","PiercingWail"],"picked":"Iron Wave","floor":0},{"not_picked":["Deflect","Cold Snap"],"picked":"Iron Wave","floor":0},{"not_picked":["Deflect","Melter"],"picked":"Accuracy","floor":0},{"not_picked":["Sword Boomerang","Redo"],"picked":"Cleave","floor":0},{"not_picked":["Shockwave","Body Slam"],"picked":"Noxious Fumes","floor":0},{"not_picked":["Go for the Eyes","Feel No Pain"],"picked":"Backflip","floor":0},{"not_picked":["Bane","Warcry"],"picked":"Slice","floor":0},{"not_picked":["Sentinel","Beam Cell"],"picked":"Shrug It Off","floor":0},{"not_picked":["Havoc","Gash"],"picked":"Rage","floor":0},{"not_picked":["Concentrate","Bane"],"picked":"Chill","floor":0},{"not_picked":["Gash","Poisoned Stab"],"picked":"Dagger Spray","floor":0},{"not_picked":["Deflect","Anger"],"picked":"All Out Attack","floor":0},{"not_picked":["PiercingWail","Reflex"],"picked":"Thunderclap","floor":0},{"not_picked":["Beam Cell","Sucker Punch"],"picked":"Wild Strike","floor":1},{"not_picked":["Warcry","Rebound"],"picked":"Sweeping Beam","floor":3},{"not_picked":["Coolheaded","Aggregate"],"picked":"Stack","floor":4},{"not_picked":["Conserve Battery","Genetic Algorithm"],"picked":"Compile Driver","floor":6},{"not_picked":["Leg Sweep","Recycle"],"picked":"Blade Dance","floor":7},{"not_picked":["Reinforced Body","Blizzard"],"picked":"Scrape","floor":8},{"not_picked":["Flex","Hologram"],"picked":"Reprogram","floor":11},{"not_picked":["Hologram","Undo"],"picked":"REME_SpectralBlade","floor":12},{"not_picked":["REME_CopyPotion","Juggernaut"],"picked":"Hyperbeam","floor":16},{"not_picked":["Outmaneuver","Bane+1"],"picked":"Clothesline","floor":18},{"not_picked":["Sentinel","Conserve Battery"],"picked":"Outmaneuver","floor":20},{"not_picked":["Core Surge","Metallicize"],"picked":"REME_ForAll","floor":24},{"not_picked":["Conserve Battery","Deflect+1"],"picked":"Underhanded Strike","floor":25},{"not_picked":["Sucker Punch","Catalyst+1"],"picked":"Turbo+1","floor":29}],"player_experience":6437,"relics_obtained":[{"floor":6,"key":"Akabeko"},{"floor":8,"key":"Gremlin Horn"},{"floor":9,"key":"Red Skull"},{"floor":24,"key":"PreservedInsect"},{"floor":26,"key":"Toxic Egg 2"},{"floor":27,"key":"Singing Bowl"}],"event_choices":[{"cards_removed":["Iron Wave"],"damage_healed":0,"gold_gain":0,"player_choice":"Took Card","damage_taken":0,"max_hp_gain":0,"max_hp_loss":0,"event_name":"NoteForYourself","floor":2,"gold_loss":0,"cards_obtained":["Iron Wave"]},{"damage_healed":26,"gold_gain":0,"player_choice":"Banana","damage_taken":0,"max_hp_gain":0,"max_hp_loss":0,"event_name":"Big Fish","floor":14,"gold_loss":0},{"damage_healed":0,"gold_gain":100,"player_choice":"Pray","damage_taken":0,"max_hp_gain":0,"max_hp_loss":0,"event_name":"Golden Shrine","floor":19,"gold_loss":0},{"damage_healed":0,"gold_gain":0,"player_choice":"Traded Relic","damage_taken":0,"relics_obtained":["Nloth\u0027s Gift"],"max_hp_gain":0,"max_hp_loss":0,"event_name":"N\u0027loth","floor":23,"relics_lost":["Gremlin Horn"],"gold_loss":0}],"is_beta":false,"boss_relics":[{"not_picked":["Runic Dome","Runic Pyramid"],"picked":"REME_DuelDisc"}],"items_purged_floors":[],"is_endless":false,"potions_floor_spawned":[3,7,8,16,20,24,29],"killed_by":"Champ","ascension_level":0}}