{"host":"yo9wwslrag05lh37","time":1609380898,"event":{"mods":["AchievementEnabler","BaseMod","Block Reminder","Colored Map","Colored Powertips","GifTheSpireLib","HexUI Lib","Highlight Path","Minty Spire (QoL Compilation)","Rare Cards Sparkle","Relic Stats","StSLib","everything is the same but u backflip on backflip"],"gold_per_floor":[118,118,83,104,2,35,35,35,35,68,68,81,120,144,144,239,239,253,178,17,38,57,57,81,125,125,150,150,150,183,197,197,286,286,302,360,360,376,400,400,400],"floor_reached":40,"playtime":1634,"items_purged":["Strike_R"],"score":942,"play_id":"f86ad61d-9437-4cae-a085-ad04c371c117","local_time":"20201231031458","is_ascension_mode":true,"campfire_choices":[{"floor":8.0,"key":"REST"},{"floor":11.0,"key":"REST"},{"data":"Bash","floor":15.0,"key":"SMITH"},{"floor":23.0,"key":"REST"},{"data":"Havoc","floor":28.0,"key":"SMITH"},{"floor":32.0,"key":"REST"}],"circlet_count":0,"master_deck":["AscendersBane","Defend_R","Defend_R","Defend_R","Defend_R","Bash+1","Inflame","Blood for Blood","Anger","Carnage","Battle Trance","Inflame","Sword Boomerang","Fiend Fire","Dropkick+1","Shrug It Off","Havoc+1","Dropkick","True Grit","Fiend Fire","Searing Blow+1","Power Through+1","Blood for Blood+1","Shockwave","Offering"],"relics":["Burning Blood","Smiling Mask","Golden Idol","White Beast Statue","Prayer Wheel","Gremlin Horn","StrikeDummy","Vajra","Runic Pyramid","Membership Card","Frozen Egg 2","Bottled Lightning","Bronze Scales","Astrolabe","Gambling Chip"],"acts_visited":["Exordium","TheCity","TheBeyond"],"potions_floor_usage":[36,39,40],"damage_taken":[{"damage":1.0,"enemies":"Cultist","floor":1.0,"turns":3.0},{"damage":15.0,"enemies":"Small Slimes","floor":4.0,"turns":6.0},{"damage":45.0,"enemies":"3 Sentries","floor":6.0,"turns":8.0},{"damage":25.0,"enemies":"Lagavulin","floor":10.0,"turns":5.0},{"damage":12.0,"enemies":"Jaw Worm","floor":12.0,"turns":2.0},{"damage":8.0,"enemies":"Gremlin Nob","floor":13.0,"turns":3.0},{"damage":16.0,"enemies":"Blue Slaver","floor":14.0,"turns":4.0},{"damage":18.0,"enemies":"Hexaghost","floor":16.0,"turns":7.0},{"damage":33.0,"enemies":"2 Thieves","floor":18.0,"turns":4.0},{"damage":6.0,"enemies":"Spheric Guardian","floor":21.0,"turns":3.0},{"damage":13.0,"enemies":"Centurion and Healer","floor":22.0,"turns":4.0},{"damage":6.0,"enemies":"Chosen and Byrds","floor":24.0,"turns":4.0},{"damage":21.0,"enemies":"Book of Stabbing","floor":25.0,"turns":3.0},{"damage":10.0,"enemies":"Snecko","floor":27.0,"turns":4.0},{"damage":0.0,"enemies":"Gremlin Leader","floor":30.0,"turns":3.0},{"damage":35.0,"enemies":"3 Cultists","floor":31.0,"turns":4.0},{"damage":35.0,"enemies":"Collector","floor":33.0,"turns":3.0},{"damage":24,"enemies":"3 Darklings","floor":35,"turns":4},{"damage":24,"enemies":"2 Orb Walkers","floor":36,"turns":4},{"damage":10,"enemies":"3 Shapes","floor":38,"turns":6},{"damage":28,"enemies":"Maw","floor":39,"turns":7},{"damage":57,"enemies":"Giant Head","floor":40,"turns":5}],"seed_played":"1297901834151156975","potions_obtained":[{"floor":6.0,"key":"AttackPotion"},{"floor":10.0,"key":"EssenceOfSteel"},{"floor":12.0,"key":"Swift Potion"},{"floor":13.0,"key":"Fruit Juice"},{"floor":14.0,"key":"Weak Potion"},{"floor":16.0,"key":"EssenceOfSteel"},{"floor":18.0,"key":"GamblersBrew"},{"floor":21.0,"key":"CultistPotion"},{"floor":22.0,"key":"PowerPotion"},{"floor":25.0,"key":"SteroidPotion"},{"floor":30.0,"key":"SteroidPotion"},{"floor":33.0,"key":"BloodPotion"},{"floor":35,"key":"ColorlessPotion"},{"floor":36,"key":"BlessingOfTheForge"},{"floor":38,"key":"Regen Potion"},{"floor":39,"key":"Swift Potion"}],"is_trial":false,"path_per_floor":["M","?","?","M","$","E","T","R","T","E","R","M","E","M","R","B",null,"M","?","$","M","M","R","M","E","T","M","R","T","E","M","R","B",null,"M","?","?","M","M","E"],"character_chosen":"IRONCLAD","items_purchased":["Anger","Membership Card"],"campfire_rested":4,"item_purchase_floors":[5,20],"current_hp_per_floor":[73,47,65,56,56,17,17,39,39,20,42,36,34,29,29,17,64,37,37,37,37,30,54,54,39,39,35,35,35,41,12,36,7,62,44,42,66,62,40,0,0],"gold":400,"neow_bonus":"RANDOM_COMMON_RELIC","is_daily":false,"chose_seed":false,"campfire_upgraded":2,"win_rate":0.0,"timestamp":1609380898,"path_taken":["M","?","?","M","?","E","?","R","T","E","R","M","E","M","R","BOSS","M","?","$","M","M","R","M","E","T","M","R","?","E","?","R","BOSS","M","?","?","M","M","E"],"items_purchased_type":["Card","Relic"],"build_version":"2020-12-22","purchased_purges":1,"victory":false,"max_hp_per_floor":[75,75,75,75,75,75,75,75,75,75,75,75,75,80,80,80,80,80,80,80,80,80,80,80,80,80,80,80,80,80,80,80,80,80,80,80,66,66,66,66,66],"relic_stats":{"Gremlin Horn":[13,15],"counters":[22,96],"Golden Idol":134,"Bronze Scales":[74],"Astrolabe":["Searing Blow","Power Through","Blood for Blood"],"Gambling Chip":[12],"Prayer Wheel":11,"Smiling Mask":25,"obtain_stats":[{"Gremlin Horn":9,"Golden Idol":2,"Astrolabe":34,"Vajra":13,"Frozen Egg 2":25,"Smiling Mask":0,"Burning Blood":0,"White Beast Statue":6,"Bronze Scales":30,"Gambling Chip":36,"Prayer Wheel":7,"Membership Card":20,"Bottled Lightning":29,"StrikeDummy":10,"Runic Pyramid":17},{"Gremlin Horn":3,"Golden Idol":1,"Astrolabe":17,"Vajra":6,"Frozen Egg 2":13,"Smiling Mask":0,"Burning Blood":0,"White Beast Statue":3,"Bronze Scales":15,"Gambling Chip":19,"Prayer Wheel":3,"Membership Card":9,"Bottled Lightning":14,"StrikeDummy":4,"Runic Pyramid":8},{"Gremlin Horn":17,"Golden Idol":3,"Astrolabe":70,"Vajra":27,"Frozen Egg 2":56,"Smiling Mask":0,"Burning Blood":0,"White Beast Statue":17,"Bronze Scales":63,"Gambling Chip":78,"Prayer Wheel":17,"Membership Card":42,"Bottled Lightning":60,"StrikeDummy":22,"Runic Pyramid":38}],"Burning Blood":126},"card_choices":[{"not_picked":["Twin Strike","Perfected Strike"],"picked":"Inflame","floor":1.0},{"not_picked":["Thunderclap","Armaments"],"picked":"Blood for Blood","floor":4.0},{"not_picked":["Rage","Shrug It Off"],"picked":"Carnage","floor":6.0},{"not_picked":["Second Wind","Iron Wave"],"picked":"Battle Trance","floor":10.0},{"not_picked":["Shrug It Off","Flex","Perfected Strike"],"picked":"SKIP","floor":12.0},{"not_picked":["Thunderclap","Burning Pact","True Grit"],"picked":"SKIP","floor":12.0},{"not_picked":["Clash","Flex"],"picked":"Inflame","floor":13.0},{"not_picked":["Cleave","Dropkick"],"picked":"Sword Boomerang","floor":14.0},{"not_picked":["Evolve","Corruption","Clothesline"],"picked":"SKIP","floor":14.0},{"not_picked":["Demon Form","Brutality"],"picked":"Fiend Fire","floor":16.0},{"not_picked":["Body Slam","Cleave+1"],"picked":"Dropkick+1","floor":18.0},{"not_picked":["Clothesline","Sword Boomerang","Pommel Strike"],"picked":"SKIP","floor":18.0},{"not_picked":["Anger","Burning Pact"],"picked":"Shrug It Off","floor":21.0},{"not_picked":["Wild Strike","Bludgeon","Flex"],"picked":"SKIP","floor":21.0},{"not_picked":["Wild Strike","Bludgeon","Flex"],"picked":"SKIP","floor":21.0},{"not_picked":["Clothesline","Wild Strike"],"picked":"Havoc","floor":22.0},{"not_picked":["Infernal Blade","Juggernaut","Flex"],"picked":"SKIP","floor":22.0},{"not_picked":["True Grit","Body Slam","Havoc"],"picked":"SKIP","floor":24.0},{"not_picked":["Rampage","Burning Pact","Sever Soul"],"picked":"SKIP","floor":24.0},{"not_picked":["Flex","Ghostly Armor","Second Wind"],"picked":"SKIP","floor":25.0},{"not_picked":["Wild Strike","Thunderclap"],"picked":"Dropkick","floor":27.0},{"not_picked":["Perfected Strike","Warcry","Clash"],"picked":"SKIP","floor":27.0},{"not_picked":["Ghostly Armor","Bludgeon","Warcry"],"picked":"SKIP","floor":30.0},{"not_picked":["Rampage+1","Pommel Strike"],"picked":"True Grit","floor":31.0},{"not_picked":["Entrench","Reckless Charge","Flex"],"picked":"SKIP","floor":31.0},{"not_picked":["Immolate","Bludgeon"],"picked":"Fiend Fire","floor":33.0},{"not_picked":["Pommel Strike","Cleave"],"picked":"Shockwave","floor":35},{"not_picked":["Wild Strike","Headbutt","Pommel Strike"],"picked":"SKIP","floor":35},{"not_picked":["Anger+1","Flame Barrier","Infernal Blade"],"picked":"SKIP","floor":38},{"not_picked":["Armaments","Infernal Blade+1","Perfected Strike"],"picked":"SKIP","floor":38},{"not_picked":["Inflame+1","Sever Soul+1"],"picked":"Offering","floor":39},{"not_picked":["Headbutt","Wild Strike","Heavy Blade"],"picked":"SKIP","floor":39}],"player_experience":1424932,"relics_obtained":[{"floor":6.0,"key":"White Beast Statue"},{"floor":7.0,"key":"Prayer Wheel"},{"floor":9.0,"key":"Gremlin Horn"},{"floor":10.0,"key":"StrikeDummy"},{"floor":13.0,"key":"Vajra"},{"floor":25.0,"key":"Frozen Egg 2"},{"floor":29.0,"key":"Bottled Lightning"},{"floor":30.0,"key":"Bronze Scales"},{"floor":36,"key":"Gambling Chip"}],"event_choices":[{"damage_healed":0.0,"max_hp_gain":0.0,"max_hp_loss":0.0,"gold_gain":0.0,"event_name":"Golden Idol","player_choice":"Take Damage","floor":2.0,"gold_loss":0.0,"damage_taken":26.0,"relics_obtained":["Golden Idol"]},{"damage_healed":18.0,"max_hp_gain":0.0,"max_hp_loss":0.0,"gold_gain":0.0,"event_name":"The Cleric","player_choice":"Healed","floor":3.0,"gold_loss":35.0,"damage_taken":0.0},{"cards_removed":["Strike_R"],"damage_healed":0.0,"max_hp_gain":0.0,"max_hp_loss":0.0,"gold_gain":0.0,"event_name":"Beggar","player_choice":"Gave Gold","floor":19.0,"gold_loss":75.0,"damage_taken":0.0},{"damage_healed":0,"gold_gain":0,"player_choice":"Fight","damage_taken":0,"max_hp_gain":0,"max_hp_loss":0,"event_name":"Mysterious Sphere","floor":36,"gold_loss":0},{"damage_healed":66,"gold_gain":0,"player_choice":"Heal","damage_taken":0,"max_hp_gain":0,"max_hp_loss":14,"event_name":"The Moai Head","floor":37,"gold_loss":0}],"is_beta":false,"boss_relics":[{"not_picked":["Sozu","SacredBark"],"picked":"Runic Pyramid"},{"not_picked":["SlaversCollar","Black Star"],"picked":"Astrolabe"}],"items_purged_floors":[5],"is_endless":false,"potions_floor_spawned":[6,10,12,13,14,16,18,21,22,24,25,27,30,31,33,35,36,38,39],"killed_by":"Giant Head","ascension_level":20}}