{"host":"rlm703n066cyp567","time":1609458121,"event":{"mods":["AchievementEnabler","BaseMod","Block Reminder","Colored Map","Colored Powertips","Curses Come First","DeckTracker","Highlight Path","Minty Spire (QoL Compilation)","StSLib","SuperFastMode"],"gold_per_floor":[117,117,128,145,155,182,182,213,225,248,324,336,298,337,349,459,471,493,525,234,234,234,265,78,78,101,129,149,165,192,207,207,302,302,313,313,263,263,274,304,324,349,349,378,378,394,410,426,426,426,426,426,173,208,208],"floor_reached":56,"playtime":4895,"items_purged":["Entrench"],"score":1394,"play_id":"680a1696-8d1d-45a1-b9dc-07d7cd10b220","local_time":"20210101004201","is_ascension_mode":true,"campfire_choices":[{"data":"Fire Breathing","floor":7,"key":"SMITH"},{"data":"Shrug It Off","floor":12,"key":"SMITH"},{"floor":15,"key":"RECALL"},{"data":"Metallicize","floor":25,"key":"SMITH"},{"data":"Ghostly Armor","floor":32,"key":"SMITH"},{"data":"Limit Break","floor":45,"key":"SMITH"},{"floor":49,"key":"REST"},{"data":"Evolve","floor":52,"key":"SMITH"}],"circlet_count":0,"master_deck":["Bash","Clothesline","Fire Breathing+1","Shrug It Off+1","Shrug It Off+1","Uppercut+1","Spot Weakness","Pommel Strike+1","Iron Wave+1","Impervious","Ghostly Armor+1","Infernal Blade+1","Thunderclap+1","Limit Break+1","Thunderclap+1","Sever Soul+1","Searing Blow+1","Warcry","Headbutt+1","Reckless Charge+1","Headbutt+1","Metallicize+1","Double Tap+1","Rage+1","Flame Barrier+1","Wild Strike+1","Headbutt+1","Limit Break+1","Wild Strike+1","Warcry+1","Dramatic Entrance+1","Flash of Steel+1","Mind Blast+1","Iron Wave+1","Disarm+1","Warcry+1","Dropkick+1","Evolve+1","Dropkick+1"],"relics":["Mark of Pain","Molten Egg 2","MawBank","Ornamental Fan","Strawberry","Pandora\u0027s Box","War Paint","Enchiridion","MealTicket","Art of War","Red Skull","Toxic Egg 2","FossilizedHelix","Philosopher\u0027s Stone","Question Card","Akabeko","Self Forming Clay","Omamori","Bottled Tornado","Centennial Puzzle"],"acts_visited":["Exordium","TheCity","TheBeyond","TheEnding"],"potions_floor_usage":[19,27,50,55,55,55],"damage_taken":[{"damage":13,"enemies":"Jaw Worm","floor":1,"turns":5},{"damage":5,"enemies":"Small Slimes","floor":3,"turns":3},{"damage":0,"enemies":"2 Louse","floor":4,"turns":3},{"damage":0,"enemies":"2 Fungi Beasts","floor":5,"turns":4},{"damage":13,"enemies":"3 Sentries","floor":6,"turns":5},{"damage":11,"enemies":"Gremlin Nob","floor":8,"turns":4},{"damage":5,"enemies":"Exordium Thugs","floor":10,"turns":4},{"damage":4,"enemies":"Gremlin Nob","floor":11,"turns":4},{"damage":10,"enemies":"Lagavulin","floor":14,"turns":5},{"damage":6,"enemies":"Slime Boss","floor":16,"turns":7},{"damage":10,"enemies":"Shell Parasite","floor":18,"turns":5},{"damage":1,"enemies":"3 Byrds","floor":19,"turns":2},{"damage":1,"enemies":"Book of Stabbing","floor":23,"turns":5},{"damage":10,"enemies":"Slavers","floor":27,"turns":3},{"damage":0,"enemies":"Snecko","floor":28,"turns":4},{"damage":4,"enemies":"Centurion and Healer","floor":29,"turns":4},{"damage":5,"enemies":"Book of Stabbing","floor":30,"turns":5},{"damage":0,"enemies":"3 Cultists","floor":31,"turns":4},{"damage":17,"enemies":"Champ","floor":33,"turns":9},{"damage":0,"enemies":"Orb Walker","floor":35,"turns":2},{"damage":0,"enemies":"3 Shapes","floor":39,"turns":2},{"damage":0,"enemies":"Reptomancer","floor":40,"turns":4},{"damage":0,"enemies":"Writhing Mass","floor":41,"turns":4},{"damage":22,"enemies":"Giant Head","floor":42,"turns":8},{"damage":24,"enemies":"Nemesis","floor":44,"turns":5},{"damage":0,"enemies":"Jaw Worm Horde","floor":46,"turns":1},{"damage":0,"enemies":"Sphere and 2 Shapes","floor":47,"turns":1},{"damage":0,"enemies":"Transient","floor":48,"turns":5},{"damage":28,"enemies":"Donu and Deca","floor":50,"turns":6},{"damage":33,"enemies":"Shield and Spear","floor":54,"turns":6},{"damage":37,"enemies":"The Heart","floor":55,"turns":7}],"seed_played":"-5452506895601481789","potions_obtained":[{"floor":4,"key":"SkillPotion"},{"floor":6,"key":"AttackPotion"},{"floor":8,"key":"LiquidBronze"},{"floor":11,"key":"Block Potion"},{"floor":18,"key":"EntropicBrew"},{"floor":19,"key":"Fruit Juice"},{"floor":28,"key":"LiquidBronze"},{"floor":29,"key":"Swift Potion"},{"floor":54,"key":"PowerPotion"}],"is_trial":false,"path_per_floor":["M","?","M","M","M","E","R","E","T","M","?","R","?","E","R","B",null,"M","M","$","?","?","E","$","R","T","E","M","M","E","M","R","B",null,"M","?","$","?","M","E","M","E","T","E","R","M","M","M","R","B",null,"R","$","E","B",null],"character_chosen":"IRONCLAD","items_purchased":["Reckless Charge+1","War Paint","Metallicize","Art of War","Warcry+1","Bottled Tornado"],"campfire_rested":1,"item_purchase_floors":[20,20,24,24,37,53],"current_hp_per_floor":[67,67,62,62,62,49,49,38,38,33,29,29,29,26,26,20,87,77,76,76,60,60,59,74,74,74,69,69,65,60,60,60,43,92,92,92,92,82,82,82,82,60,60,36,36,36,36,36,63,35,92,92,92,59,22],"gold":208,"neow_bonus":"BOSS_RELIC","is_daily":false,"chose_seed":false,"campfire_upgraded":6,"win_rate":0.0,"timestamp":1609458121,"path_taken":["M","?","M","M","M","E","R","E","T","M","?","R","?","E","R","BOSS","M","M","$","?","?","E","$","R","T","E","M","M","E","M","R","BOSS","M","?","?","?","M","E","M","E","T","E","R","M","M","M","R","BOSS","R","$","E","BOSS"],"items_purchased_type":["Card","Relic","Card","Relic","Card","Relic"],"build_version":"2020-12-22","purchased_purges":1,"victory":true,"max_hp_per_floor":[80,80,80,80,80,80,80,80,80,80,80,80,80,87,87,87,87,87,87,87,87,87,87,87,87,87,92,92,92,92,92,92,92,92,92,92,92,92,92,92,92,92,92,92,92,92,92,92,92,92,92,92,92,92,92],"card_choices":[{"not_picked":["Flex","Shrug It Off"],"picked":"Clothesline","floor":1},{"not_picked":["Rampage","Cleave"],"picked":"Fire Breathing","floor":3},{"not_picked":["Clothesline","Perfected Strike"],"picked":"Shrug It Off","floor":4},{"not_picked":["Sword Boomerang","Whirlwind"],"picked":"Thunderclap","floor":5},{"not_picked":["Searing Blow+1","Rage"],"picked":"Shrug It Off","floor":6},{"not_picked":["Blood for Blood+1","Bludgeon+1"],"picked":"Uppercut+1","floor":8},{"not_picked":["Clash+1","Rage"],"picked":"Spot Weakness","floor":10},{"not_picked":["Perfected Strike+1","Warcry"],"picked":"Pommel Strike+1","floor":11},{"not_picked":["Thunderclap+1","Metallicize"],"picked":"Iron Wave+1","floor":14},{"not_picked":["Fiend Fire+1","Limit Break"],"picked":"Impervious","floor":16},{"not_picked":["Sword Boomerang+1","True Grit+1"],"picked":"Warcry","floor":18},{"not_picked":["Body Slam+1","Dark Embrace"],"picked":"Headbutt+1","floor":19},{"not_picked":["Barricade","Warcry+1"],"picked":"Headbutt+1","floor":23},{"not_picked":["Pummel+1","True Grit+1"],"picked":"Double Tap+1","floor":27},{"not_picked":["Carnage+1","Seeing Red+1"],"picked":"Rage+1","floor":28},{"not_picked":["Blood for Blood+1","Sever Soul+1"],"picked":"Flame Barrier+1","floor":29},{"not_picked":["Limit Break+1","Carnage+1"],"picked":"Wild Strike+1","floor":30},{"not_picked":["True Grit+1","Flex+1"],"picked":"Headbutt+1","floor":31},{"not_picked":["Corruption","Reaper+1"],"picked":"Limit Break+1","floor":33},{"not_picked":["Flex+1","Whirlwind+1"],"picked":"Wild Strike+1","floor":35},{"not_picked":["Forethought+1","Dark Shackles+1"],"picked":"Dramatic Entrance+1","floor":38},{"not_picked":["Thinking Ahead+1","Violence+1"],"picked":"Flash of Steel+1","floor":38},{"not_picked":["PanicButton+1","Bandage Up+1"],"picked":"Mind Blast+1","floor":38},{"not_picked":["Sword Boomerang+1","Perfected Strike+1"],"picked":"Iron Wave+1","floor":39},{"not_picked":["Corruption","Flex+1","Sword Boomerang+1"],"picked":"SKIP","floor":40},{"not_picked":["Body Slam+1","Pummel+1","Warcry+1"],"picked":"Disarm+1","floor":41},{"not_picked":["Clothesline+1","Clash+1","Infernal Blade+1"],"picked":"Warcry+1","floor":42},{"not_picked":["Body Slam+1","Entrench+1","Demon Form"],"picked":"Dropkick+1","floor":44},{"not_picked":["Sword Boomerang+1","Seeing Red+1","Anger+1"],"picked":"Evolve","floor":46},{"not_picked":["Sword Boomerang+1","True Grit+1","Whirlwind+1","Anger+1"],"picked":"SKIP","floor":47},{"not_picked":["Headbutt+1","Sever Soul+1","Thunderclap+1"],"picked":"Dropkick+1","floor":48},{"not_picked":["Limit Break+1","Armaments+1","Anger+1","Flex+1"],"picked":"SKIP","floor":54}],"player_experience":309085,"relics_obtained":[{"floor":6,"key":"Molten Egg 2"},{"floor":8,"key":"MawBank"},{"floor":14,"key":"Strawberry"},{"floor":21,"key":"Enchiridion"},{"floor":23,"key":"MealTicket"},{"floor":26,"key":"Red Skull"},{"floor":27,"key":"Toxic Egg 2"},{"floor":30,"key":"FossilizedHelix"},{"floor":40,"key":"Question Card"},{"floor":42,"key":"Akabeko"},{"floor":43,"key":"Self Forming Clay"},{"floor":44,"key":"Omamori"},{"floor":54,"key":"Centennial Puzzle"}],"event_choices":[{"damage_healed":0,"gold_gain":0,"player_choice":"Ignored","damage_taken":0,"max_hp_gain":0,"max_hp_loss":0,"event_name":"Liars Game","floor":2,"gold_loss":0},{"damage_healed":0,"gold_gain":0,"player_choice":"Searched \u00272\u0027 times","damage_taken":0,"relics_obtained":["Ornamental Fan"],"max_hp_gain":0,"max_hp_loss":0,"event_name":"Dead Adventurer","floor":11,"gold_loss":0},{"cards_removed":["Strike_R"],"damage_healed":0,"gold_gain":0,"player_choice":"Card Removal","damage_taken":0,"max_hp_gain":0,"max_hp_loss":0,"event_name":"The Cleric","floor":13,"gold_loss":50},{"damage_healed":0,"gold_gain":0,"player_choice":"Obtained Book","damage_taken":16,"max_hp_gain":0,"max_hp_loss":0,"event_name":"Cursed Tome","floor":21,"gold_loss":0},{"cards_removed":["Thunderclap"],"damage_healed":0,"gold_gain":0,"player_choice":"Elegance","damage_taken":0,"max_hp_gain":0,"max_hp_loss":0,"event_name":"Back to Basics","floor":22,"gold_loss":0},{"damage_healed":0,"gold_gain":0,"player_choice":"Ignored","damage_taken":0,"max_hp_gain":0,"max_hp_loss":0,"event_name":"Tomb of Lord Red Mask","floor":36,"gold_loss":0},{"damage_healed":0,"gold_gain":0,"player_choice":"Memory 3","damage_taken":10,"max_hp_gain":0,"max_hp_loss":0,"event_name":"SensoryStone","floor":38,"gold_loss":0}],"is_beta":false,"boss_relics":[{"not_picked":["Fusion Hammer","Coffee Dripper"],"picked":"Pandora\u0027s Box"},{"not_picked":["Snecko Eye","Busted Crown"],"picked":"Philosopher\u0027s Stone"}],"items_purged_floors":[20],"is_endless":false,"potions_floor_spawned":[4,6,8,11,18,19,28,29,35,46,47,54],"ascension_level":2}}