{"host":"yvb207ks1sg3cxef","time":1609439618,"event":{"mods":["2.2 Compatiblity","BaseMod","Bestiary","Colored Powertips","Minty Spire (QoL Compilation)","Permanent Neow","Quick Restart","Relic Stats","StSLib"],"gold_per_floor":[130,142,174,20,38,38,38,38],"floor_reached":7,"playtime":256,"items_purged":[],"score":78,"play_id":"66cc64d9-2c1d-42eb-91a6-e710fd86d6ff","local_time":"20210101000338","is_ascension_mode":true,"campfire_choices":[{"data":"Dagger Spray","floor":6.0,"key":"SMITH"}],"circlet_count":0,"master_deck":["AscendersBane","Strike_G","Strike_G","Strike_G","Strike_G","Defend_G","Defend_G","Defend_G","Defend_G","Defend_G","Survivor","Neutralize","Flying Knee","Backflip","Dagger Spray+1"],"relics":["Ring of the Snake","MawBank","Art of War"],"acts_visited":["Exordium"],"potions_floor_usage":[7],"damage_taken":[{"damage":8.0,"enemies":"Small Slimes","floor":1.0,"turns":5.0},{"damage":0.0,"enemies":"Cultist","floor":3.0,"turns":3.0},{"damage":1.0,"enemies":"Jaw Worm","floor":5.0,"turns":5.0},{"damage":76,"enemies":"Lagavulin","floor":7,"turns":9}],"seed_played":"-5395189225924097803","potions_obtained":[{"floor":3.0,"key":"Regen Potion"}],"is_trial":false,"path_per_floor":["M","?","M","$","M","R","E"],"character_chosen":"THE_SILENT","items_purchased":["Art of War"],"campfire_rested":0,"item_purchase_floors":[4],"current_hp_per_floor":[51,51,51,51,50,50,0,0],"gold":38,"neow_bonus":"RANDOM_COMMON_RELIC","is_daily":false,"chose_seed":false,"campfire_upgraded":1,"win_rate":0.0,"timestamp":1609439618,"path_taken":["M","?","M","?","M","R","E"],"items_purchased_type":["Relic"],"build_version":"2020-12-22","purchased_purges":0,"victory":false,"max_hp_per_floor":[66,66,66,66,66,66,66,66],"relic_stats":{"counters":[4,22],"Art of War":[0],"MawBank":48,"obtain_stats":[{"Art of War":4,"MawBank":0,"Ring of the Snake":0},{"Art of War":2,"MawBank":0,"Ring of the Snake":0},{"Art of War":8,"MawBank":0,"Ring of the Snake":0}],"Ring of the Snake":[8]},"card_choices":[{"not_picked":["Outmaneuver","Infinite Blades"],"picked":"Flying Knee","floor":1.0},{"not_picked":["Bane","Finisher"],"picked":"Backflip","floor":3.0},{"not_picked":["Leg Sweep","Escape Plan"],"picked":"Dagger Spray","floor":5.0}],"player_experience":257200,"relics_obtained":[],"event_choices":[{"cards_removed":["Strike_G"],"damage_healed":0.0,"max_hp_gain":0.0,"max_hp_loss":0.0,"gold_gain":0.0,"event_name":"Wheel of Change","player_choice":"Card Removal","floor":2.0,"gold_loss":0.0,"damage_taken":0.0}],"is_beta":false,"boss_relics":[],"items_purged_floors":[],"is_endless":false,"potions_floor_spawned":[3],"killed_by":"Lagavulin","ascension_level":18}}