{"host":"rlm703n066cyp567","time":1609439625,"event":{"mods":["AchievementEnabler","BaseMod","Block Reminder","Colored Map","Colored Powertips","Curses Come First","DeckTracker","Highlight Path","Minty Spire (QoL Compilation)","StSLib","SuperFastMode"],"gold_per_floor":[169,169,186,201,45,80,80,108,132,160,175,190,190,204,204,301,301,319,34,34,34,44,78,94,94,121,121,135,135,135],"floor_reached":29,"playtime":1848,"items_purged":[],"score":318,"play_id":"46c3784c-91d3-47e7-ae1f-6fbb4a4e7f8d","local_time":"20201231193345","is_ascension_mode":true,"campfire_choices":[{"data":"Sucker Punch","floor":7,"key":"SMITH"},{"floor":13,"key":"REST"},{"floor":15,"key":"REST"},{"floor":25,"key":"REST"},{"floor":27,"key":"RECALL"}],"circlet_count":0,"master_deck":["Strike_G","Strike_G","Strike_G+1","Defend_G","Defend_G+1","Defend_G+1","Defend_G","Defend_G","Survivor","Neutralize","PiercingWail","Sucker Punch+1","Masterful Stab","All Out Attack","Flying Knee","Dagger Spray","Crippling Poison","Bane","Dash","Die Die Die","Phantasmal Killer","Noxious Fumes+1","Apotheosis","Dramatic Entrance","Crippling Poison","Envenom","Bane","Terror","Well Laid Plans","Bane"],"relics":["Tiny House","Happy Flower","Pen Nib","War Paint","Pantograph","Philosopher\u0027s Stone","Bottled Flame","Orichalcum","Juzu Bracelet"],"acts_visited":["Exordium","TheCity"],"potions_floor_usage":[],"damage_taken":[{"damage":3,"enemies":"Jaw Worm","floor":1,"turns":4},{"damage":0,"enemies":"Cultist","floor":3,"turns":3},{"damage":5,"enemies":"Small Slimes","floor":4,"turns":4},{"damage":29,"enemies":"Lagavulin","floor":6,"turns":8},{"damage":24,"enemies":"3 Sentries","floor":8,"turns":9},{"damage":8,"enemies":"Gremlin Nob","floor":10,"turns":4},{"damage":3,"enemies":"Exordium Thugs","floor":11,"turns":3},{"damage":2,"enemies":"Exordium Wildlife","floor":12,"turns":3},{"damage":4,"enemies":"Lots of Slimes","floor":14,"turns":2},{"damage":40,"enemies":"Hexaghost","floor":16,"turns":12},{"damage":24,"enemies":"2 Thieves","floor":18,"turns":4},{"damage":4,"enemies":"Spheric Guardian","floor":22,"turns":3},{"damage":28,"enemies":"Slavers","floor":23,"turns":3},{"damage":14,"enemies":"Shelled Parasite and Fungi","floor":24,"turns":3},{"damage":0,"enemies":"3 Cultists","floor":28,"turns":3},{"damage":30,"enemies":"Sentry and Sphere","floor":29,"turns":5}],"seed_played":"4054596088910822076","potions_obtained":[{"floor":0,"key":"CultistPotion"},{"floor":6,"key":"Dexterity Potion"},{"floor":8,"key":"SkillPotion"},{"floor":11,"key":"EssenceOfSteel"},{"floor":24,"key":"Fire Potion"}],"is_trial":false,"path_per_floor":["M","?","M","M","$","E","R","E","T","E","M","M","R","M","R","B",null,"M","$","?","T","M","E","M","R","T","R","M","M"],"character_chosen":"THE_SILENT","items_purchased":["Happy Flower","Apotheosis","Dramatic Entrance"],"campfire_rested":3,"item_purchase_floors":[5,19,19],"current_hp_per_floor":[72,72,72,67,67,38,38,14,14,6,3,1,23,19,41,26,75,51,51,51,51,47,19,5,27,27,27,27,0,0],"gold":135,"neow_bonus":"BOSS_RELIC","is_daily":false,"chose_seed":false,"campfire_upgraded":1,"win_rate":0.0,"timestamp":1609439625,"path_taken":["M","?","M","M","$","E","R","E","T","E","?","M","R","M","R","BOSS","M","$","?","?","M","E","M","R","T","R","M","M"],"items_purchased_type":["Relic","Card","Card"],"build_version":"2020-12-22","purchased_purges":0,"victory":false,"max_hp_per_floor":[75,75,75,75,75,75,75,75,75,75,75,75,75,75,75,75,75,75,75,75,75,75,75,75,75,75,75,75,75,75],"card_choices":[{"not_picked":["Backflip","Dodge and Roll"],"picked":"PiercingWail","floor":0},{"not_picked":["Cloak And Dagger","Outmaneuver"],"picked":"Sucker Punch","floor":1},{"not_picked":["Concentrate","Infinite Blades"],"picked":"Masterful Stab","floor":3},{"not_picked":["Quick Slash","Predator"],"picked":"All Out Attack","floor":4},{"not_picked":["Caltrops","Catalyst"],"picked":"Flying Knee","floor":6},{"not_picked":["Catalyst","Underhanded Strike"],"picked":"Dagger Spray","floor":8},{"not_picked":["Predator","Concentrate"],"picked":"Crippling Poison","floor":10},{"not_picked":["Well Laid Plans","Dodge and Roll"],"picked":"Bane","floor":11},{"not_picked":["Outmaneuver","Flying Knee"],"picked":"Dash","floor":12},{"not_picked":["Backflip","Dodge and Roll"],"picked":"Die Die Die","floor":14},{"not_picked":["Venomology","Die Die Die"],"picked":"Phantasmal Killer","floor":16},{"not_picked":["Flying Knee+1","Dodge and Roll"],"picked":"Noxious Fumes+1","floor":18},{"not_picked":["Catalyst","Cloak And Dagger+1"],"picked":"Bane","floor":22},{"not_picked":["Flying Knee","Dagger Throw"],"picked":"Terror","floor":23},{"not_picked":["Deflect","Flechettes+1"],"picked":"Well Laid Plans","floor":24},{"not_picked":["Setup","Cloak And Dagger+1"],"picked":"Bane","floor":28}],"player_experience":303675,"relics_obtained":[{"floor":6,"key":"Pen Nib"},{"floor":8,"key":"War Paint"},{"floor":10,"key":"Pantograph"},{"floor":21,"key":"Bottled Flame"},{"floor":23,"key":"Orichalcum"},{"floor":26,"key":"Juzu Bracelet"}],"event_choices":[{"damage_healed":0,"gold_gain":0,"player_choice":"0 cards matched","damage_taken":0,"max_hp_gain":0,"max_hp_loss":0,"event_name":"Match and Keep!","floor":2,"gold_loss":0,"cards_obtained":[]},{"damage_healed":0,"gold_gain":0,"cards_transformed":["Strike_G","Strike_G"],"player_choice":"Became Test Subject","damage_taken":0,"max_hp_gain":0,"max_hp_loss":0,"event_name":"Drug Dealer","floor":20,"gold_loss":0,"cards_obtained":["Crippling Poison","Envenom"]}],"is_beta":false,"boss_relics":[{"not_picked":["SlaversCollar","Ectoplasm"],"picked":"Philosopher\u0027s Stone"}],"items_purged_floors":[],"is_endless":false,"potions_floor_spawned":[6,8,11,12,24],"killed_by":"Sentry and Sphere","ascension_level":4}}