{"host":"m77rrhbqzv44va4v","time":1609387811,"event":{"mods":["AchievementEnabler","BaseMod","Colored Map","DeckTracker","Keyboard Shortcuts","Minty Spire (QoL Compilation)","StSLib","SuperFastMode","everything is the same but u backflip on backflip"],"gold_per_floor":[12,31,48,68,87,119,119,154,154,164,15,15,29,64,64,135,135,149,49,61,61,61,61,75,109,109,120,147,165,165,175,175,249,249,266,286,338,179,196,522,522,557,557,586,604,629,629,654,654,654],"floor_reached":51,"playtime":1967,"items_purged":["Strike_R","Strike_R","Strike_R"],"score":1473,"play_id":"ced0c124-dd64-4026-98e9-57e8e30858d6","local_time":"20201231131011","is_ascension_mode":true,"campfire_choices":[{"floor":7.0,"key":"REST"},{"floor":15.0,"key":"REST"},{"data":"Feel No Pain","floor":23.0,"key":"SMITH"},{"data":"Fire Breathing","floor":30.0,"key":"SMITH"},{"data":"Evolve","floor":32.0,"key":"SMITH"},{"data":"Master of Strategy","floor":47,"key":"SMITH"},{"data":"Disarm","floor":49,"key":"SMITH"}],"circlet_count":0,"master_deck":["AscendersBane","Strike_R","Defend_R","Defend_R","Defend_R","Defend_R","Bash","Fire Breathing+1","Reckless Charge","Sword Boomerang","Infernal Blade","Shockwave","Immolate","Flame Barrier","Second Wind","Fiend Fire","Feel No Pain+1","Corruption","Disarm","Dark Embrace","Writhe","Bloodletting","Power Through","Exhume","Evolve+1","Reaper","Shrug It Off","Pommel Strike+1","Disarm+1","Metallicize+1","Master of Strategy+1","Shrug It Off"],"relics":["Burning Blood","WingedGreaves","Kunai","Bag of Marbles","Nunchaku","Anchor","Snecko Eye","StrikeDummy","Happy Flower","InkBottle","Sundial","Sozu","Magic Flower","Old Coin","Self Forming Clay","Letter Opener","Orichalcum","Bag of Preparation","Thread and Needle"],"acts_visited":["Exordium","TheCity","TheBeyond"],"potions_floor_usage":[],"damage_taken":[{"damage":7.0,"enemies":"Small Slimes","floor":1.0,"turns":4.0},{"damage":6.0,"enemies":"Cultist","floor":2.0,"turns":4.0},{"damage":14.0,"enemies":"Jaw Worm","floor":3.0,"turns":3.0},{"damage":14.0,"enemies":"Blue Slaver","floor":4.0,"turns":4.0},{"damage":12.0,"enemies":"Looter","floor":5.0,"turns":3.0},{"damage":25.0,"enemies":"3 Sentries","floor":6.0,"turns":5.0},{"damage":13.0,"enemies":"Gremlin Nob","floor":8.0,"turns":3.0},{"damage":6.0,"enemies":"2 Fungi Beasts","floor":10.0,"turns":3.0},{"damage":6.0,"enemies":"Large Slime","floor":13.0,"turns":4.0},{"damage":30.0,"enemies":"3 Sentries","floor":14.0,"turns":5.0},{"damage":29.0,"enemies":"Hexaghost","floor":16.0,"turns":10.0},{"damage":0.0,"enemies":"3 Byrds","floor":18.0,"turns":3.0},{"damage":0.0,"enemies":"Chosen","floor":20.0,"turns":4.0},{"damage":10.0,"enemies":"Snake Plant","floor":24.0,"turns":3.0},{"damage":22.0,"enemies":"Book of Stabbing","floor":25.0,"turns":6.0},{"damage":0.0,"enemies":"Centurion and Healer","floor":27.0,"turns":5.0},{"damage":35.0,"enemies":"Slavers","floor":28.0,"turns":4.0},{"damage":0.0,"enemies":"Cultist and Chosen","floor":29.0,"turns":4.0},{"damage":0.0,"enemies":"Shelled Parasite and Fungi","floor":31.0,"turns":2.0},{"damage":19.0,"enemies":"Automaton","floor":33.0,"turns":5.0},{"damage":0.0,"enemies":"Orb Walker","floor":35.0,"turns":2.0},{"damage":6.0,"enemies":"3 Darklings","floor":36.0,"turns":4.0},{"damage":0.0,"enemies":"2 Orb Walkers","floor":37.0,"turns":3.0},{"damage":23,"enemies":"Spire Growth","floor":39,"turns":5},{"damage":0,"enemies":"Nemesis","floor":40,"turns":5},{"damage":3,"enemies":"Reptomancer","floor":42,"turns":5},{"damage":3,"enemies":"Giant Head","floor":44,"turns":5},{"damage":3,"enemies":"4 Shapes","floor":45,"turns":2},{"damage":6,"enemies":"Mind Bloom Boss Battle","floor":48,"turns":6},{"damage":13,"enemies":"Donu and Deca","floor":50,"turns":6}],"seed_played":"768915126861211771","potions_obtained":[{"floor":1.0,"key":"Fire Potion"},{"floor":2.0,"key":"Weak Potion"},{"floor":3.0,"key":"LiquidBronze"},{"floor":5.0,"key":"DuplicationPotion"},{"floor":14.0,"key":"SneckoOil"},{"floor":16.0,"key":"LiquidMemories"},{"floor":18.0,"key":"ColorlessPotion"},{"floor":20.0,"key":"Regen Potion"},{"floor":25.0,"key":"CultistPotion"},{"floor":31.0,"key":"SteroidPotion"},{"floor":33.0,"key":"SteroidPotion"}],"is_trial":false,"path_per_floor":["M","M","M","M","M","E","R","E","T","M","$","?","M","E","R","B",null,"M","$","M","?","$","R","M","E","T","M","E","M","R","M","R","B",null,"M","M","?","$","M","E","?","E","T","E","M","T","R","?","R","B",null],"character_chosen":"IRONCLAD","items_purchased":["Second Wind","Disarm"],"campfire_rested":2,"item_purchase_floors":[11,38],"current_hp_per_floor":[67,67,59,51,45,26,48,41,41,41,41,41,41,17,39,16,60,66,66,72,72,72,72,68,67,67,73,44,50,50,56,56,43,67,73,73,75,75,70,75,75,75,75,75,75,75,75,75,75,71],"gold":654,"neow_bonus":"ONE_RARE_RELIC","is_daily":false,"chose_seed":false,"campfire_upgraded":5,"win_rate":0.0,"timestamp":1609387811,"path_taken":["M","M","M","M","M","E","R","E","T","M","$","?","M","E","R","BOSS","M","?","M","?","$","R","M","E","T","M","E","M","R","M","R","BOSS","M","M","?","$","M","E","?","E","T","E","M","?","R","?","R","BOSS"],"items_purchased_type":["Card","Card"],"build_version":"2020-12-22","purchased_purges":3,"victory":true,"max_hp_per_floor":[75,75,75,75,75,75,75,75,75,75,75,75,75,75,75,75,75,75,75,75,75,75,75,75,75,75,75,75,75,75,75,75,75,75,75,75,75,75,75,75,75,75,75,75,75,75,75,75,75,75],"card_choices":[{"not_picked":["Havoc","Power Through"],"picked":"Fire Breathing","floor":1.0},{"not_picked":["Perfected Strike","Metallicize"],"picked":"Reckless Charge","floor":2.0},{"not_picked":["Iron Wave","Flame Barrier"],"picked":"Sword Boomerang","floor":3.0},{"not_picked":["Havoc","Anger"],"picked":"Infernal Blade","floor":4.0},{"not_picked":["Heavy Blade","Body Slam","Warcry"],"picked":"SKIP","floor":5.0},{"not_picked":["Headbutt","Warcry"],"picked":"Shockwave","floor":6.0},{"not_picked":["Clothesline","Entrench"],"picked":"Immolate","floor":8.0},{"not_picked":["Pommel Strike","Warcry"],"picked":"Flame Barrier","floor":10.0},{"not_picked":["Perfected Strike","Cleave"],"picked":"Fiend Fire","floor":13.0},{"not_picked":["Rage","Anger"],"picked":"Feel No Pain","floor":14.0},{"not_picked":["Berserk","Bludgeon"],"picked":"Corruption","floor":16.0},{"not_picked":["Battle Trance","Pommel Strike+1"],"picked":"Disarm","floor":18.0},{"not_picked":["Twin Strike","Blood for Blood"],"picked":"Dark Embrace","floor":20.0},{"not_picked":["Armaments","Dual Wield"],"picked":"Bloodletting","floor":24.0},{"not_picked":["Thunderclap","Hemokinesis"],"picked":"Power Through","floor":25.0},{"not_picked":["Flex","Wild Strike","Dual Wield"],"picked":"SKIP","floor":27.0},{"not_picked":["Intimidate","Ghostly Armor"],"picked":"Exhume","floor":28.0},{"not_picked":["Headbutt","True Grit","Heavy Blade"],"picked":"SKIP","floor":29.0},{"not_picked":["Ghostly Armor","Havoc"],"picked":"Evolve","floor":31.0},{"not_picked":["Brutality","Limit Break"],"picked":"Reaper","floor":33.0},{"not_picked":["Inflame","Clash+1"],"picked":"Shrug It Off","floor":35.0},{"not_picked":["Evolve","Whirlwind+1","Iron Wave"],"picked":"SKIP","floor":36.0},{"not_picked":["Dropkick","Warcry"],"picked":"Pommel Strike+1","floor":37.0},{"not_picked":["Inflame","Twin Strike"],"picked":"Metallicize+1","floor":39},{"not_picked":["Heavy Blade+1","Warcry","Whirlwind"],"picked":"SKIP","floor":40},{"not_picked":["Mind Blast","Forethought"],"picked":"Master of Strategy","floor":41},{"not_picked":["Berserk","Cleave+1","Pummel"],"picked":"SKIP","floor":42},{"not_picked":["Reckless Charge","Rupture+1"],"picked":"Shrug It Off","floor":44},{"not_picked":["Iron Wave","Anger","Sever Soul+1"],"picked":"SKIP","floor":45}],"player_experience":842699,"relics_obtained":[{"floor":6.0,"key":"Kunai"},{"floor":8.0,"key":"Bag of Marbles"},{"floor":9.0,"key":"Nunchaku"},{"floor":14.0,"key":"Anchor"},{"floor":25.0,"key":"Happy Flower"},{"floor":26.0,"key":"InkBottle"},{"floor":28.0,"key":"Sundial"},{"floor":37.0,"key":"Magic Flower"},{"floor":40,"key":"Old Coin"},{"floor":42,"key":"Self Forming Clay"},{"floor":43,"key":"Letter Opener"},{"floor":44,"key":"Orichalcum"},{"floor":46,"key":"Bag of Preparation"},{"floor":48,"key":"Thread and Needle"}],"event_choices":[{"cards_removed":["Strike_R"],"damage_healed":0.0,"max_hp_gain":0.0,"max_hp_loss":0.0,"gold_gain":0.0,"event_name":"Bonfire Elementals","player_choice":"Offered Basic","floor":12.0,"gold_loss":0.0,"damage_taken":0.0},{"damage_healed":0.0,"max_hp_gain":0.0,"max_hp_loss":0.0,"gold_gain":0.0,"event_name":"The Mausoleum","player_choice":"Opened","floor":21.0,"gold_loss":0.0,"damage_taken":0.0,"relics_obtained":["StrikeDummy"],"cards_obtained":["Writhe"]},{"damage_healed":0.0,"max_hp_gain":0.0,"max_hp_loss":0.0,"gold_gain":0.0,"event_name":"Mysterious Sphere","player_choice":"Fight","floor":37.0,"gold_loss":0.0,"damage_taken":0.0},{"damage_healed":0,"gold_gain":0,"player_choice":"Memory 1","damage_taken":0,"max_hp_gain":0,"max_hp_loss":0,"event_name":"SensoryStone","floor":41,"gold_loss":0},{"damage_healed":0,"gold_gain":0,"player_choice":"Fight","damage_taken":0,"max_hp_gain":0,"max_hp_loss":0,"event_name":"MindBloom","floor":48,"gold_loss":0}],"is_beta":false,"boss_relics":[{"not_picked":["Pandora\u0027s Box","Cursed Key"],"picked":"Snecko Eye"},{"not_picked":["SlaversCollar","Fusion Hammer"],"picked":"Sozu"}],"items_purged_floors":[11,19,38],"is_endless":false,"potions_floor_spawned":[1,2,3,5,14,16,18,20,25,31,33,36,39,40,45,48],"ascension_level":15}}