{"host":"59ckh7bj2z84pzgo","time":1609387413,"event":{"mods":["BaseMod","Better Vampires","Marked Mod","Minty Spire (QoL Compilation)","Replay The Spire","Spicy Shops","StSLib","TestMod","TheWitcher","°æ“≈ŒÔø®≈∆°øREMEMod","≤–¡Ù÷ÆŒÔ"],"gold_per_floor":[110,185,205,218,218,247,247,266,289,289,289],"floor_reached":10,"playtime":523,"items_purged":[],"score":152,"play_id":"d40ae74b-6191-4316-b72b-812ded6705ef","local_time":"20201231120333","is_ascension_mode":true,"campfire_choices":[{"floor":7,"key":"REST"}],"circlet_count":0,"master_deck":["AscendersBane","Strike_B","Strike_B","Strike_B","Defend_B","Defend_B","Defend_B","Defend_B","Zap","Dualcast","Bullet Time","Machine Learning","Cold Snap","Redo","Chill","Pain","Sweeping Beam","Hologram"],"relics":["Cracked Core","REME_ComplimentaryCards","testmod-TestBox","testmod-Brilliant","WarpedTongs","REME_PuzzleBoxRelic","REME_HandOfSuture"],"acts_visited":["Exordium"],"potions_floor_usage":[6],"damage_taken":[{"damage":7,"enemies":"Jaw Worm","floor":1,"turns":2},{"damage":0,"enemies":"Cultist","floor":3,"turns":3},{"damage":0,"enemies":"2 Louse","floor":4,"turns":1},{"damage":41,"enemies":"Lagavulin","floor":6,"turns":7},{"damage":10,"enemies":"Gremlin Nob","floor":8,"turns":3},{"damage":18,"enemies":"Replay:BlueRogue","floor":10,"turns":3}],"seed_played":"-4533152511588601216","potions_obtained":[{"floor":4,"key":"Cursed Concoction"}],"is_trial":false,"path_per_floor":["M","?","M","M","?","E","R","E","T","E"],"character_chosen":"DEFECT","items_purchased":[],"campfire_rested":1,"item_purchase_floors":[],"current_hp_per_floor":[57,46,46,46,46,5,26,16,16,0,0],"gold":289,"neow_bonus":"TRANSFORM_CARD","is_daily":false,"chose_seed":false,"campfire_upgraded":0,"win_rate":0.0,"timestamp":1609387413,"path_taken":["M","?","M","M","?","E","R","E","T","E"],"items_purchased_type":[],"build_version":"2020-12-22","purchased_purges":0,"victory":false,"max_hp_per_floor":[71,71,71,71,71,71,71,71,71,71,71],"card_choices":[{"not_picked":["Steam Power","Panic Button"],"picked":"Cold Snap","floor":1},{"not_picked":["ReplayTheSpireMod:Calculation Training","Recycle"],"picked":"Redo","floor":3},{"not_picked":["REME_SelfUpgrade","Leap"],"picked":"Chill","floor":4},{"not_picked":["Chill","BasicCrystalCard"],"picked":"Sweeping Beam","floor":6},{"not_picked":["REME_Compress","Blizzard"],"picked":"Hologram","floor":8}],"player_experience":208198,"relics_obtained":[{"floor":6,"key":"REME_PuzzleBoxRelic"},{"floor":8,"key":"REME_HandOfSuture"}],"event_choices":[{"damage_healed":0,"gold_gain":75,"player_choice":"Gather Gold","damage_taken":11,"max_hp_gain":0,"max_hp_loss":0,"event_name":"World of Goop","floor":2,"gold_loss":0},{"damage_healed":0,"gold_gain":0,"player_choice":"Rummage","damage_taken":0,"relics_obtained":["WarpedTongs"],"max_hp_gain":0,"max_hp_loss":0,"event_name":"Accursed Blacksmith","floor":5,"gold_loss":0,"cards_obtained":["Pain"]}],"is_beta":false,"boss_relics":[],"items_purged_floors":[],"is_endless":false,"potions_floor_spawned":[4],"killed_by":"Replay:BlueRogue","ascension_level":20}}