{"host":"k85tjwrh7mjrrc9a","time":1609455621,"event":{"mods":["AchievementEnabler","BaseMod","Colored Powertips","Highlight Path","Minty Spire (QoL Compilation)","Rare Cards Sparkle","StSLib"],"gold_per_floor":[114,129,129,144,144,144,159,159,184,199,199,199,199,214,214,314,314,329,56,56,56,71,71,71,86,86,101,101,116,116,131,131,231,231,246,246,65,140,140,140,140,140,165,180,230,230,245,245,245,245],"floor_reached":51,"playtime":2505,"items_purged":["Pain"],"score":660,"play_id":"19f90be7-4b3e-47dc-812f-b3eb3ea9c89b","local_time":"20201231180021","daily_mods":["Heirloom","Time Dilation","Lethality"],"is_ascension_mode":false,"campfire_choices":[{"data":"Zap","floor":6,"key":"SMITH"},{"data":"Hologram","floor":8,"key":"SMITH"},{"data":"Dualcast","floor":13,"key":"SMITH"},{"data":"Turbo","floor":15,"key":"SMITH"},{"floor":23,"key":"REST"},{"floor":32,"key":"REST"},{"data":"Creative AI","floor":40,"key":"SMITH"},{"data":"Apotheosis","floor":42,"key":"SMITH"},{"data":"Coolheaded","floor":46,"key":"SMITH"},{"data":"Hologram","floor":49,"key":"SMITH"}],"circlet_count":0,"master_deck":["Strike_B","Strike_B","Defend_B","Defend_B","Defend_B","Defend_B","Zap+1","Dualcast+1","Turbo+1","Go for the Eyes","Auto Shields","Hologram+1","Go for the Eyes","Core Surge","Go for the Eyes","Sweeping Beam","Coolheaded+1","Sunder","Hologram+1","Coolheaded","Creative AI+1","Apotheosis+1","Sweeping Beam+1","Hologram+1","Madness","Madness"],"relics":["FrozenCore","WingedGreaves","Oddly Smooth Stone","Cables","WarpedTongs","Black Star","Tiny Chest","Mummified Hand","Mercury Hourglass","Singing Bowl","Symbiotic Virus","HornCleat","Akabeko","Bag of Marbles"],"acts_visited":["Exordium","TheCity","TheBeyond"],"potions_floor_usage":[18,33,33,50,50],"damage_taken":[{"damage":0,"enemies":"Cultist","floor":1,"turns":2},{"damage":3,"enemies":"2 Louse","floor":2,"turns":2},{"damage":5,"enemies":"Jaw Worm","floor":4,"turns":2},{"damage":24,"enemies":"Exordium Thugs","floor":7,"turns":3},{"damage":3,"enemies":"Blue Slaver","floor":10,"turns":2},{"damage":0,"enemies":"Exordium Wildlife","floor":14,"turns":2},{"damage":37,"enemies":"Hexaghost","floor":16,"turns":9},{"damage":23,"enemies":"3 Byrds","floor":18,"turns":3},{"damage":17,"enemies":"Spheric Guardian","floor":22,"turns":4},{"damage":9,"enemies":"Centurion and Healer","floor":25,"turns":3},{"damage":0,"enemies":"Cultist and Chosen","floor":27,"turns":3},{"damage":10,"enemies":"Chosen and Byrds","floor":29,"turns":3},{"damage":0,"enemies":"Snake Plant","floor":31,"turns":1},{"damage":60,"enemies":"Automaton","floor":33,"turns":11},{"damage":14,"enemies":"3 Darklings","floor":35,"turns":4},{"damage":0,"enemies":"Orb Walker","floor":44,"turns":3},{"damage":0,"enemies":"Sphere and 2 Shapes","floor":47,"turns":2},{"damage":51,"enemies":"Donu and Deca","floor":50,"turns":10}],"seed_played":"-5051420239723459148","potions_obtained":[{"floor":1,"key":"SkillPotion"},{"floor":7,"key":"Energy Potion"},{"floor":10,"key":"LiquidBronze"},{"floor":22,"key":"FocusPotion"},{"floor":33,"key":"PotionOfCapacity"}],"is_trial":false,"path_per_floor":["M","M","?","M","$","R","M","R","T","M","T","?","R","M","R","B",null,"M","$","T","?","M","R","T","M","T","M","T","M","$","M","R","B",null,"M","?","$","T","$","R","?","R","T","M","T","R","M","?","R","B",null],"character_chosen":"DEFECT","items_purchased":["Tiny Chest","Sweeping Beam","Apotheosis"],"campfire_rested":2,"item_purchase_floors":[19,19,37],"current_hp_per_floor":[75,72,72,67,67,67,43,43,43,40,40,40,40,40,40,3,75,52,52,52,52,35,57,57,48,48,50,50,40,40,40,63,3,77,65,65,65,65,65,65,62,62,62,62,62,62,62,52,52,1],"gold":245,"neow_bonus":"","is_daily":true,"chose_seed":false,"campfire_upgraded":8,"win_rate":0.0,"timestamp":1609455621,"path_taken":["M","?","?","M","$","R","M","R","T","?","?","?","R","M","R","BOSS","M","$","?","?","M","R","?","M","T","M","?","?","?","M","R","BOSS","M","?","$","?","?","R","?","R","T","?","?","R","M","?","R","BOSS"],"items_purchased_type":["Relic","Card","Card"],"build_version":"2020-12-22","purchased_purges":1,"victory":true,"max_hp_per_floor":[75,75,75,75,75,75,75,75,75,75,75,75,75,75,75,75,75,75,75,75,75,75,75,75,75,75,77,77,77,77,77,77,77,77,79,79,79,79,79,79,79,79,79,79,79,79,79,79,79,79],"card_choices":[{"not_picked":["Sweeping Beam","Skim"],"picked":"Turbo","floor":1},{"not_picked":["Darkness","Aggregate"],"picked":"Go for the Eyes","floor":2},{"not_picked":["Undo","Cold Snap"],"picked":"Auto Shields","floor":4},{"not_picked":["Sweeping Beam","Double Energy"],"picked":"Hologram","floor":7},{"not_picked":["Conserve Battery","Stack","Chaos"],"picked":"SKIP","floor":10},{"not_picked":["Melter","Rebound"],"picked":"Go for the Eyes","floor":14},{"not_picked":["Meteor Strike","Multi-Cast"],"picked":"Core Surge","floor":16},{"not_picked":["Leap","Undo"],"picked":"Go for the Eyes","floor":18},{"not_picked":["Beam Cell","Cold Snap"],"picked":"Coolheaded","floor":22},{"not_picked":["Doom and Gloom","Steam"],"picked":"Sunder","floor":25},{"not_picked":["Aggregate+1","Barrage","Genetic Algorithm"],"picked":"Singing Bowl","floor":27},{"not_picked":["Cold Snap","Thunder Strike"],"picked":"Hologram","floor":29},{"not_picked":["FTL","Beam Cell+1"],"picked":"Coolheaded","floor":31},{"not_picked":["Amplify","Buffer"],"picked":"Creative AI","floor":33},{"not_picked":["Fusion","Undo+1","Coolheaded"],"picked":"Singing Bowl","floor":35},{"not_picked":["Leap+1","Darkness"],"picked":"Sweeping Beam+1","floor":44},{"not_picked":["Stack","Compile Driver"],"picked":"Hologram+1","floor":47}],"player_experience":105502,"relics_obtained":[{"floor":9,"key":"Oddly Smooth Stone"},{"floor":11,"key":"Cables"},{"floor":20,"key":"Mummified Hand"},{"floor":24,"key":"Mercury Hourglass"},{"floor":26,"key":"Singing Bowl"},{"floor":28,"key":"Symbiotic Virus"},{"floor":38,"key":"HornCleat"},{"floor":43,"key":"Akabeko"},{"floor":45,"key":"Bag of Marbles"}],"event_choices":[{"cards_removed":["Strike_B"],"damage_healed":0,"gold_gain":0,"player_choice":"Offered Basic","damage_taken":0,"max_hp_gain":0,"max_hp_loss":0,"event_name":"Bonfire Elementals","floor":3,"gold_loss":0},{"damage_healed":0,"gold_gain":0,"player_choice":"Rummage","damage_taken":0,"relics_obtained":["WarpedTongs"],"max_hp_gain":0,"max_hp_loss":0,"event_name":"Accursed Blacksmith","floor":12,"gold_loss":0,"cards_obtained":["Pain"]},{"damage_healed":0,"gold_gain":0,"player_choice":"Ignored","damage_taken":0,"max_hp_gain":0,"max_hp_loss":0,"event_name":"Vampires","floor":21,"gold_loss":0},{"cards_removed":["Strike_B"],"damage_healed":0,"gold_gain":0,"player_choice":"Removed Attack","damage_taken":0,"max_hp_gain":0,"max_hp_loss":0,"event_name":"Falling","floor":36,"gold_loss":0},{"damage_healed":0,"gold_gain":0,"player_choice":"Punched","damage_taken":3,"max_hp_gain":0,"max_hp_loss":0,"event_name":"Designer","floor":41,"gold_loss":0},{"damage_healed":0,"gold_gain":0,"player_choice":"Embrace Madness","damage_taken":10,"max_hp_gain":0,"max_hp_loss":0,"event_name":"Winding Halls","floor":48,"gold_loss":0,"cards_obtained":["Madness","Madness"]}],"is_beta":false,"boss_relics":[{"not_picked":["Inserter","Sozu"],"picked":"Black Star"},{"not_picked":["Coffee Dripper","Empty Cage"],"picked":"FrozenCore"}],"items_purged_floors":[19],"is_endless":false,"potions_floor_spawned":[1,7,10,16,22,33],"ascension_level":0}}