{"host":"q6ma3hi3lrvu4bic","time":1609440862,"event":{"mods":["AchievementEnabler","Act Like it!","Bartender","BaseMod","Better Match","Better Sensory Stone","BetterRewards","CapriCore","Dio Mod","Gold Saver","Hermit","Hero for Fun","Hunter ??","Jorbs\u0027s Wanderer Trilogy","Luminous","Mad Scientist","Marisa????????","Melee Mod","Minty Spire (QoL Compilation)","Nova Terra(??·??)","Potionbrewer","Replay The Spire","SOS???????","Shade Mod","StSLib","Td1madao Mod","The Alterego","The Blackbeard","The Bladedancer","The Bug Knight","The Cursed","The Dragon Tamer","The Exalted","The Forsaken","The Hierophant","The Immortal","The Kombatant","The Marked","The Necromancer","The Runesmith","The Saiyan","The Servant 0.9.4","The Vixen","The Wild Card","TheHero","TheSwordswoman","Yakumo Yukari mod","Yuyuko"],"gold_per_floor":[923,941,956,956,956,990,1010,1010,1033,1067,1079,1106,1122,1136,1136,1235,1235,1252,1072,1072,1088,1088,1088,1117,1136,1136,1136,1136,1169,1169,1185,1185,1280,1280,1294,1294,1306,1306,1306,1338,1338,1338,1363,1389,1389,1408,1428,1458,1458,1458],"floor_reached":51,"playtime":1281,"items_purged":[],"score":1876,"play_id":"733cd15b-c759-432c-b53e-9222e7c7db99","local_time":"20201231135422","is_ascension_mode":true,"campfire_choices":[{"data":"Toss_Stone","floor":8,"key":"SMITH"},{"data":"Terrifying_Presence","floor":15,"key":"SMITH"},{"data":"Hip_Strike","floor":23,"key":"SMITH"},{"data":"Consecutive_Normal_Punch","floor":30,"key":"SMITH"},{"data":"Consecutive_Normal_Punch","floor":32,"key":"SMITH"},{"data":"Mayhem","floor":41,"key":"SMITH"},{"data":"Normal_Punch","floor":49,"key":"SMITH"}],"circlet_count":0,"master_deck":["Strike_Y","Strike_Y","Strike_Y","Strike_Y","Strike_Y","Defend_Y+1","Defend_Y","Defend_Y","Defend_Y","Slap+1","Normal_Punch+1","Hop","Slap+1","Normal_Punch","Toss_Stone+1","Consecutive_Normal_Punch+1","Toss_Stone","Terrifying_Presence+1","Slap","Hip_Strike+1","Consecutive_Normal_Punch+1","Consecutive_Normal_Punch+1","Toss_Stone+1","Toss_Stone+1","Normal_Punch","Serious_Punch+1","Side_Hop+1","Slap","Midas Touch","Mayhem+1","Madness","Madness","Slap+1","Slap+1","Consecutive_Normal_Punch+1","Slap","Normal_Punch+1"],"relics":["Cape","Thread and Needle","Pen Nib","Vajra","potionbrewer:Torch","Oddly Smooth Stone","Philosopher\u0027s Stone","Replay:Kaleidoscope","Whetstone","Ice Cream","Gremlin Food","Sozu","theForsaken:Kindling","Darkstone Periapt","Bronze Scales","potionbrewer:SlideRule","Anchor"],"acts_visited":["Exordium","TheCity","TheBeyond"],"potions_floor_usage":[],"damage_taken":[{"damage":0,"enemies":"2 Louse","floor":1,"turns":1},{"damage":0,"enemies":"Cultist","floor":2,"turns":1},{"damage":0,"enemies":"Jaw Worm","floor":3,"turns":1},{"damage":0,"enemies":"3 Sentries","floor":6,"turns":1},{"damage":0,"enemies":"3 Louse","floor":7,"turns":1},{"damage":0,"enemies":"Lagavulin","floor":10,"turns":1},{"damage":0,"enemies":"Large Slime","floor":11,"turns":1},{"damage":0,"enemies":"3 Sentries","floor":12,"turns":1},{"damage":0,"enemies":"Looter","floor":13,"turns":1},{"damage":0,"enemies":"Blue Slaver","floor":14,"turns":1},{"damage":0,"enemies":"Fading Forest","floor":16,"turns":11},{"damage":0,"enemies":"3 Byrds","floor":18,"turns":1},{"damage":0,"enemies":"Chosen","floor":21,"turns":1},{"damage":0,"enemies":"HollowMod:Nosk","floor":24,"turns":1},{"damage":0,"enemies":"Snake Plant","floor":25,"turns":1},{"damage":0,"enemies":"Replay:Snechameleon","floor":29,"turns":1},{"damage":0,"enemies":"Centurion and Healer","floor":31,"turns":1},{"damage":0,"enemies":"Pondfish","floor":33,"turns":3},{"damage":0,"enemies":"3 Shapes","floor":35,"turns":1},{"damage":0,"enemies":"3 Darklings","floor":37,"turns":1},{"damage":0,"enemies":"HollowMod:StalkingDevout","floor":40,"turns":1},{"damage":0,"enemies":"Nemesis","floor":44,"turns":1},{"damage":0,"enemies":"4 Shapes","floor":46,"turns":2},{"damage":0,"enemies":"Writhing Mass","floor":47,"turns":1},{"damage":0,"enemies":"HollowMod:StalkingDevout","floor":48,"turns":1},{"damage":0,"enemies":"Donu and Deca","floor":50,"turns":1}],"seed_played":"-4973806804272173283","potions_obtained":[{"floor":2,"key":"potionbrewer:ToxicPotion"},{"floor":3,"key":"SteroidPotion"},{"floor":11,"key":"Fire Potion"},{"floor":14,"key":"Regen Potion"},{"floor":16,"key":"Death Potion"}],"is_trial":false,"path_per_floor":["M","M","M","?","?","E","M","R","T","E","M","E","M","M","R","B",null,"M","?","?","M","?","R","E","M","T","?","$","E","R","M","R","B",null,"M","?","M","?","?","E","R","T","T","E","$","M","M","E","R","B",null],"character_chosen":"OPM","items_purchased":["Slap","Normal_Punch"],"campfire_rested":0,"item_purchase_floors":[0,0],"current_hp_per_floor":[999,999,999,999,999,999,999,999,999,999,999,999,999,999,999,999,999,999,999,999,999,999,999,999,999,999,999,999,999,999,999,999,999,999,999,999,999,999,999,999,999,999,999,999,999,999,999,999,999,999],"gold":1458,"neow_bonus":"","is_daily":false,"chose_seed":false,"campfire_upgraded":7,"win_rate":0.0,"timestamp":1609440862,"path_taken":["M","M","M","?","?","E","M","R","T","E","M","E","M","M","R","BOSS","M","?","?","M","?","R","E","?","T","?","?","E","R","M","R","BOSS","M","?","?","?","?","E","R","?","T","E","$","?","M","E","R","BOSS"],"items_purchased_type":["Card","Card"],"build_version":"2020-12-22","purchased_purges":0,"victory":true,"max_hp_per_floor":[999,999,999,999,999,999,999,999,999,999,999,999,999,999,999,999,999,999,999,999,999,999,999,999,999,999,999,999,999,999,999,999,999,999,999,999,999,999,999,999,999,999,999,999,999,999,999,999,999,999],"card_choices":[{"not_picked":["Ignore","Wear_Disguise"],"picked":"Hop","floor":1},{"not_picked":["Hop","Side_Hop"],"picked":"Slap","floor":2},{"not_picked":["Side_Hop","Wear_Disguise"],"picked":"Normal_Punch","floor":3},{"not_picked":["Yawn","Slap"],"picked":"Toss_Stone","floor":6},{"not_picked":["Yawn","Ignore","Side_Hop"],"picked":"SKIP","floor":7},{"not_picked":["Normal_Punch","Wear_Disguise"],"picked":"Consecutive_Normal_Punch","floor":10},{"not_picked":["Consecutive_Normal_Punch","Ignore"],"picked":"Toss_Stone","floor":11},{"not_picked":["Do_Nothing","Normal_Punch"],"picked":"Terrifying_Presence","floor":12},{"not_picked":["Normal_Punch","Wear_Disguise"],"picked":"Slap","floor":13},{"not_picked":["Ignore","Do_Nothing","Wear_Disguise"],"picked":"SKIP","floor":14},{"not_picked":["Get_Hopes_Up","Serious_Side_Hops"],"picked":"Hip_Strike","floor":16},{"not_picked":["Hop","Yawn+1","Wear_Disguise"],"picked":"SKIP","floor":18},{"not_picked":["Side_Hop","Slap"],"picked":"Consecutive_Normal_Punch","floor":21},{"not_picked":["Normal_Punch+1","Slap"],"picked":"Consecutive_Normal_Punch+1","floor":24},{"not_picked":["Hop","Slap"],"picked":"Toss_Stone+1","floor":25},{"not_picked":["Side_Hop","Yawn"],"picked":"Toss_Stone+1","floor":29},{"not_picked":["Wear_Disguise","Yawn"],"picked":"Normal_Punch","floor":31},{"not_picked":["Terrifying_Presence","Oh"],"picked":"Serious_Punch","floor":33},{"not_picked":["Yawn+1","Normal_Punch"],"picked":"Side_Hop+1","floor":35},{"not_picked":["Hop","Yawn+1"],"picked":"Slap","floor":37},{"not_picked":["Survey Options","PanicButton"],"picked":"Midas Touch","floor":38},{"not_picked":["Enlightenment","Replay:Parry"],"picked":"Mayhem","floor":38},{"not_picked":["Side_Hop","Do_Nothing"],"picked":"Slap+1","floor":40},{"not_picked":["Ignore+1","Side_Hop"],"picked":"Slap+1","floor":44},{"not_picked":["Hop","Toss_Stone"],"picked":"Consecutive_Normal_Punch+1","floor":46},{"not_picked":["Ignore+1","Do_Nothing+1"],"picked":"Slap","floor":47},{"not_picked":["Slap","Ignore"],"picked":"Normal_Punch+1","floor":48}],"player_experience":53241,"relics_obtained":[{"floor":6,"key":"Pen Nib"},{"floor":9,"key":"Vajra"},{"floor":10,"key":"potionbrewer:Torch"},{"floor":12,"key":"Oddly Smooth Stone"},{"floor":24,"key":"Whetstone"},{"floor":26,"key":"Ice Cream"},{"floor":29,"key":"Gremlin Food"},{"floor":40,"key":"theForsaken:Kindling"},{"floor":42,"key":"Darkstone Periapt"},{"floor":43,"key":"Bronze Scales"},{"floor":44,"key":"potionbrewer:SlideRule"},{"floor":48,"key":"Anchor"}],"event_choices":[{"damage_healed":0,"gold_gain":0,"player_choice":"3","damage_taken":0,"max_hp_gain":0,"max_hp_loss":0,"event_name":"betterMatch:BetterMatch","floor":4,"gold_loss":0,"cards_obtained":[]},{"damage_healed":0,"gold_gain":0,"player_choice":"Ignored","damage_taken":0,"max_hp_gain":0,"max_hp_loss":0,"event_name":"Ghosts","floor":20,"gold_loss":0},{"damage_healed":0,"gold_gain":0,"player_choice":"Opened","damage_taken":0,"relics_obtained":["Replay:Kaleidoscope"],"max_hp_gain":0,"max_hp_loss":0,"event_name":"The Mausoleum","floor":22,"gold_loss":0},{"damage_healed":0,"gold_gain":0,"player_choice":"Ignored","damage_taken":0,"max_hp_gain":0,"max_hp_loss":0,"event_name":"Beggar","floor":27,"gold_loss":0},{"damage_healed":0,"gold_gain":0,"player_choice":"Forge","damage_taken":0,"max_hp_gain":0,"max_hp_loss":0,"event_name":"Accursed Blacksmith","floor":36,"gold_loss":0,"cards_upgraded":["Serious_Punch"]},{"damage_healed":0,"gold_gain":3,"player_choice":"1","damage_taken":0,"max_hp_gain":0,"max_hp_loss":0,"event_name":"betterStone:BetterStone","floor":38,"gold_loss":0},{"damage_healed":0,"gold_gain":0,"player_choice":"Embrace Madness","damage_taken":125,"max_hp_gain":0,"max_hp_loss":0,"event_name":"Winding Halls","floor":39,"gold_loss":0,"cards_obtained":["Madness","Madness"]}],"is_beta":false,"boss_relics":[{"not_picked":["Fusion Hammer","theForsaken:PaleLantern"],"picked":"Philosopher\u0027s Stone"},{"not_picked":["Busted Crown","Ring of Chaos"],"picked":"Sozu"}],"items_purged_floors":[],"is_endless":false,"potions_floor_spawned":[2,3,11,13,14,16,18,25,29,31,40,46,48],"ascension_level":1}}