{"host":"31s8hzukbhz1k6i6","time":1609458397,"event":{"mods":["AchievementEnabler","BaseMod","Bestiary","Colored Map","Filter the Spire","Minty Spire (QoL Compilation)","Relic Stats","UnlockEverythingMod","ojb\u0027s Info Mod"],"gold_per_floor":[111,129,129,18,34,34,63,76,103,130,130,149,189,214,214,342,342,357,373,373,392,392,392,423,423,447,482,482,498,2,27,27,150,150,169,232,247,52,0,44,44,85,85,85,85],"floor_reached":44,"playtime":4098,"items_purged":["Strike_G","Defend_G+1"],"score":1002,"play_id":"a5456472-c1cc-4bbb-b57b-0b81d0852065","local_time":"20201231154637","is_ascension_mode":true,"campfire_choices":[{"data":"Glass Knife","floor":6,"key":"SMITH"},{"data":"Footwork","floor":15,"key":"SMITH"},{"floor":23,"key":"REST"},{"data":"Crippling Poison","floor":25,"key":"SMITH"},{"data":"Doppelganger","floor":32,"key":"SMITH"},{"data":"Catalyst","floor":41,"key":"SMITH"}],"circlet_count":0,"master_deck":["AscendersBane","Defend_G+1","Defend_G+1","Defend_G+1","Defend_G+1","Survivor","Neutralize","Glass Knife+1","Deadly Poison","Poisoned Stab","Footwork+1","Crippling Poison+1","Footwork","Doppelganger+1","Dodge and Roll","Venomology","Deflect+1","Prepared+1","Dodge and Roll","Blur","Tools of the Trade","PiercingWail","Footwork+1","Dodge and Roll","Corpse Explosion","Adrenaline+1","Die Die Die+1","Expertise+1","Backflip+1","Catalyst+1","Footwork+1"],"relics":["Ring of the Snake","Strawberry","Bronze Scales","Lantern","Golden Idol","Ancient Tea Set","HoveringKite","Oddly Smooth Stone","Bag of Preparation","Nunchaku","TungstenRod","DollysMirror","Astrolabe","Thread and Needle","Membership Card","Red Mask","White Beast Statue","Boot"],"acts_visited":["Exordium","TheCity","TheBeyond"],"potions_floor_usage":[10,16,16,16,18,21,21,24,24,24,27,33,35,36,40,42],"damage_taken":[{"damage":0,"enemies":"Small Slimes","floor":1,"turns":3},{"damage":0,"enemies":"Cultist","floor":2,"turns":3},{"damage":0,"enemies":"Jaw Worm","floor":5,"turns":3},{"damage":23,"enemies":"Gremlin Nob","floor":7,"turns":4},{"damage":0,"enemies":"2 Fungi Beasts","floor":8,"turns":4},{"damage":19,"enemies":"3 Sentries","floor":10,"turns":9},{"damage":0,"enemies":"Exordium Thugs","floor":12,"turns":4},{"damage":6,"enemies":"Lagavulin","floor":13,"turns":7},{"damage":8,"enemies":"3 Louse","floor":14,"turns":3},{"damage":6,"enemies":"Slime Boss","floor":16,"turns":8},{"damage":23,"enemies":"Chosen","floor":18,"turns":5},{"damage":4,"enemies":"Shell Parasite","floor":19,"turns":6},{"damage":4,"enemies":"Chosen and Byrds","floor":21,"turns":5},{"damage":7,"enemies":"Slavers","floor":24,"turns":7},{"damage":0,"enemies":"Book of Stabbing","floor":27,"turns":5},{"damage":0,"enemies":"Snecko","floor":29,"turns":7},{"damage":0,"enemies":"Shelled Parasite and Fungi","floor":31,"turns":5},{"damage":0,"enemies":"Automaton","floor":33,"turns":18},{"damage":0,"enemies":"3 Shapes","floor":35,"turns":3},{"damage":0,"enemies":"Mind Bloom Boss Battle","floor":36,"turns":13},{"damage":0,"enemies":"Orb Walker","floor":37,"turns":5},{"damage":0,"enemies":"Giant Head","floor":40,"turns":13},{"damage":0,"enemies":"Reptomancer","floor":42,"turns":7},{"damage":0,"enemies":"Nemesis","floor":44,"turns":1}],"seed_played":"-5018537735552118522","potions_obtained":[{"floor":5,"key":"Fire Potion"},{"floor":7,"key":"Block Potion"},{"floor":8,"key":"Swift Potion"},{"floor":12,"key":"CultistPotion"},{"floor":13,"key":"DistilledChaos"},{"floor":16,"key":"Poison Potion"},{"floor":21,"key":"Strength Potion"},{"floor":24,"key":"GamblersBrew"}],"is_trial":false,"path_per_floor":["M","M","?","$","M","R","E","M","T","E","?","M","E","M","R","B",null,"M","M","?","M","?","R","E","R","T","E","?","M","$","M","R","B",null,"M","?","M","$","?","E","R","E","T","E"],"character_chosen":"THE_SILENT","items_purchased":["Footwork","TungstenRod","DollysMirror","BlessingOfTheForge","Membership Card"],"campfire_rested":1,"item_purchase_floors":[4,30,30,30,38],"current_hp_per_floor":[63,63,63,63,63,63,47,47,47,28,28,28,22,14,14,8,55,32,28,28,24,24,45,38,38,38,38,38,38,38,38,38,38,63,63,63,63,63,63,63,63,63,63,63,63],"gold":85,"neow_bonus":"ONE_RANDOM_RARE_CARD","is_daily":false,"chose_seed":false,"campfire_upgraded":5,"win_rate":0.0,"timestamp":1609458397,"path_taken":["M","M","?","?","M","R","E","M","T","E","?","M","E","M","R","BOSS","M","M","?","M","?","R","E","R","T","E","?","M","$","?","R","BOSS","M","?","M","$","?","E","R","E","T","E"],"items_purchased_type":["Card","Relic","Relic","Potion","Relic"],"build_version":"2020-12-22","purchased_purges":2,"victory":false,"max_hp_per_floor":[70,70,70,70,70,70,77,77,77,77,71,71,71,71,71,71,71,71,71,71,71,71,71,71,71,71,71,71,71,71,71,71,71,71,71,71,71,71,71,71,71,71,71,71,71],"relic_stats":{"Nunchaku":[6],"counters":[24,148],"Golden Idol":136,"Bronze Scales":[375],"Astrolabe":["Adrenaline","Die Die Die","Expertise"],"HoveringKite":[69],"Bag of Preparation":[20],"Boot":[0],"obtain_stats":[{"Lantern":10,"Golden Idol":11,"Astrolabe":34,"HoveringKite":17,"Oddly Smooth Stone":24,"Thread and Needle":36,"Bag of Preparation":26,"Ancient Tea Set":13,"Boot":42,"White Beast Statue":40,"Nunchaku":27,"DollysMirror":30,"Strawberry":7,"Bronze Scales":9,"Red Mask":39,"Membership Card":38,"TungstenRod":30,"Ring of the Snake":0},{"Lantern":6,"Golden Idol":6,"Astrolabe":18,"HoveringKite":10,"Oddly Smooth Stone":14,"Thread and Needle":20,"Bag of Preparation":14,"Ancient Tea Set":8,"Boot":23,"White Beast Statue":22,"Nunchaku":15,"DollysMirror":16,"Strawberry":4,"Bronze Scales":5,"Red Mask":21,"Membership Card":21,"TungstenRod":16,"Ring of the Snake":0},{"Lantern":26,"Golden Idol":26,"Astrolabe":106,"HoveringKite":48,"Oddly Smooth Stone":71,"Thread and Needle":122,"Bag of Preparation":71,"Ancient Tea Set":37,"Boot":147,"White Beast Statue":140,"Nunchaku":76,"DollysMirror":83,"Strawberry":13,"Bronze Scales":17,"Red Mask":127,"Membership Card":127,"TungstenRod":83,"Ring of the Snake":0}],"TungstenRod":0,"Ring of the Snake":[48]},"card_choices":[{"not_picked":["Flying Knee","Expertise"],"picked":"Deadly Poison","floor":1},{"not_picked":["Blur","Escape Plan"],"picked":"Poisoned Stab","floor":2},{"not_picked":["Bane","Noxious Fumes"],"picked":"Crippling Poison","floor":5},{"not_picked":["Prepared","Distraction","Infinite Blades"],"picked":"SKIP","floor":7},{"not_picked":["Acrobatics","PiercingWail"],"picked":"Footwork","floor":8},{"not_picked":["Expertise","Masterful Stab","Terror"],"picked":"SKIP","floor":10},{"not_picked":["Bane","Acrobatics","Caltrops"],"picked":"SKIP","floor":12},{"not_picked":["Dagger Throw","Well Laid Plans"],"picked":"Doppelganger","floor":13},{"not_picked":["Dash","Acrobatics"],"picked":"Dodge and Roll","floor":14},{"not_picked":["Bullet Time","Grand Finale"],"picked":"Venomology","floor":16},{"not_picked":["Dodge and Roll","Outmaneuver"],"picked":"Deflect+1","floor":18},{"not_picked":["Bane","Cloak And Dagger+1"],"picked":"Prepared+1","floor":19},{"not_picked":["Poisoned Stab","Dagger Spray"],"picked":"Dodge and Roll","floor":21},{"not_picked":["Prepared","Masterful Stab+1"],"picked":"Blur","floor":24},{"not_picked":["Masterful Stab","Bouncing Flask"],"picked":"Tools of the Trade","floor":27},{"not_picked":["Dagger Throw+1","Endless Agony+1"],"picked":"PiercingWail","floor":29},{"not_picked":["Terror+1","Blade Dance"],"picked":"Dodge and Roll","floor":31},{"not_picked":["Doppelganger","Unload"],"picked":"Corpse Explosion","floor":33},{"not_picked":["Distraction","Terror+1","Footwork"],"picked":"SKIP","floor":35},{"not_picked":["Sucker Punch+1","Underhanded Strike+1"],"picked":"Backflip+1","floor":37},{"not_picked":["Acrobatics+1","Flying Knee"],"picked":"Catalyst","floor":40},{"not_picked":["Venomology","PiercingWail"],"picked":"Footwork+1","floor":42}],"player_experience":117350,"relics_obtained":[{"floor":7,"key":"Strawberry"},{"floor":9,"key":"Bronze Scales"},{"floor":10,"key":"Lantern"},{"floor":13,"key":"Ancient Tea Set"},{"floor":24,"key":"Oddly Smooth Stone"},{"floor":26,"key":"Bag of Preparation"},{"floor":27,"key":"Nunchaku"},{"floor":36,"key":"Thread and Needle"},{"floor":40,"key":"White Beast Statue"},{"floor":42,"key":"Boot"}],"event_choices":[{"cards_removed":["Strike_G"],"damage_healed":0,"gold_gain":0,"player_choice":"Offered Basic","damage_taken":0,"max_hp_gain":0,"max_hp_loss":0,"event_name":"Bonfire Elementals","floor":3,"gold_loss":0},{"damage_healed":0,"gold_gain":0,"player_choice":"Lose Max HP","damage_taken":0,"relics_obtained":["Golden Idol"],"max_hp_gain":0,"max_hp_loss":6,"event_name":"Golden Idol","floor":11,"gold_loss":0},{"damage_healed":0,"gold_gain":0,"player_choice":"Ignored","damage_taken":0,"max_hp_gain":0,"max_hp_loss":0,"event_name":"Vampires","floor":20,"gold_loss":0},{"damage_healed":0,"gold_gain":0,"player_choice":"Simplicity","damage_taken":0,"max_hp_gain":0,"max_hp_loss":0,"event_name":"Back to Basics","floor":22,"gold_loss":0,"cards_upgraded":["Strike_G","Strike_G","Strike_G","Defend_G","Defend_G","Defend_G","Defend_G","Defend_G"]},{"damage_healed":0,"gold_gain":0,"player_choice":"Ignored","damage_taken":0,"max_hp_gain":0,"max_hp_loss":0,"event_name":"Ghosts","floor":28,"gold_loss":0},{"damage_healed":0,"gold_gain":0,"player_choice":"Fight","damage_taken":0,"max_hp_gain":0,"max_hp_loss":0,"event_name":"MindBloom","floor":36,"gold_loss":0},{"damage_healed":0,"gold_gain":0,"player_choice":"Paid","damage_taken":0,"relics_obtained":["Red Mask"],"max_hp_gain":0,"max_hp_loss":0,"event_name":"Tomb of Lord Red Mask","floor":39,"gold_loss":52}],"is_beta":false,"boss_relics":[{"not_picked":["SlaversCollar","Runic Dome"],"picked":"HoveringKite"},{"not_picked":["Black Star","Snecko Eye"],"picked":"Astrolabe"}],"items_purged_floors":[4,38],"is_endless":false,"potions_floor_spawned":[5,7,8,12,13,16,21,24,31,36,40,42],"killed_by":"Nemesis","ascension_level":10}}