{"host":"dl7h25vjpuplx29g","time":1609458287,"event":{"mods":["BaseMod","Colored Map","Minty Spire (QoL Compilation)"],"gold_per_floor":[114,124,135,85,102,135,135,135,187,187,202,202,229,239,239,313,313,331,347,347,437,452,487,84,84,110,142,154,173,173,192,192,263,263,283,308,325,325,325,325,357,374,401,412,412,193,223,223,223,223,223,223,0,31,31,31],"floor_reached":55,"playtime":49477,"items_purged":["Strike_R","Strike_R","Strike_R"],"score":1363,"play_id":"4c68877a-be7a-4a9f-9dbd-a479c79969b9","local_time":"20210101084447","is_ascension_mode":true,"campfire_choices":[{"data":"Bash","floor":7.0,"key":"SMITH"},{"data":"Power Through","floor":10.0,"key":"SMITH"},{"data":"Evolve","floor":12.0,"key":"SMITH"},{"data":"Whirlwind","floor":15.0,"key":"SMITH"},{"data":"Shrug It Off","floor":25.0,"key":"SMITH"},{"data":"Shrug It Off","floor":30.0,"key":"SMITH"},{"data":"Clothesline","floor":32.0,"key":"SMITH"},{"data":"Flame Barrier","floor":40.0,"key":"SMITH"},{"floor":49,"key":"RECALL"},{"data":"Demon Form","floor":52,"key":"SMITH"}],"circlet_count":0,"master_deck":["AscendersBane","Defend_R+1","Defend_R","Bash+1","Anger","Battle Trance","Power Through+1","Evolve+1","Feel No Pain","Shrug It Off+1","Whirlwind+1","Twin Strike","Feed","Shrug It Off+1","Dropkick","Sentinel","Heavy Blade","Clothesline+1","Wild Strike","Shrug It Off+1","Double Tap","Flex","Offering","Inflame","Flame Barrier+1","Panacea+1","Mayhem","Spot Weakness","Ghostly Armor","Demon Form+1","Power Through"],"relics":["Burning Blood","Bag of Marbles","InkBottle","Potion Belt","Lantern","Velvet Choker","Kunai","Eternal Feather","Happy Flower","Letter Opener","Snecko Eye","Torii","Incense Burner","Juzu Bracelet","War Paint","Gremlin Horn"],"acts_visited":["Exordium","TheCity","TheBeyond","TheEnding"],"potions_floor_usage":[42,47,50,50,54,55,55],"damage_taken":[{"damage":5.0,"enemies":"Jaw Worm","floor":1.0,"turns":5.0},{"damage":3.0,"enemies":"2 Louse","floor":2.0,"turns":2.0},{"damage":1.0,"enemies":"Cultist","floor":3.0,"turns":3.0},{"damage":18.0,"enemies":"Large Slime","floor":5.0,"turns":6.0},{"damage":20.0,"enemies":"3 Sentries","floor":6.0,"turns":7.0},{"damage":1.0,"enemies":"Looter","floor":11.0,"turns":4.0},{"damage":8.0,"enemies":"Gremlin Nob","floor":13.0,"turns":3.0},{"damage":12.0,"enemies":"Gremlin Gang","floor":14.0,"turns":5.0},{"damage":0.0,"enemies":"Slime Boss","floor":16.0,"turns":5.0},{"damage":0.0,"enemies":"2 Thieves","floor":18.0,"turns":1.0},{"damage":13.0,"enemies":"Shell Parasite","floor":19.0,"turns":5.0},{"damage":12.0,"enemies":"Cultist and Chosen","floor":22.0,"turns":4.0},{"damage":21.0,"enemies":"Slavers","floor":23.0,"turns":5.0},{"damage":6.0,"enemies":"Book of Stabbing","floor":27.0,"turns":5.0},{"damage":9.0,"enemies":"Snake Plant","floor":28.0,"turns":3.0},{"damage":12.0,"enemies":"Chosen and Byrds","floor":29.0,"turns":2.0},{"damage":0.0,"enemies":"3 Cultists","floor":31.0,"turns":1.0},{"damage":48.0,"enemies":"Champ","floor":33.0,"turns":12.0},{"damage":24.0,"enemies":"3 Darklings","floor":35.0,"turns":6.0},{"damage":0.0,"enemies":"Mind Bloom Boss Battle","floor":36.0,"turns":5.0},{"damage":1.0,"enemies":"3 Shapes","floor":37.0,"turns":4.0},{"damage":34,"enemies":"Nemesis","floor":41,"turns":9},{"damage":24,"enemies":"Jaw Worm Horde","floor":42,"turns":7},{"damage":10,"enemies":"Writhing Mass","floor":44,"turns":8},{"damage":10,"enemies":"Reptomancer","floor":47,"turns":5},{"damage":46,"enemies":"Awakened One","floor":50,"turns":12},{"damage":66,"enemies":"Shield and Spear","floor":54,"turns":6},{"damage":28,"enemies":"The Heart","floor":55,"turns":2}],"seed_played":"3167973659972978396","potions_obtained":[{"floor":1.0,"key":"ElixirPotion"},{"floor":6.0,"key":"LiquidBronze"},{"floor":11.0,"key":"Swift Potion"},{"floor":14.0,"key":"ElixirPotion"},{"floor":19.0,"key":"Block Potion"},{"floor":22.0,"key":"Weak Potion"},{"floor":27.0,"key":"Explosive Potion"},{"floor":31.0,"key":"SpeedPotion"},{"floor":33.0,"key":"Weak Potion"},{"floor":37.0,"key":"DistilledChaos"},{"floor":41,"key":"Regen Potion"},{"floor":42,"key":"AttackPotion"},{"floor":54,"key":"Strength Potion"}],"is_trial":false,"path_per_floor":["M","M","M","?","M","E","R","?","T","R","M","R","E","M","R","B",null,"M","M","?","?","M","E","$","R","T","E","M","M","R","M","R","B",null,"M","?","M","?","?","R","E","M","T","M","?","$","E","?","R","B",null,"R","$","E","B"],"character_chosen":"IRONCLAD","items_purchased":["Eternal Feather","Regen Potion","SteroidPotion","Ghostly Armor","Weak Potion","ColorlessPotion"],"campfire_rested":0,"item_purchase_floors":[24,24,46,46,53,53],"current_hp_per_floor":[69,72,75,75,63,49,49,49,49,49,54,54,52,46,46,52,69,75,68,68,56,53,41,41,53,53,68,65,62,74,80,84,42,74,56,65,73,73,63,78,50,35,35,31,31,31,41,41,59,19,71,88,88,28,0,0],"gold":31,"neow_bonus":"RANDOM_COMMON_RELIC","is_daily":false,"chose_seed":false,"campfire_upgraded":9,"win_rate":0.0,"timestamp":1609458287,"path_taken":["M","M","M","?","M","E","R","?","T","R","?","R","E","M","R","BOSS","M","M","?","?","?","E","$","R","T","E","M","M","R","M","R","BOSS","M","?","M","?","?","R","E","M","T","M","?","$","E","?","R","BOSS","R","$","E","BOSS"],"items_purchased_type":["Relic","Potion","Potion","Card","Potion","Potion"],"build_version":"2020-12-22","purchased_purges":3,"victory":false,"max_hp_per_floor":[75,75,75,75,75,75,75,75,75,75,75,75,75,75,75,75,75,75,75,75,75,78,81,81,81,81,81,81,84,84,84,84,84,84,84,87,90,85,85,85,85,88,88,88,88,88,88,88,88,88,88,88,88,88,88,88],"card_choices":[{"not_picked":["Rampage","Intimidate"],"picked":"Anger","floor":1.0},{"not_picked":["Havoc","Perfected Strike"],"picked":"Battle Trance","floor":2.0},{"not_picked":["Body Slam","Feel No Pain"],"picked":"Power Through","floor":3.0},{"not_picked":["Warcry","True Grit"],"picked":"Evolve","floor":5.0},{"not_picked":["Blood for Blood","Armaments"],"picked":"Feel No Pain","floor":6.0},{"not_picked":["Warcry","Clothesline"],"picked":"Shrug It Off","floor":11.0},{"not_picked":["Pommel Strike","Clothesline"],"picked":"Whirlwind","floor":13.0},{"not_picked":["Flex","Warcry"],"picked":"Twin Strike","floor":14.0},{"not_picked":["Immolate","Brutality"],"picked":"Feed","floor":16.0},{"not_picked":["Sever Soul","Ghostly Armor"],"picked":"Shrug It Off","floor":18.0},{"not_picked":["Anger","Seeing Red","Cleave"],"picked":"SKIP","floor":19.0},{"not_picked":["Perfected Strike","Pommel Strike"],"picked":"Heavy Blade","floor":22.0},{"not_picked":["Wild Strike","Warcry"],"picked":"Clothesline","floor":23.0},{"not_picked":["Heavy Blade","Feel No Pain"],"picked":"Wild Strike","floor":27.0},{"not_picked":["Thunderclap+1","Twin Strike"],"picked":"Shrug It Off+1","floor":28.0},{"not_picked":["Wild Strike+1","Flex"],"picked":"Double Tap","floor":29.0},{"not_picked":["Body Slam","Anger"],"picked":"Flex","floor":31.0},{"not_picked":["Exhume","Corruption"],"picked":"Offering","floor":33.0},{"not_picked":["Rage","Pommel Strike+1"],"picked":"Inflame","floor":35.0},{"not_picked":["Uppercut","Dropkick"],"picked":"Flame Barrier","floor":36.0},{"not_picked":["Dropkick+1","Havoc","Searing Blow"],"picked":"SKIP","floor":37.0},{"not_picked":["Bandage Up","Good Instincts"],"picked":"Panacea","floor":39.0},{"not_picked":["Magnetism","Mind Blast"],"picked":"Mayhem","floor":39.0},{"not_picked":["Havoc","Rupture","Whirlwind"],"picked":"SKIP","floor":41},{"not_picked":["Wild Strike","Cleave","Searing Blow"],"picked":"SKIP","floor":42},{"not_picked":["Spot Weakness","Clash","Cleave"],"picked":"SKIP","floor":44},{"not_picked":["Clash","Cleave"],"picked":"Spot Weakness","floor":44},{"not_picked":["Bloodletting","Flex"],"picked":"Demon Form","floor":47},{"not_picked":["Body Slam+1","Uppercut"],"picked":"Power Through","floor":54}],"player_experience":1350856,"relics_obtained":[{"floor":6.0,"key":"InkBottle"},{"floor":9.0,"key":"Potion Belt"},{"floor":13.0,"key":"Lantern"},{"floor":23.0,"key":"Kunai"},{"floor":26.0,"key":"Happy Flower"},{"floor":27.0,"key":"Letter Opener"},{"floor":36.0,"key":"Torii"},{"floor":41,"key":"Incense Burner"},{"floor":47,"key":"War Paint"},{"floor":54,"key":"Gremlin Horn"}],"event_choices":[{"cards_removed":["Defend_R"],"damage_healed":0.0,"max_hp_gain":0.0,"max_hp_loss":0.0,"gold_gain":0.0,"event_name":"The Cleric","player_choice":"Card Removal","floor":4.0,"gold_loss":50.0,"damage_taken":0.0},{"cards_removed":["Strike_R"],"damage_healed":0.0,"max_hp_gain":0.0,"max_hp_loss":0.0,"gold_gain":0.0,"event_name":"Bonfire Elementals","player_choice":"Offered Basic","floor":8.0,"gold_loss":0.0,"damage_taken":0.0},{"damage_healed":0.0,"max_hp_gain":0.0,"max_hp_loss":0.0,"gold_gain":0.0,"cards_transformed":["Strike_R","Defend_R"],"event_name":"Drug Dealer","player_choice":"Became Test Subject","floor":20.0,"gold_loss":0.0,"damage_taken":0.0,"cards_obtained":["Dropkick","Sentinel"]},{"damage_healed":0.0,"max_hp_gain":0.0,"max_hp_loss":0.0,"gold_gain":90.0,"event_name":"Knowing Skull","player_choice":"GOLD ","floor":21.0,"potions_obtained":[],"gold_loss":0.0,"damage_taken":12.0,"cards_obtained":[]},{"damage_healed":0.0,"max_hp_gain":0.0,"max_hp_loss":0.0,"gold_gain":0.0,"event_name":"MindBloom","player_choice":"Fight","floor":36.0,"gold_loss":0.0,"damage_taken":0.0},{"damage_healed":0.0,"max_hp_gain":0.0,"max_hp_loss":5.0,"gold_gain":0.0,"event_name":"Winding Halls","player_choice":"Max HP","floor":38.0,"gold_loss":0.0,"damage_taken":0.0},{"damage_healed":0.0,"max_hp_gain":0.0,"max_hp_loss":0.0,"gold_gain":0.0,"event_name":"SensoryStone","player_choice":"Memory 3","floor":39.0,"gold_loss":0.0,"damage_taken":10.0},{"damage_healed":0,"gold_gain":0,"player_choice":"Gave Potion","damage_taken":0,"relics_obtained":["Juzu Bracelet"],"max_hp_gain":0,"max_hp_loss":0,"event_name":"WeMeetAgain","floor":45,"gold_loss":0},{"damage_healed":0,"gold_gain":0,"player_choice":"Ignored","damage_taken":0,"max_hp_gain":0,"max_hp_loss":0,"event_name":"The Moai Head","floor":48,"gold_loss":0}],"is_beta":false,"boss_relics":[{"not_picked":["Runic Pyramid","Astrolabe"],"picked":"Velvet Choker"},{"not_picked":["Philosopher\u0027s Stone","Busted Crown"],"picked":"Snecko Eye"}],"items_purged_floors":[24,46,53],"is_endless":false,"potions_floor_spawned":[1,6,11,14,19,22,27,31,33,37,41,42,54],"killed_by":"The Heart","ascension_level":14}}