{"host":"x7xd4wkamhrqrrvw","time":1609449416,"event":{"mods":["BaseMod","Minty Spire (QoL Compilation)","StSLib"],"gold_per_floor":[99,99,99,99,99,99,99,99,99],"floor_reached":8,"playtime":319,"items_purged":[],"score":81,"play_id":"03d38dfe-3cf2-452c-92aa-b92453394724","local_time":"20201231191656","is_ascension_mode":true,"campfire_choices":[],"circlet_count":0,"master_deck":["Strike_P","Strike_P","Strike_P","Strike_P","Defend_P","Defend_P","Defend_P","Defend_P","Eruption","Vigilance","Sanctity","SignatureMove","Wireheading","Swivel"],"relics":["Ectoplasm","TeardropLocket","Art of War"],"acts_visited":["Exordium"],"potions_floor_usage":[6,6,8],"damage_taken":[{"damage":0,"enemies":"Jaw Worm","floor":1,"turns":4},{"damage":0,"enemies":"Small Slimes","floor":3,"turns":4},{"damage":5,"enemies":"2 Louse","floor":4,"turns":4},{"damage":0,"enemies":"Blue Slaver","floor":5,"turns":2},{"damage":12,"enemies":"Lagavulin","floor":6,"turns":5},{"damage":54,"enemies":"Gremlin Nob","floor":8,"turns":4}],"seed_played":"6537968022822558605","potions_obtained":[{"floor":1,"key":"AttackPotion"},{"floor":4,"key":"AttackPotion"},{"floor":6,"key":"ColorlessPotion"}],"is_trial":false,"path_per_floor":["M","?","M","M","M","E","?","E"],"character_chosen":"WATCHER","items_purchased":[],"campfire_rested":0,"item_purchase_floors":[],"current_hp_per_floor":[65,70,70,65,65,53,41,0,0],"gold":99,"neow_bonus":"BOSS_RELIC","is_daily":false,"chose_seed":false,"campfire_upgraded":0,"win_rate":0.0,"timestamp":1609449416,"path_taken":["M","?","M","M","M","E","?","E"],"items_purchased_type":[],"build_version":"2020-12-22","purchased_purges":0,"victory":false,"max_hp_per_floor":[72,77,77,77,77,77,77,77,77],"card_choices":[{"not_picked":["Pray","Conclude"],"picked":"Sanctity","floor":1},{"not_picked":["Consecrate","Protect","BowlingBash"],"picked":"SKIP","floor":3},{"not_picked":["Perseverance","PathToVictory"],"picked":"SignatureMove","floor":4},{"not_picked":["Halt","Consecrate"],"picked":"Wireheading","floor":5},{"not_picked":["SashWhip","Collect"],"picked":"Swivel","floor":6}],"player_experience":258933,"relics_obtained":[{"floor":6,"key":"TeardropLocket"}],"event_choices":[{"damage_healed":0,"gold_gain":0,"player_choice":"Donut","damage_taken":0,"max_hp_gain":5,"max_hp_loss":0,"event_name":"Big Fish","floor":2,"gold_loss":0},{"damage_healed":0,"gold_gain":0,"player_choice":"Success","damage_taken":12,"relics_obtained":["Art of War"],"max_hp_gain":0,"max_hp_loss":0,"event_name":"Scrap Ooze","floor":7,"gold_loss":0}],"is_beta":false,"boss_relics":[],"items_purged_floors":[],"is_endless":false,"potions_floor_spawned":[1,4,6],"killed_by":"Gremlin Nob","ascension_level":8}}