{"host":"szp1d6dso4pv7ddl","time":1609444058,"event":{"mods":["AchievementEnabler","Alarm Clock","BaseMod","Bestiary","Block Reminder","Colored Map","Colored Powertips","Curses Come First","Displayed Cursed Tome","Highlight Path","Minty Spire (QoL Compilation)","Permanent Neow","Quick Restart","Relic Sorter","Relic Stats","StSLib","Synergy Search"],"gold_per_floor":[119,131,150,161,94,120,120,155,179,179,84,84,113,127,127,204,204,216,232,232,65,65,65,96,96,143,159,172,272,272,298,298,373,373,391,291,291,303,303,303,338,349,349,366,383,395,411,425,425,425,425],"floor_reached":50,"playtime":5451,"items_purged":["Flechettes","Riddle With Holes"],"score":960,"play_id":"bd9c3257-2440-4d20-a52e-384c9b52500c","local_time":"20201231114738","is_ascension_mode":true,"campfire_choices":[{"floor":7.0,"key":"REST"},{"floor":10.0,"key":"REST"},{"floor":12.0,"key":"REST"},{"floor":15.0,"key":"REST"},{"floor":23.0,"key":"REST"},{"floor":25.0,"key":"RECALL"},{"floor":30.0,"key":"REST"},{"floor":32.0,"key":"REST"},{"floor":40.0,"key":"REST"},{"floor":49.0,"key":"REST"}],"circlet_count":0,"master_deck":["AscendersBane","Survivor","Neutralize","Deflect","Dagger Throw+1","Slice","Infinite Blades","Blade Dance","Underhanded Strike","Backflip","Slice","Deflect","Acrobatics","Storm of Steel","Well Laid Plans","Slice","Backstab","Unload","Calculated Gamble","Dash","Tactician","Flash of Steel+1","Flying Knee","Eviscerate","Reflex+1","Venomology","Eviscerate+1","Infinite Blades","After Image","Accuracy","Blade Dance+1"],"relics":["Fusion Hammer","Toy Ornithopter","Bag of Marbles","Bronze Scales","Bag of Preparation","Pandora\u0027s Box","Anchor","Ancient Tea Set","Lizard Tail","Singing Bowl","Whetstone","Black Star","Meat on the Bone","Pear","Eternal Feather"],"acts_visited":["Exordium","TheCity","TheBeyond"],"potions_floor_usage":[50,50,50],"damage_taken":[{"damage":4.0,"enemies":"Cultist","floor":1.0,"turns":5.0},{"damage":0.0,"enemies":"2 Louse","floor":2.0,"turns":3.0},{"damage":3.0,"enemies":"Small Slimes","floor":3.0,"turns":5.0},{"damage":1.0,"enemies":"Exordium Wildlife","floor":4.0,"turns":3.0},{"damage":11.0,"enemies":"3 Sentries","floor":6.0,"turns":10.0},{"damage":37.0,"enemies":"Lagavulin","floor":8.0,"turns":9.0},{"damage":5.0,"enemies":"3 Sentries","floor":13.0,"turns":8.0},{"damage":6.0,"enemies":"Gremlin Gang","floor":14.0,"turns":4.0},{"damage":31.0,"enemies":"Slime Boss","floor":16.0,"turns":9.0},{"damage":13.0,"enemies":"2 Thieves","floor":18.0,"turns":3.0},{"damage":0.0,"enemies":"3 Byrds","floor":19.0,"turns":4.0},{"damage":15.0,"enemies":"Slavers","floor":24.0,"turns":5.0},{"damage":3.0,"enemies":"Snecko","floor":27.0,"turns":3.0},{"damage":0.0,"enemies":"Centurion and Healer","floor":28.0,"turns":3.0},{"damage":9.0,"enemies":"Colosseum Slavers","floor":29.0,"turns":3.0},{"damage":3.0,"enemies":"Colosseum Nobs","floor":29.0,"turns":4.0},{"damage":17.0,"enemies":"Book of Stabbing","floor":31.0,"turns":3.0},{"damage":102.0,"enemies":"Champ","floor":33.0,"turns":10.0},{"damage":0.0,"enemies":"Orb Walker","floor":35.0,"turns":2.0},{"damage":16.0,"enemies":"3 Shapes","floor":38.0,"turns":4.0},{"damage":64.0,"enemies":"Giant Head","floor":41.0,"turns":7.0},{"damage":14.0,"enemies":"Transient","floor":42.0,"turns":5.0},{"damage":47.0,"enemies":"Spire Growth","floor":44.0,"turns":4.0},{"damage":16.0,"enemies":"Maw","floor":45.0,"turns":6.0},{"damage":7.0,"enemies":"4 Shapes","floor":46.0,"turns":4.0},{"damage":19.0,"enemies":"Spire Growth","floor":47.0,"turns":3.0},{"damage":30.0,"enemies":"Jaw Worm Horde","floor":48.0,"turns":4.0},{"damage":101,"enemies":"Awakened One","floor":50,"turns":6}],"seed_played":"5695698085754628203","potions_obtained":[{"floor":2.0,"key":"EntropicBrew"},{"floor":19.0,"key":"DistilledChaos"},{"floor":24.0,"key":"Fire Potion"},{"floor":29.0,"key":"PowerPotion"},{"floor":35.0,"key":"SteroidPotion"},{"floor":44.0,"key":"LiquidMemories"},{"floor":45.0,"key":"SkillPotion"},{"floor":47.0,"key":"BlessingOfTheForge"},{"floor":48.0,"key":"LiquidBronze"}],"is_trial":false,"path_per_floor":["M","M","M","M","$","E","R","E","T","R","$","R","E","M","R","B",null,"M","M","?","$","?","R","E","R","T","M","M","?","R","E","R","B",null,"M","$","?","M","T","R","E","M","T","M","M","M","M","M","R","B"],"character_chosen":"THE_SILENT","items_purchased":["Infinite Blades","Backflip","Slice","Flash of Steel"],"campfire_rested":9,"item_purchase_floors":[5,11,11,21],"current_hp_per_floor":[55,55,52,51,51,40,59,22,22,41,41,60,55,49,66,35,58,45,45,45,45,45,64,51,51,51,48,53,41,60,45,65,34,60,60,60,78,62,62,78,48,53,53,23,31,41,46,33,79,0,0],"gold":425,"neow_bonus":"BOSS_RELIC","is_daily":false,"chose_seed":false,"campfire_upgraded":0,"win_rate":0.0,"timestamp":1609444058,"path_taken":["M","?","M","M","?","E","R","E","T","R","$","R","E","M","R","BOSS","M","M","?","$","?","R","E","R","T","M","?","?","R","E","R","BOSS","M","$","?","?","?","R","E","M","T","M","M","M","M","M","R","BOSS"],"items_purchased_type":["Card","Card","Card","Card"],"build_version":"2020-12-22","purchased_purges":2,"victory":false,"max_hp_per_floor":[66,66,66,66,66,66,66,66,66,66,66,66,66,66,66,66,66,66,66,66,66,66,66,66,66,66,66,66,66,66,68,68,68,68,68,68,78,78,78,78,90,92,92,92,94,94,96,96,96,96,96],"relic_stats":{"Lizard Tail":34,"Singing Bowl":10,"counters":[28,139],"Bronze Scales":[252],"Pandora\u0027s Box":["Well Laid Plans","Night Terror","Slice","Backstab","Flechettes","Riddle With Holes","Unload","Doppelganger","Calculated Gamble","Dash"],"Eternal Feather":18,"Bag of Preparation":[42],"Black Star":1,"Whetstone":["Flash of Steel","Dagger Throw"],"obtain_stats":[{"Pear":41,"Singing Bowl":29,"Eternal Feather":41,"Bag of Preparation":13,"Whetstone":31,"Ancient Tea Set":26,"Anchor":24,"Lizard Tail":29,"Bronze Scales":9,"Pandora\u0027s Box":17,"Fusion Hammer":0,"Bag of Marbles":8,"Black Star":34,"Toy Ornithopter":6,"Ring of the Snake":0,"Meat on the Bone":39},{"Pear":21,"Singing Bowl":16,"Eternal Feather":21,"Bag of Preparation":7,"Whetstone":17,"Ancient Tea Set":12,"Anchor":12,"Lizard Tail":16,"Bronze Scales":6,"Pandora\u0027s Box":9,"Fusion Hammer":0,"Bag of Marbles":6,"Black Star":18,"Toy Ornithopter":5,"Ring of the Snake":0,"Meat on the Bone":20},{"Pear":107,"Singing Bowl":81,"Eternal Feather":107,"Bag of Preparation":43,"Whetstone":84,"Ancient Tea Set":68,"Anchor":68,"Lizard Tail":81,"Bronze Scales":35,"Pandora\u0027s Box":56,"Fusion Hammer":0,"Bag of Marbles":35,"Black Star":94,"Toy Ornithopter":26,"Ring of the Snake":0,"Meat on the Bone":100}],"Toy Ornithopter":75,"Meat on the Bone":84},"card_choices":[{"not_picked":["Acrobatics","PiercingWail","Predator"],"picked":"SKIP","floor":1.0},{"not_picked":["Flechettes","Outmaneuver"],"picked":"Deflect","floor":2.0},{"not_picked":["Escape Plan","Setup"],"picked":"Dagger Throw","floor":3.0},{"not_picked":["Dagger Throw","Flying Knee"],"picked":"Slice","floor":4.0},{"not_picked":["Skewer","PiercingWail"],"picked":"Blade Dance","floor":6.0},{"not_picked":["Footwork","Deflect"],"picked":"Underhanded Strike","floor":8.0},{"not_picked":["Dagger Throw","Wraith Form v2"],"picked":"Deflect","floor":13.0},{"not_picked":["Dagger Throw","Poisoned Stab"],"picked":"Acrobatics","floor":14.0},{"not_picked":["Malaise","Wraith Form v2"],"picked":"Storm of Steel","floor":16.0},{"not_picked":["Caltrops","Sucker Punch","Bane+1"],"picked":"SKIP","floor":18.0},{"not_picked":["Dodge and Roll","Flying Knee","Distraction"],"picked":"SKIP","floor":19.0},{"not_picked":["Cloak And Dagger","PiercingWail"],"picked":"Flying Knee","floor":24.0},{"not_picked":["Escape Plan","Blade Dance"],"picked":"Eviscerate","floor":27.0},{"not_picked":["Deflect","Riddle With Holes","Leg Sweep+1"],"picked":"SKIP","floor":28.0},{"not_picked":["Underhanded Strike","Quick Slash"],"picked":"Reflex+1","floor":29.0},{"not_picked":["Noxious Fumes","Doppelganger","Catalyst"],"picked":"Singing Bowl","floor":31.0},{"not_picked":["Doppelganger","Corpse Explosion"],"picked":"Venomology","floor":33.0},{"not_picked":["Dagger Throw","Flying Knee"],"picked":"Eviscerate+1","floor":35.0},{"not_picked":["Backstab","Riddle With Holes"],"picked":"Infinite Blades","floor":38.0},{"not_picked":["Outmaneuver","Calculated Gamble","Well Laid Plans"],"picked":"Singing Bowl","floor":41.0},{"not_picked":["Riddle With Holes","Prepared","Sucker Punch"],"picked":"Singing Bowl","floor":42.0},{"not_picked":["Prepared","Masterful Stab+1"],"picked":"After Image","floor":44.0},{"not_picked":["Flechettes","Dagger Spray","Concentrate"],"picked":"Singing Bowl","floor":45.0},{"not_picked":["Deadly Poison+1","Blade Dance"],"picked":"Accuracy","floor":46.0},{"not_picked":["Bane","Underhanded Strike+1","Skewer"],"picked":"Singing Bowl","floor":47.0},{"not_picked":["Dagger Throw","Deflect+1"],"picked":"Blade Dance+1","floor":48.0}],"player_experience":1080954,"relics_obtained":[{"floor":6.0,"key":"Toy Ornithopter"},{"floor":8.0,"key":"Bag of Marbles"},{"floor":9.0,"key":"Bronze Scales"},{"floor":13.0,"key":"Bag of Preparation"},{"floor":24.0,"key":"Anchor"},{"floor":26.0,"key":"Ancient Tea Set"},{"floor":29.0,"key":"Lizard Tail"},{"floor":29.0,"key":"Singing Bowl"},{"floor":31.0,"key":"Whetstone"},{"floor":39.0,"key":"Meat on the Bone"},{"floor":41.0,"key":"Pear"},{"floor":41.0,"key":"Eternal Feather"}],"event_choices":[{"damage_healed":0.0,"max_hp_gain":0.0,"max_hp_loss":0.0,"gold_gain":0.0,"event_name":"The Library","player_choice":"Read","floor":20.0,"gold_loss":0.0,"damage_taken":0.0,"cards_obtained":["Tactician"]},{"cards_removed":["Doppelganger"],"damage_healed":0.0,"max_hp_gain":0.0,"max_hp_loss":0.0,"gold_gain":0.0,"event_name":"Purifier","player_choice":"Purged","floor":22.0,"gold_loss":0.0,"damage_taken":0.0},{"damage_healed":0.0,"max_hp_gain":0.0,"max_hp_loss":0.0,"gold_gain":0.0,"event_name":"Colosseum","player_choice":"Fight","floor":29.0,"gold_loss":0.0,"damage_taken":0.0},{"damage_healed":0.0,"max_hp_gain":0.0,"max_hp_loss":0.0,"gold_gain":0.0,"event_name":"Colosseum","player_choice":"Fought Nobs","floor":29.0,"gold_loss":0.0,"damage_taken":0.0},{"cards_removed":["Night Terror"],"damage_healed":8.0,"max_hp_gain":10.0,"max_hp_loss":0.0,"gold_gain":0.0,"event_name":"Bonfire Elementals","player_choice":"Offered Rare","floor":37.0,"gold_loss":0.0,"damage_taken":0.0}],"is_beta":false,"boss_relics":[{"not_picked":["Calling Bell","Empty Cage"],"picked":"Pandora\u0027s Box"},{"not_picked":["Coffee Dripper","Runic Dome"],"picked":"Black Star"}],"items_purged_floors":[21,36],"is_endless":false,"potions_floor_spawned":[2,14,19,24,29,35,44,45,47,48],"killed_by":"Awakened One","ascension_level":15}}