{"host":"yp47u74hk6n79vj1","time":1609382055,"event":{"mods":["BaseMod","Colored Map","Highlight Path","Minty Spire (QoL Compilation)"],"gold_per_floor":[110,110,35,35,50,50,69,85,85,117,17,28,42,69,69,69,69],"floor_reached":16,"playtime":552,"items_purged":["Strike_R","Strike_R"],"score":123,"play_id":"be3ca510-c147-4047-8a34-1e732f37a98d","local_time":"20201230213415","is_ascension_mode":true,"campfire_choices":[{"data":"Iron Wave","floor":6,"key":"SMITH"},{"data":"Body Slam","floor":15,"key":"SMITH"}],"circlet_count":0,"master_deck":["Strike_R","Strike_R","Strike_R","Defend_R","Defend_R","Defend_R","Defend_R","Iron Wave+1","Burning Pact","Body Slam+1","Entrench","Metallicize"],"relics":["Burning Blood","Oddly Smooth Stone","Mercury Hourglass","The Courier"],"acts_visited":["Exordium"],"potions_floor_usage":[16],"damage_taken":[{"damage":4,"enemies":"Jaw Worm","floor":1,"turns":4},{"damage":1,"enemies":"Cultist","floor":5,"turns":4},{"damage":0,"enemies":"2 Louse","floor":7,"turns":2},{"damage":5,"enemies":"Blue Slaver","floor":8,"turns":5},{"damage":62,"enemies":"Lagavulin","floor":10,"turns":11},{"damage":3,"enemies":"Looter","floor":12,"turns":3},{"damage":26,"enemies":"Exordium Thugs","floor":13,"turns":4},{"damage":12,"enemies":"Gremlin Nob","floor":14,"turns":6},{"damage":17,"enemies":"Hexaghost","floor":16,"turns":12}],"seed_played":"3752711908114518472","potions_obtained":[{"floor":5,"key":"LiquidBronze"},{"floor":8,"key":"Ancient Potion"}],"is_trial":false,"path_per_floor":["M","?","$","?","M","R","M","M","T","E","$","M","M","E","R","B"],"character_chosen":"IRONCLAD","items_purchased":[],"campfire_rested":0,"item_purchase_floors":[],"current_hp_per_floor":[88,88,88,93,93,93,93,93,93,37,37,40,20,14,14,0,0],"gold":69,"neow_bonus":"TEN_PERCENT_HP_BONUS","is_daily":false,"chose_seed":false,"campfire_upgraded":2,"win_rate":0.0,"timestamp":1609382055,"path_taken":["M","?","?","?","M","R","M","M","T","E","?","M","M","E","R","BOSS"],"items_purchased_type":[],"build_version":"2020-12-22","purchased_purges":2,"victory":false,"max_hp_per_floor":[88,88,88,93,93,93,93,93,93,93,93,93,93,93,93,93,93],"card_choices":[{"not_picked":["Whirlwind","Perfected Strike"],"picked":"Iron Wave","floor":1},{"not_picked":["Sever Soul","Combust","Sword Boomerang"],"picked":"SKIP","floor":5},{"not_picked":["Flex","Seeing Red"],"picked":"Body Slam","floor":7},{"not_picked":["Headbutt","Hemokinesis"],"picked":"Entrench","floor":8},{"not_picked":["Immolate","True Grit","Sword Boomerang"],"picked":"SKIP","floor":10},{"not_picked":["Twin Strike","Wild Strike","Warcry"],"picked":"SKIP","floor":12},{"not_picked":["Searing Blow","Rampage"],"picked":"Metallicize","floor":13},{"not_picked":["Uppercut","Anger","Thunderclap"],"picked":"SKIP","floor":14}],"player_experience":588467,"relics_obtained":[{"floor":9,"key":"Oddly Smooth Stone"},{"floor":10,"key":"Mercury Hourglass"},{"floor":14,"key":"The Courier"}],"event_choices":[{"damage_healed":0,"gold_gain":0,"cards_transformed":["Bash"],"player_choice":"Transformed","damage_taken":0,"max_hp_gain":0,"max_hp_loss":0,"event_name":"Transmorgrifier","floor":2,"gold_loss":0,"cards_obtained":["Burning Pact"]},{"damage_healed":0,"gold_gain":0,"player_choice":"Donut","damage_taken":0,"max_hp_gain":5,"max_hp_loss":0,"event_name":"Big Fish","floor":4,"gold_loss":0}],"is_beta":false,"boss_relics":[],"items_purged_floors":[3,11],"is_endless":false,"potions_floor_spawned":[5,8],"killed_by":"Hexaghost","ascension_level":2}}