{"host":"82vjcvwyw2j7afb1","time":1609416998,"event":{"mods":["BaseMod","Colored Map","DeckTracker","Keyboard Shortcuts","Marisa£¨Ùöéë¡¡Øª×âÞÞ£©","Minty Spire (QoL Compilation)","Permanent Neow","Quick Restart","StSLib","SuperFastMode","everything is the same but u backflip on backflip"],"gold_per_floor":[113,123,123,198,222,222,269,269,269,302,314,33,33,88,88,88,88],"floor_reached":16,"playtime":869,"items_purged":["Regret"],"score":110,"play_id":"0184f2a6-31a5-4ee8-bcf9-a9cc253669d6","local_time":"20201231211638","is_ascension_mode":false,"campfire_choices":[{"data":"UpSweep","floor":6.0,"key":"SMITH"},{"floor":8.0,"key":"REST"},{"floor":15,"key":"REST"}],"circlet_count":0,"master_deck":["Strike_MRS","Strike_MRS","Strike_MRS","Strike_MRS","Defend_MRS","Defend_MRS","Defend_MRS","MasterSpark","UpSweep+1","Orbital","Robbery","DarkSpark","Acceleration","SporeBomb","GalacticHalo","ManaConvection","OortCloud"],"relics":["MiniHakkero","Ornamental Fan","Nunchaku","AmplifyWand","Smiling Mask","Oddly Smooth Stone","Bag of Preparation"],"acts_visited":["Exordium"],"potions_floor_usage":[11],"damage_taken":[{"damage":0.0,"enemies":"2 Louse","floor":1.0,"turns":2.0},{"damage":1.0,"enemies":"Small Slimes","floor":2.0,"turns":3.0},{"damage":20.0,"enemies":"Jaw Worm","floor":5.0,"turns":4.0},{"damage":11.0,"enemies":"3 Sentries","floor":7.0,"turns":4.0},{"damage":34,"enemies":"Lagavulin","floor":10,"turns":7},{"damage":7,"enemies":"2 Fungi Beasts","floor":11,"turns":2},{"damage":0,"enemies":"3 Louse","floor":13,"turns":3},{"damage":0,"enemies":"Slime Boss","floor":16,"turns":2}],"seed_played":"2716795972583693607","potions_obtained":[{"floor":1.0,"key":"Fruit Juice"},{"floor":5.0,"key":"Fire Potion"},{"floor":10,"key":"Fire Potion"},{"floor":11,"key":"FairyPotion"}],"is_trial":false,"path_per_floor":["M","M","?","?","M","R","E","R","T","E","M","$","M","T","R","B"],"character_chosen":"MARISA","items_purchased":["ManaConvection","Oddly Smooth Stone"],"campfire_rested":2,"item_purchase_floors":[12,12],"current_hp_per_floor":[75,74,74,63,48,48,37,61,61,27,20,20,20,20,44,44,44],"gold":88,"neow_bonus":"REMOVE_CARD","is_daily":false,"chose_seed":false,"campfire_upgraded":1,"win_rate":0.0,"timestamp":1609416998,"path_taken":["M","M","?","?","M","R","E","R","T","E","M","$","M","?","R","BOSS"],"items_purchased_type":["Card","Relic"],"build_version":"2020-12-22","purchased_purges":1,"victory":false,"max_hp_per_floor":[75,75,75,75,80,80,80,80,80,80,80,80,80,80,80,80,80],"card_choices":[{"not_picked":["EnergyRecoil","GasGiant"],"picked":"Orbital","floor":1.0},{"not_picked":["AsteroidBelt","MysteriousBeam"],"picked":"Robbery","floor":2.0},{"not_picked":["DoubleSpark","WitchLeyline"],"picked":"DarkSpark","floor":5.0},{"not_picked":["NonDirectionalLaser","GravityBeat"],"picked":"Acceleration","floor":7.0},{"not_picked":["StarBarrage","StarlightTyphoon"],"picked":"SporeBomb","floor":10},{"not_picked":["WitchLeyline","MysteriousBeam"],"picked":"GalacticHalo","floor":11},{"not_picked":["Acceleration","AsteroidBelt"],"picked":"OortCloud","floor":13}],"player_experience":29303,"relics_obtained":[{"floor":7.0,"key":"Nunchaku"},{"floor":9.0,"key":"AmplifyWand"},{"floor":10,"key":"Smiling Mask"},{"floor":14,"key":"Bag of Preparation"}],"event_choices":[{"damage_healed":0.0,"max_hp_gain":0.0,"max_hp_loss":0.0,"gold_gain":0.0,"event_name":"Big Fish","player_choice":"Box","floor":3.0,"gold_loss":0.0,"damage_taken":0.0,"relics_obtained":["Ornamental Fan"],"cards_obtained":["Regret"]},{"damage_healed":0.0,"max_hp_gain":0.0,"max_hp_loss":0.0,"gold_gain":75.0,"event_name":"World of Goop","player_choice":"Gather Gold","floor":4.0,"gold_loss":0.0,"damage_taken":11.0}],"is_beta":false,"boss_relics":[],"items_purged_floors":[12],"is_endless":false,"potions_floor_spawned":[1,5,10,11],"killed_by":"Slime Boss","ascension_level":0}}