{"host":"6gnjg44wf0nz538o","time":1609411144,"event":{"mods":["AchievementEnabler","BaseMod","BetterRewards","Colored Map","Minty Spire (QoL Compilation)","Replay The Spire","Spicy Shops","StSLib","The Servant 0.9.4"],"gold_per_floor":[110,60,60,60,92,92,129,129,129,155,155,155,180,205,205,297,297,332,332,73,106,106,154,154,194,194,208,208],"floor_reached":27,"playtime":708,"items_purged":[],"score":543,"play_id":"ef35b808-d461-4d31-8ee4-fcd6ca534f84","local_time":"20201231053904","is_ascension_mode":true,"campfire_choices":[{"floor":6,"key":"REST"},{"data":"Anger","floor":8,"key":"SMITH"},{"floor":12,"key":"REST"},{"data":"Dual Wield","floor":15,"key":"SMITH"},{"floor":24,"key":"REST"}],"circlet_count":0,"master_deck":["AscendersBane","Strike_R","Strike_R","Strike_R","Strike_R","Defend_R","Defend_R","Defend_R","Defend_R","Bash","Anger+1","Clash","Spot Weakness","Abandon","Delirium","Dual Wield+1","Whirlwind","Anger"],"relics":["Burning Blood","Prayer Wheel","Replay:Bandana","Replay:Baseball","Strawberry","Ring of Misfortune","ReplayTheSpireMod:Ring of Collecting","Black Star","Enchiridion","Replay:Bottled Steam","Matryoshka","Replay:Rubber Ducky","Replay:WaspNest","Paper Frog"],"acts_visited":["Exordium","TheCity"],"potions_floor_usage":[21,23],"damage_taken":[{"damage":10,"enemies":"Small Slimes","floor":1,"turns":3},{"damage":13,"enemies":"Jaw Worm","floor":5,"turns":4},{"damage":36,"enemies":"Gremlin Nob","floor":7,"turns":5},{"damage":7,"enemies":"2 Louse","floor":13,"turns":3},{"damage":7,"enemies":"Exordium Wildlife","floor":14,"turns":3},{"damage":39,"enemies":"Slime Boss","floor":16,"turns":8},{"damage":14,"enemies":"3 Byrds","floor":18,"turns":5},{"damage":18,"enemies":"Chosen","floor":21,"turns":5},{"damage":34,"enemies":"Slavers","floor":23,"turns":5},{"damage":30,"enemies":"3 Cultists","floor":25,"turns":4},{"damage":10,"enemies":"Sentry and Sphere","floor":27,"turns":2}],"seed_played":"5410756502850441839","potions_obtained":[{"floor":1,"key":"Dexterity Potion"},{"floor":7,"key":"ColorlessPotion"}],"is_trial":false,"path_per_floor":["M","?","?","$","M","R","E","R","T","T","?","R","M","M","R","B",null,"M","?","$","M","?","E","R","M","T","M"],"character_chosen":"IRONCLAD","items_purchased":["Anger","Replay:Bottled Steam"],"campfire_rested":3,"item_purchase_floors":[0,20],"current_hp_per_floor":[68,68,43,43,36,60,30,30,30,37,37,63,62,61,61,28,72,64,48,48,36,36,8,34,10,10,0,0],"gold":208,"neow_bonus":"","is_daily":false,"chose_seed":false,"campfire_upgraded":2,"win_rate":0.0,"timestamp":1609411144,"path_taken":["M","?","?","$","M","R","E","R","T","?","?","R","M","M","R","BOSS","M","?","$","M","?","E","R","M","T","?"],"items_purchased_type":["Card","Relic"],"build_version":"2020-12-22","purchased_purges":0,"victory":false,"max_hp_per_floor":[80,80,80,80,80,80,80,80,80,87,87,87,87,87,87,87,87,87,87,87,87,87,87,87,87,87,87,87],"card_choices":[{"not_picked":["Flame Barrier","Thunderclap"],"picked":"Clash","floor":1},{"not_picked":["Defy Death","True Grit","Havoc"],"picked":"SKIP","floor":1},{"not_picked":["ReplayTheSpireMod:Strike From Hell","Cleave"],"picked":"Spot Weakness","floor":5},{"not_picked":["Shrug It Off","Defy Death","Barricade"],"picked":"SKIP","floor":5},{"not_picked":["Clothesline","Run Through","Abandon"],"picked":"SKIP","floor":7},{"not_picked":["Clothesline","Run Through"],"picked":"Abandon","floor":7},{"not_picked":["Headbutt","Heavy Blade"],"picked":"Dual Wield","floor":13},{"not_picked":["Run Through","Warcry","Clash"],"picked":"SKIP","floor":13},{"not_picked":["Massacre","Pummel","Havoc"],"picked":"SKIP","floor":14},{"not_picked":["Fire Breathing","Body Slam","Pommel Strike"],"picked":"SKIP","floor":14},{"not_picked":["Thunderclap","Wild Strike","Fire Breathing"],"picked":"SKIP","floor":18},{"not_picked":["Warcry","Body Slam","Sword Boomerang"],"picked":"SKIP","floor":18},{"not_picked":["Hemokinesis","Perfected Strike","Sword Boomerang"],"picked":"SKIP","floor":21},{"not_picked":["Ghostly Armor","Twin Strike","Blood for Blood"],"picked":"SKIP","floor":21},{"not_picked":["Replay:Undeath\u0027s Touch","Wild Strike","Shrug It Off"],"picked":"SKIP","floor":23},{"not_picked":["Clash+1","Dark Embrace+1"],"picked":"Anger","floor":25},{"not_picked":["Iron Wave","Thunderclap","Replay:Undeath\u0027s Touch"],"picked":"SKIP","floor":25}],"player_experience":509587,"relics_obtained":[{"floor":7,"key":"Replay:Baseball"},{"floor":10,"key":"Strawberry"},{"floor":11,"key":"Ring of Misfortune"},{"floor":11,"key":"ReplayTheSpireMod:Ring of Collecting"},{"floor":19,"key":"Enchiridion"},{"floor":23,"key":"Matryoshka"},{"floor":23,"key":"Replay:Rubber Ducky"},{"floor":26,"key":"Replay:WaspNest"},{"floor":26,"key":"Paper Frog"}],"event_choices":[{"cards_removed":["Strike_R"],"damage_healed":0,"gold_gain":0,"player_choice":"Card Removal","damage_taken":0,"max_hp_gain":0,"max_hp_loss":0,"event_name":"The Cleric","floor":2,"gold_loss":50},{"damage_healed":0,"gold_gain":0,"player_choice":"Success","damage_taken":25,"relics_obtained":["Replay:Bandana"],"max_hp_gain":0,"max_hp_loss":0,"event_name":"Scrap Ooze","floor":3,"gold_loss":0},{"damage_healed":0,"gold_gain":0,"player_choice":"Obtained Book","damage_taken":16,"max_hp_gain":0,"max_hp_loss":0,"event_name":"Cursed Tome","floor":19,"gold_loss":0},{"damage_healed":0,"gold_gain":0,"player_choice":"1 cards matched","damage_taken":0,"max_hp_gain":0,"max_hp_loss":0,"event_name":"Match and Keep!","floor":22,"gold_loss":0,"cards_obtained":["Whirlwind"]}],"is_beta":false,"boss_relics":[{"not_picked":["Painkiller Herb","Runic Dome"],"picked":"Black Star"}],"items_purged_floors":[],"is_endless":false,"potions_floor_spawned":[1,7,16],"killed_by":"Sentry and Sphere","ascension_level":13}}