{"host":"wonp23fsqqcu31ie","time":1609386852,"event":{"mods":["2.2 Compatiblity","AchievementEnabler","Aspiration","BaseMod","Bestiary","Better Altar","Better Match","Better Sensory Stone","Better Skull","Better Third Choice","BetterRewards","Block Reminder","Colored Map","Colored Powertips","Conspire","DeckTracker","Displayed Cursed Tome","Downfall","Hermit","Highlight Path","Hubris","Minty Spire (QoL Compilation)","Permanent Neow","Quick Restart","Rare Cards Sparkle","Relic Stats","Replay The Spire","Shade Mod","Shop Mod","StSLib","SuperFastMode","The Animator","The Cursed","The Dragon Tamer","The Gatherer","The Necromancer","The Runesmith","The Servant 0.9.4"],"gold_per_floor":[112,112,190,190,190,190,200,200,200,225,225,241,12,32,32,155,155,125,125,125,138,153,153,153,186,239,239,239,250,250,250],"floor_reached":30,"playtime":889,"items_purged":["Runesmith:Strike_RS"],"score":372,"play_id":"774aceb0-d23d-4318-a84d-610f3a067cd3","local_time":"20201231145412","is_ascension_mode":true,"campfire_choices":[{"floor":6,"key":"REST"},{"floor":11,"key":"REST"},{"floor":15,"key":"RECALL"},{"floor":23,"key":"REST"},{"data":"Runesmith:HammerThrow","floor":28,"key":"SMITH"}],"circlet_count":0,"master_deck":["Runesmith:Strike_RS","Runesmith:Strike_RS","Runesmith:Strike_RS","Runesmith:Defend_RS+1","Runesmith:Defend_RS+1","Runesmith:Defend_RS+1","Runesmith:Defend_RS+1","Runesmith:CraftFirestone","Runesmith:Fortify","Runesmith:Terraform","Runesmith:Superposition","Runesmith:EarthShield","Runesmith:Firestorm+1","Discovery","Runesmith:CraftObretio","Runesmith:DoubleUp","Runesmith:LithiumIon","Injury","Runesmith:CraftMagma","Runesmith:HammerThrow+1","Runesmith:Firestorm+1","Runesmith:UnlimitedPower+1","Runesmith:LightningRod","hubris:Sniper+1","Runesmith:HeatExchange+1","Atom Bomb","Fluid Movement+1","Blur"],"relics":["Runesmith:BrokenRuby","Sling","hubris:AstralHammer","Replay:Kaleidoscope","BargainBundle","Tiny Chest","aspiration:SeaSaltIceCream","Membership Card","Bloody Idol","conspire:Boomerang","Oddly Smooth Stone","Replay:Bottled Eggs","aspiration:SilentSkillbook","Bottled Flame","Blood Vial","Replay:Wax Seal","Potion Belt","Happy Flower"],"acts_visited":["Exordium","TheCity"],"potions_floor_usage":[16,16,16,18,13030,30,30,30],"damage_taken":[{"damage":0,"enemies":"Jaw Worm","floor":1,"turns":4},{"damage":2,"enemies":"2 Louse","floor":7,"turns":2},{"damage":0,"enemies":"conspire:RoseBush","floor":10,"turns":4},{"damage":13,"enemies":"conspire:2 RoseBushes","floor":12,"turns":4},{"damage":6,"enemies":"3 Louse","floor":14,"turns":4},{"damage":38,"enemies":"The Guardian","floor":16,"turns":9},{"damage":22,"enemies":"2 Thieves","floor":18,"turns":5},{"damage":0,"enemies":"Shell Parasite","floor":21,"turns":6},{"damage":12,"enemies":"Cultist and Chosen","floor":22,"turns":5},{"damage":3,"enemies":"Replay:Snechameleon","floor":25,"turns":5},{"damage":13,"enemies":"Sentry and Sphere","floor":29,"turns":5},{"damage":52,"enemies":"Slavers","floor":30,"turns":4}],"seed_played":"3481228977321016502","potions_obtained":[{"floor":16,"key":"hexamod:EctoCoolerPotion"},{"floor":22,"key":"ColorlessPotion"},{"floor":25,"key":"Slimebound:ThreeZeroPotion"}],"is_trial":false,"path_per_floor":["M","?","?","?","T","R","M","?","T","M","R","M","$","M","R","B",null,"M","?","T","M","M","R","?","E","T","T","R","M","E"],"character_chosen":"RUNESMITH_CLASS","items_purchased":["Sling","BargainBundle","Tiny Chest","Runesmith:Terraform","Runesmith:HammerTime","Runesmith:Superposition","Runesmith:EarthShield","Runesmith:Firestorm","Discovery","Regen Potion","SteroidPotion","PowerPotion","Oddly Smooth Stone","Replay:Bottled Eggs","Runesmith:Firestorm+1"],"campfire_rested":3,"item_purchase_floors":[0,0,0,0,0,0,0,0,0,0,0,0,13,13,13],"current_hp_per_floor":[32,32,32,32,32,53,51,51,51,51,70,57,57,51,51,28,70,48,48,48,48,36,57,21,25,30,30,30,24,0,0],"gold":250,"neow_bonus":"","is_daily":false,"chose_seed":false,"campfire_upgraded":1,"win_rate":0.0,"timestamp":1609386852,"path_taken":["M","?","?","?","?","R","M","?","T","M","R","?","$","M","R","BOSS","M","?","?","M","?","R","?","E","T","?","R","M","E"],"items_purchased_type":["Relic","Relic","Relic","Card","Card","Card","Card","Card","Card","Potion","Potion","Potion","Relic","Relic","Card"],"build_version":"2020-12-22","purchased_purges":1,"victory":false,"max_hp_per_floor":[70,70,70,70,70,70,70,70,70,70,70,70,70,70,70,70,70,70,70,70,70,70,70,70,70,70,70,70,70,70,70],"relic_stats":{"Blood Vial":8,"Happy Flower":[38],"counters":[36,184],"Bloody Idol":15,"Tiny Chest":5,"obtain_stats":[{"ReplayFunnel":44,"aspiration:Lifesprig":22,"Cursed Key":34,"Sling":0,"Blood Vial":24,"Replay:Ringing Soul":17,"Dream Catcher":17,"Chameleon Ring":29,"aspiration:DefectSkillbook":34,"hubris:AstralHammer":17,"MealTicket":26,"Tiny Chest":0,"Replay:Bottled Eggs":54,"Replay:Wax Seal":25,"Cracked Core":0,"hubris:GlazedTorus":43,"conspire:Dentures":3,"Potion Belt":19,"MerchantsRug":13,"Runesmith:BrokenRuby":0,"BargainBundle":0,"Happy Flower":13,"aspiration:Nostalgia":0,"ReplayTheSpireMod:CursedCoin":38,"Golden Idol":8,"ReplayTheSpireMod:Ring of Addiction":29,"Replay:Grab Bag":34,"Oddly Smooth Stone":13,"aspiration:HummingbirdHeart":8,"conspire:Boomerang":9,"Replay:Kaleidoscope":0,"aspiration:SeaSaltIceCream":5,"aspiration:FrozenJewel":10,"White Beast Statue":29,"WarpedTongs":37,"Calling Bell":17,"SlaversCollar":34,"Anchor":41,"Bottled Flame":20,"Ring of Misfortune":29,"Bloody Idol":24,"aspiration:SilentSkillbook":17,"Turnip":38,"Membership Card":5,"hubris:CrackedHourglass":34,"ReplayTheSpireMod:Lightbulb":20,"aspiration:HatOfInfinitePower":24},{"ReplayFunnel":21,"aspiration:Lifesprig":10,"Cursed Key":15,"Sling":24,"Blood Vial":33,"Replay:Ringing Soul":8,"Dream Catcher":8,"Chameleon Ring":14,"aspiration:DefectSkillbook":15,"hubris:AstralHammer":8,"MealTicket":13,"Tiny Chest":24,"Replay:Bottled Eggs":23,"Replay:Wax Seal":34,"Cracked Core":0,"hubris:GlazedTorus":20,"conspire:Dentures":1,"Potion Belt":9,"MerchantsRug":6,"Runesmith:BrokenRuby":0,"BargainBundle":24,"Happy Flower":6,"aspiration:Nostalgia":0,"ReplayTheSpireMod:CursedCoin":17,"Golden Idol":26,"ReplayTheSpireMod:Ring of Addiction":14,"Replay:Grab Bag":15,"Oddly Smooth Stone":28,"aspiration:HummingbirdHeart":4,"conspire:Boomerang":26,"Replay:Kaleidoscope":24,"aspiration:SeaSaltIceCream":25,"aspiration:FrozenJewel":5,"White Beast Statue":14,"WarpedTongs":17,"Calling Bell":8,"SlaversCollar":15,"Anchor":19,"Bottled Flame":31,"Ring of Misfortune":14,"Bloody Idol":33,"aspiration:SilentSkillbook":30,"Turnip":17,"Membership Card":25,"hubris:CrackedHourglass":15,"ReplayTheSpireMod:Lightbulb":9,"aspiration:HatOfInfinitePower":12},{"ReplayFunnel":104,"aspiration:Lifesprig":49,"Cursed Key":80,"Sling":127,"Blood Vial":170,"Replay:Ringing Soul":37,"Dream Catcher":37,"Chameleon Ring":70,"aspiration:DefectSkillbook":80,"hubris:AstralHammer":37,"MealTicket":66,"Tiny Chest":127,"Replay:Bottled Eggs":119,"Replay:Wax Seal":175,"Cracked Core":0,"hubris:GlazedTorus":97,"conspire:Dentures":3,"Potion Belt":42,"MerchantsRug":22,"Runesmith:BrokenRuby":0,"BargainBundle":127,"Happy Flower":22,"aspiration:Nostalgia":0,"ReplayTheSpireMod:CursedCoin":87,"Golden Idol":133,"ReplayTheSpireMod:Ring of Addiction":70,"Replay:Grab Bag":80,"Oddly Smooth Stone":141,"aspiration:HummingbirdHeart":13,"conspire:Boomerang":133,"Replay:Kaleidoscope":127,"aspiration:SeaSaltIceCream":131,"aspiration:FrozenJewel":19,"White Beast Statue":70,"WarpedTongs":87,"Calling Bell":37,"SlaversCollar":80,"Anchor":93,"Bottled Flame":159,"Ring of Misfortune":70,"Bloody Idol":170,"aspiration:SilentSkillbook":154,"Turnip":87,"Membership Card":131,"hubris:CrackedHourglass":80,"ReplayTheSpireMod:Lightbulb":42,"aspiration:HatOfInfinitePower":62}]},"card_choices":[{"not_picked":["Runesmith:Repurpose","Runesmith:Malloc"],"picked":"Runesmith:DoubleUp","floor":1},{"not_picked":["Runesmith:MakeshiftArmor","Runesmith:CraftReservo"],"picked":"Runesmith:LithiumIon","floor":7},{"not_picked":["Runesmith:RunicBlueprint","Runesmith:Repurpose"],"picked":"Runesmith:CraftMagma","floor":10},{"not_picked":["Runesmith:Grindstone","Runesmith:ShiftingStrike"],"picked":"Runesmith:HammerThrow","floor":12},{"not_picked":["Runesmith:StaticCage","Runesmith:CraftMagma"],"picked":"Runesmith:UnlimitedPower","floor":14},{"not_picked":["Runesmith:CraftPrismatica","Runesmith:Supernova"],"picked":"Runesmith:LightningRod","floor":16},{"not_picked":["Runesmith:Grindstone","Outmaneuver","Acrobatics"],"picked":"hubris:Sniper+1","floor":18},{"not_picked":["Draining Mist","Runesmith:Superposition","Bane"],"picked":"Runesmith:HeatExchange+1","floor":21},{"not_picked":["Caltrops","Runesmith:DoubleUp+1","Backflip"],"picked":"Atom Bomb","floor":22},{"not_picked":["Sucker Punch+1","Runesmith:UnstableHammer","Runesmith:CraftMagma"],"picked":"Fluid Movement+1","floor":25},{"not_picked":["Runesmith:UnstableHammer","Blade Dance","Runesmith:HeatExchange"],"picked":"Blur","floor":29}],"player_experience":415915,"relics_obtained":[{"floor":5,"key":"aspiration:SeaSaltIceCream"},{"floor":9,"key":"conspire:Boomerang"},{"floor":20,"key":"Bottled Flame"},{"floor":25,"key":"Replay:Wax Seal"},{"floor":26,"key":"Potion Belt"},{"floor":27,"key":"Happy Flower"}],"event_choices":[{"damage_healed":0,"gold_gain":78,"player_choice":"Gained Gold","damage_taken":0,"max_hp_gain":0,"max_hp_loss":0,"event_name":"Golden Wing","floor":3,"gold_loss":0},{"damage_healed":0,"gold_gain":0,"player_choice":"Leave","damage_taken":0,"max_hp_gain":0,"max_hp_loss":0,"event_name":"conspire:Investor","floor":4,"gold_loss":0},{"damage_healed":0,"gold_gain":0,"player_choice":"Take Wound","damage_taken":0,"relics_obtained":["Golden Idol"],"max_hp_gain":0,"max_hp_loss":0,"event_name":"Golden Idol","floor":8,"gold_loss":0,"cards_obtained":["Injury"]},{"damage_healed":0,"gold_gain":0,"player_choice":"Upgraded","damage_taken":0,"max_hp_gain":0,"max_hp_loss":0,"event_name":"Upgrade Shrine","floor":19,"gold_loss":0,"cards_upgraded":["Runesmith:UnlimitedPower"]},{"damage_healed":0,"gold_gain":0,"player_choice":" GoldIdol Potion Vial ","damage_taken":36,"relics_obtained":["Bloody Idol","Blood Vial"],"max_hp_gain":57,"max_hp_loss":21,"event_name":"betterAltar:BetterAltar","floor":24,"potions_obtained":["betterAltar:AltarPotion"],"relics_lost":["Golden Idol"],"gold_loss":0}],"is_beta":false,"boss_relics":[{"not_picked":["Runesmith:CoreCrystal","hubris:CrackedHourglass"],"picked":"aspiration:SilentSkillbook"}],"items_purged_floors":[0],"is_endless":false,"potions_floor_spawned":[12,14,16,22,25],"killed_by":"Slavers","ascension_level":2}}