{"host":"j45ucdvl5ntpx4kf","time":1609374927,"event":{"mods":["AchievementEnabler","BaseMod","Bestiary","Colored Map","Colored Powertips","Downfall","Minty Spire (QoL Compilation)","StSLib"],"gold_per_floor":[116,135,151,251,262,289,301,252,252,68,93,93,105,133,133,234,234,247,258,269,269,194,226,226,226,226],"floor_reached":25,"playtime":1221,"items_purged":["Clash"],"score":337,"play_id":"72edcc09-9cb4-4804-90ac-e9d03a845110","local_time":"20201230193527","is_ascension_mode":true,"campfire_choices":[{"data":"Hemokinesis","floor":15,"key":"SMITH"},{"floor":24,"key":"REST"}],"circlet_count":0,"master_deck":["Strike_R","Strike_R","Strike_R","Strike_R","Strike_R","Defend_R","Defend_R","Defend_R","Defend_R","Bash","Shrug It Off","Hemokinesis+1","Shrug It Off","Inflame","Offering","Iron Wave","Combust+1","Double Tap","Spot Weakness","Battle Trance+1","Hemokinesis+1"],"relics":["Burning Blood","Lizard Tail","Meat on the Bone","StrikeDummy","Blue Candle","Frozen Egg 2","Runic Cube","CaptainsWheel"],"acts_visited":["Exordium","TheCity"],"potions_floor_usage":[7,11,16,20,23,23,25,25],"damage_taken":[{"damage":10,"enemies":"Cultist","floor":1,"turns":5},{"damage":0,"enemies":"Small Slimes","floor":2,"turns":3},{"damage":2,"enemies":"2 Louse","floor":3,"turns":2},{"damage":32,"enemies":"Large Slime","floor":5,"turns":8},{"damage":36,"enemies":"Gremlin Nob","floor":6,"turns":5},{"damage":10,"enemies":"Gremlin Gang","floor":7,"turns":6},{"damage":21,"enemies":"Lagavulin","floor":11,"turns":6},{"damage":7,"enemies":"Exordium Wildlife","floor":13,"turns":3},{"damage":15,"enemies":"3 Sentries","floor":14,"turns":6},{"damage":12,"enemies":"Slime Boss","floor":16,"turns":5},{"damage":19,"enemies":"3 Byrds","floor":18,"turns":4},{"damage":16,"enemies":"Chosen","floor":19,"turns":4},{"damage":44,"enemies":"Centurion and Healer","floor":20,"turns":6},{"damage":24,"enemies":"Gremlin Leader","floor":23,"turns":4},{"damage":122,"enemies":"Book of Stabbing","floor":25,"turns":6}],"seed_played":"-7501416882735837856","potions_obtained":[{"floor":2,"key":"GamblersBrew"},{"floor":6,"key":"Regen Potion"},{"floor":11,"key":"Slimebound:ThreeZeroPotion"},{"floor":12,"key":"BloodPotion"},{"floor":12,"key":"HeartOfIron"},{"floor":19,"key":"Swift Potion"},{"floor":20,"key":"ColorlessPotion"},{"floor":23,"key":"BloodPotion"}],"is_trial":false,"path_per_floor":["M","M","M","?","M","E","M","?","T","$","E","?","M","E","R","B",null,"M","M","M","?","$","E","R","E"],"character_chosen":"IRONCLAD","items_purchased":["Offering","Iron Wave"],"campfire_rested":1,"item_purchase_floors":[10,10],"current_hp_per_floor":[68,72,72,72,46,16,24,24,24,24,36,36,47,50,50,44,72,59,49,37,37,37,31,52,0,0],"gold":226,"neow_bonus":"ONE_RARE_RELIC","is_daily":false,"chose_seed":false,"campfire_upgraded":1,"win_rate":0.0,"timestamp":1609374927,"path_taken":["M","?","?","?","M","E","?","?","T","$","E","?","M","E","R","BOSS","M","?","M","?","$","E","R","E"],"items_purchased_type":["Card","Card"],"build_version":"2020-12-22","purchased_purges":1,"victory":false,"max_hp_per_floor":[72,72,72,72,72,72,72,72,72,72,72,72,72,72,72,72,72,72,72,72,72,72,72,72,72,72],"card_choices":[{"not_picked":["Headbutt","Warcry"],"picked":"Shrug It Off","floor":1},{"not_picked":["Headbutt","Shrug It Off"],"picked":"Hemokinesis","floor":2},{"not_picked":["Wild Strike","Shrug It Off","Entrench"],"picked":"SKIP","floor":3},{"not_picked":["Wild Strike","Entrench"],"picked":"Shrug It Off","floor":3},{"not_picked":["Power Through","Corruption","Headbutt"],"picked":"SKIP","floor":5},{"not_picked":["Thunderclap","Clothesline"],"picked":"Inflame","floor":6},{"not_picked":["Anger","Bloodletting"],"picked":"Clash","floor":7},{"not_picked":["Shockwave","Heavy Blade","Warcry"],"picked":"SKIP","floor":11},{"not_picked":["Carnage","Metallicize","Wild Strike"],"picked":"SKIP","floor":13},{"not_picked":["Sword Boomerang","Armaments"],"picked":"Combust+1","floor":14},{"not_picked":["Fiend Fire","Offering"],"picked":"Double Tap","floor":16},{"not_picked":["Warcry","Fire Breathing+1"],"picked":"Spot Weakness","floor":18},{"not_picked":["Armaments+1","Shrug It Off"],"picked":"Battle Trance+1","floor":19},{"not_picked":["Heavy Blade+1","Body Slam+1","Clash"],"picked":"SKIP","floor":20},{"not_picked":["Carnage","Thunderclap","Wild Strike+1"],"picked":"SKIP","floor":23}],"player_experience":161756,"relics_obtained":[{"floor":6,"key":"Meat on the Bone"},{"floor":9,"key":"StrikeDummy"},{"floor":11,"key":"Blue Candle"},{"floor":14,"key":"Frozen Egg 2"},{"floor":23,"key":"CaptainsWheel"}],"event_choices":[{"damage_healed":0,"gold_gain":100,"player_choice":"Pray","damage_taken":0,"max_hp_gain":0,"max_hp_loss":0,"event_name":"Golden Shrine","floor":4,"gold_loss":0},{"damage_healed":0,"gold_gain":0,"player_choice":"Left Gold","damage_taken":0,"max_hp_gain":0,"max_hp_loss":0,"event_name":"World of Goop","floor":8,"gold_loss":49},{"damage_healed":0,"gold_gain":0,"player_choice":"Got Potions","damage_taken":0,"max_hp_gain":0,"max_hp_loss":0,"event_name":"Lab","floor":12,"gold_loss":0},{"damage_healed":0,"gold_gain":0,"player_choice":"Copied","damage_taken":0,"max_hp_gain":0,"max_hp_loss":0,"event_name":"Duplicator","floor":21,"gold_loss":0,"cards_obtained":["Hemokinesis"]}],"is_beta":false,"boss_relics":[{"not_picked":["Runic Pyramid","Fusion Hammer"],"picked":"Runic Cube"}],"items_purged_floors":[22],"is_endless":false,"potions_floor_spawned":[2,6,11,19,20,23],"killed_by":"Book of Stabbing","ascension_level":3}}