{"host":"vmo6qas4tfa0p776","time":1609444302,"event":{"mods":["AchievementEnabler","BaseMod","Bestiary","Better Altar","Better Match","Better Note","Better Sensory Stone","Better Skull","Better Third Choice","Colored Map","Downfall","GungeonMod","Minty Spire (QoL Compilation)","Relic Stats","Robot Space Explorer","Slay-I","Spicy Shops","StSLib","The Marked"],"gold_per_floor":[99,112,112,287,737,46,46,75,75,75,109,139,139,151,162,276,585,585,603,603,603],"floor_reached":20,"playtime":458,"items_purged":[],"score":326,"play_id":"2bfb8068-bc2e-4609-8207-377d9e6cb110","local_time":"20201231145142","daily_mods":["Vintage","Flight","downfall:Lament"],"is_ascension_mode":false,"campfire_choices":[{"data":"sneckomod:SnekBite","floor":1.0,"key":"SMITH"},{"data":"sneckomod:WideSting","floor":10.0,"key":"SMITH"},{"floor":18.0,"key":"RECALL"}],"circlet_count":0,"master_deck":["sneckomod:Strike","sneckomod:Strike","sneckomod:Strike","sneckomod:Defend","sneckomod:Defend","sneckomod:Defend","sneckomod:TailWhip","sneckomod:SnekBite+1","sneckomod:Unknown","sneckomod:Unknown","Doubt","Slimebound:Icky","Slimebound:Icky","sneckomod:SerpentIdol","sneckomod:UnknownCommonSkill","sneckomod:WideSting+1","sneckomod:UnknownUncommonAttack","sneckomod:SnekBite+1","sneckomod:GlitteringGambit","CurseOfTheBell","hexamod:Haunted","Clumsy"],"relics":["sneckomod:SneckoSoul","NeowsBlessing","White Beast Statue","Bag of Marbles","sneckomod:LoadedDie","Gremlin Horn","TungstenRod","Pantograph","sneckomod:ConfusingCodex","Blue Candle","HornCleat","hexamod:BolsterEngine","CeramicFish","Bronze Scales","Calling Bell","Old Coin","Frozen Egg 2","Smiling Mask"],"acts_visited":["Exordium","TheCity"],"potions_floor_usage":[],"damage_taken":[{"damage":0.0,"enemies":"Jaw Worm","floor":2.0,"turns":1.0},{"damage":0.0,"enemies":"downfall:FleeingMerchant","floor":6.0,"turns":1.0},{"damage":3.0,"enemies":"3 Sentries","floor":8.0,"turns":1.0},{"damage":24.0,"enemies":"Lagavulin","floor":11.0,"turns":5.0},{"damage":2.0,"enemies":"2 Louse","floor":14.0,"turns":2.0},{"damage":5.0,"enemies":"Small Slimes","floor":15.0,"turns":2.0},{"damage":56.0,"enemies":"downfall:Defect","floor":16.0,"turns":7.0}],"seed_played":"-7529419838135680142","potions_obtained":[{"floor":6.0,"key":"FearPotion"},{"floor":8.0,"key":"CultistPotion"},{"floor":11.0,"key":"sneckomod:DiceRollPotion"},{"floor":14.0,"key":"sneckomod:MuddlingPotion"},{"floor":15.0,"key":"BlessingOfTheForge"},{"floor":16.0,"key":"Fire Potion"}],"is_trial":true,"path_per_floor":["R","M","?","?","?","$","T","E","T","R","E","?","?","M","M","B",null,"R","?","?"],"character_chosen":"THE_SNECKO","items_purchased":["sneckomod:LoadedDie","Gremlin Horn","TungstenRod","Pantograph","sneckomod:UnknownCommonSkill"],"campfire_rested":0,"item_purchase_floors":[6,6,6,6,6],"current_hp_per_floor":[90,90,90,90,90,91,91,91,91,91,68,68,68,66,61,30,92,92,85,85,85],"gold":603,"neow_bonus":"","is_daily":false,"chose_seed":false,"campfire_upgraded":2,"win_rate":0.0,"timestamp":1609444302,"path_taken":["R","M","?","?","?","$","T","E","?","R","E","?","?","?","M","BOSS","R","?","?"],"items_purchased_type":["Relic","Relic","Relic","Relic","Card"],"build_version":"2020-12-22","purchased_purges":0,"victory":false,"max_hp_per_floor":[90,90,90,90,90,91,91,91,91,91,92,92,92,92,92,92,92,92,92,92,92],"relic_stats":{"Gremlin Horn":[4,4],"counters":[7,19],"Pantograph":25,"Blue Candle":[9],"CeramicFish":36,"Bronze Scales":[21],"Smiling Mask":0,"obtain_stats":[{"NeowsBlessing":0,"sneckomod:LoadedDie":6,"Gremlin Horn":6,"Blue Candle":9,"CeramicFish":14,"Frozen Egg 2":17,"sneckomod:SneckoSoul":0,"Smiling Mask":17,"White Beast Statue":2,"Old Coin":17,"Calling Bell":17,"HornCleat":11,"sneckomod:ConfusingCodex":8,"Pantograph":6,"Bronze Scales":15,"Bag of Marbles":3,"hexamod:BolsterEngine":12,"TungstenRod":6},{"NeowsBlessing":0,"sneckomod:LoadedDie":2,"Gremlin Horn":2,"Blue Candle":3,"CeramicFish":5,"Frozen Egg 2":7,"sneckomod:SneckoSoul":0,"Smiling Mask":7,"White Beast Statue":1,"Old Coin":7,"Calling Bell":7,"HornCleat":4,"sneckomod:ConfusingCodex":3,"Pantograph":2,"Bronze Scales":6,"Bag of Marbles":1,"hexamod:BolsterEngine":4,"TungstenRod":2},{"NeowsBlessing":0,"sneckomod:LoadedDie":2,"Gremlin Horn":2,"Blue Candle":3,"CeramicFish":10,"Frozen Egg 2":19,"sneckomod:SneckoSoul":0,"Smiling Mask":19,"White Beast Statue":1,"Old Coin":19,"Calling Bell":19,"HornCleat":8,"sneckomod:ConfusingCodex":3,"Pantograph":2,"Bronze Scales":12,"Bag of Marbles":1,"hexamod:BolsterEngine":8,"TungstenRod":2}],"TungstenRod":30},"card_choices":[{"not_picked":["sneckomod:UnknownStrike","sneckomod:UnknownBlock"],"picked":"sneckomod:SerpentIdol","floor":6.0},{"not_picked":["sneckomod:SoulRoll","sneckomod:MasterEye"],"picked":"sneckomod:WideSting","floor":8.0},{"not_picked":["sneckomod:RainOfDice","sneckomod:QuickBite"],"picked":"sneckomod:UnknownUncommonAttack","floor":11.0},{"not_picked":["sneckomod:UnknownRareSkill","sneckomod:DangerNoodle"],"picked":"sneckomod:GlitteringGambit","floor":16.0}],"player_experience":218091,"relics_obtained":[{"floor":2.0,"key":"White Beast Statue"},{"floor":8.0,"key":"sneckomod:ConfusingCodex"},{"floor":9.0,"key":"Blue Candle"},{"floor":11.0,"key":"HornCleat"},{"floor":14.0,"key":"CeramicFish"},{"floor":15.0,"key":"Bronze Scales"},{"floor":17.0,"key":"Old Coin"},{"floor":17.0,"key":"Frozen Egg 2"},{"floor":17.0,"key":"Smiling Mask"}],"event_choices":[{"damage_healed":0.0,"max_hp_gain":0.0,"max_hp_loss":0.0,"gold_gain":0.0,"event_name":"Big Fish","player_choice":"Box","floor":3.0,"gold_loss":0.0,"damage_taken":0.0,"relics_obtained":["Bag of Marbles"],"cards_obtained":["Regret"]},{"damage_healed":0.0,"max_hp_gain":0.0,"max_hp_loss":0.0,"gold_gain":1.0,"event_name":"betterStone:BetterStone","player_choice":"4","floor":13.0,"gold_loss":0.0,"damage_taken":0.0,"cards_obtained":["sneckomod:SnekBite"]}],"is_beta":false,"boss_relics":[{"not_picked":["SlaversCollar","Runic Dome"],"picked":"Calling Bell"}],"items_purged_floors":[],"is_endless":true,"potions_floor_spawned":[6,8,11,14,15,16],"ascension_level":0}}