{"host":"xjyie0ctswsml60g","time":1609399355,"event":{"mods":["AchievementEnabler","BaseMod","Colored Map","Minty Spire (QoL Compilation)","Quick Restart","SuperFastMode"],"gold_per_floor":[110,120,135,148,161,161,236,249,274,274,301,311,344,371,383,492,504,529,572,584,584],"floor_reached":20,"playtime":1026,"items_purged":[],"score":188,"play_id":"05fb7677-1463-411f-86b3-396866e79030","local_time":"20201231092235","is_ascension_mode":false,"campfire_choices":[{"floor":6.0,"key":"RECALL"},{"floor":15,"key":"REST"}],"circlet_count":0,"master_deck":["Strike_P","Strike_P","Strike_P","Strike_P","Defend_P","Defend_P","Defend_P","Defend_P","Eruption","Vigilance","FlurryOfBlows","CutThroughFate","FlyingSleeves+1","Perseverance","TalkToTheHand+1","Wireheading","FlurryOfBlows","DevaForm","FollowUp+1","FollowUp+1"],"relics":["PureWater","Strawberry","MawBank","Sozu","Red Mask"],"acts_visited":["Exordium","TheCity"],"potions_floor_usage":[12,16],"damage_taken":[{"damage":0.0,"enemies":"Small Slimes","floor":1.0,"turns":4.0},{"damage":0.0,"enemies":"2 Louse","floor":2.0,"turns":2.0},{"damage":0.0,"enemies":"Jaw Worm","floor":3.0,"turns":1.0},{"damage":0.0,"enemies":"Exordium Wildlife","floor":4.0,"turns":3.0},{"damage":6.0,"enemies":"3 Louse","floor":5.0,"turns":3.0},{"damage":1.0,"enemies":"2 Fungi Beasts","floor":8.0,"turns":2.0},{"damage":8.0,"enemies":"Gremlin Nob","floor":11.0,"turns":4.0},{"damage":8,"enemies":"Gremlin Gang","floor":12,"turns":4},{"damage":28,"enemies":"3 Sentries","floor":13,"turns":8},{"damage":0,"enemies":"Looter","floor":14,"turns":3},{"damage":24,"enemies":"Hexaghost","floor":16,"turns":6},{"damage":5,"enemies":"3 Byrds","floor":18,"turns":6},{"damage":65,"enemies":"Masked Bandits","floor":19,"turns":6}],"seed_played":"-3271191277026186442","potions_obtained":[{"floor":1.0,"key":"SteroidPotion"},{"floor":3.0,"key":"Dexterity Potion"},{"floor":4.0,"key":"FearPotion"},{"floor":11.0,"key":"Strength Potion"}],"is_trial":false,"path_per_floor":["M","M","M","M","M","R","?","M","T","?","E","M","E","M","R","B",null,"M","?","?"],"character_chosen":"WATCHER","items_purchased":[],"campfire_rested":1,"item_purchase_floors":[],"current_hp_per_floor":[79,79,79,79,73,73,62,61,61,45,44,36,8,8,33,9,86,81,16,0,0],"gold":584,"neow_bonus":"TEN_PERCENT_HP_BONUS","is_daily":false,"chose_seed":false,"campfire_upgraded":0,"win_rate":0.0,"timestamp":1609399355,"path_taken":["M","M","M","M","M","R","?","M","T","?","E","M","E","M","R","BOSS","M","?","?"],"items_purchased_type":[],"build_version":"2020-12-22","purchased_purges":0,"victory":false,"max_hp_per_floor":[79,79,79,79,79,79,79,79,79,79,86,86,86,86,86,86,86,86,86,86,86],"card_choices":[{"not_picked":["Pray","WheelKick"],"picked":"FlurryOfBlows","floor":1.0},{"not_picked":["BowlingBash","Halt"],"picked":"CutThroughFate","floor":2.0},{"not_picked":["Protect","JustLucky"],"picked":"FlyingSleeves","floor":3.0},{"not_picked":["Evaluate","Worship"],"picked":"Perseverance","floor":4.0},{"not_picked":["BowlingBash","Crescendo","WheelKick"],"picked":"SKIP","floor":5.0},{"not_picked":["PathToVictory","Adaptation"],"picked":"TalkToTheHand","floor":8.0},{"not_picked":["Consecrate","Pray"],"picked":"Wireheading","floor":11.0},{"not_picked":["BowlingBash","Halt"],"picked":"FlurryOfBlows","floor":12},{"not_picked":["Crescendo","ClearTheMind","Swivel"],"picked":"SKIP","floor":13},{"not_picked":["Halt","CrushJoints","Brilliance"],"picked":"SKIP","floor":14},{"not_picked":["Brilliance","Blasphemy"],"picked":"DevaForm","floor":16},{"not_picked":["FearNoEvil","CarveReality+1"],"picked":"FollowUp+1","floor":18},{"not_picked":["ReachHeaven","SignatureMove"],"picked":"FollowUp+1","floor":19}],"player_experience":458227,"relics_obtained":[{"floor":11.0,"key":"Strawberry"},{"floor":13,"key":"MawBank"},{"floor":19,"key":"Red Mask"}],"event_choices":[{"damage_healed":0.0,"max_hp_gain":0.0,"max_hp_loss":0.0,"gold_gain":75.0,"event_name":"World of Goop","player_choice":"Gather Gold","floor":7.0,"gold_loss":0.0,"damage_taken":11.0},{"damage_healed":0.0,"max_hp_gain":0.0,"max_hp_loss":0.0,"gold_gain":0.0,"event_name":"Shining Light","player_choice":"Entered Light","floor":10.0,"gold_loss":0.0,"damage_taken":16.0,"cards_upgraded":["TalkToTheHand","FlyingSleeves"]},{"damage_healed":0,"gold_gain":0,"player_choice":"Fought Bandits","damage_taken":0,"max_hp_gain":0,"max_hp_loss":0,"event_name":"Masked Bandits","floor":19,"gold_loss":0}],"is_beta":false,"boss_relics":[{"not_picked":["Runic Dome","HolyWater"],"picked":"Sozu"}],"items_purged_floors":[],"is_endless":false,"potions_floor_spawned":[1,3,4,11],"ascension_level":0}}