{"host":"1rf9pknejqhzkc4o","time":1609409904,"event":{"mods":["Aspiration","BaseMod","Better Altar","Better Match","Better Note","Better Sensory Stone","Better Skull","Better Third Choice","Colored Map","Colored Powertips","Communication Mod","Conspire","Energized Spire","Hubris","Infinite Spire","Ironclad Rager","Minty Spire (QoL Compilation)","Quick Restart","RNG Fix","Rare Cards Sparkle","Relic Stats","Replay The Spire","Retaliation","Spicy Shops","StSLib","The Blue Laboratory","Trackpad"],"gold_per_floor":[114,114,126,143,21,49,49,67,114,114,114,143,143,43,43,143,143,160,87,87,97,112,112,112,112,166,166,166,166,180,192,192,291,291,308,308,308,308,319,319,329,329,329,345,362,362,362],"floor_reached":46,"playtime":2099,"items_purged":["Injury"],"score":503,"play_id":"1afe81dd-76d6-4bd3-bd6e-178208118a64","local_time":"20201231131824","is_ascension_mode":false,"campfire_choices":[{"data":"Replay:Hum","floor":7.0,"key":"SMITH"},{"data":"Vigilance","floor":11.0,"key":"SMITH"},{"floor":13.0,"key":"REST"},{"data":"Ghostly","floor":15.0,"key":"SMITH"},{"floor":23.0,"key":"REST"},{"data":"ICR:DragonStrike","floor":27.0,"key":"SMITH"},{"floor":32.0,"key":"REST"},{"floor":40.0,"key":"REST"},{"floor":42.0,"key":"REST"}],"circlet_count":0,"master_deck":["Eruption+1","Vigilance+1","ICR:DragonStrike","ICR:DragonStrike+2","ICR:DragonStrike","ICR:DragonStrike","ICR:CraneWing","ICR:CraneWing","ICR:CraneWing","ICR:CraneWing","Replay:Hum+1","FollowUp+1","FollowUp+1","LessonLearned+1","FollowUp+1","Ghostly+1","LessonLearned+1","Consecrate+1","EmptyFist+1","Ghostly+1","SandsOfTime+1","Replay:Battleflow+1","Vault+1","ClearTheMind+1","infinitespire:Menacing+1","Prostrate+1","ForeignInfluence+1","Crescendo+1","Consecrate+1"],"relics":["PureWater","Molten Egg 2","ReplayTheSpireMod:Shallot","Simple Rune","WingedGreaves","Honey Jar","hubris:TinFlute","conspire:RoyalGoblet","TheAbacus","Bag of Preparation","Toxic Egg 2","conspire:RunicOctahedron","hubris:Towel"],"acts_visited":["Exordium","TheCity","TheBeyond"],"potions_floor_usage":[],"damage_taken":[{"damage":15.0,"enemies":"Small Slimes","floor":1.0,"turns":2.0},{"damage":3.0,"enemies":"Jaw Worm","floor":3.0,"turns":4.0},{"damage":2.0,"enemies":"Cultist","floor":4.0,"turns":3.0},{"damage":0.0,"enemies":"Gremlin Nob","floor":6.0,"turns":2.0},{"damage":2.0,"enemies":"Exordium Thugs","floor":8.0,"turns":3.0},{"damage":17.0,"enemies":"3 Sentries","floor":12.0,"turns":5.0},{"damage":0.0,"enemies":"Slime Boss","floor":16.0,"turns":3.0},{"damage":13.0,"enemies":"Spheric Guardian","floor":18.0,"turns":4.0},{"damage":0.0,"enemies":"Shell Parasite","floor":21.0,"turns":4.0},{"damage":18.0,"enemies":"Snake Plant","floor":22.0,"turns":4.0},{"damage":0.0,"enemies":"Cultist and Chosen","floor":30.0,"turns":6.0},{"damage":16.0,"enemies":"Chosen and Byrds","floor":31.0,"turns":6.0},{"damage":19.0,"enemies":"Automaton","floor":33.0,"turns":9.0},{"damage":0.0,"enemies":"Orb Walker","floor":35.0,"turns":2.0},{"damage":11.0,"enemies":"3 Shapes","floor":39.0,"turns":3.0},{"damage":15.0,"enemies":"3 Darklings","floor":41.0,"turns":4.0},{"damage":31,"enemies":"Writhing Mass","floor":44,"turns":7},{"damage":17,"enemies":"Sphere and 2 Shapes","floor":45,"turns":3},{"damage":24,"enemies":"Spire Growth","floor":46,"turns":2}],"seed_played":"-4476861112939336740","potions_obtained":[{"floor":3.0,"key":"blueLaboratory:BottledTrinity"},{"floor":4.0,"key":"blueLaboratory:HorrorPotion"},{"floor":6.0,"key":"Block Potion"},{"floor":16.0,"key":"Reflective Coating"},{"floor":21.0,"key":"DDmod:CleansePotion"},{"floor":30.0,"key":"Elixir"},{"floor":31.0,"key":"blueLaboratory:HorrorPotion"},{"floor":41.0,"key":"blueLaboratory:BottleOfRum"},{"floor":44,"key":"LiquidBronze"}],"is_trial":false,"path_per_floor":["M","?","M","M","$","E","R","M","T","?","R","E","R","?","R","B",null,"M","$","?","M","M","R","?","AVR","T","R","?","?","M","M","R","B",null,"M","?","?","?","M","R","M","R","T","M","M","M"],"character_chosen":"WATCHER","items_purchased":["FollowUp+1","DuplicationPotion"],"campfire_rested":5,"item_purchase_floors":[5,19],"current_hp_per_floor":[57,57,54,52,52,52,52,50,50,50,50,33,54,54,54,54,72,59,59,59,59,41,62,62,62,62,62,62,62,62,46,67,48,72,72,72,53,53,42,63,48,69,69,38,21,0,0],"gold":362,"neow_bonus":"WATCHER_MONK","is_daily":false,"chose_seed":false,"campfire_upgraded":4,"win_rate":0.0,"timestamp":1609409904,"path_taken":["M","?","M","?","$","E","R","M","T","?","R","E","R","?","R","BOSS","M","$","?","M","M","R","?","AVR","T","R","?","?","M","?","R","BOSS","M","?","?","?","?","R","M","R","T","M","M","M"],"items_purchased_type":["Card","Potion"],"build_version":"2020-12-22","purchased_purges":1,"victory":false,"max_hp_per_floor":[72,72,72,72,72,72,72,72,72,72,72,72,72,72,72,72,72,72,72,72,72,72,72,72,72,72,72,72,72,72,72,72,72,72,72,72,72,72,72,72,72,72,72,72,72,72,72],"relic_stats":{"TheAbacus":[36],"counters":[19,76],"Bag of Preparation":[18],"obtain_stats":[{"conspire:RoyalGoblet":25,"conspire:RunicOctahedron":34,"Bag of Preparation":26,"hubris:Towel":38,"TheAbacus":25,"ReplayTheSpireMod:Shallot":6,"Honey Jar":17,"Molten Egg 2":2,"Simple Rune":9,"WingedGreaves":12,"PureWater":0,"Toxic Egg 2":29,"hubris:TinFlute":20},{"conspire:RoyalGoblet":10,"conspire:RunicOctahedron":13,"Bag of Preparation":10,"hubris:Towel":14,"TheAbacus":10,"ReplayTheSpireMod:Shallot":4,"Honey Jar":7,"Molten Egg 2":1,"Simple Rune":5,"WingedGreaves":6,"PureWater":0,"Toxic Egg 2":10,"hubris:TinFlute":8},{"conspire:RoyalGoblet":34,"conspire:RunicOctahedron":55,"Bag of Preparation":34,"hubris:Towel":57,"TheAbacus":34,"ReplayTheSpireMod:Shallot":11,"Honey Jar":22,"Molten Egg 2":2,"Simple Rune":14,"WingedGreaves":19,"PureWater":0,"Toxic Egg 2":34,"hubris:TinFlute":26}]},"card_choices":[{"not_picked":["Replay:ManipulateFuture","PathToVictory","Replay:Cycle"],"picked":"SKIP","floor":1.0},{"not_picked":["Pray","ThirdEye"],"picked":"Replay:Hum","floor":3.0},{"not_picked":["Protect","Replay:ManipulateFuture"],"picked":"FollowUp+1","floor":4.0},{"not_picked":["BowlingBash+1","CarveReality+1"],"picked":"LessonLearned+1","floor":6.0},{"not_picked":["Replay:Vibes","Meditate"],"picked":"Replay:ManipulateFuture","floor":8.0},{"not_picked":["Prostrate","Evaluate"],"picked":"FollowUp+1","floor":12.0},{"not_picked":["Replay:LoomingThreat","Omniscience"],"picked":"LessonLearned+1","floor":16.0},{"not_picked":["WheelKick+1","FlyingSleeves+1","Weave+1"],"picked":"CrushJoints+1","floor":18.0},{"not_picked":["Vengeance","Replay:Battleflow+1","ThirdEye"],"picked":"Consecrate+1","floor":21.0},{"not_picked":["Wallop+1","DeceiveReality+1","CarveReality+1"],"picked":"EmptyFist+1","floor":22.0},{"not_picked":["LikeWater","Halt+1","Replay:BluntJabs+1"],"picked":"SandsOfTime+1","floor":30.0},{"not_picked":["Pray+1","Conclude+1","EmptyFist+1"],"picked":"Replay:Battleflow+1","floor":31.0},{"not_picked":["Blasphemy+1","Replay:AllIn+1","Wish+1"],"picked":"Vault+1","floor":33.0},{"not_picked":["Pray+1","Replay:ManipulateFuture+1","DeceiveReality+1"],"picked":"ClearTheMind+1","floor":35.0},{"not_picked":["infinitespire:FinalStrike","infinitespire:FutureSight"],"picked":"infinitespire:Menacing","floor":37.0},{"not_picked":["JustLucky+1","SashWhip+1","Tantrum+1"],"picked":"Prostrate+1","floor":39.0},{"not_picked":["SignatureMove+1","Consecrate+1","Replay:AtTheReady+1"],"picked":"ForeignInfluence+1","floor":41.0},{"not_picked":["JustLucky+1","BowlingBash+1","Protect+1"],"picked":"Crescendo+1","floor":44},{"not_picked":["Nirvana+1","Fasting2+1","Replay:Hum+1"],"picked":"Consecrate+1","floor":45}],"player_experience":154891,"relics_obtained":[{"floor":6.0,"key":"ReplayTheSpireMod:Shallot"},{"floor":9.0,"key":"Simple Rune"},{"floor":12.0,"key":"WingedGreaves"},{"floor":26.0,"key":"Bag of Preparation"}],"event_choices":[{"damage_healed":0.0,"max_hp_gain":0.0,"max_hp_loss":0.0,"gold_gain":0.0,"event_name":"Upgrade Shrine","player_choice":"Upgraded","floor":10.0,"gold_loss":0.0,"damage_taken":0.0,"cards_upgraded":["Replay:ManipulateFuture"]},{"damage_healed":0.0,"max_hp_gain":0.0,"max_hp_loss":0.0,"gold_gain":0.0,"event_name":"conspire:LoneGhost","player_choice":"Argue","floor":14.0,"gold_loss":0.0,"damage_taken":0.0},{"cards_removed":["CrushJoints"],"damage_healed":0.0,"max_hp_gain":0.0,"max_hp_loss":0.0,"gold_gain":0.0,"event_name":"WeMeetAgain","player_choice":"Gave Card","floor":20.0,"gold_loss":0.0,"damage_taken":0.0,"relics_obtained":["hubris:TinFlute"]},{"cards_removed":["Replay:ManipulateFuture"],"damage_healed":0.0,"max_hp_gain":0.0,"max_hp_loss":0.0,"gold_gain":0.0,"event_name":"Purifier","player_choice":"Purged","floor":24.0,"gold_loss":0.0,"damage_taken":0.0},{"damage_healed":0.0,"max_hp_gain":0.0,"max_hp_loss":0.0,"gold_gain":0.0,"event_name":"Duplicator","player_choice":"Copied","floor":28.0,"gold_loss":0.0,"damage_taken":0.0,"cards_obtained":["Ghostly"]}],"is_beta":false,"boss_relics":[{"not_picked":["energizedSpire:MagnifyingGlass","Ectoplasm"],"picked":"Honey Jar"},{"not_picked":["energizedSpire:OgreHead","aspiration:RunicSpoon"],"picked":"conspire:RunicOctahedron"}],"items_purged_floors":[5],"is_endless":false,"potions_floor_spawned":[3,4,6,16,21,30,31,41,44],"killed_by":"Spire Growth","ascension_level":0}}