{"host":"08xvxt5w1s7zc7e5","time":1609385670,"event":{"mods":["BaseMod","Minty Spire (QoL Compilation)","StSLib","SuperFastMode"],"gold_per_floor":[166,91,91,106,118,118,129,129,129,129,104,118,135,154,154,232,232,252,140,65,65,65,65,65,65],"floor_reached":24,"playtime":472,"items_purged":["Defend_P"],"score":335,"play_id":"8640702b-0d8a-414e-b2e7-b9a9e02b2d88","local_time":"20201231123430","is_ascension_mode":true,"campfire_choices":[{"data":"Eruption","floor":6,"key":"SMITH"},{"data":"EmptyMind","floor":8,"key":"SMITH"},{"floor":15,"key":"REST"},{"data":"MentalFortress","floor":23,"key":"SMITH"}],"circlet_count":0,"master_deck":["AscendersBane","Strike_P","Strike_P+1","Defend_P","Eruption+1","Vigilance","FearNoEvil","Consecrate","EmptyMind+1","Halt","MentalFortress+1"],"relics":["Tiny House","Gremlin Horn","SacredBark"],"acts_visited":["Exordium","TheCity"],"potions_floor_usage":[16,18],"damage_taken":[{"damage":9,"enemies":"2 Louse","floor":1,"turns":2},{"damage":7,"enemies":"Jaw Worm","floor":4,"turns":3},{"damage":1,"enemies":"Cultist","floor":5,"turns":3},{"damage":0,"enemies":"Gremlin Gang","floor":7,"turns":4},{"damage":3,"enemies":"Lots of Slimes","floor":12,"turns":2},{"damage":14,"enemies":"Looter","floor":13,"turns":3},{"damage":3,"enemies":"Large Slime","floor":14,"turns":4},{"damage":38,"enemies":"The Guardian","floor":16,"turns":11},{"damage":8,"enemies":"2 Thieves","floor":18,"turns":4},{"damage":50,"enemies":"Book of Stabbing","floor":24,"turns":5}],"seed_played":"-8663239504447776229","potions_obtained":[{"floor":0,"key":"SkillPotion"},{"floor":4,"key":"AttackPotion"},{"floor":7,"key":"Fire Potion"}],"is_trial":false,"path_per_floor":["M","?","?","M","M","R","M","R","T","?","$","M","M","M","R","B",null,"M","$","?","$","?","R","E"],"character_chosen":"WATCHER","items_purchased":["Halt","MentalFortress"],"campfire_rested":1,"item_purchase_floors":[11,19],"current_hp_per_floor":[57,57,50,43,42,42,42,42,42,42,42,39,25,22,43,5,56,48,48,48,48,48,48,0,0],"gold":65,"neow_bonus":"BOSS_RELIC","is_daily":false,"chose_seed":false,"campfire_upgraded":3,"win_rate":0.0,"timestamp":1609385670,"path_taken":["M","?","?","?","M","R","M","R","T","?","?","?","M","M","R","BOSS","M","$","?","$","?","R","E"],"items_purchased_type":["Card","Card"],"build_version":"2020-12-22","purchased_purges":1,"victory":false,"max_hp_per_floor":[73,73,73,73,73,73,73,73,73,73,73,73,73,73,73,73,73,73,73,73,73,73,73,73,73],"card_choices":[{"not_picked":["PathToVictory","FlyingSleeves"],"picked":"FearNoEvil","floor":0},{"not_picked":["Crescendo","Wireheading"],"picked":"Consecrate","floor":1},{"not_picked":["Omniscience","Crescendo","FlyingSleeves"],"picked":"SKIP","floor":4},{"not_picked":["Protect","ThirdEye"],"picked":"EmptyMind","floor":5},{"not_picked":["CrushJoints","Worship","Meditate"],"picked":"SKIP","floor":7},{"not_picked":["Indignation","CutThroughFate","Halt"],"picked":"SKIP","floor":12},{"not_picked":["Halt","FlurryOfBlows","JustLucky"],"picked":"SKIP","floor":13},{"not_picked":["WaveOfTheHand","SashWhip","Protect"],"picked":"SKIP","floor":14},{"not_picked":["Evaluate+1","SashWhip","Indignation"],"picked":"SKIP","floor":18}],"player_experience":228589,"relics_obtained":[{"floor":9,"key":"Gremlin Horn"}],"event_choices":[{"cards_removed":["Defend_P"],"damage_healed":0,"gold_gain":0,"player_choice":"Card Removal","damage_taken":0,"max_hp_gain":0,"max_hp_loss":0,"event_name":"The Cleric","floor":2,"gold_loss":75},{"cards_removed":["Strike_P"],"damage_healed":0,"gold_gain":0,"player_choice":"Card Removal","damage_taken":7,"max_hp_gain":0,"max_hp_loss":0,"event_name":"Golden Wing","floor":3,"gold_loss":0},{"cards_removed":["Defend_P"],"damage_healed":0,"gold_gain":0,"player_choice":"Offered Basic","damage_taken":0,"max_hp_gain":0,"max_hp_loss":0,"event_name":"Bonfire Elementals","floor":10,"gold_loss":0},{"cards_removed":["Strike_P"],"damage_healed":0,"gold_gain":0,"player_choice":"Gave Gold","damage_taken":0,"max_hp_gain":0,"max_hp_loss":0,"event_name":"Beggar","floor":20,"gold_loss":75},{"damage_healed":0,"gold_gain":0,"player_choice":"Ignored","damage_taken":0,"max_hp_gain":0,"max_hp_loss":0,"event_name":"Vampires","floor":22,"gold_loss":0}],"is_beta":false,"boss_relics":[{"not_picked":["Snecko Eye","Black Star"],"picked":"SacredBark"}],"items_purged_floors":[19],"is_endless":false,"potions_floor_spawned":[4,7,13],"killed_by":"Book of Stabbing","ascension_level":16}}