{"host":"oigynbtg272c19pw","time":1609442164,"event":{"mods":["BaseMod","Colored Map","Minty Spire (QoL Compilation)","Relic Stats","StSLib"],"gold_per_floor":[109,184,197,209,225,225,34,34,57,57,84,84,111,130,130,204,204,214,170,170,187,204,204,221,221,248,248,248,123,136,165,165,241,241,253,253,34,34,34],"floor_reached":38,"playtime":2349,"items_purged":["Strike_G+1","Strike_G+1"],"score":908,"play_id":"c48746dd-fbbd-4ea6-b733-cd0d72052e57","local_time":"20201231201604","is_ascension_mode":true,"campfire_choices":[{"floor":6.0,"key":"REST"},{"data":"Noxious Fumes","floor":10.0,"key":"SMITH"},{"floor":12,"key":"REST"},{"data":"Well Laid Plans","floor":15,"key":"SMITH"},{"floor":23,"key":"REST"},{"floor":25,"key":"REST"},{"data":"Footwork","floor":27,"key":"SMITH"},{"data":"Backflip","floor":32,"key":"SMITH"}],"circlet_count":0,"master_deck":["AscendersBane","Strike_G+1","Strike_G+1","Strike_G+1","Defend_G+1","Defend_G+1","Defend_G+1","Defend_G+1","Defend_G+1","Survivor","Neutralize","Deadly Poison","Noxious Fumes+1","Well Laid Plans+1","Dagger Spray","Leg Sweep","Reflex","Noxious Fumes","After Image","Tools of the Trade","Heel Hook","Blade Dance","Backflip+1","Footwork+1","Prepared","Wraith Form v2","Venomology","Wraith Form v2","Escape Plan","Reflex+1","Grand Finale","HandOfGreed","Tactician","Footwork"],"relics":["Ring of the Snake","Membership Card","Orichalcum","Toy Ornithopter","Nunchaku","HoveringKite","Boot","Orrery","Bottled Lightning","Busted Crown","ClockworkSouvenir","HornCleat"],"acts_visited":["Exordium","TheCity","TheBeyond"],"potions_floor_usage":[13,16,18,21,22,30,31,31,31,33],"damage_taken":[{"damage":3.0,"enemies":"Cultist","floor":1.0,"turns":4.0},{"damage":24.0,"enemies":"Small Slimes","floor":3.0,"turns":5.0},{"damage":7.0,"enemies":"Jaw Worm","floor":4.0,"turns":4.0},{"damage":1.0,"enemies":"Looter","floor":5.0,"turns":4.0},{"damage":14,"enemies":"3 Sentries","floor":11,"turns":9},{"damage":41,"enemies":"Gremlin Nob","floor":13,"turns":5},{"damage":18,"enemies":"Exordium Wildlife","floor":14,"turns":4},{"damage":10,"enemies":"The Guardian","floor":16,"turns":11},{"damage":9,"enemies":"Spheric Guardian","floor":18,"turns":5},{"damage":18,"enemies":"2 Thieves","floor":19,"turns":5},{"damage":38,"enemies":"Snake Plant","floor":21,"turns":8},{"damage":16,"enemies":"Centurion and Healer","floor":22,"turns":7},{"damage":13,"enemies":"Shelled Parasite and Fungi","floor":24,"turns":8},{"damage":4,"enemies":"Snake Plant","floor":30,"turns":6},{"damage":49,"enemies":"Slavers","floor":31,"turns":9},{"damage":0,"enemies":"Champ","floor":33,"turns":16},{"damage":0,"enemies":"3 Shapes","floor":35,"turns":5}],"seed_played":"-2924298796148518703","potions_obtained":[{"floor":3.0,"key":"DuplicationPotion"},{"floor":11,"key":"ColorlessPotion"},{"floor":13,"key":"LiquidMemories"},{"floor":16,"key":"Poison Potion"},{"floor":18,"key":"Dexterity Potion"},{"floor":21,"key":"EssenceOfSteel"},{"floor":24,"key":"Swift Potion"},{"floor":30,"key":"CunningPotion"},{"floor":33,"key":"PowerPotion"}],"is_trial":false,"path_per_floor":["M","?","M","M","M","R","$","?","T","R","E","R","E","M","R","B",null,"M","M","?","M","M","R","M","R","T","R","?","$","M","E","R","B",null,"M","?","$","?"],"character_chosen":"THE_SILENT","items_purchased":["Membership Card","Leg Sweep","Orrery","ClockworkSouvenir","Tactician","Footwork"],"campfire_rested":4,"item_purchase_floors":[7,7,29,37,37,37],"current_hp_per_floor":[56,45,21,14,13,32,32,27,27,27,13,32,43,25,25,20,55,51,33,46,13,2,21,8,27,27,27,27,27,28,44,44,49,62,62,52,52,52,52],"gold":34,"neow_bonus":"THREE_CARDS","is_daily":false,"chose_seed":false,"campfire_upgraded":4,"win_rate":0.0,"timestamp":1609442164,"path_taken":["M","?","M","M","M","R","$","?","T","R","E","R","E","M","R","BOSS","M","M","?","M","M","R","M","R","T","R","?","$","M","E","R","BOSS","M","?","$","?"],"items_purchased_type":["Relic","Card","Relic","Relic","Card","Card"],"build_version":"2020-12-13","purchased_purges":2,"victory":false,"max_hp_per_floor":[66,66,66,66,66,66,66,66,66,66,66,66,66,66,66,66,66,66,66,66,66,66,66,66,66,66,66,66,66,66,66,66,66,66,66,66,66,66,66],"relic_stats":{"Nunchaku":[16],"Busted Crown":8,"counters":[17,115],"HoveringKite":[50],"Orichalcum":[102],"Boot":[86],"obtain_stats":[{"Nunchaku":13,"Busted Crown":34,"HornCleat":38,"HoveringKite":17,"Orrery":29,"Membership Card":7,"Bottled Lightning":31,"Orichalcum":8,"Boot":26,"Toy Ornithopter":9,"Ring of the Snake":0,"ClockworkSouvenir":37},{"Nunchaku":6,"Busted Crown":16,"HornCleat":17,"HoveringKite":8,"Orrery":13,"Membership Card":4,"Bottled Lightning":15,"Orichalcum":4,"Boot":13,"Toy Ornithopter":4,"Ring of the Snake":0,"ClockworkSouvenir":17},{"Nunchaku":31,"Busted Crown":110,"HornCleat":115,"HoveringKite":46,"Orrery":79,"Membership Card":17,"Bottled Lightning":94,"Orichalcum":17,"Boot":79,"Toy Ornithopter":17,"Ring of the Snake":0,"ClockworkSouvenir":115}],"Toy Ornithopter":50,"Ring of the Snake":[34]},"card_choices":[{"not_picked":["Poisoned Stab","Backflip"],"picked":"Prepared","floor":0.0},{"not_picked":["Poisoned Stab","Expertise"],"picked":"Deadly Poison","floor":1.0},{"not_picked":["Backflip","PiercingWail"],"picked":"Noxious Fumes","floor":3.0},{"not_picked":["Caltrops","Flechettes"],"picked":"Well Laid Plans","floor":4.0},{"not_picked":["Deadly Poison","Dodge and Roll"],"picked":"Dagger Spray","floor":5.0},{"not_picked":["Escape Plan","Choke"],"picked":"Reflex","floor":11},{"not_picked":["Outmaneuver","Endless Agony"],"picked":"Noxious Fumes","floor":13},{"not_picked":["Blade Dance","Flechettes"],"picked":"After Image","floor":14},{"not_picked":["Envenom","Phantasmal Killer"],"picked":"Tools of the Trade","floor":16},{"not_picked":["Slice","Blade Dance"],"picked":"Heel Hook","floor":18},{"not_picked":["Deflect","Slice"],"picked":"Blade Dance","floor":19},{"not_picked":["Dagger Throw","Expertise"],"picked":"Backflip","floor":21},{"not_picked":["Infinite Blades","Dodge and Roll+1"],"picked":"Footwork","floor":22},{"not_picked":["Outmaneuver","Setup"],"picked":"Prepared","floor":24},{"not_picked":["Dagger Spray","Flechettes+1"],"picked":"Wraith Form v2","floor":29},{"not_picked":["PiercingWail","Deflect"],"picked":"Venomology","floor":29},{"not_picked":["Malaise","Venomology"],"picked":"Wraith Form v2","floor":29},{"not_picked":["Outmaneuver","Dodge and Roll"],"picked":"Escape Plan","floor":29},{"not_picked":["Sucker Punch","Backstab"],"picked":"Reflex+1","floor":30},{"not_picked":["Sucker Punch+1","Backflip","Setup"],"picked":"SKIP","floor":31},{"not_picked":["Wraith Form v2","Doppelganger"],"picked":"Grand Finale","floor":33},{"not_picked":["Expertise+1"],"picked":"SKIP","floor":35},{"not_picked":[],"picked":"HandOfGreed","floor":36}],"player_experience":1314715,"relics_obtained":[{"floor":9.0,"key":"Toy Ornithopter"},{"floor":13,"key":"Nunchaku"},{"floor":26,"key":"Boot"},{"floor":31,"key":"Bottled Lightning"}],"event_choices":[{"damage_healed":0.0,"max_hp_gain":0.0,"max_hp_loss":0.0,"gold_gain":75.0,"event_name":"World of Goop","player_choice":"Gather Gold","floor":2.0,"gold_loss":0.0,"damage_taken":11.0},{"damage_healed":0.0,"max_hp_gain":0.0,"max_hp_loss":0.0,"gold_gain":0.0,"event_name":"Scrap Ooze","player_choice":"Success","floor":8.0,"gold_loss":0.0,"damage_taken":5.0,"relics_obtained":["Orichalcum"]},{"damage_healed":13,"gold_gain":0,"player_choice":"Heal","damage_taken":0,"max_hp_gain":0,"max_hp_loss":0,"event_name":"The Library","floor":20,"gold_loss":0},{"damage_healed":0,"gold_gain":0,"player_choice":"Simplicity","damage_taken":0,"max_hp_gain":0,"max_hp_loss":0,"event_name":"Back to Basics","floor":28,"gold_loss":0,"cards_upgraded":["Strike_G","Strike_G","Strike_G","Strike_G","Strike_G","Defend_G","Defend_G","Defend_G","Defend_G","Defend_G"]},{"damage_healed":0,"gold_gain":0,"player_choice":"Memory 3","damage_taken":10,"max_hp_gain":0,"max_hp_loss":0,"event_name":"SensoryStone","floor":36,"gold_loss":0},{"cards_removed":["Prepared"],"damage_healed":0,"gold_gain":0,"player_choice":"Gave Card","damage_taken":0,"relics_obtained":["HornCleat"],"max_hp_gain":0,"max_hp_loss":0,"event_name":"WeMeetAgain","floor":38,"gold_loss":0}],"is_beta":false,"boss_relics":[{"not_picked":["SlaversCollar","Fusion Hammer"],"picked":"HoveringKite"},{"not_picked":["Philosopher\u0027s Stone","SacredBark"],"picked":"Busted Crown"}],"items_purged_floors":[29,37],"is_endless":false,"potions_floor_spawned":[3,11,13,16,18,21,24,30,33],"ascension_level":20}}