{"host":"bbjnqymry46jz0fa","time":1609425841,"event":{"mods":["BaseMod","DeckTracker","Minty Spire (QoL Compilation)","Quick Restart","StSLib","SuperFastMode"],"gold_per_floor":[112,123,123,142,8,8,19,33,105,105,105,120,131,142,142,216,216,232,250,175,192,12,12,12,42,67,85,112,124,144,144,144,216,216,232,107,136,155,155,194,194,227,250,250,265,298,136,161,161,161,161,161,161,11,49,49],"floor_reached":57,"playtime":4129,"items_purged":["Defend_G","Strike_G","Defend_G","Prepared+1"],"score":3241,"play_id":"8718967a-baec-48ca-b662-150b9bbaa4f3","local_time":"20201231234401","is_ascension_mode":true,"campfire_choices":[{"data":"Dagger Throw","floor":6.0,"key":"SMITH"},{"data":"Neutralize","floor":11.0,"key":"SMITH"},{"floor":15.0,"key":"REST"},{"floor":23.0,"key":"REST"},{"data":"Strike_G","floor":32.0,"key":"PURGE"},{"data":"Strike_G","floor":41.0,"key":"PURGE"},{"data":"Defend_G","floor":44.0,"key":"PURGE"},{"floor":49,"key":"RECALL"},{"data":"Defend_G","floor":53,"key":"PURGE"}],"circlet_count":0,"master_deck":["AscendersBane","Survivor+1","Neutralize+1","Masterful Stab+1","Dagger Throw+1","Backstab+1","After Image","Acrobatics+1","Reflex+1","Concentrate+1","Escape Plan","Terror","Venomology"],"relics":["Ring of the Snake","Centennial Puzzle","Paper Crane","Runic Pyramid","Peace Pipe","CeramicFish","HoveringKite","War Paint","Gambling Chip","Blood Vial","OrangePellets","Mango","Vajra"],"acts_visited":["TheCity","TheBeyond","TheEnding"],"potions_floor_usage":[56],"damage_taken":[{"damage":0.0,"enemies":"Cultist","floor":1.0,"turns":4.0},{"damage":3.0,"enemies":"Small Slimes","floor":2.0,"turns":5.0},{"damage":2.0,"enemies":"Jaw Worm","floor":4.0,"turns":5.0},{"damage":1.0,"enemies":"Looter","floor":7.0,"turns":3.0},{"damage":5.0,"enemies":"Red Slaver","floor":8.0,"turns":2.0},{"damage":1.0,"enemies":"Exordium Wildlife","floor":12.0,"turns":2.0},{"damage":0.0,"enemies":"Gremlin Gang","floor":13.0,"turns":4.0},{"damage":0.0,"enemies":"2 Fungi Beasts","floor":14.0,"turns":3.0},{"damage":50.0,"enemies":"Slime Boss","floor":16.0,"turns":13.0},{"damage":9.0,"enemies":"Shell Parasite","floor":18.0,"turns":5.0},{"damage":12.0,"enemies":"Spheric Guardian","floor":19.0,"turns":5.0},{"damage":7.0,"enemies":"Snake Plant","floor":21.0,"turns":4.0},{"damage":0.0,"enemies":"Gremlin Leader","floor":25.0,"turns":5.0},{"damage":0.0,"enemies":"Cultist and Chosen","floor":27.0,"turns":4.0},{"damage":1.0,"enemies":"Centurion and Healer","floor":28.0,"turns":4.0},{"damage":15.0,"enemies":"Sentry and Sphere","floor":29.0,"turns":6.0},{"damage":1.0,"enemies":"3 Cultists","floor":30.0,"turns":5.0},{"damage":0.0,"enemies":"Automaton","floor":33.0,"turns":5.0},{"damage":1.0,"enemies":"3 Shapes","floor":35.0,"turns":3.0},{"damage":6.0,"enemies":"Orb Walker","floor":37.0,"turns":2.0},{"damage":0.0,"enemies":"Sphere and 2 Shapes","floor":38.0,"turns":5.0},{"damage":0.0,"enemies":"Giant Head","floor":40.0,"turns":2.0},{"damage":0.0,"enemies":"Nemesis","floor":42.0,"turns":1.0},{"damage":0.0,"enemies":"Transient","floor":45.0,"turns":6.0},{"damage":0.0,"enemies":"Reptomancer","floor":46.0,"turns":1.0},{"damage":0,"enemies":"Mind Bloom Boss Battle","floor":48,"turns":1},{"damage":0,"enemies":"Awakened One","floor":50,"turns":2},{"damage":14,"enemies":"Time Eater","floor":51,"turns":7},{"damage":0,"enemies":"Shield and Spear","floor":55,"turns":1},{"damage":10,"enemies":"The Heart","floor":56,"turns":5}],"seed_played":"-4243633396517225460","potions_obtained":[{"floor":1.0,"key":"CunningPotion"},{"floor":4.0,"key":"SkillPotion"},{"floor":12.0,"key":"Energy Potion"},{"floor":13.0,"key":"Weak Potion"},{"floor":14.0,"key":"Regen Potion"},{"floor":21.0,"key":"CunningPotion"},{"floor":28.0,"key":"Regen Potion"},{"floor":33.0,"key":"EssenceOfSteel"},{"floor":38.0,"key":"Dexterity Potion"},{"floor":42.0,"key":"Ancient Potion"},{"floor":55,"key":"FairyPotion"}],"is_trial":false,"path_per_floor":["M","M","?","M","$","R","M","M","T","?","R","M","M","M","R","B",null,"M","M","?","M","$","R","?","E","T","M","M","M","M","?","R","B",null,"M","$","M","M","?","E","R","E","T","R","M","E","$","?","R","B","B",null,"R","$","E","B",null],"character_chosen":"THE_SILENT","items_purchased":["Dagger Throw","GamblersBrew","OrangePellets"],"campfire_rested":2,"item_purchase_floors":[5,22,47],"current_hp_per_floor":[59,56,61,59,59,59,58,53,53,32,32,31,31,31,52,2,54,45,33,33,38,38,59,59,59,59,59,58,43,56,36,36,36,66,65,65,59,59,59,59,59,59,59,59,59,59,59,75,75,77,65,84,84,84,86,78],"gold":49,"neow_bonus":"RANDOM_COMMON_RELIC","is_daily":false,"chose_seed":false,"campfire_upgraded":2,"win_rate":0.0,"timestamp":1609425841,"path_taken":["M","?","?","M","$","R","M","M","T","?","R","M","M","M","R","BOSS","M","M","?","M","$","R","?","E","T","M","?","M","M","?","R","BOSS","M","$","M","M","?","E","R","E","T","R","?","E","$","?","R","BOSS","BOSS","R","$","E","BOSS"],"items_purchased_type":["Card","Potion","Relic"],"build_version":"2020-12-22","purchased_purges":4,"victory":true,"max_hp_per_floor":[66,66,71,71,71,71,71,71,71,71,71,71,71,71,71,71,71,71,71,71,71,71,71,71,71,71,71,71,71,71,76,76,76,76,76,76,76,76,76,76,76,76,76,76,76,76,76,90,90,90,90,90,90,90,90,90],"card_choices":[{"not_picked":["Leg Sweep","Calculated Gamble","Prepared"],"picked":"SKIP","floor":1.0},{"not_picked":["Leg Sweep","Deadly Poison"],"picked":"Masterful Stab","floor":2.0},{"not_picked":["Distraction","Bane","Dodge and Roll"],"picked":"SKIP","floor":4.0},{"not_picked":["Flying Knee","Deadly Poison"],"picked":"Backstab","floor":7.0},{"not_picked":["Dagger Throw","Backflip","Poisoned Stab"],"picked":"SKIP","floor":8.0},{"not_picked":["Dagger Throw","Backflip","Poisoned Stab"],"picked":"SKIP","floor":8.0},{"not_picked":["Heel Hook","Dash","Calculated Gamble"],"picked":"SKIP","floor":12.0},{"not_picked":["Poisoned Stab","Accuracy","Calculated Gamble"],"picked":"SKIP","floor":13.0},{"not_picked":["PiercingWail","Poisoned Stab","Sucker Punch"],"picked":"SKIP","floor":14.0},{"not_picked":["Corpse Explosion","Bullet Time"],"picked":"After Image","floor":16.0},{"not_picked":["Outmaneuver+1","Acrobatics","Finisher"],"picked":"SKIP","floor":18.0},{"not_picked":["Endless Agony","Predator"],"picked":"Acrobatics+1","floor":19.0},{"not_picked":["Sucker Punch","Slice","Backflip"],"picked":"SKIP","floor":21.0},{"not_picked":["Crippling Poison","Poisoned Stab"],"picked":"Reflex+1","floor":25.0},{"not_picked":["Crippling Poison","Riddle With Holes+1","Flying Knee+1"],"picked":"SKIP","floor":27.0},{"not_picked":["Deflect","Bouncing Flask"],"picked":"Prepared+1","floor":28.0},{"not_picked":["Caltrops","Flying Knee","Slice"],"picked":"SKIP","floor":29.0},{"not_picked":["Bane","Doppelganger"],"picked":"Concentrate","floor":30.0},{"not_picked":["Deflect","Distraction","Backflip"],"picked":"SKIP","floor":35.0},{"not_picked":["Heel Hook","Underhanded Strike"],"picked":"Escape Plan","floor":37.0},{"not_picked":["Riddle With Holes+1","Deflect","Corpse Explosion"],"picked":"SKIP","floor":38.0},{"not_picked":["Sucker Punch","Noxious Fumes"],"picked":"Terror","floor":40.0},{"not_picked":["Dagger Throw","Slice+1","Quick Slash"],"picked":"SKIP","floor":42.0},{"not_picked":["Choke","Acrobatics","Outmaneuver+1"],"picked":"SKIP","floor":45.0},{"not_picked":["Noxious Fumes+1","Blade Dance+1","Outmaneuver"],"picked":"SKIP","floor":46.0},{"not_picked":["Deadly Poison","Concentrate"],"picked":"Venomology","floor":55}],"player_experience":721147,"relics_obtained":[{"floor":9.0,"key":"Paper Crane"},{"floor":25.0,"key":"Peace Pipe"},{"floor":26.0,"key":"CeramicFish"},{"floor":40.0,"key":"War Paint"},{"floor":42.0,"key":"Gambling Chip"},{"floor":46.0,"key":"Blood Vial"},{"floor":48,"key":"Mango"},{"floor":55,"key":"Vajra"}],"event_choices":[{"damage_healed":0.0,"max_hp_gain":5.0,"max_hp_loss":0.0,"gold_gain":0.0,"event_name":"Big Fish","player_choice":"Donut","floor":3.0,"gold_loss":0.0,"damage_taken":0.0},{"damage_healed":0.0,"max_hp_gain":0.0,"max_hp_loss":0.0,"gold_gain":0.0,"event_name":"Shining Light","player_choice":"Entered Light","floor":10.0,"gold_loss":0.0,"damage_taken":21.0,"cards_upgraded":["Masterful Stab","Backstab"]},{"cards_removed":["Strike_G"],"damage_healed":0.0,"max_hp_gain":0.0,"max_hp_loss":0.0,"gold_gain":0.0,"event_name":"Beggar","player_choice":"Gave Gold","floor":20.0,"gold_loss":75.0,"damage_taken":0.0},{"cards_removed":["Defend_G"],"damage_healed":0.0,"max_hp_gain":0.0,"max_hp_loss":0.0,"gold_gain":0.0,"event_name":"Wheel of Change","player_choice":"Card Removal","floor":24.0,"gold_loss":0.0,"damage_taken":0.0},{"damage_healed":0.0,"max_hp_gain":5.0,"max_hp_loss":0.0,"gold_gain":0.0,"event_name":"Forgotten Altar","player_choice":"Shed Blood","floor":31.0,"gold_loss":0.0,"damage_taken":25.0},{"cards_removed":["Strike_G"],"damage_healed":0.0,"max_hp_gain":0.0,"max_hp_loss":0.0,"gold_gain":0.0,"event_name":"Bonfire Elementals","player_choice":"Offered Basic","floor":39.0,"gold_loss":0.0,"damage_taken":0.0},{"damage_healed":0,"gold_gain":0,"player_choice":"Fight","damage_taken":0,"max_hp_gain":0,"max_hp_loss":0,"event_name":"MindBloom","floor":48,"gold_loss":0}],"is_beta":false,"boss_relics":[{"not_picked":["Philosopher\u0027s Stone","Coffee Dripper"],"picked":"Runic Pyramid"},{"not_picked":["Sozu","Tiny House"],"picked":"HoveringKite"}],"items_purged_floors":[5,22,36,54],"is_endless":false,"potions_floor_spawned":[1,4,12,13,14,16,21,25,28,33,38,42,45,48,55],"ascension_level":20}}