{"host":"0i8dz4ityulxi1rd","time":1609421776,"event":{"mods":["BaseMod","Colored Map","Colored Powertips","Custom Start","Highlight Path","Hubris","Infinite Spire","Keyboard Shortcuts","Minty Spire (QoL Compilation)","StSLib","SuperFastMode"],"gold_per_floor":[114,114,124,138,148,183,183,183,183,183,197,197,213,245,245,322,322,332,332,332,344,362,362,376,376,376,391,391,416,341,341,341,415,415,427,527,527,540,559,559,559,576,576,588,605,637,537,551,551,551,551],"floor_reached":50,"playtime":5565,"items_purged":["Strike_B","Defend_B","Defend_B","Defend_B"],"score":1012,"play_id":"3fec22c0-78ee-4c61-addf-24ffdcc2453e","local_time":"20201231223616","is_ascension_mode":true,"campfire_choices":[{"data":"Darkness","floor":7.0,"key":"SMITH"},{"data":"Dualcast","floor":10.0,"key":"SMITH"},{"data":"Zap","floor":12.0,"key":"SMITH"},{"data":"Coolheaded","floor":15.0,"key":"SMITH"},{"data":"Scrawl","floor":23.0,"key":"SMITH"},{"data":"infinitespire:TheBestDefense","floor":25.0,"key":"SMITH"},{"data":"infinitespire:Oblivion","floor":32.0,"key":"SMITH"},{"data":"Strike_B+1","floor":40.0,"key":"PURGE"},{"floor":49.0,"key":"RECALL"}],"circlet_count":0,"master_deck":["AscendersBane","Defend_B","Zap+1","Dualcast+1","Conserve Battery","Darkness+1","Undo","Coolheaded+1","Scrawl+1","infinitespire:TheBestDefense+1","infinitespire:Oblivion+1","Double Energy","Defragment","Ghostly","Ghostly","Ghostly","Machine Learning","hubris:InfiniteBlow","Hologram","Vengeance","infinitespire:TheBestDefense","InnerPeace"],"relics":["Cracked Core","NeowsBlessing","Whetstone","hubris:SlimyHat","infinitespire:FocusingShard","hubris:DisguiseKit","Philosopher\u0027s Stone","Strawberry","Pear","infinitespire:EmpoweringShard","Busted Crown","Peace Pipe","Centennial Puzzle","Symbiotic Virus"],"acts_visited":["Exordium","TheCity","TheBeyond"],"potions_floor_usage":[50,50],"damage_taken":[{"damage":0.0,"enemies":"Cultist","floor":1.0,"turns":1.0},{"damage":0.0,"enemies":"Jaw Worm","floor":3.0,"turns":1.0},{"damage":0.0,"enemies":"2 Louse","floor":4.0,"turns":1.0},{"damage":8.0,"enemies":"Blue Slaver","floor":5.0,"turns":4.0},{"damage":37.0,"enemies":"Lagavulin","floor":6.0,"turns":8.0},{"damage":15.0,"enemies":"Looter","floor":11.0,"turns":4.0},{"damage":18.0,"enemies":"3 Louse","floor":13.0,"turns":4.0},{"damage":30.0,"enemies":"3 Sentries","floor":14.0,"turns":8.0},{"damage":6.0,"enemies":"Hexaghost","floor":16.0,"turns":8.0},{"damage":0.0,"enemies":"Spheric Guardian","floor":18.0,"turns":3.0},{"damage":4.0,"enemies":"3 Byrds","floor":21.0,"turns":4.0},{"damage":10.0,"enemies":"Snake Plant","floor":22.0,"turns":4.0},{"damage":7.0,"enemies":"3 Cultists","floor":24.0,"turns":4.0},{"damage":6.0,"enemies":"Chosen and Byrds","floor":27.0,"turns":5.0},{"damage":10.0,"enemies":"Slavers","floor":29.0,"turns":6.0},{"damage":2.0,"enemies":"Champ","floor":33.0,"turns":13.0},{"damage":0.0,"enemies":"Orb Walker","floor":35.0,"turns":4.0},{"damage":0.0,"enemies":"infinitespire:Three Voidlings","floor":36.0,"turns":4.0},{"damage":1.0,"enemies":"Nightmare_Alpha","floor":36.0,"turns":14.0},{"damage":0.0,"enemies":"3 Darklings","floor":38.0,"turns":4.0},{"damage":0.0,"enemies":"Maw","floor":39.0,"turns":7.0},{"damage":4.0,"enemies":"4 Shapes","floor":42.0,"turns":5.0},{"damage":2.0,"enemies":"Sphere and 2 Shapes","floor":44.0,"turns":4.0},{"damage":0.0,"enemies":"Spire Growth","floor":45.0,"turns":4.0},{"damage":5.0,"enemies":"Nightmare","floor":46.0,"turns":11.0},{"damage":20.0,"enemies":"Transient","floor":48.0,"turns":6.0},{"damage":5,"enemies":"hubris:GrandSnecko","floor":50,"turns":21}],"seed_played":"-8616246182124837158","potions_obtained":[{"floor":4.0,"key":"SpeedPotion"},{"floor":5.0,"key":"SneckoOil"},{"floor":11.0,"key":"FearPotion"},{"floor":21.0,"key":"Dexterity Potion"},{"floor":39.0,"key":"Strength Potion"}],"is_trial":false,"path_per_floor":["M","?","M","M","M","E","R","?","T","R","M","R","M","E","R","B",null,"M","AVR","?","M","M","R","M","R","T","M","?","E","$","?","R","B",null,"M","?","?","M","M","R","AVR","M","T","M","M","NM","$","M","R","B"],"character_chosen":"DEFECT","items_purchased":[],"campfire_rested":0,"item_purchase_floors":[],"current_hp_per_floor":[64,64,64,64,56,19,19,71,71,71,56,56,38,8,8,2,54,54,61,43,39,29,29,22,22,32,26,26,16,16,16,16,14,37,37,36,36,36,36,36,36,32,32,30,30,25,25,5,5,0,0],"gold":551,"neow_bonus":"THREE_ENEMY_KILL","is_daily":false,"chose_seed":false,"campfire_upgraded":7,"win_rate":0.0,"timestamp":1609421776,"path_taken":["M","?","M","M","M","E","R","?","T","R","?","R","M","E","R","BOSS","M","AVR","?","M","M","R","M","R","T","M","?","E","$","?","R","BOSS","M","?","?","M","M","R","AVR","M","T","M","M","NM","$","M","R","BOSS"],"items_purchased_type":[],"build_version":"2020-12-22","purchased_purges":4,"victory":false,"max_hp_per_floor":[71,71,71,71,71,71,71,71,71,71,71,71,71,71,71,71,71,71,78,78,78,78,78,78,78,88,88,44,44,44,44,44,44,44,44,44,42,42,42,42,42,42,42,42,42,42,42,42,42,42,42],"card_choices":[{"not_picked":["Stack","Sunder"],"picked":"Conserve Battery","floor":1.0},{"not_picked":["Barrage","Gash"],"picked":"Darkness","floor":3.0},{"not_picked":["Beam Cell","Force Field"],"picked":"Chill","floor":4.0},{"not_picked":["hubris:SpecializedCircuitry","Redo","Chill"],"picked":"SKIP","floor":5.0},{"not_picked":["Skim","Tempest"],"picked":"Undo","floor":6.0},{"not_picked":["Barrage","Conserve Battery","Ball Lightning"],"picked":"SKIP","floor":11.0},{"not_picked":["Storm","Turbo","Go for the Eyes"],"picked":"SKIP","floor":13.0},{"not_picked":["Multi-Cast","Reprogram"],"picked":"Coolheaded","floor":14.0},{"not_picked":["Buffer","Biased Cognition","Creative AI"],"picked":"Scrawl","floor":16.0},{"not_picked":["Coolheaded","hubris:Ukulele+1","Double Energy","CutThroughFate"],"picked":"SKIP","floor":18.0},{"not_picked":["infinitespire:NeuralNetwork","hubris:Fate"],"picked":"infinitespire:Oblivion","floor":20.0},{"not_picked":["Double Energy","White Noise","Streamline","JustLucky"],"picked":"SKIP","floor":21.0},{"not_picked":["White Noise","Streamline","JustLucky"],"picked":"Double Energy","floor":21.0},{"not_picked":["Ball Lightning","Stack","Hologram","Protect"],"picked":"SKIP","floor":22.0},{"not_picked":["Ball Lightning","Stack","Hologram","Protect"],"picked":"SKIP","floor":22.0},{"not_picked":["BootSequence+1","Barrage","Perseverance"],"picked":"Defragment","floor":24.0},{"not_picked":["Cold Snap+1","FTL","Leap","Protect"],"picked":"SKIP","floor":27.0},{"not_picked":["Undo","Sunder","Cold Snap","BowlingBash"],"picked":"SKIP","floor":29.0},{"not_picked":["hubris:SpecializedCircuitry","Reboot","SpiritShield"],"picked":"Machine Learning","floor":33.0},{"not_picked":["Leap+1","FollowUp"],"picked":"SKIP","floor":35.0},{"not_picked":["infinitespire:Punishment","hubris:Fate"],"picked":"hubris:InfiniteBlow","floor":36.0},{"not_picked":["FlyingSleeves"],"picked":"Hologram","floor":38.0},{"not_picked":["Hologram+1","Vengeance"],"picked":"SKIP","floor":39.0},{"not_picked":["Hologram+1"],"picked":"Vengeance","floor":39.0},{"not_picked":["Gash","Evaluate"],"picked":"SKIP","floor":42.0},{"not_picked":["Streamline","SashWhip"],"picked":"SKIP","floor":44.0},{"not_picked":["Streamline","SashWhip"],"picked":"SKIP","floor":44.0},{"not_picked":["Lockon"],"picked":"InnerPeace","floor":45.0},{"not_picked":["Heatsinks","Vengeance"],"picked":"SKIP","floor":46.0},{"not_picked":["Leap","Nirvana"],"picked":"SKIP","floor":48.0}],"player_experience":1274170,"relics_obtained":[{"floor":2.0,"key":"Whetstone"},{"floor":6.0,"key":"hubris:SlimyHat"},{"floor":9.0,"key":"infinitespire:FocusingShard"},{"floor":14.0,"key":"hubris:DisguiseKit"},{"floor":26.0,"key":"Pear"},{"floor":29.0,"key":"infinitespire:EmpoweringShard"},{"floor":36.0,"key":"Peace Pipe"},{"floor":46.0,"key":"Symbiotic Virus"}],"event_choices":[{"cards_removed":["Chill"],"damage_healed":52.0,"max_hp_gain":0.0,"max_hp_loss":0.0,"gold_gain":0.0,"event_name":"Bonfire Elementals","player_choice":"Offered Uncommon","floor":8.0,"gold_loss":0.0,"damage_taken":0.0},{"damage_healed":0.0,"max_hp_gain":0.0,"max_hp_loss":44.0,"gold_gain":0.0,"event_name":"Ghosts","player_choice":"Became a Ghost","floor":28.0,"gold_loss":0.0,"damage_taken":0.0,"cards_obtained":["Ghostly","Ghostly","Ghostly"]},{"cards_removed":["Strike_B"],"damage_healed":0.0,"max_hp_gain":0.0,"max_hp_loss":0.0,"gold_gain":0.0,"event_name":"Back to Basics","player_choice":"Elegance","floor":31.0,"gold_loss":0.0,"damage_taken":0.0},{"cards_removed":["Strike_B"],"damage_healed":0.0,"max_hp_gain":0.0,"max_hp_loss":0.0,"gold_gain":0.0,"event_name":"Back to Basics","player_choice":"Elegance","floor":36.0,"gold_loss":0.0,"damage_taken":0.0},{"damage_healed":0.0,"max_hp_gain":0.0,"max_hp_loss":2.0,"gold_gain":0.0,"event_name":"Winding Halls","player_choice":"Max HP","floor":37.0,"gold_loss":0.0,"damage_taken":0.0}],"is_beta":false,"boss_relics":[{"not_picked":["SacredBark","Tiny House"],"picked":"Philosopher\u0027s Stone"},{"not_picked":["hubris:HollowSoul","Sozu"],"picked":"Busted Crown"}],"items_purged_floors":[19,30,41,47],"is_endless":true,"potions_floor_spawned":[4,5,11,21,33,36,39,42,44],"killed_by":"hubris:GrandSnecko","ascension_level":20}}