{"host":"t9zjxed0utvsfjwc","time":1609452333,"event":{"mods":["2.2 Compatiblity","Aspiration","BaseMod","Block Reminder","Colored Map","Colored Powertips","Highlight Path","Hubris","Infinite Spire","Minty Spire (QoL Compilation)","Quick Restart","Replay The Spire","StSLib","The Marked","Unceasing Turn Reminder","everything is the same but u backflip on backflip"],"gold_per_floor":[119,44,63,63,83,83,109,123,170,44,44,63,63,138,138,239,239,239,239],"floor_reached":18,"playtime":1595,"items_purged":["theMarked:Strike"],"score":160,"play_id":"9cbbd996-10f4-4ec5-9b34-d3013698ed85","local_time":"20201231220533","is_ascension_mode":false,"campfire_choices":[{"data":"theMarked:SoldierOfQuellstein","floor":6,"key":"SMITH"},{"floor":11,"key":"RECALL"},{"data":"theMarked:Parry","floor":15,"key":"SMITH"}],"circlet_count":0,"master_deck":["theMarked:Strike","theMarked:Strike","theMarked:Strike","theMarked:Strike","theMarked:Defend","theMarked:Defend","theMarked:Defend","theMarked:Defend","theMarked:SoldierOfQuellstein+1","theMarked:Opportunist","theMarked:ComboAttacks","theMarked:SwordAndMagic","theMarked:ParalyzingBlade","theMarked:Parry+1","Delirium","theMarked:SoldierForm","AbeCurse"],"relics":["theMarked:ArtifactOfAir","aspiration:Nostalgia","PureWater","Blood Vial","infinitespire:Satchel","Abe\u0027s Treasure"],"acts_visited":["Exordium","TheCity"],"potions_floor_usage":[5,7,8],"damage_taken":[{"damage":0,"enemies":"Small Slimes","floor":1,"turns":3},{"damage":1,"enemies":"Jaw Worm","floor":3,"turns":4},{"damage":0,"enemies":"Cultist","floor":5,"turns":4},{"damage":22,"enemies":"Gremlin Nob","floor":7,"turns":5},{"damage":18,"enemies":"Gremlin Gang","floor":8,"turns":5},{"damage":16,"enemies":"Lots of Slimes","floor":12,"turns":4},{"damage":14,"enemies":"Fading Forest","floor":16,"turns":11},{"damage":0,"enemies":"3 Byrds","floor":18,"turns":2}],"seed_played":"3917511709472756755","potions_obtained":[{"floor":3,"key":"LiquidMemories"},{"floor":5,"key":"Weak Potion"},{"floor":7,"key":"Dexterity Potion"}],"is_trial":false,"path_per_floor":["M","$","M","?","M","R","E","M","T","$","R","M","?","?","R","B",null,"M"],"character_chosen":"THE_DEFAULT","items_purchased":["theMarked:SwordAndMagic","theMarked:ParalyzingBlade"],"campfire_rested":0,"item_purchase_floors":[10,10],"current_hp_per_floor":[70,70,69,69,69,69,47,31,31,31,31,17,17,6,6,12,70,70,70],"gold":239,"neow_bonus":"NOSTALGIA","is_daily":false,"chose_seed":false,"campfire_upgraded":2,"win_rate":0.0,"timestamp":1609452333,"path_taken":["M","$","M","?","M","R","E","M","T","$","R","M","?","?","R","BOSS","M"],"items_purchased_type":["Card","Card"],"build_version":"2020-12-22","purchased_purges":1,"victory":false,"max_hp_per_floor":[70,70,70,70,70,70,70,70,70,70,70,70,70,70,70,70,70,70,70],"card_choices":[{"not_picked":["theMarked:BanishingWave","theMarked:WardOff","theMarked:ChainLightning"],"picked":"SKIP","floor":1},{"not_picked":["theMarked:BanishingStrike","theMarked:WastefulAttack"],"picked":"theMarked:Opportunist","floor":3},{"not_picked":["theMarked:HeightenedSenses","theMarked:ShockingTouch","theMarked:TwofoldDefense"],"picked":"SKIP","floor":5},{"not_picked":["theMarked:CreepingChasm","theMarked:RepellingDischarge"],"picked":"theMarked:ComboAttacks","floor":7},{"not_picked":["theMarked:BanishingStrike","theMarked:TakeCover","theMarked:ComboAttacks"],"picked":"SKIP","floor":8},{"not_picked":["theMarked:Improvise","theMarked:HeightenedSenses"],"picked":"theMarked:Parry","floor":12},{"not_picked":["theMarked:DispelDoubt","theMarked:Levitate"],"picked":"theMarked:SoldierForm","floor":16}],"player_experience":253881,"relics_obtained":[{"floor":7,"key":"Blood Vial"},{"floor":9,"key":"infinitespire:Satchel"}],"event_choices":[{"damage_healed":0,"gold_gain":0,"player_choice":"Leave","damage_taken":0,"max_hp_gain":0,"max_hp_loss":0,"event_name":"The Cleric","floor":4,"gold_loss":0},{"damage_healed":0,"gold_gain":75,"player_choice":"Gather Gold","damage_taken":11,"max_hp_gain":0,"max_hp_loss":0,"event_name":"World of Goop","floor":14,"gold_loss":0}],"is_beta":false,"boss_relics":[{"not_picked":["Ectoplasm","ChewingGum"],"picked":"Abe\u0027s Treasure"}],"items_purged_floors":[2],"is_endless":false,"potions_floor_spawned":[3,5,7],"killed_by":"3 Byrds","ascension_level":0}}