{"host":"vfg9szunmpjwj08o","time":1609415964,"event":{"mods":["Act Like it!","BaseMod","Challenge The Spire","Colored Map","Colored Powertips","Minty Spire (QoL Compilation)","StSLib","Waifu the Spire"],"gold_per_floor":[210,226,237,247,0,0,0,0,74,101,1,18,18,38,38,115,115,135,149,149,199,214,214,214],"floor_reached":23,"playtime":984,"items_purged":["Strike_B","Strike_B"],"score":474,"play_id":"26ce7ffe-7b01-47d0-a1ec-2ab3cfe69cbb","local_time":"20201231125924","is_ascension_mode":true,"campfire_choices":[{"data":"Zap","floor":6.0,"key":"SMITH"},{"data":"Dualcast","floor":8.0,"key":"SMITH"},{"data":"Discovery","floor":15.0,"key":"SMITH"}],"circlet_count":0,"master_deck":["AscendersBane","Strike_B","Strike_B","Defend_B","Defend_B","Defend_B","Defend_B","Zap+1","Dualcast+1","Blizzard","Blizzard","Cold Snap","Rainbow","Discovery+1","Defragment","Defragment","Compile Driver","BootSequence","Reboot","Coolheaded","Go for the Eyes"],"relics":["Cracked Core","Cables","Akabeko","Velvet Choker"],"acts_visited":["Exordium","TheCity"],"potions_floor_usage":[],"damage_taken":[{"damage":1.0,"enemies":"Cultist","floor":1.0,"turns":3.0},{"damage":9.0,"enemies":"Jaw Worm","floor":2.0,"turns":3.0},{"damage":8.0,"enemies":"Small Slimes","floor":3.0,"turns":3.0},{"damage":14.0,"enemies":"Blue Slaver","floor":4.0,"turns":4.0},{"damage":23.0,"enemies":"Gremlin Nob","floor":10.0,"turns":4.0},{"damage":4.0,"enemies":"Red Slaver","floor":12.0,"turns":3.0},{"damage":0.0,"enemies":"Exordium Thugs","floor":14.0,"turns":5.0},{"damage":0.0,"enemies":"The Guardian","floor":16.0,"turns":9.0},{"damage":10.0,"enemies":"Shell Parasite","floor":18.0,"turns":5.0},{"damage":0,"enemies":"Chosen","floor":19,"turns":3},{"damage":9,"enemies":"3 Cultists","floor":22,"turns":5},{"damage":39,"enemies":"Slavers","floor":23,"turns":4}],"seed_played":"8778916457791071535","potions_obtained":[{"floor":2.0,"key":"FocusPotion"},{"floor":4.0,"key":"SkillPotion"},{"floor":12.0,"key":"Block Potion"},{"floor":16.0,"key":"PotionOfCapacity"}],"is_trial":false,"path_per_floor":["M","M","M","M","$","R","?","R","T","E","$","M","?","M","R","B",null,"M","M","?","?","M","E"],"character_chosen":"DEFECT","items_purchased":["Discovery","Defragment"],"campfire_rested":0,"item_purchase_floors":[5,5],"current_hp_per_floor":[63,54,46,32,32,32,32,32,32,9,9,5,5,5,5,5,55,45,45,45,45,36,0,0],"gold":214,"neow_bonus":"HUNDRED_GOLD","is_daily":false,"chose_seed":false,"campfire_upgraded":3,"win_rate":0.0,"timestamp":1609415964,"path_taken":["M","?","M","M","$","R","?","R","T","E","$","M","?","M","R","BOSS","M","M","?","?","?","E"],"items_purchased_type":["Card","Card"],"build_version":"2020-12-22","purchased_purges":2,"victory":false,"max_hp_per_floor":[71,71,71,71,71,71,71,71,71,71,71,71,71,71,71,71,71,71,71,71,71,71,71,71],"card_choices":[{"not_picked":["Sweeping Beam","Redo"],"picked":"Blizzard","floor":1.0},{"not_picked":["Steam","Streamline"],"picked":"Blizzard","floor":2.0},{"not_picked":["Turbo","Fusion"],"picked":"Cold Snap","floor":3.0},{"not_picked":["Stack","Melter"],"picked":"Rainbow","floor":4.0},{"not_picked":["Compile Driver","Conserve Battery"],"picked":"Defragment","floor":10.0},{"not_picked":["Gash","Lockon"],"picked":"Compile Driver","floor":12.0},{"not_picked":["Compile Driver","Reinforced Body"],"picked":"BootSequence","floor":14.0},{"not_picked":["Multi-Cast","All For One"],"picked":"Reboot","floor":16.0},{"not_picked":["Conserve Battery","Sweeping Beam+1","Leap"],"picked":"SKIP","floor":18.0},{"not_picked":["Ball Lightning","Leap","Streamline"],"picked":"SKIP","floor":19},{"not_picked":["Gash","Steam"],"picked":"Go for the Eyes","floor":22}],"player_experience":1021163,"relics_obtained":[{"floor":9.0,"key":"Cables"},{"floor":10.0,"key":"Akabeko"}],"event_choices":[{"damage_healed":0.0,"max_hp_gain":0.0,"max_hp_loss":0.0,"gold_gain":0.0,"event_name":"Dead Adventurer","player_choice":"Searched \u00271\u0027 times","floor":7.0,"gold_loss":0.0,"damage_taken":0.0},{"damage_healed":0.0,"max_hp_gain":0.0,"max_hp_loss":0.0,"gold_gain":0.0,"event_name":"Golden Wing","player_choice":"Ignored","floor":13.0,"gold_loss":0.0,"damage_taken":0.0},{"damage_healed":0,"gold_gain":0,"player_choice":"Read","damage_taken":0,"max_hp_gain":0,"max_hp_loss":0,"event_name":"The Library","floor":20,"gold_loss":0,"cards_obtained":["Coolheaded"]},{"damage_healed":0,"gold_gain":50,"player_choice":"Pray","damage_taken":0,"max_hp_gain":0,"max_hp_loss":0,"event_name":"Golden Shrine","floor":21,"gold_loss":0}],"is_beta":false,"boss_relics":[{"not_picked":["Fusion Hammer","Runic Dome"],"picked":"Velvet Choker"}],"items_purged_floors":[5,11],"is_endless":false,"potions_floor_spawned":[2,4,12,16],"killed_by":"Slavers","ascension_level":19}}