{"host":"vhvubw4jk4f204qs","time":1609443745,"event":{"mods":["AchievementEnabler","Act Like it!","BaseMod","Better Altar","Better Match","Better Note","Better Sensory Stone","Better Skull","Better Third Choice","BetterRewards","Colored Powertips","Conspire","GifTheSpireLib","Googly Eyes","Highlight Path","Hubris","Infinite Spire","Jorbs Mod","Marisa????????","Minty Spire (QoL Compilation)","Permanent Neow","Quick Restart","Replay The Spire","StSLib","SuperFastMode","The Animator","The IronCluck","The Mystic","The Poker Player","The Servant 0.9.4","slay the spire mod where everything is the same but ironclad has a cowboy hat"],"gold_per_floor":[277,202,224,252,252,252,294,329,329,367,367,442,442,21,21,129,129,162,162,176,202,202,253,280,280,280,312,312,346,379,404,404,516,516,543,349,428,450,450,450,481,505,505,505,505,32,32,32],"floor_reached":47,"playtime":2809,"items_purged":["Regret","animator:Strike","Decay"],"score":457,"play_id":"93b2622b-5438-47b4-a118-d88495e161a2","local_time":"20201231144225","is_ascension_mode":false,"campfire_choices":[{"data":"animator:Emonzaemon","floor":6,"key":"SMITH"},{"floor":11,"key":"REST"},{"data":"animator:Hibiki","floor":15,"key":"SMITH"},{"data":"animator:AcuraAkari","floor":25,"key":"SMITH"},{"floor":32,"key":"REST"},{"data":"animator:AcuraAkari","floor":40,"key":"SMITH"},{"floor":45,"key":"REST"}],"circlet_count":0,"master_deck":["animator:Strike_Kancolle","animator:Defend_Kancolle","animator:Strike","animator:Defend","animator:Defend","animator:Defend","animator:Shimakaze+1","animator:DolaStephanie","animator:Kazuma","animator:Emonzaemon+1","animator:DolaRiku","animator:ChlammyZell","animator:Hibiki+1","animator:Eris","animator:AcuraAkari+1","animator:AcuraShin+1","animator:AcuraTooru","animator:Chris","animator:Guy","animator:AcuraAkari+1","animator:LeleiLaLalena","animator:EmiyaShirou+1","animator:PinaCoLada","hubris:Compulsion","animator:Wiz","animator:NononJakuzure","ReplayTheSpireMod:Black Plague","animator:Viivi","animator:Tet","animator:Guy","animator:Hibiki"],"relics":["animator:LivingPicture","animator:TheMissingPiece","hubris:Metronome","Tiny Chest","Mercury Hourglass","infinitespire:Satchel","Lee\u0027s Waffle","Replay:Bronze Core","hubris:GlazedTorus","Oddly Smooth Stone","Lantern","ReplayTheSpireMod:SealedPack","Garlic","hubris:Towel","Gambling Chip","Ice Cream"],"acts_visited":["Exordium","TheCity","TheBeyond"],"potions_floor_usage":[7,18,23,23,30],"damage_taken":[{"damage":8,"enemies":"Cultist","floor":1,"turns":3},{"damage":3,"enemies":"Jaw Worm","floor":3,"turns":5},{"damage":1,"enemies":"2 Louse","floor":4,"turns":3},{"damage":12,"enemies":"Lagavulin","floor":7,"turns":5},{"damage":13,"enemies":"Exordium Thugs","floor":8,"turns":7},{"damage":2,"enemies":"Gremlin Nob","floor":10,"turns":3},{"damage":7,"enemies":"The Guardian","floor":16,"turns":9},{"damage":0,"enemies":"2 Thieves","floor":18,"turns":3},{"damage":12,"enemies":"Shell Parasite","floor":20,"turns":3},{"damage":11,"enemies":"Cultist and Chosen","floor":21,"turns":4},{"damage":2,"enemies":"animator:HornedBat","floor":23,"turns":4},{"damage":13,"enemies":"Shelled Parasite and Fungi","floor":24,"turns":3},{"damage":9,"enemies":"Snecko","floor":27,"turns":4},{"damage":24,"enemies":"Snake Plant","floor":29,"turns":3},{"damage":8,"enemies":"3 Cultists","floor":30,"turns":3},{"damage":2,"enemies":"Chosen and Byrds","floor":31,"turns":3},{"damage":12,"enemies":"Champ","floor":33,"turns":5},{"damage":3,"enemies":"3 Shapes","floor":35,"turns":4},{"damage":12,"enemies":"3 Darklings","floor":38,"turns":4},{"damage":38,"enemies":"Sphere and 2 Shapes","floor":41,"turns":4},{"damage":0,"enemies":"Transient","floor":42,"turns":5},{"damage":0,"enemies":"Maw","floor":47,"turns":2}],"seed_played":"-8743404189817130494","potions_obtained":[{"floor":4,"key":"Block Potion"},{"floor":10,"key":"Fire Potion"},{"floor":16,"key":"DistilledChaos"},{"floor":18,"key":"SteroidPotion"},{"floor":20,"key":"Elixir"},{"floor":29,"key":"BlessingOfTheForge"},{"floor":31,"key":"DuplicationPotion"},{"floor":33,"key":"Weak Potion"},{"floor":41,"key":"LiquidMemories"},{"floor":42,"key":"Swift Potion"}],"is_trial":false,"path_per_floor":["M","$","M","M","?","R","E","M","T","E","R","?","?","$","R","B",null,"M","?","M","M","T","E","M","R","T","M","?","M","M","M","R","B",null,"M","$","T","M","?","R","M","M","T","?","R","$","M"],"character_chosen":"THE_ANIMATOR","items_purchased":["animator:Hibiki","Lee\u0027s Waffle","animator:Tet","animator:Hibiki","Ice Cream"],"campfire_rested":3,"item_purchase_floors":[14,14,36,46,46],"current_hp_per_floor":[58,58,55,54,54,54,43,30,30,28,48,37,30,74,74,67,74,74,74,66,58,58,59,49,49,49,43,43,22,17,18,40,29,76,74,74,74,62,62,62,24,27,27,27,50,50,50,50],"gold":32,"neow_bonus":"RANDOM_EVENT","is_daily":false,"chose_seed":false,"campfire_upgraded":4,"win_rate":0.0,"timestamp":1609443745,"path_taken":["M","$","?","M","?","R","E","M","T","E","R","?","?","$","R","BOSS","M","?","M","M","?","E","?","R","T","M","?","M","?","M","R","BOSS","M","$","?","M","?","R","M","M","T","?","R","$","M"],"items_purchased_type":["Card","Relic","Card","Card","Relic"],"build_version":"2020-12-22","purchased_purges":3,"victory":false,"max_hp_per_floor":[66,66,66,66,66,66,67,67,67,67,67,67,67,74,74,74,74,74,74,75,75,75,75,75,75,75,75,75,75,75,75,75,76,76,77,77,77,77,77,77,77,77,77,77,77,77,77,77],"card_choices":[{"not_picked":["animator:SakuraMatou","animator:FielNirvalen"],"picked":"animator:DolaStephanie","floor":1},{"not_picked":["animator:Emonzaemon","animator:Bozes"],"picked":"animator:Kazuma","floor":3},{"not_picked":["animator:Rider","animator:FielNirvalen"],"picked":"animator:Emonzaemon","floor":4},{"not_picked":["animator:IzunaHatsuse","animator:DolaSchwi"],"picked":"animator:DolaRiku","floor":7},{"not_picked":["animator:IzunaHatsuse","animator:Bozes"],"picked":"animator:ChlammyZell","floor":8},{"not_picked":["animator:Gillette","animator:Konayuki","animator:Entoma"],"picked":"SKIP","floor":10},{"not_picked":["animator:Hans","animator:Gilgamesh"],"picked":"animator:Eris","floor":16},{"not_picked":["animator:Cocytus","animator:Berserker"],"picked":"animator:AcuraAkari","floor":18},{"not_picked":["animator:Gillette","animator:Layla"],"picked":"animator:AcuraTooru","floor":20},{"not_picked":["animator:Shichika","animator:Alexander"],"picked":"animator:Chris","floor":21},{"not_picked":["animator:Megumin","animator:Nanami+1","animator:Cocytus"],"picked":"SKIP","floor":23},{"not_picked":["animator:DolaRiku","animator:Illya"],"picked":"animator:Guy","floor":24},{"not_picked":["animator:Fredrika","animator:Layla"],"picked":"animator:AcuraAkari","floor":27},{"not_picked":["animator:PandorasActor","animator:UneriGinkaku","animator:Albedo"],"picked":"SKIP","floor":29},{"not_picked":["animator:Azekura","animator:ShinjiMatou"],"picked":"animator:LeleiLaLalena","floor":30},{"not_picked":["animator:YaoHaDucy+1","animator:DolaRiku+1"],"picked":"animator:EmiyaShirou","floor":31},{"not_picked":["animator:Eris","animator:Biyorigo"],"picked":"animator:PinaCoLada","floor":33},{"not_picked":["animator:ChaikaTrabant","animator:Albedo"],"picked":"animator:Wiz","floor":34},{"not_picked":["animator:Kuroyukihime","animator:QuestionMark"],"picked":"animator:NononJakuzure","floor":34},{"not_picked":["ReplayTheSpireMod:Echoes of Time","infinitespire:FutureSight"],"picked":"ReplayTheSpireMod:Black Plague","floor":34},{"not_picked":["animator:ChaikaBohdan","animator:Fredrika"],"picked":"animator:Viivi","floor":35},{"not_picked":["animator:Mitsurugi","animator:Cocytus+1","animator:Rider"],"picked":"SKIP","floor":38},{"not_picked":["animator:Entoma","animator:PinaCoLada","animator:DolaSchwi"],"picked":"SKIP","floor":41},{"not_picked":["animator:DolaRiku+1","animator:TukaLunaMarceau+1"],"picked":"animator:Guy","floor":42}],"player_experience":1179544,"relics_obtained":[{"floor":7,"key":"Tiny Chest"},{"floor":9,"key":"Mercury Hourglass"},{"floor":10,"key":"infinitespire:Satchel"},{"floor":22,"key":"hubris:GlazedTorus"},{"floor":23,"key":"Oddly Smooth Stone"},{"floor":26,"key":"Lantern"},{"floor":37,"key":"Garlic"},{"floor":43,"key":"Gambling Chip"}],"event_choices":[{"damage_healed":0,"gold_gain":0,"player_choice":"Box","damage_taken":0,"relics_obtained":["hubris:Metronome"],"max_hp_gain":0,"max_hp_loss":0,"event_name":"Big Fish","floor":0,"gold_loss":0,"cards_obtained":["Regret"]},{"damage_healed":0,"gold_gain":75,"player_choice":"Gold","damage_taken":11,"max_hp_gain":0,"max_hp_loss":0,"event_name":"betterThird:BetterGoop","floor":12,"gold_loss":0},{"cards_removed":["animator:Strike"],"damage_healed":0,"gold_gain":0,"player_choice":"Card Removal","damage_taken":7,"max_hp_gain":0,"max_hp_loss":0,"event_name":"Golden Wing","floor":13,"gold_loss":0},{"cards_removed":["animator:Hibiki"],"damage_healed":0,"gold_gain":0,"player_choice":"Take \u0026 Give","damage_taken":0,"max_hp_gain":0,"max_hp_loss":0,"event_name":"betterNote:BetterNote","floor":19,"gold_loss":0,"cards_obtained":["animator:AcuraShin"]},{"damage_healed":0,"gold_gain":0,"player_choice":"Cursed","damage_taken":0,"max_hp_gain":0,"max_hp_loss":0,"event_name":"Wheel of Change","floor":28,"gold_loss":0,"cards_obtained":["Decay"]}],"is_beta":false,"boss_relics":[{"not_picked":["Ectoplasm","hubris:GrandSneckoEye"],"picked":"Replay:Bronze Core"},{"not_picked":["Snecko Heart","ReplayTheSpireMod:DimensionalGlitch"],"picked":"ReplayTheSpireMod:SealedPack"}],"items_purged_floors":[2,14,36],"is_endless":false,"potions_floor_spawned":[4,10,16,18,20,29,31,33,41,42],"killed_by":"Maw","ascension_level":0}}