{"host":"p6y17sixyu8q9v1f","time":1609392709,"event":{"mods":["BaseMod","Colored Map","Minty Spire (QoL Compilation)"],"gold_per_floor":[116,41,41,41,66,66,105,105,159,159,197,197,231,131,131,252,252,245,1,1,16,16,354,354,375,375,375,389,4,27,70,70,70,70],"floor_reached":33,"playtime":1427,"items_purged":["Strike_R","Strike_R","Strike_R","Carnage+1"],"score":424,"play_id":"58a2e059-da05-4658-9958-60a1f3d9b6a2","local_time":"20201230233149","is_ascension_mode":true,"campfire_choices":[{"data":"Carnage","floor":6.0,"key":"SMITH"},{"data":"Body Slam","floor":10.0,"key":"SMITH"},{"data":"Clash","floor":12.0,"key":"SMITH"},{"data":"Rampage","floor":15.0,"key":"SMITH"},{"floor":24,"key":"REST"},{"data":"Demon Form","floor":27,"key":"SMITH"},{"floor":32,"key":"REST"}],"circlet_count":0,"master_deck":["Strike_R","Strike_R","Defend_R","Defend_R","Defend_R","Bash","Body Slam+1","Clash+1","Rampage+1","Demon Form+1","Seeing Red+1","Inflame","Seeing Red+1","Armaments+1","Body Slam+1","Flex+1","Heavy Blade+1","Limit Break+1","Inflame","Flame Barrier+1","Double Tap+1"],"relics":["Burning Blood","NeowsBlessing","Golden Idol","Ornamental Fan","Red Skull","Odd Mushroom","Toxic Egg 2","Black Star","Nilry\u0027s Codex","Akabeko","Old Coin","Meat on the Bone","Bag of Marbles","Blood Vial"],"acts_visited":[],"potions_floor_usage":[25,28,33],"damage_taken":[{"damage":0.0,"enemies":"2 Louse","floor":1.0,"turns":1.0},{"damage":0.0,"enemies":"Small Slimes","floor":5.0,"turns":1.0},{"damage":0.0,"enemies":"3 Sentries","floor":7.0,"turns":2.0},{"damage":5.0,"enemies":"The Mushroom Lair","floor":11.0,"turns":5.0},{"damage":13.0,"enemies":"Gremlin Nob","floor":13.0,"turns":3.0},{"damage":28.0,"enemies":"Slime Boss","floor":16.0,"turns":10.0},{"damage":3.0,"enemies":"2 Thieves","floor":18.0,"turns":4.0},{"damage":29.0,"enemies":"Shell Parasite","floor":21.0,"turns":4.0},{"damage":47.0,"enemies":"Gremlin Leader","floor":23.0,"turns":7.0},{"damage":23,"enemies":"Centurion and Healer","floor":25,"turns":5},{"damage":10,"enemies":"3 Cultists","floor":28,"turns":4},{"damage":18,"enemies":"Chosen and Byrds","floor":30,"turns":4},{"damage":28,"enemies":"Book of Stabbing","floor":31,"turns":4},{"damage":58,"enemies":"Automaton","floor":33,"turns":8}],"seed_played":"-1012527690645036189","potions_obtained":[{"floor":1.0,"key":"SpeedPotion"},{"floor":5.0,"key":"SkillPotion"},{"floor":13.0,"key":"BloodPotion"},{"floor":23,"key":"Block Potion"},{"floor":25,"key":"DistilledChaos"},{"floor":28,"key":"Ancient Potion"},{"floor":31,"key":"Swift Potion"}],"is_trial":false,"path_per_floor":["M","$","?","$","M","R","E","?","T","R","?","R","E","$","R","B",null,"M","$","?","M","?","E","R","M","T","R","M","$","M","E","R","B"],"character_chosen":"IRONCLAD","items_purchased":["Inflame","Seeing Red+1","Limit Break+1","Inflame"],"campfire_rested":2,"item_purchase_floors":[19,19,29,29],"current_hp_per_floor":[80,80,60,60,66,66,72,77,77,77,78,78,71,71,71,49,76,79,79,63,40,40,16,41,24,24,24,32,32,32,22,47,0,0],"gold":70,"neow_bonus":"THREE_ENEMY_KILL","is_daily":false,"chose_seed":false,"campfire_upgraded":5,"win_rate":0.0,"timestamp":1609392709,"path_taken":["M","$","?","$","M","R","E","?","T","R","?","R","E","?","R","BOSS","M","$","?","M","?","E","R","M","T","R","M","$","?","E","R","BOSS"],"items_purchased_type":["Card","Card","Card","Card"],"build_version":"2020-12-22","purchased_purges":4,"victory":false,"max_hp_per_floor":[80,80,80,80,80,80,80,85,85,85,85,85,85,85,85,85,85,85,85,85,85,85,85,85,85,85,85,85,85,85,85,85,85,85],"card_choices":[{"not_picked":["Dual Wield","Dark Embrace"],"picked":"Carnage","floor":1.0},{"not_picked":["Uppercut","Reckless Charge","Dark Embrace"],"picked":"SKIP","floor":5.0},{"not_picked":["Intimidate","Shockwave"],"picked":"Body Slam","floor":7.0},{"not_picked":["Shrug It Off","Power Through"],"picked":"Clash","floor":11.0},{"not_picked":["Feed","Perfected Strike"],"picked":"Rampage","floor":13.0},{"not_picked":["Reaper","Berserk"],"picked":"Demon Form","floor":16.0},{"not_picked":["Wild Strike","Sword Boomerang+1"],"picked":"Seeing Red+1","floor":18.0},{"not_picked":["Clothesline+1","Whirlwind"],"picked":"Armaments+1","floor":21.0},{"not_picked":["Sever Soul","Warcry+1"],"picked":"Body Slam+1","floor":23},{"not_picked":["Perfected Strike+1","True Grit+1"],"picked":"Flex+1","floor":25},{"not_picked":["Battle Trance+1","Anger+1"],"picked":"Heavy Blade+1","floor":28},{"not_picked":["Sword Boomerang","Heavy Blade"],"picked":"Flame Barrier+1","floor":30},{"not_picked":["Body Slam","Headbutt"],"picked":"Double Tap+1","floor":31}],"player_experience":797897,"relics_obtained":[{"floor":7.0,"key":"Ornamental Fan"},{"floor":9.0,"key":"Red Skull"},{"floor":11.0,"key":"Odd Mushroom"},{"floor":13.0,"key":"Toxic Egg 2"},{"floor":20.0,"key":"Nilry\u0027s Codex"},{"floor":23,"key":"Akabeko"},{"floor":23,"key":"Old Coin"},{"floor":26,"key":"Meat on the Bone"},{"floor":31,"key":"Bag of Marbles"},{"floor":31,"key":"Blood Vial"}],"event_choices":[{"damage_healed":0.0,"max_hp_gain":0.0,"max_hp_loss":0.0,"gold_gain":0.0,"event_name":"Golden Idol","player_choice":"Take Damage","floor":3.0,"gold_loss":0.0,"damage_taken":20.0,"relics_obtained":["Golden Idol"]},{"damage_healed":0.0,"max_hp_gain":5.0,"max_hp_loss":0.0,"gold_gain":0.0,"event_name":"Big Fish","player_choice":"Donut","floor":8.0,"gold_loss":0.0,"damage_taken":0.0},{"damage_healed":0.0,"max_hp_gain":0.0,"max_hp_loss":0.0,"gold_gain":0.0,"event_name":"Mushrooms","player_choice":"Fought Mushrooms","floor":11.0,"gold_loss":0.0,"damage_taken":0.0},{"damage_healed":0.0,"max_hp_gain":0.0,"max_hp_loss":0.0,"gold_gain":0.0,"event_name":"Cursed Tome","player_choice":"Obtained Book","floor":20.0,"gold_loss":0.0,"damage_taken":16.0},{"cards_removed":["Defend_R"],"damage_healed":0.0,"max_hp_gain":0.0,"max_hp_loss":0.0,"gold_gain":0.0,"event_name":"Bonfire Elementals","player_choice":"Offered Basic","floor":22.0,"gold_loss":0.0,"damage_taken":0.0}],"is_beta":false,"boss_relics":[{"not_picked":["Tiny House","SlaversCollar"],"picked":"Black Star"}],"items_purged_floors":[2,14,19,29],"is_endless":false,"potions_floor_spawned":[1,5,13,23,25,28,31],"killed_by":"Automaton","ascension_level":5}}