{"host":"ufl0k2so27eic2iy","time":1609409238,"event":{"mods":["BaseMod","Minty Spire (QoL Compilation)","StSLib","The Animator"],"gold_per_floor":[278,302,302,336,366,366,396,396,423,472,472,314,353,389,389,487,487,507,528,443,443,443,443,482,482,482,526,556,600,620,659,659,742,742,768,388,388,435,452,490,564,564,588,588,615,640,660,699,699,707,707,707,44,79,84],"floor_reached":56,"playtime":4610,"items_purged":["animator:Strike","animator:Defend","animator:Strike_Kancolle"],"score":2028,"play_id":"88c452bb-faaa-400a-8790-4635d82a3d84","local_time":"20201231100718","is_ascension_mode":true,"campfire_choices":[{"data":"animator:GoblinSlayer","floor":6.0,"key":"SMITH"},{"floor":11.0,"key":"REST"},{"data":"animator:DolaSchwi","floor":15.0,"key":"SMITH"},{"data":"animator:Shiro","floor":23.0,"key":"SMITH"},{"data":"animator:FielNirvalen","floor":25.0,"key":"SMITH"},{"floor":32,"key":"REST"},{"data":"animator:LeleiLaLalena","floor":42,"key":"SMITH"},{"floor":44,"key":"RECALL"},{"floor":49,"key":"REST"},{"data":"animator:PinaCoLada","floor":52,"key":"SMITH"}],"circlet_count":0,"master_deck":["AscendersBane","animator:Defend_Kancolle+1","animator:Defend","animator:Defend","animator:Shimakaze","animator:GoblinSlayer+1","animator:RoyMustang","animator:Shigure","animator:LizardPriest","animator:Mikaela","animator:Priestess+1","animator:DolaSchwi+1","animator:DolaStephanie","animator:LizardPriest","animator:FielNirvalen+1","animator:Spearman","animator:Shiro+1","animator:HiiragiShinya","animator:HighElfArcher","animator:Envy","animator:MaesHughes","animator:PinaCoLada+1","animator:Mitsuba","animator:LizardPriest","animator:TukaLunaMarceau","animator:Kyubey","animator:IzunaHatsuse","animator:SayakaMiki","animator:Cirno","animator:Geryuganshoop+1","animator:LeleiLaLalena+1","animator:Arpeggio","animator:GuildGirl","animator:HiiragiShinya+1","animator:IzunaHatsuse","animator:YaoHaDucy+1"],"relics":["animator:LivingPicture","animator:TheMissingPiece","GremlinMask","Smiling Mask","War Paint","Odd Mushroom","Mark of Pain","Meat on the Bone","Vajra","InkBottle","PreservedInsect","Darkstone Periapt","Red Mask","animator:HolyGrailRelic","Bottled Tornado","Charon\u0027s Ashes","Champion Belt","Centennial Puzzle","Bronze Scales","Lizard Tail","Toolbox","Blood Vial"],"acts_visited":["Exordium","TheCity","TheBeyond","TheEnding"],"potions_floor_usage":[31,33,33,40,50,55,55],"damage_taken":[{"damage":0.0,"enemies":"Small Slimes","floor":1.0,"turns":5.0},{"damage":6.0,"enemies":"Cultist","floor":2.0,"turns":4.0},{"damage":3.0,"enemies":"2 Louse","floor":4.0,"turns":3.0},{"damage":0.0,"enemies":"Large Slime","floor":5.0,"turns":6.0},{"damage":20.0,"enemies":"Gremlin Nob","floor":7.0,"turns":4.0},{"damage":1.0,"enemies":"The Mushroom Lair","floor":10.0,"turns":4.0},{"damage":17.0,"enemies":"Lagavulin","floor":13.0,"turns":9.0},{"damage":3.0,"enemies":"2 Fungi Beasts","floor":14.0,"turns":5.0},{"damage":20.0,"enemies":"The Guardian","floor":16.0,"turns":10.0},{"damage":0.0,"enemies":"Spheric Guardian","floor":18.0,"turns":3.0},{"damage":0.0,"enemies":"3 Byrds","floor":19.0,"turns":5.0},{"damage":16.0,"enemies":"animator:HornedBat","floor":24.0,"turns":7.0},{"damage":13.0,"enemies":"Book of Stabbing","floor":27.0,"turns":7.0},{"damage":2.0,"enemies":"Shelled Parasite and Fungi","floor":28.0,"turns":6.0},{"damage":1,"enemies":"Gremlin Leader","floor":29,"turns":7},{"damage":9,"enemies":"Centurion and Healer","floor":30,"turns":7},{"damage":42,"enemies":"Masked Bandits","floor":31,"turns":6},{"damage":10,"enemies":"Collector","floor":33,"turns":7},{"damage":16,"enemies":"Orb Walker","floor":35,"turns":5},{"damage":1,"enemies":"Mind Bloom Boss Battle","floor":38,"turns":8},{"damage":39,"enemies":"3 Darklings","floor":39,"turns":4},{"damage":15,"enemies":"Reptomancer","floor":40,"turns":9},{"damage":9,"enemies":"Maw","floor":45,"turns":7},{"damage":5,"enemies":"4 Shapes","floor":46,"turns":4},{"damage":4,"enemies":"Spire Growth","floor":47,"turns":5},{"damage":0,"enemies":"Giant Head","floor":48,"turns":8},{"damage":30,"enemies":"Donu and Deca","floor":50,"turns":9},{"damage":31,"enemies":"Shield and Spear","floor":54,"turns":7},{"damage":4,"enemies":"The Heart","floor":55,"turns":9}],"seed_played":"-6551880777808018008","potions_obtained":[{"floor":1.0,"key":"Fire Potion"},{"floor":5.0,"key":"PowerPotion"},{"floor":16.0,"key":"AttackPotion"},{"floor":19.0,"key":"PowerPotion"},{"floor":24.0,"key":"FearPotion"},{"floor":31,"key":"animator:GrowthPotion"},{"floor":33,"key":"animator:FalseLifePotion"},{"floor":46,"key":"SkillPotion"},{"floor":47,"key":"Regen Potion"}],"is_trial":false,"path_per_floor":["M","M","?","M","M","R","E","?","T","?","R","$","E","M","R","B",null,"M","M","?","?","?","R","E","R","T","E","M","E","M","?","R","B",null,"M","$","?","?","M","E","T","R","T","R","M","M","M","E","R","B",null,"R","$","E","B",null],"character_chosen":"THE_ANIMATOR","items_purchased":["animator:DolaStephanie","animator:LizardPriest","animator:SayakaMiki","Bottled Tornado","Weak Potion","LiquidBronze","Lizard Tail","Toolbox","animator:IzunaHatsuse"],"campfire_rested":3,"item_purchase_floors":[12,12,36,36,36,53,53,53,53],"current_hp_per_floor":[54,48,48,45,45,45,26,26,26,25,43,43,27,24,24,4,48,48,48,48,48,48,48,32,32,32,31,41,40,43,13,31,33,63,50,50,45,46,29,32,32,32,32,32,37,46,45,47,73,60,83,83,83,52,50],"gold":84,"neow_bonus":"ONE_RANDOM_RARE_CARD","is_daily":false,"chose_seed":false,"campfire_upgraded":6,"win_rate":0.0,"timestamp":1609409238,"path_taken":["M","M","?","M","?","R","E","?","T","?","R","$","E","M","R","BOSS","M","M","?","?","?","R","E","R","T","E","M","E","M","?","R","BOSS","M","$","?","?","M","E","?","R","T","R","M","M","M","E","R","BOSS","R","$","E","BOSS"],"items_purchased_type":["Card","Card","Card","Relic","Potion","Potion","Relic","Relic","Card"],"build_version":"2020-12-22","purchased_purges":3,"victory":true,"max_hp_per_floor":[60,60,60,60,60,60,61,61,61,61,61,61,62,62,62,62,62,62,62,62,62,62,62,62,62,62,62,62,62,62,62,62,62,70,73,73,73,75,77,79,79,79,79,79,81,83,86,88,88,90,90,90,90,87,84],"card_choices":[{"not_picked":["animator:RoryMercury","animator:Witch"],"picked":"animator:RoyMustang","floor":1.0},{"not_picked":["animator:MaesHughes","animator:Jibril"],"picked":"animator:Shigure","floor":2.0},{"not_picked":["animator:ChlammyZell","animator:Pride"],"picked":"animator:LizardPriest","floor":4.0},{"not_picked":["animator:Shinoa","animator:Yoichi"],"picked":"animator:Mikaela","floor":5.0},{"not_picked":["animator:Shinoa","animator:ElricEdward"],"picked":"animator:Priestess","floor":7.0},{"not_picked":["animator:Genos","animator:SwordMaiden"],"picked":"animator:DolaSchwi","floor":10.0},{"not_picked":["animator:ChlammyZell","animator:LeleiLaLalena"],"picked":"animator:FielNirvalen","floor":13.0},{"not_picked":["animator:HiiragiShinya","animator:Yuuichirou"],"picked":"animator:Spearman","floor":14.0},{"not_picked":["animator:MadokaKaname","animator:ItamiYouji"],"picked":"animator:Shiro","floor":16.0},{"not_picked":["animator:Yoichi","animator:CrowleyEusford"],"picked":"animator:HiiragiShinya","floor":18.0},{"not_picked":["animator:ChlammyZell","animator:Jibril+1","animator:Tet"],"picked":"SKIP","floor":19.0},{"not_picked":["animator:YachiyoNanami","animator:WinryRockbell"],"picked":"animator:MaesHughes","floor":24.0},{"not_picked":["animator:SuzuneAmano","animator:CrowleyEusford+1"],"picked":"animator:PinaCoLada","floor":27.0},{"not_picked":["animator:KrulTepes","animator:HiiragiTenri"],"picked":"animator:Mitsuba","floor":28},{"not_picked":["animator:KrulTepes","animator:Gluttony"],"picked":"animator:LizardPriest","floor":29},{"not_picked":["animator:SilverFang+1","animator:GoblinSlayer"],"picked":"animator:TukaLunaMarceau","floor":30},{"not_picked":["animator:ItamiYouji","animator:Greed"],"picked":"animator:Kyubey","floor":33},{"not_picked":["animator:RoyMustang","animator:MumenRider"],"picked":"animator:IzunaHatsuse","floor":35},{"not_picked":["animator:IchigoKurosaki","animator:QuestionMark"],"picked":"animator:Cirno","floor":37},{"not_picked":["animator:NagisaMomoe","animator:ElricAlphonse+1"],"picked":"animator:Geryuganshoop+1","floor":38},{"not_picked":["animator:TukaLunaMarceau","animator:RoryMercury"],"picked":"animator:LeleiLaLalena","floor":39},{"not_picked":["animator:SilverFang+1","animator:Tyuule"],"picked":"animator:Arpeggio","floor":40},{"not_picked":["animator:DolaCouronne","animator:KyokoSakura+1","animator:Spearman"],"picked":"SKIP","floor":45},{"not_picked":["animator:Jibril","animator:DolaCouronne","animator:CrowleyEusford"],"picked":"SKIP","floor":46},{"not_picked":["animator:DwarfShaman","animator:Witch"],"picked":"animator:GuildGirl","floor":47},{"not_picked":["animator:Melzalgald+1","animator:NagisaMomoe"],"picked":"animator:HiiragiShinya+1","floor":48},{"not_picked":["animator:Tet","animator:LizardPriest"],"picked":"animator:YaoHaDucy+1","floor":54}],"player_experience":2389073,"relics_obtained":[{"floor":7.0,"key":"Smiling Mask"},{"floor":9.0,"key":"War Paint"},{"floor":10.0,"key":"Odd Mushroom"},{"floor":24.0,"key":"Vajra"},{"floor":26.0,"key":"InkBottle"},{"floor":27.0,"key":"PreservedInsect"},{"floor":29,"key":"Darkstone Periapt"},{"floor":31,"key":"Red Mask"},{"floor":38,"key":"Charon\u0027s Ashes"},{"floor":40,"key":"Champion Belt"},{"floor":43,"key":"Centennial Puzzle"},{"floor":48,"key":"Bronze Scales"},{"floor":54,"key":"Blood Vial"}],"event_choices":[{"damage_healed":0.0,"max_hp_gain":0.0,"max_hp_loss":0.0,"gold_gain":0.0,"event_name":"FaceTrader","player_choice":"Trade","floor":3.0,"gold_loss":0.0,"damage_taken":0.0,"relics_obtained":["GremlinMask"]},{"damage_healed":0.0,"max_hp_gain":0.0,"max_hp_loss":0.0,"gold_gain":0.0,"event_name":"Scrap Ooze","player_choice":"Fled","floor":8.0,"gold_loss":0.0,"damage_taken":0.0},{"damage_healed":0.0,"max_hp_gain":0.0,"max_hp_loss":0.0,"gold_gain":0.0,"event_name":"Mushrooms","player_choice":"Fought Mushrooms","floor":10.0,"gold_loss":0.0,"damage_taken":0.0},{"damage_healed":0.0,"max_hp_gain":0.0,"max_hp_loss":0.0,"gold_gain":0.0,"event_name":"Addict","player_choice":"Obtained Relic","floor":20.0,"gold_loss":85.0,"damage_taken":0.0,"relics_obtained":["Meat on the Bone"]},{"damage_healed":0.0,"max_hp_gain":0.0,"max_hp_loss":0.0,"gold_gain":0.0,"cards_transformed":["animator:Strike","animator:Strike"],"event_name":"Drug Dealer","player_choice":"Became Test Subject","floor":21.0,"gold_loss":0.0,"damage_taken":0.0,"cards_obtained":["animator:HighElfArcher","animator:Envy"]},{"damage_healed":0.0,"max_hp_gain":0.0,"max_hp_loss":0.0,"gold_gain":0.0,"event_name":"The Mausoleum","player_choice":"Ignored","floor":22.0,"gold_loss":0.0,"damage_taken":0.0},{"damage_healed":0,"gold_gain":0,"player_choice":"Fought Bandits","damage_taken":0,"max_hp_gain":0,"max_hp_loss":0,"event_name":"Masked Bandits","floor":31,"gold_loss":0},{"damage_healed":0,"gold_gain":0,"player_choice":"Memory 2","damage_taken":5,"max_hp_gain":0,"max_hp_loss":0,"event_name":"SensoryStone","floor":37,"gold_loss":0},{"damage_healed":0,"gold_gain":0,"player_choice":"Fight","damage_taken":0,"max_hp_gain":0,"max_hp_loss":0,"event_name":"MindBloom","floor":38,"gold_loss":0}],"is_beta":false,"boss_relics":[{"not_picked":["Astrolabe","Velvet Choker"],"picked":"Mark of Pain"},{"not_picked":["Tiny House","Black Star"],"picked":"animator:HolyGrailRelic"}],"items_purged_floors":[12,36,53],"is_endless":false,"potions_floor_spawned":[1,5,16,19,24,27,31,33,46,47,48,54],"ascension_level":15}}