{"host":"37dk0reb6x0du8wx","time":1609409119,"event":{"mods":["BaseMod","Colored Map","DeckTracker","Minty Spire (QoL Compilation)","Quick Restart","StSLib","SuperFastMode","The Dragon Tamer"],"gold_per_floor":[111,111,286,296,147,147,147,177,177,177,206,206,216,231,231,335,335,323,350,350,369,387,387,387],"floor_reached":23,"playtime":658,"items_purged":["Reprogram"],"score":209,"play_id":"abfb93cf-2f7b-44d2-a82f-f31049bcc939","local_time":"20201231190519","is_ascension_mode":true,"campfire_choices":[{"data":"Defragment","floor":6,"key":"SMITH"},{"floor":10,"key":"REST"},{"floor":12,"key":"REST"},{"data":"Auto Shields","floor":15,"key":"SMITH"}],"circlet_count":0,"master_deck":["Strike_B","Strike_B","Defend_B","Defend_B","Defend_B","Defend_B","Zap+1","Dualcast","Doubt","Defragment+1","Electrodynamics+1","Auto Shields+1","CurseOfTheBell","Defragment"],"relics":["Cracked Core","Darkstone Periapt","Kunai","Ancient Tea Set","Calling Bell","Tiny Chest","White Beast Statue","Du-Vu Doll","Red Mask"],"acts_visited":["Exordium","TheCity"],"potions_floor_usage":[16,19,23],"damage_taken":[{"damage":0,"enemies":"2 Louse","floor":1,"turns":2},{"damage":5,"enemies":"Small Slimes","floor":4,"turns":4},{"damage":39,"enemies":"3 Sentries","floor":8,"turns":8},{"damage":19,"enemies":"Gremlin Nob","floor":11,"turns":4},{"damage":6,"enemies":"Jaw Worm","floor":13,"turns":2},{"damage":0,"enemies":"3 Louse","floor":14,"turns":1},{"damage":12,"enemies":"Slime Boss","floor":16,"turns":7},{"damage":15,"enemies":"2 Thieves","floor":18,"turns":4},{"damage":53,"enemies":"Masked Bandits","floor":19,"turns":4},{"damage":10,"enemies":"Spheric Guardian","floor":21,"turns":3},{"damage":0,"enemies":"Chosen and Byrds","floor":22,"turns":4},{"damage":18,"enemies":"Shelled Parasite and Fungi","floor":23,"turns":2}],"seed_played":"4121411018795938154","potions_obtained":[{"floor":11,"key":"SneckoOil"},{"floor":13,"key":"Explosive Potion"},{"floor":14,"key":"Swift Potion"},{"floor":18,"key":"PotionOfCapacity"},{"floor":19,"key":"Energy Potion"},{"floor":21,"key":"GamblersBrew"}],"is_trial":false,"path_per_floor":["M","?","?","M","$","R","?","E","T","R","E","R","M","M","R","B",null,"M","?","?","M","M","M"],"character_chosen":"DEFECT","items_purchased":["Defragment"],"campfire_rested":2,"item_purchase_floors":[5],"current_hp_per_floor":[75,68,68,63,63,63,63,24,24,46,27,49,43,43,43,31,81,66,13,13,3,3,0,0],"gold":387,"neow_bonus":"TRANSFORM_CARD","is_daily":false,"chose_seed":false,"campfire_upgraded":2,"win_rate":0.0,"timestamp":1609409119,"path_taken":["M","?","?","M","$","R","?","E","T","R","E","R","M","M","R","BOSS","M","?","?","M","M","?"],"items_purchased_type":["Card"],"build_version":"2020-12-22","purchased_purges":1,"victory":false,"max_hp_per_floor":[75,75,75,75,75,75,75,75,75,75,75,75,75,75,75,75,81,81,81,81,81,81,81,81],"card_choices":[{"not_picked":["Go for the Eyes","Force Field","Steam"],"picked":"SKIP","floor":1},{"not_picked":["Sweeping Beam","Scrape","Turbo"],"picked":"SKIP","floor":4},{"not_picked":["Sweeping Beam","Doom and Gloom"],"picked":"Electrodynamics","floor":8},{"not_picked":["Sweeping Beam","Creative AI","White Noise"],"picked":"SKIP","floor":11},{"not_picked":["Heatsinks","Reprogram","Beam Cell"],"picked":"SKIP","floor":13},{"not_picked":["Auto Shields","Barrage","Hello World"],"picked":"SKIP","floor":14},{"not_picked":["Barrage","Hello World"],"picked":"Auto Shields","floor":14},{"not_picked":["Streamline+1","Gash","Sweeping Beam+1"],"picked":"SKIP","floor":18},{"not_picked":["Ball Lightning+1","Steam"],"picked":"Defragment","floor":21},{"not_picked":["Darkness","Beam Cell","Scrape"],"picked":"SKIP","floor":22}],"player_experience":96862,"relics_obtained":[{"floor":8,"key":"Darkstone Periapt"},{"floor":9,"key":"Kunai"},{"floor":11,"key":"Ancient Tea Set"},{"floor":17,"key":"Tiny Chest"},{"floor":17,"key":"White Beast Statue"},{"floor":17,"key":"Du-Vu Doll"},{"floor":19,"key":"Red Mask"}],"event_choices":[{"cards_removed":["Strike_B"],"damage_healed":0,"gold_gain":0,"player_choice":"Card Removal","damage_taken":7,"max_hp_gain":0,"max_hp_loss":0,"event_name":"Golden Wing","floor":2,"gold_loss":0},{"damage_healed":0,"gold_gain":175,"player_choice":"AGREE","damage_taken":0,"max_hp_gain":0,"max_hp_loss":0,"event_name":"Liars Game","floor":3,"gold_loss":0,"cards_obtained":["Doubt"]},{"damage_healed":0,"gold_gain":0,"player_choice":"Grow","damage_taken":0,"max_hp_gain":0,"max_hp_loss":0,"event_name":"Living Wall","floor":7,"gold_loss":0,"cards_upgraded":["Zap"]},{"damage_healed":0,"gold_gain":0,"player_choice":"Fought Bandits","damage_taken":0,"max_hp_gain":0,"max_hp_loss":0,"event_name":"Masked Bandits","floor":19,"gold_loss":0},{"damage_healed":0,"gold_gain":0,"player_choice":"Upgraded","damage_taken":0,"max_hp_gain":0,"max_hp_loss":0,"event_name":"Upgrade Shrine","floor":20,"gold_loss":0,"cards_upgraded":["Electrodynamics"]}],"is_beta":false,"boss_relics":[{"not_picked":["Coffee Dripper","Runic Dome"],"picked":"Calling Bell"}],"items_purged_floors":[5],"is_endless":false,"potions_floor_spawned":[11,13,14,18,19,21,22],"killed_by":"Shelled Parasite and Fungi","ascension_level":1}}