{"host":"foq4mrde4mssg7vt","time":1609439721,"event":{"mods":["AchievementEnabler","BaseMod","Colored Map","Colored Powertips","Highlight Path","Minty Spire (QoL Compilation)","Relic Stats","everything is the same but u backflip on backflip"],"gold_per_floor":[116,129,148,148,46,74,74,39,39,39,39,49,69,94,94,94,94],"floor_reached":16,"playtime":423,"items_purged":[],"score":187,"play_id":"e4dacb18-deab-4155-bcd1-1eaaccf402b7","local_time":"20210101023521","is_ascension_mode":true,"campfire_choices":[{"data":"True Grit","floor":7.0,"key":"SMITH"},{"data":"Uppercut","floor":11.0,"key":"SMITH"},{"data":"Twin Strike","floor":15.0,"key":"SMITH"}],"circlet_count":0,"master_deck":["AscendersBane","Strike_R","Strike_R","Strike_R","Strike_R","Strike_R","Defend_R","Defend_R","Defend_R+1","Defend_R","Bash+1","Uppercut+1","Twin Strike+1","Combust","True Grit+1","Cleave","Battle Trance"],"relics":["Burning Blood","Anchor","Matryoshka"],"acts_visited":["Exordium"],"potions_floor_usage":[16,16],"damage_taken":[{"damage":9.0,"enemies":"Jaw Worm","floor":1.0,"turns":4.0},{"damage":1.0,"enemies":"2 Louse","floor":2.0,"turns":3.0},{"damage":5.0,"enemies":"Small Slimes","floor":3.0,"turns":3.0},{"damage":40.0,"enemies":"Lagavulin","floor":6.0,"turns":6.0},{"damage":0.0,"enemies":"Blue Slaver","floor":12.0,"turns":3.0},{"damage":11.0,"enemies":"Exordium Thugs","floor":13.0,"turns":3.0},{"damage":23.0,"enemies":"3 Sentries","floor":14.0,"turns":6.0},{"damage":39,"enemies":"Hexaghost","floor":16,"turns":9}],"seed_played":"2885161951427892433","potions_obtained":[{"floor":3.0,"key":"Swift Potion"},{"floor":12.0,"key":"Dexterity Potion"}],"is_trial":false,"path_per_floor":["M","M","M","?","$","E","R","?","T","?","R","M","M","E","R","B"],"character_chosen":"IRONCLAD","items_purchased":["True Grit","FearPotion"],"campfire_rested":0,"item_purchase_floors":[5,5],"current_hp_per_floor":[72,77,78,62,62,28,28,48,48,53,53,59,54,37,37,0,0],"gold":94,"neow_bonus":"TEN_PERCENT_HP_BONUS","is_daily":false,"chose_seed":false,"campfire_upgraded":3,"win_rate":0.0,"timestamp":1609439721,"path_taken":["M","M","M","?","$","E","R","?","T","?","R","M","M","E","R","BOSS"],"items_purchased_type":["Card","Potion"],"build_version":"2020-12-22","purchased_purges":0,"victory":false,"max_hp_per_floor":[82,82,82,82,82,82,82,82,82,87,87,87,87,87,87,87,87],"relic_stats":{"counters":[8,37],"obtain_stats":[{"Anchor":9,"Matryoshka":14,"Burning Blood":0},{"Anchor":4,"Matryoshka":7,"Burning Blood":0},{"Anchor":16,"Matryoshka":28,"Burning Blood":0}],"Burning Blood":42},"card_choices":[{"not_picked":["Flex","Cleave"],"picked":"Uppercut","floor":1.0},{"not_picked":["Iron Wave","Dark Embrace"],"picked":"Twin Strike","floor":2.0},{"not_picked":["True Grit","Perfected Strike"],"picked":"Combust","floor":3.0},{"not_picked":["Wild Strike","Heavy Blade"],"picked":"Cleave","floor":6.0},{"not_picked":["Pommel Strike","Ghostly Armor","Perfected Strike"],"picked":"SKIP","floor":12.0},{"not_picked":["Perfected Strike","True Grit","Hemokinesis"],"picked":"SKIP","floor":13.0},{"not_picked":["Rampage","Rage"],"picked":"Battle Trance","floor":14.0}],"player_experience":349246,"relics_obtained":[{"floor":9.0,"key":"Anchor"},{"floor":14.0,"key":"Matryoshka"}],"event_choices":[{"damage_healed":0.0,"max_hp_gain":0.0,"max_hp_loss":0.0,"gold_gain":0.0,"event_name":"Shining Light","player_choice":"Entered Light","floor":4.0,"gold_loss":0.0,"damage_taken":16.0,"cards_upgraded":["Bash","Defend_R"]},{"damage_healed":20.0,"max_hp_gain":0.0,"max_hp_loss":0.0,"gold_gain":0.0,"event_name":"The Cleric","player_choice":"Healed","floor":8.0,"gold_loss":35.0,"damage_taken":0.0},{"damage_healed":0.0,"max_hp_gain":5.0,"max_hp_loss":0.0,"gold_gain":0.0,"event_name":"Big Fish","player_choice":"Donut","floor":10.0,"gold_loss":0.0,"damage_taken":0.0}],"is_beta":false,"boss_relics":[],"items_purged_floors":[],"is_endless":false,"potions_floor_spawned":[3,12,14],"killed_by":"Hexaghost","ascension_level":14}}