{"host":"rvgqag7mtxu5qaaz","time":1609449563,"event":{"mods":["AchievementEnabler","BaseMod","Downfall","Hermit","Hubris","Minty Spire (QoL Compilation)","Replay The Spire","StSLib","SuperFastMode","The Animator","The Construct","The Cursed","The Disciple","The Necromancer"],"gold_per_floor":[368,368,543,543,558,587,597,597,597,295,307,324,95,113,113,211,211,224,239,149,169,268,268,294,310,310,330,430,445,445,458,458,458,458],"floor_reached":33,"playtime":1502,"items_purged":[],"score":251,"play_id":"0843b50f-d917-4b4a-936b-7407c515aa6e","local_time":"20201231161923","is_ascension_mode":false,"campfire_choices":[{"floor":8,"key":"REST"},{"data":"Strike_W","floor":15,"key":"SMITH"},{"floor":23,"key":"REST"},{"floor":32,"key":"REST"}],"circlet_count":0,"master_deck":["Strike_W","Strike_W","Strike_W","Strike_W","Defend_W","Defend_W","Defend_W","Defend_W","Negative_Energy_Arrows","Bone_Wall","Flesh_Made_Foul","Looming Evil","Finger_Of_Death","Exploit","Necromantic_Selection+1","Cloudkill","Deaths_Shadow","Summon_Undead_Army","Blood_Wake","Flesh_Made_Foul","Bone_Shift","Strike_from_Beyond","Bone_Spikes","Negative_Energy_Bomb","Cloudkill","Summon_Death_Knight","Negative_Energy_Mist","Death_Coil+1","Uncharnel","Pandemic+1","Decay","Negative_Energy_Sphere"],"relics":["Vampire_Amulet","Ring of Searing","ReplayTheSpireMod:Ring of Addiction","White Beast Statue","SacredBark","Replay:Accelerometer","hubris:SlimyHat","Pet Ghost","Orrery","Simple Rune","Busted Crown","Red Mask","Juzu Bracelet"],"acts_visited":["Exordium","TheCity"],"potions_floor_usage":[6,12,16,16,21,25,27,27,29,33,33],"damage_taken":[{"damage":6,"enemies":"2 Louse","floor":1,"turns":2},{"damage":7,"enemies":"Jaw Worm","floor":5,"turns":4},{"damage":20,"enemies":"3 Sentries","floor":6,"turns":5},{"damage":5,"enemies":"Cultist","floor":7,"turns":3},{"damage":11,"enemies":"Blue Slaver","floor":11,"turns":4},{"damage":6,"enemies":"Red Slaver","floor":12,"turns":2},{"damage":0,"enemies":"2 Fungi Beasts","floor":14,"turns":3},{"damage":32,"enemies":"Hexaghost","floor":16,"turns":8},{"damage":20,"enemies":"3 Byrds","floor":18,"turns":3},{"damage":18,"enemies":"Spheric Guardian","floor":19,"turns":3},{"damage":21,"enemies":"Snecko","floor":21,"turns":4},{"damage":14,"enemies":"Masked Bandits","floor":24,"turns":3},{"damage":12,"enemies":"Cultist and Chosen","floor":25,"turns":5},{"damage":17,"enemies":"Snake Plant","floor":27,"turns":3},{"damage":0,"enemies":"3 Cultists","floor":29,"turns":6},{"damage":12,"enemies":"Snecko","floor":31,"turns":6},{"damage":31,"enemies":"Champ","floor":33,"turns":3}],"seed_played":"20000016019217241","potions_obtained":[{"floor":1,"key":"Ancient Potion"},{"floor":2,"key":"Weak Potion"},{"floor":2,"key":"champ:CounterPotion"},{"floor":2,"key":"Swift Potion"},{"floor":5,"key":"Milkshake"},{"floor":6,"key":"Guardian:BlockOnCardUsePotion"},{"floor":12,"key":"FearPotion"},{"floor":16,"key":"Strength Potion"},{"floor":18,"key":"Ancient Potion"},{"floor":19,"key":"Energy Potion"},{"floor":21,"key":"ColorlessPotion"},{"floor":24,"key":"LifebloodPotion"},{"floor":25,"key":"Cursed Concoction"},{"floor":27,"key":"Flashbang"},{"floor":29,"key":"Death Potion"},{"floor":31,"key":"Adrenaline Potion"}],"is_trial":false,"path_per_floor":["M","?","?","T","M","E","M","R","T","$","M","M","$","M","R","B",null,"M","M","?","M","?","R","?","M","T","M","?","M","?","M","R","B"],"character_chosen":"NECROMANCER","items_purchased":["Cloudkill","Orrery","Negative_Energy_Bomb","Simple Rune"],"campfire_rested":3,"item_purchase_floors":[10,10,13,13],"current_hp_per_floor":[52,52,52,52,47,33,30,51,51,51,42,38,38,42,42,12,69,55,39,39,20,20,40,32,24,24,9,9,15,15,5,24,0,0],"gold":458,"neow_bonus":"TWO_FIFTY_GOLD","is_daily":false,"chose_seed":false,"campfire_upgraded":1,"win_rate":0.0,"timestamp":1609449563,"path_taken":["M","?","?","?","M","E","M","R","T","$","?","?","$","M","R","BOSS","M","M","?","?","?","R","?","M","T","M","?","M","?","M","R","BOSS"],"items_purchased_type":["Card","Relic","Card","Relic"],"build_version":"2020-12-22","purchased_purges":0,"victory":false,"max_hp_per_floor":[75,75,75,75,75,73,73,73,73,71,71,71,71,71,71,69,69,69,69,67,67,67,67,67,65,65,65,65,65,65,65,65,63,63],"card_choices":[{"not_picked":["Stop_Heart","Death_Coil"],"picked":"Flesh_Made_Foul","floor":1},{"not_picked":["Negative_Energy_Sphere","Toxic_Smoke_Screen"],"picked":"Finger_Of_Death","floor":5},{"not_picked":["Bone_Shift","Summon_Undead"],"picked":"Exploit","floor":6},{"not_picked":["Life_Drain","Plague_Bolt"],"picked":"Necromantic_Selection","floor":7},{"not_picked":["Chill_Blood","Bone_Armor"],"picked":"Deaths_Shadow","floor":10},{"not_picked":["Life_Drain","Pandemic"],"picked":"Summon_Undead_Army","floor":10},{"not_picked":["Toxic_Smoke_Screen","Negative_Energy_Shield"],"picked":"Blood_Wake","floor":10},{"not_picked":["Negative_Energy_Mist","Siphon_Strength"],"picked":"Flesh_Made_Foul","floor":10},{"not_picked":["Consume_Illness","Shackles_Of_Pain"],"picked":"Bone_Shift","floor":10},{"not_picked":["Bone_Shift","Bones_to_Steel"],"picked":"Strike_from_Beyond","floor":11},{"not_picked":["Corrupt","Vampiric_Strike"],"picked":"Bone_Spikes","floor":12},{"not_picked":["Scare","Blood_Whip"],"picked":"Cloudkill","floor":14},{"not_picked":["Negative_Energy_Bomb","Skeleton_Dragon"],"picked":"Summon_Death_Knight","floor":16},{"not_picked":[],"picked":"Negative_Energy_Mist","floor":18},{"not_picked":[],"picked":"Death_Coil+1","floor":19},{"not_picked":[],"picked":"Uncharnel","floor":21},{"not_picked":["Shackles_Of_Pain"],"picked":"SKIP","floor":25},{"not_picked":["Shackles_Of_Pain"],"picked":"SKIP","floor":27},{"not_picked":[],"picked":"Pandemic+1","floor":29},{"not_picked":[],"picked":"Negative_Energy_Sphere","floor":31}],"player_experience":339961,"relics_obtained":[{"floor":2,"key":"Ring of Searing"},{"floor":2,"key":"ReplayTheSpireMod:Ring of Addiction"},{"floor":2,"key":"White Beast Statue"},{"floor":2,"key":"SacredBark"},{"floor":4,"key":"Replay:Accelerometer"},{"floor":6,"key":"hubris:SlimyHat"},{"floor":9,"key":"Pet Ghost"},{"floor":24,"key":"Red Mask"},{"floor":26,"key":"Juzu Bracelet"}],"event_choices":[{"damage_healed":0,"gold_gain":175,"player_choice":"AGREE","damage_taken":0,"max_hp_gain":0,"max_hp_loss":0,"event_name":"Liars Game","floor":3,"gold_loss":0,"cards_obtained":["Doubt"]},{"cards_removed":["Doubt"],"damage_healed":0,"gold_gain":0,"player_choice":"Upgrade and Remove","damage_taken":0,"max_hp_gain":0,"max_hp_loss":0,"event_name":"Designer","floor":20,"gold_loss":90,"cards_upgraded":["Necromantic_Selection"]},{"damage_healed":0,"gold_gain":99,"player_choice":"Stole From Cult","damage_taken":0,"max_hp_gain":0,"max_hp_loss":0,"event_name":"Nest","floor":22,"gold_loss":0},{"damage_healed":0,"gold_gain":0,"player_choice":"Fought Bandits","damage_taken":0,"max_hp_gain":0,"max_hp_loss":0,"event_name":"Masked Bandits","floor":24,"gold_loss":0},{"damage_healed":0,"gold_gain":100,"player_choice":"Pray","damage_taken":0,"max_hp_gain":0,"max_hp_loss":0,"event_name":"Golden Shrine","floor":28,"gold_loss":0},{"damage_healed":0,"gold_gain":0,"player_choice":"Smashed Altar","damage_taken":0,"max_hp_gain":0,"max_hp_loss":0,"event_name":"Forgotten Altar","floor":30,"gold_loss":0,"cards_obtained":["Decay"]}],"is_beta":false,"boss_relics":[{"not_picked":["SlaversCollar","Sozu"],"picked":"Busted Crown"}],"items_purged_floors":[],"is_endless":false,"potions_floor_spawned":[1,5,6,7,11,12,14,16,18,19,21,24,25,27,29,31],"killed_by":"Champ","ascension_level":0}}