{"host":"69bph6yxyxosrorh","time":1609420961,"event":{"mods":["ATMod(°¢èªMod)","Act Like it!","BaseMod","Gensokyo","Minty Spire (QoL Compilation)","MostiFishMod","Permanent Neow","Quick Restart","Spicy Shops","StSLib","Yakumo Yukari mod","¡¾ÒÅÎï¿¨ÅÆ¡¿REMEMod"],"gold_per_floor":[136,136,156,156,170,170,188,215,240,340,340,180,180,195,195,195,195],"floor_reached":16,"playtime":584,"items_purged":[],"score":137,"play_id":"61887cc6-5f6a-4cb8-a629-2c3f58e1210f","local_time":"20201231212241","is_ascension_mode":true,"campfire_choices":[{"floor":6,"key":"RECALL"},{"data":"RuleDissolution_purple","floor":11,"key":"SMITH"},{"data":"REME_MawOfCthun","floor":15,"key":"SMITH"}],"circlet_count":0,"master_deck":["AT_purpleEX","AT_purpleEX","AT_purpleEX","AT_purpleEX","Defend_purpleEX","Defend_purpleEX","Defend_purpleEX","Defend_purpleEX","Observe_purple_1","Observe_purple_2","AT_ShrugMaster","Well Laid Plans","Doubt","REME_MawOfCthun+1","RuleDissolution_purple+1","Injury","Boundary_DreamRealityDamnation_purple","Clumsy","Boundary_LightAndDark_purple","Worldmountain_purple"],"relics":["Boundary_crack","Memoryfragments_purpleEX","REME_ComplimentaryCards","DaveBox","AT_ATBox","ShadowXiaoBlade","SynthV:TestCard","Strawberry","Gensokyo:NagashiBinaDoll","AT_SpeedBoots","Enchiridion"],"acts_visited":["Exordium"],"potions_floor_usage":[8,8,14],"damage_taken":[{"damage":5,"enemies":"Gensokyo:3_Fairies","floor":1,"turns":5},{"damage":0,"enemies":"Gensokyo:2_Kodama","floor":3,"turns":4},{"damage":8,"enemies":"Gensokyo:Gryphon","floor":5,"turns":3},{"damage":0,"enemies":"Gensokyo:Kitsune","floor":7,"turns":4},{"damage":23,"enemies":"Gensokyo:Aya","floor":8,"turns":5},{"damage":8,"enemies":"Gensokyo:3_Kodama","floor":14,"turns":2},{"damage":0,"enemies":"Gensokyo:Yukari","floor":16,"turns":1}],"seed_played":"1296639216138828848","potions_obtained":[{"floor":1,"key":"LiquidBronze"},{"floor":3,"key":"Block Potion"},{"floor":8,"key":"EssenceOfSteel"}],"is_trial":false,"path_per_floor":["M","?","M","?","M","R","M","E","T","?","R","?","?","M","R","B"],"character_chosen":"Youkari","items_purchased":[],"campfire_rested":0,"item_purchase_floors":[],"current_hp_per_floor":[66,73,77,77,73,73,77,59,59,59,59,59,59,51,51,51,51],"gold":195,"neow_bonus":"RANDOM_COLORLESS_2","is_daily":false,"chose_seed":false,"campfire_upgraded":2,"win_rate":0.0,"timestamp":1609420961,"path_taken":["M","?","?","?","M","R","M","E","T","?","R","?","?","M","R","BOSS"],"items_purchased_type":[],"build_version":"2020-12-22","purchased_purges":0,"victory":false,"max_hp_per_floor":[70,77,77,77,77,77,77,77,77,77,77,77,77,77,77,77,77],"card_choices":[{"not_picked":["MostiFishMod:KingOfFree","AT_TearsDenial"],"picked":"REME_MawOfCthun","floor":0},{"not_picked":["Realm_recovery_purpleEX","StateDuplicate_purple"],"picked":"RuleDissolution_purple","floor":1},{"not_picked":["PositiveMatter_Antimatter_Universe_purple","Mirror_Drifter_purple","WeekHit_purple","StateDuplicate_purple"],"picked":"Boundary_DreamRealityDamnation_purple","floor":3},{"not_picked":["Line_surface_state_purple","Yakumo_Ran_purple","RealityDreamConfluencek_purple","ExistenceContinue_purple"],"picked":"Boundary_LightAndDark_purple","floor":5},{"not_picked":["WatchEChange_purple","SfantasyHide_purple","Mirror_FormAndEmptin_purple","Boundary_DynamicStaticEquilibrium_purple","Shallow_ocean_purpleEX"],"picked":"SKIP","floor":7},{"not_picked":["WatchEChange_purple","ExistenceContinue_purple","PositiveMatter_Antimatter_Universe_purple","RuleDissolution_purple"],"picked":"Worldmountain_purple","floor":8},{"not_picked":["Erosivefilter_purple","SfantasyHide_purple","Worldmountain_purple","StateDuplicate_purple","Charmbait_purple"],"picked":"SKIP","floor":14}],"player_experience":28786,"relics_obtained":[{"floor":1,"key":"SynthV:TestCard"},{"floor":8,"key":"AT_SpeedBoots"}],"event_choices":[],"is_beta":false,"boss_relics":[],"items_purged_floors":[],"is_endless":false,"potions_floor_spawned":[1,3,8],"killed_by":"Gensokyo:Yukari","ascension_level":2}}