{"host":"x7xd4wkamhrqrrvw","time":1609451412,"event":{"mods":["BaseMod","Minty Spire (QoL Compilation)","StSLib"],"gold_per_floor":[113,113,129,204,228,228,257,91,118,118,118],"floor_reached":10,"playtime":226,"items_purged":["Strike_B"],"score":102,"play_id":"c03efecd-a88c-432d-b47b-c3653938638d","local_time":"20201231195012","is_ascension_mode":true,"campfire_choices":[{"data":"Defend_B","floor":6,"key":"SMITH"}],"circlet_count":0,"master_deck":["AscendersBane","Strike_B","Strike_B+1","Defend_B+1","Defend_B","Defend_B","Defend_B","Zap","Dualcast","Gash+1","Steam","PanicButton"],"relics":["Cracked Core","Whetstone","Frozen Egg 2","Happy Flower"],"acts_visited":["Exordium"],"potions_floor_usage":[10],"damage_taken":[{"damage":8,"enemies":"2 Louse","floor":1,"turns":3},{"damage":1,"enemies":"Cultist","floor":3,"turns":3},{"damage":44,"enemies":"3 Sentries","floor":7,"turns":7},{"damage":14,"enemies":"Lagavulin","floor":10,"turns":4}],"seed_played":"3711579337436979088","potions_obtained":[{"floor":7,"key":"SkillPotion"}],"is_trial":false,"path_per_floor":["M","?","M","?","T","R","E","$","T","E"],"character_chosen":"DEFECT","items_purchased":["PanicButton"],"campfire_rested":0,"item_purchase_floors":[8],"current_hp_per_floor":[67,67,66,55,55,55,11,11,11,0,0],"gold":118,"neow_bonus":"TEN_PERCENT_HP_BONUS","is_daily":false,"chose_seed":false,"campfire_upgraded":1,"win_rate":0.0,"timestamp":1609451412,"path_taken":["M","?","?","?","?","R","E","?","T","E"],"items_purchased_type":["Card"],"build_version":"2020-12-22","purchased_purges":1,"victory":false,"max_hp_per_floor":[82,82,82,82,82,82,82,82,82,82,82],"card_choices":[{"not_picked":["Compile Driver","Force Field","Heatsinks"],"picked":"SKIP","floor":1},{"not_picked":["Cold Snap","Ball Lightning"],"picked":"Gash","floor":3},{"not_picked":["Capacitor+1","Coolheaded"],"picked":"Steam","floor":7}],"player_experience":260962,"relics_obtained":[{"floor":5,"key":"Whetstone"},{"floor":7,"key":"Frozen Egg 2"},{"floor":9,"key":"Happy Flower"}],"event_choices":[{"cards_removed":["Strike_B"],"damage_healed":0,"gold_gain":0,"player_choice":"Offered Basic","damage_taken":0,"max_hp_gain":0,"max_hp_loss":0,"event_name":"Bonfire Elementals","floor":2,"gold_loss":0},{"damage_healed":0,"gold_gain":75,"player_choice":"Gather Gold","damage_taken":11,"max_hp_gain":0,"max_hp_loss":0,"event_name":"World of Goop","floor":4,"gold_loss":0}],"is_beta":false,"boss_relics":[],"items_purged_floors":[8],"is_endless":false,"potions_floor_spawned":[7],"killed_by":"Lagavulin","ascension_level":12}}