{"host":"j45ucdvl5ntpx4kf","time":1609437176,"event":{"mods":["AchievementEnabler","BaseMod","Colored Map","Colored Powertips","Minty Spire (QoL Compilation)","StSLib"],"gold_per_floor":[113,73,88,88,112,112,150,2,2,41,41,59,100,127,127,259,259,277,322,331,214,238,238,279,279,279,327,327,341,368,412,412,545,545,564,594,594,594,607,607,659,659,691,591,609,609,652,652,652,652],"floor_reached":51,"playtime":1864,"items_purged":["Bite","Doubt"],"score":942,"play_id":"8b535be5-ec5b-44e5-a644-d24c74909440","local_time":"20201231125256","is_ascension_mode":true,"campfire_choices":[{"data":"Whirlwind","floor":6,"key":"SMITH"},{"data":"Limit Break","floor":11,"key":"SMITH"},{"floor":15,"key":"REST"},{"data":"Offering","floor":23,"key":"SMITH"},{"floor":25,"key":"REST"},{"data":"Disarm","floor":28,"key":"SMITH"},{"floor":32,"key":"REST"},{"data":"Ghostly Armor","floor":40,"key":"SMITH"},{"floor":42,"key":"REST"},{"floor":46,"key":"REST"},{"floor":49,"key":"REST"}],"circlet_count":0,"master_deck":["Defend_R","Defend_R","Defend_R","Defend_R","Bash","Whirlwind+1","Rupture","Spot Weakness","Offering+1","Limit Break+1","Twin Strike","Metallicize+1","Bite","Bite","Bite","Bite","J.A.X.","Cleave","Disarm+1","Double Tap","Ghostly Armor+1","Double Tap","Metallicize+1","Heavy Blade+1"],"relics":["Black Blood","Golden Idol","Frozen Egg 2","Sling","InkBottle","Lizard Tail","CeramicFish","Ancient Tea Set","Gremlin Horn","Centennial Puzzle","Bronze Scales","Juzu Bracelet","Cursed Key","Strawberry","Dream Catcher","Toy Ornithopter"],"acts_visited":["Exordium","TheCity","TheBeyond"],"potions_floor_usage":[7,13,16,16,30,31,31,33,41,50],"damage_taken":[{"damage":0,"enemies":"Small Slimes","floor":1,"turns":3},{"damage":1,"enemies":"Cultist","floor":3,"turns":4},{"damage":2,"enemies":"Jaw Worm","floor":5,"turns":3},{"damage":5,"enemies":"3 Sentries","floor":7,"turns":3},{"damage":14,"enemies":"Gremlin Nob","floor":10,"turns":3},{"damage":22,"enemies":"Blue Slaver","floor":12,"turns":5},{"damage":6,"enemies":"Lagavulin","floor":13,"turns":4},{"damage":25,"enemies":"3 Louse","floor":14,"turns":3},{"damage":21,"enemies":"The Guardian","floor":16,"turns":10},{"damage":40,"enemies":"Shell Parasite","floor":18,"turns":7},{"damage":52,"enemies":"Book of Stabbing","floor":24,"turns":5},{"damage":26,"enemies":"Gremlin Leader","floor":27,"turns":3},{"damage":16,"enemies":"Chosen","floor":29,"turns":3},{"damage":20,"enemies":"Snake Plant","floor":30,"turns":2},{"damage":30,"enemies":"Slavers","floor":31,"turns":2},{"damage":24,"enemies":"Champ","floor":33,"turns":4},{"damage":14,"enemies":"Orb Walker","floor":35,"turns":3},{"damage":9,"enemies":"3 Shapes","floor":36,"turns":1},{"damage":27,"enemies":"Jaw Worm Horde","floor":39,"turns":3},{"damage":44,"enemies":"Giant Head","floor":41,"turns":6},{"damage":49,"enemies":"4 Shapes","floor":45,"turns":7},{"damage":26,"enemies":"Reptomancer","floor":47,"turns":5},{"damage":49,"enemies":"Time Eater","floor":50,"turns":8}],"seed_played":"-6537011964598893572","potions_obtained":[{"floor":1,"key":"Ancient Potion"},{"floor":2,"key":"Energy Potion"},{"floor":2,"key":"PowerPotion"},{"floor":2,"key":"Fire Potion"},{"floor":12,"key":"PowerPotion"},{"floor":13,"key":"FearPotion"},{"floor":16,"key":"Fire Potion"},{"floor":27,"key":"Weak Potion"},{"floor":29,"key":"BloodPotion"},{"floor":30,"key":"Weak Potion"},{"floor":33,"key":"EssenceOfSteel"},{"floor":36,"key":"SmokeBomb"},{"floor":38,"key":"DuplicationPotion"},{"floor":45,"key":"ColorlessPotion"}],"is_trial":false,"path_per_floor":["M","?","M","?","M","R","E","$","T","E","R","M","E","M","R","B",null,"M","?","?","$","T","R","E","R","T","E","R","M","M","E","R","B",null,"M","M","?","?","M","R","E","R","T","$","M","R","E","?","R","B",null],"character_chosen":"IRONCLAD","items_purchased":["Sling","Cleave"],"campfire_rested":6,"item_purchase_floors":[8,21],"current_hp_per_floor":[80,80,80,60,64,64,65,65,65,57,57,41,41,22,46,31,80,52,52,52,52,52,52,20,36,36,34,34,30,26,19,35,25,56,56,56,56,56,47,47,30,48,48,48,23,41,37,37,55,33],"gold":652,"neow_bonus":"THREE_CARDS","is_daily":false,"chose_seed":false,"campfire_upgraded":5,"win_rate":0.0,"timestamp":1609437176,"path_taken":["M","?","?","?","M","R","E","?","T","E","R","M","E","M","R","BOSS","M","?","?","$","?","R","E","R","T","E","R","?","M","E","R","BOSS","M","M","?","?","M","R","E","R","T","$","M","R","E","?","R","BOSS"],"items_purchased_type":["Relic","Card"],"build_version":"2020-12-22","purchased_purges":2,"victory":true,"max_hp_per_floor":[80,80,80,80,80,80,80,80,80,80,80,80,80,80,80,80,80,80,56,56,56,56,56,56,56,56,56,56,56,56,56,56,56,56,56,56,56,56,56,56,63,63,63,63,63,63,63,63,63,63],"card_choices":[{"not_picked":["Shrug It Off","Heavy Blade"],"picked":"Whirlwind","floor":0},{"not_picked":["Infernal Blade","Perfected Strike"],"picked":"Rupture","floor":1},{"not_picked":["Battle Trance","Warcry"],"picked":"Spot Weakness","floor":3},{"not_picked":["Anger","Havoc","Sword Boomerang"],"picked":"SKIP","floor":5},{"not_picked":["True Grit","Armaments"],"picked":"Offering","floor":7},{"not_picked":["Heavy Blade","Seeing Red"],"picked":"Limit Break","floor":10},{"not_picked":["Armaments","Anger"],"picked":"Twin Strike","floor":12},{"not_picked":["Pommel Strike","Searing Blow","Blood for Blood"],"picked":"SKIP","floor":13},{"not_picked":["Body Slam","Battle Trance"],"picked":"Metallicize+1","floor":14},{"not_picked":["Corruption+1","Bludgeon"],"picked":"Demon Form+1","floor":16},{"not_picked":["Sword Boomerang","Pommel Strike","Feel No Pain+1"],"picked":"SKIP","floor":18},{"not_picked":["Clash","Havoc+1","Twin Strike"],"picked":"SKIP","floor":24},{"not_picked":["Barricade+1","Perfected Strike"],"picked":"Disarm","floor":27},{"not_picked":["Sword Boomerang","Perfected Strike","Thunderclap"],"picked":"SKIP","floor":29},{"not_picked":["Thunderclap","Perfected Strike"],"picked":"Double Tap","floor":30},{"not_picked":["Rampage+1","Headbutt"],"picked":"Ghostly Armor","floor":31},{"not_picked":["Offering","Barricade+1"],"picked":"Double Tap","floor":33},{"not_picked":["Blood for Blood+1","Feel No Pain+1","Wild Strike"],"picked":"SKIP","floor":35},{"not_picked":["Pommel Strike","Whirlwind"],"picked":"Metallicize+1","floor":36},{"not_picked":["Reckless Charge+1","Havoc","Headbutt"],"picked":"SKIP","floor":39},{"not_picked":["Havoc+1","Fire Breathing+1"],"picked":"Heavy Blade+1","floor":41},{"not_picked":["Perfected Strike+1","Pommel Strike","Sword Boomerang"],"picked":"SKIP","floor":45},{"not_picked":["Rampage+1","Pommel Strike","Perfected Strike+1"],"picked":"SKIP","floor":47}],"player_experience":115257,"relics_obtained":[{"floor":7,"key":"Frozen Egg 2"},{"floor":9,"key":"InkBottle"},{"floor":10,"key":"Lizard Tail"},{"floor":13,"key":"CeramicFish"},{"floor":22,"key":"Ancient Tea Set"},{"floor":24,"key":"Gremlin Horn"},{"floor":26,"key":"Centennial Puzzle"},{"floor":27,"key":"Bronze Scales"},{"floor":31,"key":"Juzu Bracelet"},{"floor":41,"key":"Strawberry"},{"floor":43,"key":"Dream Catcher"},{"floor":47,"key":"Toy Ornithopter"}],"event_choices":[{"damage_healed":0,"gold_gain":0,"player_choice":"Bought 3 Potions","damage_taken":0,"max_hp_gain":0,"max_hp_loss":0,"event_name":"The Woman in Blue","floor":2,"gold_loss":0},{"damage_healed":0,"gold_gain":0,"player_choice":"Take Damage","damage_taken":20,"relics_obtained":["Golden Idol"],"max_hp_gain":0,"max_hp_loss":0,"event_name":"Golden Idol","floor":4,"gold_loss":0},{"damage_healed":0,"gold_gain":0,"player_choice":"Became a vampire","damage_taken":0,"max_hp_gain":0,"max_hp_loss":24,"event_name":"Vampires","floor":19,"gold_loss":0,"cards_obtained":["Bite","Bite","Bite","Bite","Bite"]},{"damage_healed":0,"gold_gain":0,"player_choice":"Obtain J.A.X.","damage_taken":0,"max_hp_gain":0,"max_hp_loss":0,"event_name":"Drug Dealer","floor":20,"gold_loss":0,"cards_obtained":["J.A.X."]},{"damage_healed":0,"gold_gain":0,"player_choice":"Memory 1","damage_taken":0,"max_hp_gain":0,"max_hp_loss":0,"event_name":"SensoryStone","floor":37,"gold_loss":0},{"damage_healed":0,"gold_gain":0,"player_choice":"Got Potions","damage_taken":0,"max_hp_gain":0,"max_hp_loss":0,"event_name":"Lab","floor":38,"gold_loss":0},{"cards_removed":["Demon Form"],"damage_healed":0,"gold_gain":0,"player_choice":"Removed Power","damage_taken":0,"max_hp_gain":0,"max_hp_loss":0,"event_name":"Falling","floor":48,"gold_loss":0}],"is_beta":false,"boss_relics":[{"not_picked":["Empty Cage","SacredBark"],"picked":"Black Blood"},{"not_picked":["Fusion Hammer","Tiny House"],"picked":"Cursed Key"}],"items_purged_floors":[21,44],"is_endless":false,"potions_floor_spawned":[1,12,13,16,27,29,30,33,36,45],"ascension_level":3}}