{"host":"egkmzmldr8t233lo","time":1609403220,"event":{"mods":["Act Like it!","BaseMod","Colored Powertips","Minty Spire (QoL Compilation)","MostiFishMod","Replay The Spire","StSLib","The Cursed","¡¾ÒÅÎï¿¨ÅÆ¡¿REMEMod"],"gold_per_floor":[114,114,39,49,49,76,76,91,167,167,167,167,197,213,213,315,315,333,69,69,83,83,115,115,126,177,177,191,191,191,211,211,343,343,356,159,159,173,190,222,222,235,258,277,289,300,331,331,331,131,131,131,131,131,81,112,112],"floor_reached":58,"playtime":3015,"items_purged":["TheCursedMod:Defend_TheCursed","TheCursedMod:CursedWand","Pot Of Greed","TheCursedMod:Strike_TheCursed"],"score":1422,"play_id":"52278eed-d7c4-41fa-b0e3-f2453161c49c","local_time":"20201231162700","is_ascension_mode":false,"campfire_choices":[{"floor":7,"key":"RECALL"},{"data":"TheCursedMod:ManaCirculation","floor":10,"key":"SMITH"},{"data":"TheCursedMod:CursedRelics","floor":12,"key":"SMITH"},{"data":"TheCursedMod:CircleOfAmplification","floor":15,"key":"SMITH"},{"data":"TheCursedMod:SpitefulPlan","floor":24,"key":"SMITH"},{"data":"TheCursedMod:CursedSpellbook","floor":27,"key":"SMITH"},{"data":"Pot Of Greed","floor":30,"key":"SMITH"},{"floor":32,"key":"DIG"},{"data":"Pot Of Greed","floor":41,"key":"SMITH"},{"data":"TheCursedMod:Strike_TheCursed","floor":51,"key":"PURGE"},{"data":"TheCursedMod:HellfireBreathing","floor":54,"key":"SMITH"}],"circlet_count":0,"master_deck":["TheCursedMod:Strike_TheCursed","TheCursedMod:Strike_TheCursed","TheCursedMod:CleanUpWorkshop","TheCursedMod:Dregs","TheCursedMod:ManaCirculation+1","TheCursedMod:HellfireBreathing","TheCursedMod:LuckyCharm","TheCursedMod:LuckyCharm","TheCursedMod:Stigma","Pot Of Greed+1","TheCursedMod:CursedRelics+1","TheCursedMod:DemonSword","TheCursedMod:CircleOfAmplification+1","TheCursedMod:CursedSpellbook+1","TheCursedMod:CollectTribute","TheCursedMod:HellsGateOpen","TheCursedMod:SpitefulPlan+1","TheCursedMod:HellfireBreathing+1","TheCursedMod:CircleOfAbyss+1","Pot Of Greed+1","TheCursedMod:StunningStrike+1"],"relics":["TheCursedMod:BlackMagic101","REME_ComplimentaryCards","DaveBox","ShadowXiaoBlade","SynthV:TestCard","Grinning Jar","Smiling Mask","Replay:Bronze Core","BrkXgEgg","Boot","ReplayTheSpireMod:Ninjato","Onion Ring","Nunchaku","Iron Hammer","FeatherPendant","SynthV","ReplayFunnel","Pet Ghost","Golden Egg","Akabeko","Orichalcum"],"acts_visited":["Exordium","TheCity","TheBeyond","TheEnding"],"potions_floor_usage":[6,33,57],"damage_taken":[{"damage":1,"enemies":"Cultist","floor":1,"turns":3},{"damage":8,"enemies":"Jaw Worm","floor":4,"turns":3},{"damage":0,"enemies":"Lagavulin","floor":6,"turns":4},{"damage":2,"enemies":"2 Louse","floor":8,"turns":1},{"damage":8,"enemies":"Gremlin Nob","floor":13,"turns":3},{"damage":7,"enemies":"Exordium Thugs","floor":14,"turns":2},{"damage":18,"enemies":"The Guardian","floor":16,"turns":6},{"damage":0,"enemies":"Chosen","floor":18,"turns":4},{"damage":1,"enemies":"Spheric Guardian","floor":21,"turns":3},{"damage":24,"enemies":"Book of Stabbing","floor":23,"turns":5},{"damage":0,"enemies":"Snecko","floor":25,"turns":3},{"damage":12,"enemies":"Chosen and Byrds","floor":28,"turns":3},{"damage":0,"enemies":"Shelled Parasite and Fungi","floor":31,"turns":2},{"damage":16,"enemies":"Champ","floor":33,"turns":5},{"damage":17,"enemies":"3 Darklings","floor":35,"turns":2},{"damage":0,"enemies":"3 Shapes","floor":38,"turns":1},{"damage":0,"enemies":"Maw","floor":39,"turns":2},{"damage":0,"enemies":"Nemesis","floor":40,"turns":2},{"damage":0,"enemies":"Transient","floor":42,"turns":1},{"damage":0,"enemies":"3 Darklings","floor":44,"turns":1},{"damage":0,"enemies":"Maw","floor":45,"turns":1},{"damage":0,"enemies":"Spire Growth","floor":46,"turns":1},{"damage":0,"enemies":"R_Hoarder","floor":47,"turns":2},{"damage":0,"enemies":"Time Eater","floor":52,"turns":3},{"damage":0,"enemies":"Shield and Spear","floor":56,"turns":1},{"damage":0,"enemies":"The Heart","floor":57,"turns":1}],"seed_played":"-5410694229297643028","potions_obtained":[{"floor":1,"key":"SteroidPotion"},{"floor":4,"key":"Reflective Coating"},{"floor":8,"key":"SkillPotion"},{"floor":28,"key":"Strength Potion"},{"floor":31,"key":"REME_GoldPotion"},{"floor":33,"key":"LiquidMemories"}],"is_trial":false,"path_per_floor":["M","?","$","M","?","E","R","M","T","R","?","R","E","M","R","B",null,"M","$","?","M","?","E","R","M","T","R","M","?","R","M","R","B",null,"M","$","?","M","M","E","R","M","T","M","M","M","E","PTL","PTL","$","R","B",null,"R","$","E","B",null],"character_chosen":"THE_CURSED","items_purchased":["TheCursedMod:LuckyCharm","TheCursedMod:SpitefulPlan","BrkXgEgg","SynthV","Akabeko"],"campfire_rested":0,"item_purchase_floors":[3,19,19,36,50],"current_hp_per_floor":[81,81,81,73,73,73,73,71,71,71,71,71,63,56,56,38,82,82,82,82,81,81,57,57,57,57,57,45,45,45,45,45,29,82,65,65,65,65,65,65,65,65,65,65,65,65,77,77,77,77,77,77,82,82,82,82,82],"gold":112,"neow_bonus":"TEN_PERCENT_HP_BONUS","is_daily":false,"chose_seed":false,"campfire_upgraded":8,"win_rate":0.0,"timestamp":1609403220,"path_taken":["M","?","$","M","?","E","R","M","T","R","?","R","E","?","R","BOSS","M","$","?","M","?","E","R","?","T","R","M","?","R","?","R","BOSS","M","$","?","M","M","E","R","M","T","M","M","M","E","PTL","PTL","$","R","BOSS","R","$","E","BOSS"],"items_purchased_type":["Card","Card","Relic","Relic","Relic"],"build_version":"2020-12-22","purchased_purges":4,"victory":true,"max_hp_per_floor":[82,82,82,82,82,82,82,82,82,82,82,82,82,82,82,82,82,82,82,82,82,82,82,82,82,82,82,82,82,82,82,82,82,82,82,82,82,82,82,82,82,82,82,82,82,82,82,82,82,82,82,82,82,82,82,82,82],"card_choices":[{"not_picked":["TheCursedMod:RavingStaff","TheCursedMod:ReleasedKnowledge"],"picked":"TheCursedMod:HellfireBreathing","floor":1},{"not_picked":["TheCursedMod:CircleOfFocus","TheCursedMod:CircleOfCorruption","TheCursedMod:Stigma","TheCursedMod:Wield"],"picked":"TheCursedMod:LuckyCharm","floor":4},{"not_picked":["TheCursedMod:RapidMovement","TheCursedMod:RavingStaff","TheCursedMod:Stigma","TheCursedMod:VitalStrike"],"picked":"TheCursedMod:CursedRelics","floor":6},{"not_picked":["TheCursedMod:SpreadPlague","TheCursedMod:CircleOfFlame","TheCursedMod:CursedAmulet","TheCursedMod:CursedBlade"],"picked":"TheCursedMod:DemonSword","floor":8},{"not_picked":["TheCursedMod:Obscuration","TheCursedMod:ReleasedStrength","TheCursedMod:CircleOfBlood","TheCursedMod:PrepareRite"],"picked":"TheCursedMod:CircleOfAmplification","floor":13},{"not_picked":["TheCursedMod:PrepareRite","TheCursedMod:Torture","TheCursedMod:CircleOfCorruption","TheCursedMod:Stretching"],"picked":"TheCursedMod:CursedSpellbook","floor":14},{"not_picked":["TheCursedMod:CircleOfAbyss","TheCursedMod:ParallelWorld","TheCursedMod:Neurasthenia","TheCursedMod:DarkBarrier"],"picked":"TheCursedMod:CollectTribute","floor":16},{"not_picked":["TheCursedMod:CursedMace","TheCursedMod:RavingStaff","TheCursedMod:Evocation+1","TheCursedMod:WearCloak"],"picked":"TheCursedMod:HellsGateOpen","floor":18},{"not_picked":["TheCursedMod:CursedArmor","TheCursedMod:TacticalStrike+1","TheCursedMod:RavingStaff","TheCursedMod:CursedShiv","TheCursedMod:Stretching"],"picked":"SKIP","floor":21},{"not_picked":["TheCursedMod:CursedArmor+1","TheCursedMod:Torture+1","TheCursedMod:Obscuration","TheCursedMod:TacticalStrike"],"picked":"TheCursedMod:HellfireBreathing","floor":23},{"not_picked":["TheCursedMod:SaltUponWound","TheCursedMod:HellsGateOpen+1","TheCursedMod:FleshFromBone","TheCursedMod:TroublousMinions","TheCursedMod:CircleOfCorruption+1"],"picked":"SKIP","floor":25},{"not_picked":["TheCursedMod:SaltUponWound","TheCursedMod:HellsGateOpen+1","TheCursedMod:FleshFromBone","TheCursedMod:TroublousMinions","TheCursedMod:CircleOfCorruption+1"],"picked":"SKIP","floor":25},{"not_picked":["TheCursedMod:CircleOfAbyss+1","TheCursedMod:SmokeScreen","TheCursedMod:CircleOfFlame+1","TheCursedMod:Stigma","TheCursedMod:CircleOfCorruption"],"picked":"SKIP","floor":28},{"not_picked":["TheCursedMod:SpreadPlague","TheCursedMod:SurpriseAttack","TheCursedMod:CircleOfFocus","TheCursedMod:StingEye","TheCursedMod:VitalStrike+1"],"picked":"SKIP","floor":31},{"not_picked":["TheCursedMod:VoidForm+1","TheCursedMod:StunningStrike+1","TheCursedMod:OutForBlood+1","TheCursedMod:ShockAndAwe+1"],"picked":"TheCursedMod:CircleOfAbyss+1","floor":33},{"not_picked":["TheCursedMod:TacticalStrike+1","TheCursedMod:Wield","TheCursedMod:SpitefulStrike","TheCursedMod:StingEye+1","TheCursedMod:Stretching"],"picked":"SKIP","floor":35},{"not_picked":["TheCursedMod:VitalStrike","TheCursedMod:Stigma","TheCursedMod:TroublousMinions","TheCursedMod:Obscuration+1","TheCursedMod:CursedAmulet+1"],"picked":"SKIP","floor":38},{"not_picked":["TheCursedMod:Wield","TheCursedMod:Evocation","TheCursedMod:SoulCrush","TheCursedMod:Obscuration","TheCursedMod:Stretching"],"picked":"SKIP","floor":39},{"not_picked":["TheCursedMod:Evocation","TheCursedMod:SpitefulPray+1","TheCursedMod:SpreadPlague+1","TheCursedMod:CircleOfBlood+1"],"picked":"TheCursedMod:StunningStrike+1","floor":40},{"not_picked":["TheCursedMod:VitalStrike","TheCursedMod:RavingStaff","TheCursedMod:SpitefulStrike+1","TheCursedMod:HellsGateOpen","TheCursedMod:TacticalStrike+1"],"picked":"SKIP","floor":42},{"not_picked":["TheCursedMod:SpreadPlague+1","TheCursedMod:CircleOfFlame","TheCursedMod:CircleOfCorruption+1","TheCursedMod:FleshFromBone+1","TheCursedMod:VitalStrike+1"],"picked":"SKIP","floor":44},{"not_picked":["TheCursedMod:CursedShiv","TheCursedMod:SpitefulStrike+1","TheCursedMod:Stretching","TheCursedMod:CursedAmulet+1","TheCursedMod:EmpowerCircles+1"],"picked":"SKIP","floor":45},{"not_picked":["TheCursedMod:CursedShiv+1","TheCursedMod:SpreadPlague+1","TheCursedMod:SmokeScreen+1","TheCursedMod:RapidMovement","TheCursedMod:CursedMace+1"],"picked":"SKIP","floor":46},{"not_picked":["TheCursedMod:StunningStrike+1","TheCursedMod:PrepareRite","TheCursedMod:HellsGateOpen+1","TheCursedMod:Obscuration+1","TheCursedMod:TroublousMinions+1"],"picked":"SKIP","floor":47},{"not_picked":["TheCursedMod:SpreadPlague","TheCursedMod:CircleOfFlame","TheCursedMod:Obscuration+1","TheCursedMod:SpitefulPlan","TheCursedMod:RavingStaff"],"picked":"SKIP","floor":56}],"player_experience":242933,"relics_obtained":[{"floor":1,"key":"SynthV:TestCard"},{"floor":6,"key":"Grinning Jar"},{"floor":13,"key":"Smiling Mask"},{"floor":23,"key":"Onion Ring"},{"floor":26,"key":"Nunchaku"},{"floor":32,"key":"Iron Hammer"},{"floor":40,"key":"ReplayFunnel"},{"floor":43,"key":"Pet Ghost"},{"floor":47,"key":"Golden Egg"},{"floor":56,"key":"Orichalcum"}],"event_choices":[{"damage_healed":0,"gold_gain":0,"player_choice":"Ignored","damage_taken":0,"max_hp_gain":0,"max_hp_loss":0,"event_name":"Liars Game","floor":2,"gold_loss":0},{"damage_healed":0,"gold_gain":0,"cards_transformed":["TheCursedMod:Defend_TheCursed"],"player_choice":"Change","damage_taken":0,"max_hp_gain":0,"max_hp_loss":0,"event_name":"Living Wall","floor":5,"gold_loss":0,"cards_obtained":["TheCursedMod:Stigma"]},{"cards_removed":["TheCursedMod:Defend_TheCursed"],"damage_healed":0,"gold_gain":0,"player_choice":"Purged","damage_taken":0,"max_hp_gain":0,"max_hp_loss":0,"event_name":"Purifier","floor":11,"gold_loss":0},{"damage_healed":0,"gold_gain":0,"player_choice":"Opened","damage_taken":0,"relics_obtained":["Boot"],"max_hp_gain":0,"max_hp_loss":0,"event_name":"The Mausoleum","floor":20,"gold_loss":0},{"damage_healed":0,"gold_gain":0,"player_choice":"Gave Potion","damage_taken":0,"relics_obtained":["ReplayTheSpireMod:Ninjato"],"max_hp_gain":0,"max_hp_loss":0,"event_name":"WeMeetAgain","floor":22,"gold_loss":0},{"cards_removed":["TheCursedMod:Defend_TheCursed"],"damage_healed":0,"gold_gain":0,"player_choice":"Purged","damage_taken":0,"max_hp_gain":0,"max_hp_loss":0,"event_name":"Purifier","floor":29,"gold_loss":0},{"damage_healed":0,"gold_gain":0,"player_choice":"Ignored","damage_taken":0,"max_hp_gain":0,"max_hp_loss":0,"event_name":"Tomb of Lord Red Mask","floor":37,"gold_loss":0}],"is_beta":false,"boss_relics":[{"not_picked":["Pandora\u0027s Box","Ring of Chaos"],"picked":"Replay:Bronze Core"},{"not_picked":["TheCursedMod:OminousMark","RhineCircuit"],"picked":"FeatherPendant"}],"items_purged_floors":[19,36,50,55],"is_endless":false,"potions_floor_spawned":[1,4,8,28,31,33,39,42,44,56],"ascension_level":0}}