{"host":"1cd1aqaox6jesai3","time":1609373314,"event":{"mods":["Act Like it!","Astrologer","Bartender","BaseMod","Colored Powertips","Downfall","Hallownest","Mimic Mod","Minty Spire (QoL Compilation)","StSLib","The Bug Knight","The Construct","The Factory"],"gold_per_floor":[99,99,99,99,114,131,184,209,221,221,234,7,7,7,25,127,127,127,139,139,239,257,270,294,294,294,294],"floor_reached":25,"playtime":1793,"items_purged":[],"score":201,"play_id":"335a4e9c-6fc5-40e1-ba43-3c3720cfd711","local_time":"20201230190834","is_ascension_mode":false,"campfire_choices":[{"data":"Slimebound:CorrosiveSpit","floor":1,"key":"SMITH"},{"floor":10,"key":"REST"},{"data":"Slimebound:MassRepurpose","floor":18,"key":"PURGE"}],"circlet_count":0,"master_deck":["Slimebound:Strike_Slimebound","Slimebound:Strike_Slimebound","Slimebound:Strike_Slimebound","Slimebound:Defend_Slimebound","Slimebound:Defend_Slimebound","Slimebound:Defend_Slimebound","Slimebound:Split","Slimebound:CorrosiveSpit+1","Slimebound:SplitAcid","Slimebound:AcidTongue","Slimebound:RejuvenatingLick","Slimebound:Nibble","Slimebound:ProtectTheBoss","Slimebound:WasteNot","Slimebound:RejuvenatingLick","Slimebound:RejuvenatingLick","Slimebound:Schlurp","Slimebound:Repurpose","Slimebound:RallyTheTroops","Slimebound:Gluttony","Slimebound:SplitBruiser","Slimebound:PrepareCrush","Slimebound:Dissolve","Slimebound:SplitMire","Writhe","Slimebound:Split","expansioncontent:DarkVoid","Slimebound:SlimeBrawl","Slimebound:SplitBruiser","Slimebound:FirmFortitude+1"],"relics":["Slimebound:AbsorbEndCombat","downfall:HeartsMalice","Bottled Flame","Slimebound:ScrapOozeRelic","Philosopher\u0027s Stone","downfall:GremlinSack"],"acts_visited":["Exordium","TheCity"],"potions_floor_usage":[8,8,8,12],"damage_taken":[{"damage":0,"enemies":"Cultist","floor":2,"turns":1},{"damage":0,"enemies":"2 Louse","floor":3,"turns":1},{"damage":0,"enemies":"Jaw Worm","floor":4,"turns":1},{"damage":29,"enemies":"Exordium Thugs","floor":5,"turns":3},{"damage":23,"enemies":"3 Louse","floor":6,"turns":3},{"damage":35,"enemies":"3 Sentries","floor":8,"turns":7},{"damage":12,"enemies":"Blue Slaver","floor":9,"turns":3},{"damage":14,"enemies":"Red Slaver","floor":11,"turns":4},{"damage":20,"enemies":"downfall:FleeingMerchant","floor":12,"turns":4},{"damage":19,"enemies":"2 Fungi Beasts","floor":15,"turns":3},{"damage":66,"enemies":"downfall:Defect","floor":16,"turns":6},{"damage":12,"enemies":"Spheric Guardian","floor":19,"turns":3},{"damage":26,"enemies":"Spheric Guardian","floor":21,"turns":4},{"damage":19,"enemies":"Chosen","floor":22,"turns":3},{"damage":12,"enemies":"Snecko","floor":23,"turns":3},{"damage":86,"enemies":"Gremlin Leader","floor":25,"turns":5}],"seed_played":"-1710240395975251345","potions_obtained":[{"floor":5,"key":"EntropicBrew"},{"floor":6,"key":"BlessingOfTheForge"},{"floor":8,"key":"champ:CounterPotion"},{"floor":9,"key":"Slimebound:SlimedPotion"},{"floor":16,"key":"SteroidPotion"}],"is_trial":false,"path_per_floor":["R","M","M","M","M","M","T","E","M","R","M","$","?","?","M","B",null,"R","M","?","?","M","M","T","E"],"character_chosen":"SLIMEBOUND","items_purchased":["Slimebound:Repurpose","Slimebound:RallyTheTroops"],"campfire_rested":1,"item_purchase_floors":[12,12],"current_hp_per_floor":[60,60,60,60,35,28,28,7,17,35,39,49,49,49,48,14,60,60,60,60,48,47,60,60,0,0,0],"gold":294,"neow_bonus":"THREE_ENEMY_KILL","is_daily":false,"chose_seed":false,"campfire_upgraded":1,"win_rate":0.0,"timestamp":1609373314,"path_taken":["R","M","M","M","?","M","T","E","M","R","M","$","?","?","M","BOSS","R","M","?","?","M","?","T","E"],"items_purchased_type":["Card","Card"],"build_version":"2020-12-22","purchased_purges":0,"victory":false,"max_hp_per_floor":[60,60,60,60,60,60,60,60,60,60,60,60,60,60,60,60,60,60,60,60,60,60,60,60,60,60,60],"card_choices":[{"not_picked":["Slimebound:ProtectTheBoss","Slimebound:FinishingTackle"],"picked":"Slimebound:SplitAcid","floor":2},{"not_picked":["Slimebound:FinishingTackle","Slimebound:GoopTackle"],"picked":"Slimebound:AcidTongue","floor":3},{"not_picked":["Slimebound:ComboTackle","Slimebound:Chomp"],"picked":"Slimebound:RejuvenatingLick","floor":4},{"not_picked":["Slimebound:GrowthPunch","Slimebound:RollThrough"],"picked":"Slimebound:Nibble","floor":5},{"not_picked":["Slimebound:ViciousTackle","Slimebound:FinishingTackle"],"picked":"Slimebound:ProtectTheBoss","floor":6},{"not_picked":["Slimebound:Schlurp","Slimebound:PressTheAttack"],"picked":"Slimebound:WasteNot","floor":8},{"not_picked":["Slimebound:SamplingLick","Slimebound:ComboTackle"],"picked":"Slimebound:RejuvenatingLick","floor":9},{"not_picked":["Slimebound:Schlurp","Slimebound:LevelUp"],"picked":"Slimebound:RejuvenatingLick","floor":11},{"not_picked":["Slimebound:ProtectTheBoss","Slimebound:SplitLeeching"],"picked":"Slimebound:Schlurp","floor":12},{"not_picked":["Slimebound:BestDefense","Slimebound:SpikyOuterGoop"],"picked":"Slimebound:Gluttony","floor":15},{"not_picked":["Slimebound:WasteNot","Slimebound:LeechLife"],"picked":"Slimebound:MassRepurpose","floor":16},{"not_picked":["Slimebound:Chomp","Slimebound:ViciousTackle"],"picked":"Slimebound:SplitBruiser","floor":19},{"not_picked":["Slimebound:SlimeSpikes","Slimebound:GoopTackle"],"picked":"Slimebound:SlimeBrawl","floor":21},{"not_picked":["Slimebound:PressTheAttack","Slimebound:RollThrough+1"],"picked":"Slimebound:SplitBruiser","floor":22},{"not_picked":["Slimebound:RollThrough","Slimebound:Grow"],"picked":"Slimebound:FirmFortitude+1","floor":23}],"player_experience":132026,"relics_obtained":[{"floor":7,"key":"Orichalcum"},{"floor":8,"key":"Bottled Flame"},{"floor":21,"key":"downfall:GremlinSack"}],"event_choices":[{"cards_removed":["Slimebound:Tackle"],"damage_healed":0,"gold_gain":0,"player_choice":"Purged","damage_taken":0,"max_hp_gain":0,"max_hp_loss":0,"event_name":"Purifier","floor":14,"gold_loss":0},{"cards_removed":["Slimebound:Defend_Slimebound"],"damage_healed":0,"gold_gain":0,"player_choice":"Elegance","damage_taken":0,"max_hp_gain":0,"max_hp_loss":0,"event_name":"Back to Basics","floor":20,"gold_loss":0}],"is_beta":false,"boss_relics":[{"not_picked":["Silver_Glasses","Astrolabe"],"picked":"Philosopher\u0027s Stone"}],"items_purged_floors":[],"is_endless":false,"potions_floor_spawned":[5,6,8,9,16,19,21],"killed_by":"Gremlin Leader","ascension_level":0}}