{"host":"f5gffvlv6a66yqkd","time":1609442357,"event":{"mods":["2.2 Compatiblity","BaseMod","Colored Map","DeckTracker","Keyboard Shortcuts","Minty Spire (QoL Compilation)","Permanent Neow","Quick Restart","Relic Stats","StSLib","SuperFastMode"],"gold_per_floor":[119,119,138,157,82,82,112,112,112,127,127,27,27,42,42,114,114,132,182,201,201,211,211,222,236,236,247,247,263,282,298,298,369,369,388,413,423,423,423,457,457,486,486,183,199,112,112,142,142,142,142,142,142,59,84,84,84],"floor_reached":56,"playtime":1826,"items_purged":["Strike_B","Strike_B","Defend_B"],"score":1953,"play_id":"40935ebc-10d4-4c8e-96e5-054c7c64c2b5","local_time":"20210101041917","is_ascension_mode":true,"campfire_choices":[{"data":"Sunder","floor":6.0,"key":"SMITH"},{"data":"Zap","floor":8.0,"key":"SMITH"},{"data":"Redo","floor":15.0,"key":"SMITH"},{"data":"Meteor Strike","floor":23.0,"key":"SMITH"},{"floor":28.0,"key":"REST"},{"data":"Coolheaded","floor":32.0,"key":"SMITH"},{"floor":41.0,"key":"REST"},{"floor":49.0,"key":"RECALL"},{"data":"Meteor Strike","floor":53.0,"key":"SMITH"}],"circlet_count":0,"master_deck":["AscendersBane","Dualcast","Sunder+1","Genetic Algorithm","Meteor Strike+1","Redo+1","Chaos+1","White Noise","Coolheaded+1","Streamline","Compile Driver","Meteor Strike+1","All For One","Buffer+1","Force Field+1","Tempest+1","Tempest","All For One","Meteor Strike","Reinforced Body","Glacier"],"relics":["Cracked Core","NeowsBlessing","Letter Opener","Symbiotic Virus","Singing Bowl","Snecko Eye","Omamori","Astrolabe","Turnip","WingedGreaves","Pear","Frozen Egg 2","Blood Vial"],"acts_visited":["Exordium","TheCity","TheBeyond","TheEnding"],"potions_floor_usage":[56],"damage_taken":[{"damage":0.0,"enemies":"2 Louse","floor":1.0,"turns":1.0},{"damage":0.0,"enemies":"Cultist","floor":3.0,"turns":1.0},{"damage":0.0,"enemies":"Small Slimes","floor":4.0,"turns":1.0},{"damage":30.0,"enemies":"Lagavulin","floor":7.0,"turns":6.0},{"damage":0.0,"enemies":"Exordium Wildlife","floor":10.0,"turns":2.0},{"damage":1.0,"enemies":"Exordium Thugs","floor":14.0,"turns":3.0},{"damage":5.0,"enemies":"The Guardian","floor":16.0,"turns":7.0},{"damage":19.0,"enemies":"Shell Parasite","floor":18.0,"turns":3.0},{"damage":4.0,"enemies":"2 Thieves","floor":20.0,"turns":2.0},{"damage":1.0,"enemies":"Cultist and Chosen","floor":22.0,"turns":5.0},{"damage":19.0,"enemies":"Snake Plant","floor":24.0,"turns":2.0},{"damage":10.0,"enemies":"Shelled Parasite and Fungi","floor":25.0,"turns":3.0},{"damage":0.0,"enemies":"Centurion and Healer","floor":27.0,"turns":4.0},{"damage":0.0,"enemies":"Snecko","floor":29.0,"turns":3.0},{"damage":0.0,"enemies":"Cultist and Chosen","floor":30.0,"turns":4.0},{"damage":0.0,"enemies":"3 Cultists","floor":31.0,"turns":3.0},{"damage":21.0,"enemies":"Collector","floor":33.0,"turns":5.0},{"damage":11.0,"enemies":"Orb Walker","floor":35.0,"turns":2.0},{"damage":0.0,"enemies":"Mind Bloom Boss Battle","floor":36.0,"turns":2.0},{"damage":12.0,"enemies":"3 Darklings","floor":37.0,"turns":3.0},{"damage":9.0,"enemies":"Reptomancer","floor":40.0,"turns":4.0},{"damage":0.0,"enemies":"Nemesis","floor":42.0,"turns":5.0},{"damage":0.0,"enemies":"Transient","floor":45.0,"turns":6.0},{"damage":0.0,"enemies":"Giant Head","floor":48.0,"turns":3.0},{"damage":8.0,"enemies":"Awakened One","floor":50.0,"turns":7.0},{"damage":4.0,"enemies":"Donu and Deca","floor":51.0,"turns":5.0},{"damage":40.0,"enemies":"Shield and Spear","floor":55.0,"turns":5.0},{"damage":54,"enemies":"The Heart","floor":56,"turns":5}],"seed_played":"-6592211168021921177","potions_obtained":[{"floor":1.0,"key":"Swift Potion"},{"floor":3.0,"key":"Strength Potion"},{"floor":21.0,"key":"GamblersBrew"},{"floor":25.0,"key":"Dexterity Potion"},{"floor":33.0,"key":"SpeedPotion"},{"floor":35.0,"key":"PowerPotion"},{"floor":48.0,"key":"LiquidMemories"},{"floor":55.0,"key":"Explosive Potion"}],"is_trial":false,"path_per_floor":["M","?","M","M","$","R","E","R","T","M","?","$","?","M","R","B",null,"M","?","M","?","M","R","M","M","T","M","R","M","M","M","R","B",null,"M","?","M","?","?","E","R","E","T","$","M","$","?","E","R","B","B",null,"R","$","E","B"],"character_chosen":"DEFECT","items_purchased":["Meteor Strike","Reinforced Body","Glacier"],"campfire_rested":2,"item_purchase_floors":[44,46,54],"current_hp_per_floor":[64,64,64,64,64,64,34,34,34,34,27,27,27,28,28,23,61,44,44,40,40,41,41,22,12,12,12,35,35,35,37,37,16,63,54,54,42,42,42,35,59,71,71,71,73,73,73,75,75,67,63,90,90,90,52,0,0],"gold":84,"neow_bonus":"THREE_ENEMY_KILL","is_daily":false,"chose_seed":false,"campfire_upgraded":6,"win_rate":0.0,"timestamp":1609442357,"path_taken":["M","?","M","?","$","R","E","R","T","M","?","$","?","M","R","BOSS","M","?","M","?","?","R","M","M","T","M","R","M","M","M","R","BOSS","M","?","M","?","?","E","R","E","T","$","?","$","?","E","R","BOSS","BOSS","R","$","E","BOSS"],"items_purchased_type":["Card","Card","Card"],"build_version":"2020-12-22","purchased_purges":3,"victory":false,"max_hp_per_floor":[71,71,71,71,71,71,71,71,71,71,71,71,71,73,73,73,73,75,75,75,75,77,77,77,77,77,77,77,77,77,79,79,79,79,81,81,81,81,81,83,83,95,95,95,97,97,97,99,99,99,99,99,99,99,101,101,101],"relic_stats":{"Blood Vial":2,"Singing Bowl":20,"counters":[28,102],"Astrolabe":["Buffer","Force Field","Tempest"],"Snecko Eye":[145,142,167,130],"Turnip":[2],"Letter Opener":[263],"obtain_stats":[{"Pear":42,"NeowsBlessing":0,"Singing Bowl":13,"Astrolabe":34,"Omamori":26,"Letter Opener":7,"Frozen Egg 2":48,"Blood Vial":55,"Snecko Eye":17,"Turnip":36,"WingedGreaves":40,"Cracked Core":0,"Symbiotic Virus":9},{"Pear":22,"NeowsBlessing":0,"Singing Bowl":5,"Astrolabe":17,"Omamori":12,"Letter Opener":4,"Frozen Egg 2":24,"Blood Vial":27,"Snecko Eye":7,"Turnip":19,"WingedGreaves":21,"Cracked Core":0,"Symbiotic Virus":4},{"Pear":71,"NeowsBlessing":0,"Singing Bowl":11,"Astrolabe":55,"Omamori":36,"Letter Opener":9,"Frozen Egg 2":80,"Blood Vial":97,"Snecko Eye":21,"Turnip":59,"WingedGreaves":66,"Cracked Core":0,"Symbiotic Virus":9}]},"card_choices":[{"not_picked":["Conserve Battery","Steam"],"picked":"Sunder","floor":1.0},{"not_picked":["Rebound","Streamline"],"picked":"Genetic Algorithm","floor":3.0},{"not_picked":["Sunder","Auto Shields","Go for the Eyes"],"picked":"SKIP","floor":4.0},{"not_picked":["BootSequence","Force Field"],"picked":"Meteor Strike","floor":7.0},{"not_picked":["Steam Power","Rebound"],"picked":"Redo","floor":10.0},{"not_picked":["Redo","Go for the Eyes","Hologram"],"picked":"Singing Bowl","floor":14.0},{"not_picked":["All For One","Multi-Cast"],"picked":"Biased Cognition","floor":16.0},{"not_picked":["Stack","Self Repair","Sweeping Beam"],"picked":"Singing Bowl","floor":18.0},{"not_picked":["Capacitor","Sweeping Beam"],"picked":"Chaos+1","floor":20.0},{"not_picked":["Barrage","Turbo","Doom and Gloom"],"picked":"Singing Bowl","floor":22.0},{"not_picked":["Rebound","Sweeping Beam"],"picked":"White Noise","floor":24.0},{"not_picked":["Gash","Conserve Battery"],"picked":"Coolheaded","floor":25.0},{"not_picked":["Leap","Cold Snap"],"picked":"Streamline","floor":27.0},{"not_picked":["Gash","Sweeping Beam"],"picked":"Compile Driver","floor":29.0},{"not_picked":["Steam","Barrage"],"picked":"Meteor Strike","floor":30.0},{"not_picked":["Steam","Cold Snap","Go for the Eyes"],"picked":"Singing Bowl","floor":31.0},{"not_picked":["Seek","Amplify"],"picked":"All For One","floor":33.0},{"not_picked":["Gash","Ball Lightning","Streamline"],"picked":"Singing Bowl","floor":35.0},{"not_picked":["Turbo+1","Compile Driver"],"picked":"Tempest","floor":36.0},{"not_picked":["Turbo","Double Energy"],"picked":"All For One","floor":37.0},{"not_picked":["Hyperbeam","Steam+1","Blizzard"],"picked":"Singing Bowl","floor":40.0},{"not_picked":["Leap","Redo","Streamline"],"picked":"Singing Bowl","floor":42.0},{"not_picked":["Compile Driver+1","Beam Cell","Rebound"],"picked":"Singing Bowl","floor":45.0},{"not_picked":["Consume","Compile Driver","Doom and Gloom"],"picked":"Singing Bowl","floor":48.0},{"not_picked":["Redo","Go for the Eyes","Sweeping Beam"],"picked":"Singing Bowl","floor":55.0}],"player_experience":1517747,"relics_obtained":[{"floor":7.0,"key":"Letter Opener"},{"floor":9.0,"key":"Symbiotic Virus"},{"floor":26.0,"key":"Omamori"},{"floor":36.0,"key":"Turnip"},{"floor":40.0,"key":"WingedGreaves"},{"floor":42.0,"key":"Pear"},{"floor":48.0,"key":"Frozen Egg 2"},{"floor":55.0,"key":"Blood Vial"}],"event_choices":[{"cards_removed":["Strike_B"],"damage_healed":0.0,"max_hp_gain":0.0,"max_hp_loss":0.0,"gold_gain":0.0,"event_name":"Purifier","player_choice":"Purged","floor":2.0,"gold_loss":0.0,"damage_taken":0.0},{"cards_removed":["Strike_B"],"damage_healed":0.0,"max_hp_gain":0.0,"max_hp_loss":0.0,"gold_gain":0.0,"event_name":"Golden Wing","player_choice":"Card Removal","floor":11.0,"gold_loss":0.0,"damage_taken":7.0},{"damage_healed":0.0,"max_hp_gain":0.0,"max_hp_loss":0.0,"gold_gain":0.0,"event_name":"WeMeetAgain","player_choice":"Gave Potion","floor":13.0,"gold_loss":0.0,"damage_taken":0.0,"relics_obtained":["Singing Bowl"]},{"damage_healed":0.0,"max_hp_gain":0.0,"max_hp_loss":0.0,"gold_gain":50.0,"event_name":"Nest","player_choice":"Stole From Cult","floor":19.0,"gold_loss":0.0,"damage_taken":0.0},{"damage_healed":0.0,"max_hp_gain":0.0,"max_hp_loss":0.0,"gold_gain":0.0,"event_name":"Lab","player_choice":"Got Potions","floor":21.0,"gold_loss":0.0,"damage_taken":0.0},{"damage_healed":0.0,"max_hp_gain":0.0,"max_hp_loss":0.0,"gold_gain":0.0,"event_name":"MindBloom","player_choice":"Fight","floor":36.0,"gold_loss":0.0,"damage_taken":0.0},{"cards_removed":["Biased Cognition"],"damage_healed":0.0,"max_hp_gain":0.0,"max_hp_loss":0.0,"gold_gain":0.0,"event_name":"Falling","player_choice":"Removed Power","floor":38.0,"gold_loss":0.0,"damage_taken":0.0},{"damage_healed":0.0,"max_hp_gain":0.0,"max_hp_loss":0.0,"gold_gain":0.0,"event_name":"Tomb of Lord Red Mask","player_choice":"Ignored","floor":39.0,"gold_loss":0.0,"damage_taken":0.0},{"cards_removed":["Zap"],"damage_healed":0.0,"max_hp_gain":0.0,"max_hp_loss":0.0,"gold_gain":0.0,"event_name":"Bonfire Elementals","player_choice":"Offered Basic","floor":47.0,"gold_loss":0.0,"damage_taken":0.0}],"is_beta":false,"boss_relics":[{"not_picked":["Sozu","Runic Dome"],"picked":"Snecko Eye"},{"not_picked":["Busted Crown","SlaversCollar"],"picked":"Astrolabe"}],"items_purged_floors":[5,12,44],"is_endless":false,"potions_floor_spawned":[1,3,10,25,27,33,35,48,55],"killed_by":"The Heart","ascension_level":20}}