{"host":"v4tuy5ykrbdcm9o9","time":1609396784,"event":{"mods":["BaseMod","Duelist Mod","Minty Spire (QoL Compilation)","Replay The Spire","StSLib"],"gold_per_floor":[364,364,376,387,398,425,443,478,504,504,504],"floor_reached":10,"playtime":715,"items_purged":[],"score":96,"play_id":"949f3c24-898d-4b63-8d5f-1cd098aa7904","local_time":"20201231013944","is_ascension_mode":true,"campfire_choices":[],"circlet_count":0,"master_deck":["Strike_B","Strike_B","Strike_B","Strike_B","Defend_B","Defend_B","Defend_B","Defend_B","Zap","Dualcast","Neutralize","Beam Cell","FTL","Lockon","Conserve Battery","Lockon","Panic Button","BasicCrystalCard"],"relics":["Cracked Core","Juzu Bracelet","Omamori","Regal Pillow"],"acts_visited":["Exordium"],"potions_floor_usage":[5,6],"damage_taken":[{"damage":2,"enemies":"Jaw Worm","floor":1,"turns":4},{"damage":0,"enemies":"Cultist","floor":3,"turns":2},{"damage":0,"enemies":"Small Slimes","floor":4,"turns":3},{"damage":8,"enemies":"3 Louse","floor":5,"turns":2},{"damage":18,"enemies":"3 Sentries","floor":6,"turns":6},{"damage":8,"enemies":"2 Fungi Beasts","floor":7,"turns":3},{"damage":25,"enemies":"Lagavulin","floor":8,"turns":5},{"damage":30,"enemies":"Replay:BlueRogue","floor":10,"turns":3}],"seed_played":"4327045432782887059","potions_obtained":[{"floor":3,"key":"Elixir"},{"floor":4,"key":"Fire Potion"},{"floor":5,"key":"Elixir"}],"is_trial":false,"path_per_floor":["M","?","M","M","M","E","M","E","T","E"],"character_chosen":"DEFECT","items_purchased":[],"campfire_rested":0,"item_purchase_floors":[],"current_hp_per_floor":[73,73,73,73,65,47,39,14,14,0,0],"gold":504,"neow_bonus":"TWO_FIFTY_GOLD","is_daily":false,"chose_seed":false,"campfire_upgraded":0,"win_rate":0.0,"timestamp":1609396784,"path_taken":["M","?","?","M","M","E","M","E","T","E"],"items_purchased_type":[],"build_version":"2020-12-22","purchased_purges":0,"victory":false,"max_hp_per_floor":[75,75,75,75,75,75,75,75,75,75,75],"card_choices":[{"not_picked":["Leap","Consume"],"picked":"Beam Cell","floor":1},{"not_picked":["Fusion","Hello World"],"picked":"FTL","floor":3},{"not_picked":["BasicCrystalCard","ReplayTheSpireMod:System Scan"],"picked":"Lockon","floor":4},{"not_picked":["Rebound","Hologram"],"picked":"Conserve Battery","floor":5},{"not_picked":["Barrage","Leap"],"picked":"Lockon","floor":6},{"not_picked":["ReplayTheSpireMod:Reroute Power","BasicCrystalCard"],"picked":"Panic Button","floor":7},{"not_picked":["Stack","Turbo"],"picked":"BasicCrystalCard","floor":8}],"player_experience":500316,"relics_obtained":[{"floor":6,"key":"Juzu Bracelet"},{"floor":8,"key":"Omamori"},{"floor":9,"key":"Regal Pillow"}],"event_choices":[{"cards_removed":["Defend_B"],"damage_healed":0,"gold_gain":0,"player_choice":"Offered Basic","damage_taken":0,"max_hp_gain":0,"max_hp_loss":0,"event_name":"Bonfire Elementals","floor":2,"gold_loss":0}],"is_beta":false,"boss_relics":[],"items_purged_floors":[],"is_endless":false,"potions_floor_spawned":[3,4,5],"killed_by":"Replay:BlueRogue","ascension_level":4}}