{"host":"6gnv7me3tk2udb7q","time":1609434586,"event":{"mods":["BaseMod","Bestiary","Colored Map","Minty Spire (QoL Compilation)"],"gold_per_floor":[111,127,139,89,115,144,144,178,201,201,215,225,250,280,280,383,383,399,599,619,619,639,639,668,680,692,714,726,1013,16,33,33,137,137,147,0,0,0,16,16,30,62,88,88,88,88],"floor_reached":45,"playtime":2393,"items_purged":["Regret"],"score":758,"play_id":"59c05f67-3c42-4589-81a8-b9ae0945015a","local_time":"20201231120946","is_ascension_mode":true,"campfire_choices":[{"data":"Rebound","floor":7,"key":"SMITH"},{"data":"Genetic Algorithm","floor":10,"key":"SMITH"},{"floor":15,"key":"REST"},{"floor":23,"key":"REST"},{"data":"Self Repair","floor":25,"key":"SMITH"},{"data":"Seek","floor":32,"key":"SMITH"},{"data":"Tempest","floor":40,"key":"SMITH"},{"data":"Seek","floor":44,"key":"SMITH"}],"circlet_count":0,"master_deck":["Zap","Dualcast","Compile Driver","Rebound+1","Beam Cell","Self Repair+1","Genetic Algorithm+1","Tempest","Machine Learning","Sunder","Creative AI","Electrodynamics","Electrodynamics","Loop","Amplify","Rebound","FTL","Seek+1","Coolheaded","Hologram+1","Bite","Bite","Bite","Bite","Bite","Conserve Battery","Tempest+1","BootSequence","Loop","Multi-Cast","Cold Snap+1","Self Repair","Redo+1","Coolheaded+1","Seek+1"],"relics":["FrozenCore","NeowsBlessing","Bag of Marbles","Orichalcum","Art of War","DataDisk","Singing Bowl","Odd Mushroom","Pandora\u0027s Box","MawBank","The Courier","Omamori","Bag of Preparation","Pantograph","Chemical X","White Beast Statue","Strange Spoon","Red Mask","Potion Belt","MealTicket"],"acts_visited":["Exordium","TheCity","TheBeyond"],"potions_floor_usage":[6,6,13,13,27,33,33],"damage_taken":[{"damage":0,"enemies":"Cultist","floor":1,"turns":1},{"damage":0,"enemies":"Jaw Worm","floor":2,"turns":1},{"damage":0,"enemies":"2 Louse","floor":3,"turns":1},{"damage":16,"enemies":"Lagavulin","floor":6,"turns":5},{"damage":12,"enemies":"3 Sentries","floor":8,"turns":5},{"damage":4,"enemies":"Large Slime","floor":11,"turns":4},{"damage":13,"enemies":"Exordium Thugs","floor":12,"turns":4},{"damage":10,"enemies":"Lagavulin","floor":13,"turns":3},{"damage":17,"enemies":"The Mushroom Lair","floor":14,"turns":4},{"damage":8,"enemies":"Slime Boss","floor":16,"turns":7},{"damage":39,"enemies":"Spheric Guardian","floor":18,"turns":6},{"damage":6,"enemies":"Shell Parasite","floor":20,"turns":3},{"damage":25,"enemies":"Shelled Parasite and Fungi","floor":22,"turns":5},{"damage":0,"enemies":"Gremlin Leader","floor":24,"turns":5},{"damage":4,"enemies":"Snecko","floor":27,"turns":3},{"damage":0,"enemies":"3 Cultists","floor":31,"turns":2},{"damage":61,"enemies":"Automaton","floor":33,"turns":9},{"damage":53,"enemies":"3 Darklings","floor":35,"turns":4},{"damage":1,"enemies":"Orb Walker","floor":39,"turns":4},{"damage":10,"enemies":"4 Shapes","floor":41,"turns":6},{"damage":26,"enemies":"Reptomancer","floor":42,"turns":5},{"damage":55,"enemies":"Spire Growth","floor":45,"turns":5}],"seed_played":"-2114622319323295293","potions_obtained":[{"floor":1,"key":"Dexterity Potion"},{"floor":3,"key":"SteroidPotion"},{"floor":8,"key":"FearPotion"},{"floor":12,"key":"EssenceOfSteel"},{"floor":24,"key":"Explosive Potion"},{"floor":27,"key":"DuplicationPotion"},{"floor":31,"key":"SkillPotion"},{"floor":33,"key":"SpeedPotion"},{"floor":35,"key":"SteroidPotion"},{"floor":39,"key":"GamblersBrew"},{"floor":41,"key":"LiquidBronze"},{"floor":42,"key":"DuplicationPotion"}],"is_trial":false,"path_per_floor":["M","M","M","?","T","E","R","E","T","R","M","M","E","?","R","B",null,"M","?","M","T","M","R","E","R","T","M","?","?","$","M","R","B",null,"M","$","?","?","M","R","M","E","T","R","M"],"character_chosen":"DEFECT","items_purchased":["Omamori","Conserve Battery","Bag of Preparation","Pantograph","Chemical X","White Beast Statue","Tempest","BootSequence","Loop","Strange Spoon","Self Repair"],"campfire_rested":2,"item_purchase_floors":[30,30,30,30,30,30,30,30,30,36,36],"current_hp_per_floor":[68,68,68,68,68,52,52,47,47,47,50,44,36,26,49,48,70,47,47,43,43,25,49,49,49,49,47,47,47,47,49,49,27,52,13,13,13,52,52,52,52,47,47,47,0,0],"gold":88,"neow_bonus":"THREE_ENEMY_KILL","is_daily":false,"chose_seed":false,"campfire_upgraded":6,"win_rate":0.0,"timestamp":1609434586,"path_taken":["M","?","?","?","?","E","R","E","T","R","M","M","E","?","R","BOSS","M","?","?","?","M","R","E","R","T","M","?","?","$","?","R","BOSS","M","$","?","?","M","R","M","E","T","R","M"],"items_purchased_type":["Relic","Card","Relic","Relic","Relic","Relic","Card","Card","Card","Relic","Card"],"build_version":"2020-12-22","purchased_purges":1,"victory":false,"max_hp_per_floor":[75,75,75,75,75,75,75,75,75,75,75,75,77,77,77,77,77,79,79,81,81,81,81,81,81,81,83,58,58,58,60,60,60,60,60,60,60,52,52,52,52,52,52,52,52,52],"card_choices":[{"not_picked":["Barrage","Steam Power"],"picked":"Compile Driver","floor":1},{"not_picked":["Scrape","Gash"],"picked":"Rebound","floor":2},{"not_picked":["Rebound","Turbo"],"picked":"Beam Cell","floor":3},{"not_picked":["Coolheaded","Double Energy"],"picked":"Self Repair","floor":6},{"not_picked":["Turbo","Gash"],"picked":"Genetic Algorithm","floor":8},{"not_picked":["Force Field","Compile Driver"],"picked":"Tempest","floor":11},{"not_picked":["Double Energy","Redo"],"picked":"Machine Learning","floor":12},{"not_picked":["Skim","Steam Power","Melter"],"picked":"Singing Bowl","floor":13},{"not_picked":["Barrage","Coolheaded"],"picked":"Sunder","floor":14},{"not_picked":["Electrodynamics","Multi-Cast"],"picked":"Creative AI","floor":16},{"not_picked":["Barrage","Beam Cell","Ball Lightning"],"picked":"Singing Bowl","floor":18},{"not_picked":["Go for the Eyes","Steam","Turbo"],"picked":"Singing Bowl","floor":20},{"not_picked":["Rebound+1","Hello World"],"picked":"Coolheaded","floor":22},{"not_picked":["Ball Lightning","Turbo"],"picked":"Hologram+1","floor":24},{"not_picked":["Barrage","Streamline","Hologram"],"picked":"Singing Bowl","floor":27},{"not_picked":["Beam Cell","Rebound","Barrage"],"picked":"Singing Bowl","floor":31},{"not_picked":["Rainbow","Meteor Strike"],"picked":"Multi-Cast","floor":33},{"not_picked":["Leap","Blizzard"],"picked":"Cold Snap+1","floor":35},{"not_picked":["Barrage+1","Sweeping Beam+1"],"picked":"Redo+1","floor":39},{"not_picked":["Hologram","Ball Lightning"],"picked":"Coolheaded+1","floor":41},{"not_picked":["Ball Lightning","Genetic Algorithm"],"picked":"Seek","floor":42}],"player_experience":558914,"relics_obtained":[{"floor":5,"key":"Bag of Marbles"},{"floor":6,"key":"Orichalcum"},{"floor":8,"key":"Art of War"},{"floor":9,"key":"DataDisk"},{"floor":13,"key":"Singing Bowl"},{"floor":14,"key":"Odd Mushroom"},{"floor":24,"key":"MawBank"},{"floor":26,"key":"The Courier"},{"floor":42,"key":"Potion Belt"},{"floor":43,"key":"MealTicket"}],"event_choices":[{"cards_removed":["Defend_B"],"damage_healed":0,"gold_gain":0,"player_choice":"Card Removal","damage_taken":0,"max_hp_gain":0,"max_hp_loss":0,"event_name":"The Cleric","floor":4,"gold_loss":50},{"damage_healed":0,"gold_gain":0,"player_choice":"Fought Mushrooms","damage_taken":0,"max_hp_gain":0,"max_hp_loss":0,"event_name":"Mushrooms","floor":14,"gold_loss":0},{"damage_healed":0,"gold_gain":250,"player_choice":"Bet on Owner","damage_taken":0,"max_hp_gain":0,"max_hp_loss":0,"event_name":"The Joust","floor":19,"gold_loss":50},{"damage_healed":0,"gold_gain":0,"player_choice":"Became a vampire","damage_taken":0,"max_hp_gain":0,"max_hp_loss":25,"event_name":"Vampires","floor":28,"gold_loss":0,"cards_obtained":["Bite","Bite","Bite","Bite","Bite"]},{"damage_healed":0,"gold_gain":275,"player_choice":"Desecrate","damage_taken":0,"max_hp_gain":0,"max_hp_loss":0,"event_name":"Golden Shrine","floor":29,"gold_loss":0,"cards_obtained":["Regret"]},{"damage_healed":0,"gold_gain":0,"player_choice":"Paid","damage_taken":0,"relics_obtained":["Red Mask"],"max_hp_gain":0,"max_hp_loss":0,"event_name":"Tomb of Lord Red Mask","floor":37,"gold_loss":0},{"damage_healed":52,"gold_gain":0,"player_choice":"Heal","damage_taken":0,"max_hp_gain":0,"max_hp_loss":8,"event_name":"The Moai Head","floor":38,"gold_loss":0}],"is_beta":false,"boss_relics":[{"not_picked":["SacredBark","Calling Bell"],"picked":"Pandora\u0027s Box"},{"not_picked":["Tiny House","Astrolabe"],"picked":"FrozenCore"}],"items_purged_floors":[30],"is_endless":false,"potions_floor_spawned":[1,3,8,12,24,27,31,33,35,39,41,42],"killed_by":"Spire Growth","ascension_level":7}}