{"host":"idhn3x725u206pbu","time":1609409474,"event":{"mods":["AchievementEnabler","BaseMod","Bestiary","Better Altar","Better Match","Better Note","Better Sensory Stone","Better Skull","Better Third Choice","BetterRewards","Colored Map","Energized Spire","Hubris","Infinite Spire","Minty Spire (QoL Compilation)","Permanent Neow","Relic Stats","Replay The Spire","Spicy Shops","StSLib","The Animator","The Jungle"],"gold_per_floor":[119,119,7,24,44,44,56,74,121,149,179,79,79,92,92,195,195,215,165,165,120,120],"floor_reached":21,"playtime":3119,"items_purged":["Wild Strike+1","Searing Blow"],"score":279,"play_id":"e8cb93cd-85d2-4163-b7d1-c69db0555e6b","local_time":"20201231181114","is_ascension_mode":false,"campfire_choices":[{"data":"Fire Breathing","floor":6,"key":"SMITH"},{"data":"Armaments","floor":13,"key":"SMITH"},{"floor":15,"key":"REST"}],"circlet_count":0,"master_deck":["Wild Strike+1","Strike_R","Strike_R","Strike_R","Strike_R","Strike_R","Defend_R","Defend_R","Defend_R","Defend_R","Bash","Run Through","Spot Weakness","Armaments+1","Hemokinesis","Disarm","Bloodletting","Rampage","Fire Breathing+1","Reckless Charge","Shrug It Off","Double Tap","Flex+1"],"relics":["Burning Blood","Orrery","Strawberry","Replay:Mystery Machine","Odd Mushroom","Cursed Key"],"acts_visited":["Exordium","TheCity"],"potions_floor_usage":[11,16],"damage_taken":[{"damage":0,"enemies":"Small Slimes","floor":1,"turns":4},{"damage":6,"enemies":"Cultist","floor":4,"turns":3},{"damage":6,"enemies":"Jaw Worm","floor":5,"turns":3},{"damage":7,"enemies":"3 Louse","floor":7,"turns":2},{"damage":34,"enemies":"Exordium Thugs","floor":8,"turns":6},{"damage":32,"enemies":"3 Sentries","floor":10,"turns":5},{"damage":23,"enemies":"The Mushroom Lair","floor":11,"turns":4},{"damage":9,"enemies":"Exordium Wildlife","floor":14,"turns":3},{"damage":24,"enemies":"Slime Boss","floor":16,"turns":8},{"damage":14,"enemies":"Shell Parasite","floor":18,"turns":3},{"damage":20,"enemies":"2 Thieves","floor":21,"turns":4}],"seed_played":"1248295438173072672","potions_obtained":[{"floor":1,"key":"Weak Potion"},{"floor":2,"key":"PowerPotion"},{"floor":2,"key":"LifebloodPotion"},{"floor":5,"key":"Milkshake"},{"floor":7,"key":"BloodPotion"},{"floor":11,"key":"SpeedPotion"},{"floor":18,"key":"Block Potion"}],"is_trial":false,"path_per_floor":["M","?","$","M","M","R","M","M","T","E","?","$","R","M","R","B",null,"M","?","$","M"],"character_chosen":"IRONCLAD","items_purchased":["Orrery","Rampage"],"campfire_rested":1,"item_purchase_floors":[0,3],"current_hp_per_floor":[80,80,80,80,80,80,79,51,58,32,32,32,32,29,55,37,87,79,79,79,59,59],"gold":120,"neow_bonus":"","is_daily":false,"chose_seed":false,"campfire_upgraded":2,"win_rate":0.0,"timestamp":1609409474,"path_taken":["M","?","$","M","?","R","M","M","T","E","?","$","R","M","R","BOSS","M","?","$","M"],"items_purchased_type":["Relic","Card"],"build_version":"2020-12-22","purchased_purges":2,"victory":false,"max_hp_per_floor":[80,80,80,80,80,80,80,80,87,87,87,87,87,87,87,87,87,87,87,87,87,87],"relic_stats":{"counters":[27,126],"Cursed Key":0,"obtain_stats":[{"Golden Egg":13,"Regal Pillow":11,"Replay:Mystery Machine":10,"Odd Mushroom":11,"Cursed Key":17,"Burning Blood":0,"Sozu":17,"Centennial Puzzle":9,"infinitespire:ShieldingShard":3,"Strawberry":9,"Orrery":0,"CultistMask":5,"Replay:Bottled Flurry":24,"energizedSpire:DecayingSkull":34,"hubris:TinFlute":20},{"Golden Egg":8,"Regal Pillow":7,"Replay:Mystery Machine":22,"Odd Mushroom":23,"Cursed Key":25,"Burning Blood":0,"Sozu":10,"Centennial Puzzle":5,"infinitespire:ShieldingShard":2,"Strawberry":21,"Orrery":16,"CultistMask":3,"Replay:Bottled Flurry":12,"energizedSpire:DecayingSkull":15,"hubris:TinFlute":11},{"Golden Egg":41,"Regal Pillow":31,"Replay:Mystery Machine":104,"Odd Mushroom":108,"Cursed Key":119,"Burning Blood":0,"Sozu":52,"Centennial Puzzle":17,"infinitespire:ShieldingShard":7,"Strawberry":99,"Orrery":81,"CultistMask":10,"Replay:Bottled Flurry":62,"energizedSpire:DecayingSkull":78,"hubris:TinFlute":55}],"Burning Blood":128},"card_choices":[{"not_picked":["Cleave","Headbutt"],"picked":"Run Through","floor":0},{"not_picked":["Entrench","Rampage"],"picked":"Spot Weakness","floor":0},{"not_picked":["Twin Strike","Run Through"],"picked":"Armaments","floor":0},{"not_picked":["Shrug It Off","Anger"],"picked":"Hemokinesis","floor":0},{"not_picked":["Thunderclap","Anger"],"picked":"Disarm","floor":0},{"not_picked":["hubris:ReadiedAction","Pommel Strike"],"picked":"Bloodletting","floor":1},{"not_picked":["Bloodletting","Clothesline"],"picked":"Fire Breathing","floor":4},{"not_picked":["hubris:SharpeningStone","Burning Pact","Cleave"],"picked":"SKIP","floor":5},{"not_picked":["Pommel Strike","Clothesline"],"picked":"Reckless Charge","floor":7},{"not_picked":["ReplayTheSpireMod:Strike From Hell","Carnage"],"picked":"Shrug It Off","floor":8},{"not_picked":["Eclipse","Anger","Metallicize"],"picked":"SKIP","floor":10},{"not_picked":["Twin Strike","True Grit"],"picked":"Searing Blow","floor":11},{"not_picked":["Shockwave","Sword Boomerang","ReplayTheSpireMod:Stacked"],"picked":"SKIP","floor":14},{"not_picked":["Fiend Fire","Corruption"],"picked":"Double Tap","floor":16},{"not_picked":["Run Through","hubris:ReadiedAction"],"picked":"Flex+1","floor":18}],"player_experience":82236,"relics_obtained":[{"floor":9,"key":"Strawberry"},{"floor":10,"key":"Replay:Mystery Machine"},{"floor":11,"key":"Odd Mushroom"}],"event_choices":[{"damage_healed":0,"gold_gain":0,"player_choice":"Got Potions","damage_taken":0,"max_hp_gain":0,"max_hp_loss":0,"event_name":"Lab","floor":2,"gold_loss":0},{"damage_healed":0,"gold_gain":0,"player_choice":"Fought Mushrooms","damage_taken":0,"max_hp_gain":0,"max_hp_loss":0,"event_name":"Mushrooms","floor":11,"gold_loss":0},{"damage_healed":0,"gold_gain":0,"player_choice":"Bet on Murderer","damage_taken":0,"max_hp_gain":0,"max_hp_loss":0,"event_name":"The Joust","floor":19,"gold_loss":50}],"is_beta":false,"boss_relics":[{"not_picked":["hubris:ScarierMask","hubris:CrackedHourglass"],"picked":"Cursed Key"}],"items_purged_floors":[0,12],"is_endless":false,"potions_floor_spawned":[1,5,7,11,18],"killed_by":"2 Thieves","ascension_level":0}}