{"host":"uikxj58mzlixykyi","time":1609412060,"event":{"mods":["AchievementEnabler","BaseMod","BetterRewards","Colored Map","Colored Powertips","Downfall","Highlight Path","Minty Spire (QoL Compilation)","Rare Cards Sparkle","Replay The Spire","Shop Mod","StSLib"],"gold_per_floor":[99,99,117,127,142,142,142,160,172,172,195,195,195,224,243,339,339,339,359,371,388,388,406,429,429,158,172,190,208,221,221,232,332,332,332,347,359,359,372,372,372,383,383,400,418,438,438,465,480,480,480,480],"floor_reached":50,"playtime":2885,"items_purged":["Slimebound:BestDefense"],"score":639,"play_id":"d1b2ca18-b080-4a78-97ce-b8ad8944cd59","local_time":"20201231125420","is_ascension_mode":true,"campfire_choices":[{"floor":1.0,"key":"DIG"},{"data":"Slimebound:CorrosiveSpit","floor":6.0,"key":"SMITH"},{"floor":10.0,"key":"REST"},{"data":"Slimebound:Split","floor":12.0,"key":"SMITH"},{"data":"Slimebound:SplitLeeching","floor":18.0,"key":"SMITH"},{"data":"Slimebound:TagTeam","floor":25.0,"key":"SMITH"},{"data":"Slimebound:Defend_Slimebound","floor":35.0,"key":"PURGE"},{"floor":43.0,"key":"REST"},{"data":"Slimebound:SlimeBarrage","floor":47.0,"key":"SMITH"}],"circlet_count":0,"master_deck":["Slimebound:Tackle","Slimebound:Defend_Slimebound","Slimebound:Split+1","Slimebound:CorrosiveSpit+1","Slimebound:ProtectTheBoss+1","Slimebound:SplitBruiser","Slimebound:SplitBruiser","Slimebound:DivideAndConquer","Slimebound:SplitLeeching+1","Slimebound:OneTwoCombo","Slimebound:TagTeam+1","Slimebound:ServeAndProtect","Slimebound:SlimeBarrage+1","Slimebound:SplitAcid+1","Slimebound:Tackle+1","Slimebound:Tackle+1","Slimebound:Tackle+1","Slimebound:FormOfPuddle+1","Slimebound:Darklings+1","Slimebound:LevelUp+1","Slimebound:SlimeSpikes","Slimebound:SplitLeeching","Slimebound:Replication+1","Slimebound:SplitAcid+1","Slimebound:LeadByExample+1","Slimebound:SlimeSpikes+1"],"relics":["Slimebound:AbsorbEndCombatUpgraded","Bag of Marbles","Bottled Tornado","Bronze Scales","ReplayTheSpireMod:Ninjato","The Courier","Regal Pillow","Garlic","Slimebound:TarBlob","Slimebound:MaxSlimesRelic","Vajra"],"acts_visited":["Exordium","TheCity","TheBeyond"],"potions_floor_usage":[50,50],"damage_taken":[{"damage":11.0,"enemies":"Jaw Worm","floor":3.0,"turns":3.0},{"damage":8.0,"enemies":"Cultist","floor":4.0,"turns":4.0},{"damage":8.0,"enemies":"2 Louse","floor":5.0,"turns":2.0},{"damage":37.0,"enemies":"Lots of Slimes","floor":8.0,"turns":4.0},{"damage":12.0,"enemies":"Red Slaver","floor":9.0,"turns":2.0},{"damage":16.0,"enemies":"Replay:BlueRogue","floor":14.0,"turns":4.0},{"damage":16.0,"enemies":"2 Fungi Beasts","floor":15.0,"turns":2.0},{"damage":62.0,"enemies":"downfall:Ironclad","floor":16.0,"turns":6.0},{"damage":8.0,"enemies":"3 Byrds","floor":19.0,"turns":2.0},{"damage":19.0,"enemies":"Chosen","floor":20.0,"turns":3.0},{"damage":29.0,"enemies":"Centurion and Healer","floor":21.0,"turns":4.0},{"damage":33.0,"enemies":"Shelled Parasite and Fungi","floor":23.0,"turns":3.0},{"damage":22.0,"enemies":"downfall:FleeingMerchant","floor":26.0,"turns":4.0},{"damage":31.0,"enemies":"Snake Plant","floor":27.0,"turns":3.0},{"damage":17.0,"enemies":"Snecko","floor":28.0,"turns":4.0},{"damage":25.0,"enemies":"Shelled Parasite and Fungi","floor":29.0,"turns":3.0},{"damage":26.0,"enemies":"Sentry and Sphere","floor":30.0,"turns":4.0},{"damage":12.0,"enemies":"Snake Plant","floor":32.0,"turns":2.0},{"damage":45.0,"enemies":"downfall:Defect","floor":33.0,"turns":7.0},{"damage":18.0,"enemies":"Orb Walker","floor":36.0,"turns":2.0},{"damage":48.0,"enemies":"3 Darklings","floor":37.0,"turns":3.0},{"damage":26.0,"enemies":"Sphere and 2 Shapes","floor":39.0,"turns":3.0},{"damage":32.0,"enemies":"4 Shapes","floor":42.0,"turns":2.0},{"damage":48.0,"enemies":"3 Darklings","floor":44.0,"turns":2.0},{"damage":60.0,"enemies":"Maw","floor":45.0,"turns":3.0},{"damage":42.0,"enemies":"Writhing Mass","floor":46.0,"turns":3.0},{"damage":60.0,"enemies":"Reptomancer","floor":48.0,"turns":3.0},{"damage":30.0,"enemies":"Sphere and 2 Shapes","floor":49.0,"turns":1.0},{"damage":88,"enemies":"downfall:Silent","floor":50,"turns":4}],"seed_played":"-6724959011636311379","potions_obtained":[{"floor":5.0,"key":"Fire Potion"},{"floor":8.0,"key":"Milkshake"},{"floor":9.0,"key":"Guardian:BlockOnCardUsePotion"},{"floor":19.0,"key":"Milkshake"},{"floor":20.0,"key":"PowerPotion"},{"floor":27.0,"key":"Slimebound:ThreeZeroPotion"},{"floor":29.0,"key":"Slimebound:SlimedPotion"},{"floor":32.0,"key":"Swift Potion"},{"floor":37.0,"key":"Energy Potion"},{"floor":45.0,"key":"SpeedPotion"},{"floor":49.0,"key":"champ:CounterPotion"}],"is_trial":false,"path_per_floor":["R_BF","?","M","M","M","R","T","M","M","R","T","R","?","E","M","B",null,"R","M","M","M","T","M","T","R","$","M","M","M","M","?","M","B",null,"R_BF","M","M","?","M","?","T","M","R","M","M","M","R","E","M","B"],"character_chosen":"SLIMEBOUND","items_purchased":["Garlic"],"campfire_rested":2,"item_purchase_floors":[26],"current_hp_per_floor":[60,60,57,60,60,60,60,35,39,57,57,57,57,60,56,38,55,55,59,53,56,56,51,51,51,53,38,45,44,38,38,46,43,56,56,60,36,28,26,26,26,22,55,60,60,60,60,58,56,0,0,0],"gold":480,"neow_bonus":"THREE_CARDS","is_daily":false,"chose_seed":false,"campfire_upgraded":5,"win_rate":0.0,"timestamp":1609412060,"path_taken":["R_BF","?","M","?","?","R","T","M","M","R","?","R","?","E","M","BOSS","R","M","M","?","?","M","T","R","$","M","M","M","M","?","M","BOSS","R_BF","M","M","?","?","?","T","?","R","M","M","M","R","E","M","BOSS"],"items_purchased_type":["Relic"],"build_version":"2020-12-22","purchased_purges":1,"victory":false,"max_hp_per_floor":[60,60,60,60,60,60,60,60,60,60,60,60,60,60,60,60,60,60,60,60,60,60,60,60,60,60,60,60,60,60,60,60,60,60,60,60,60,60,60,60,60,60,60,60,60,60,60,60,60,60,60,60],"card_choices":[{"not_picked":["Slimebound:SlimeBarrage","Slimebound:LeechingTouch"],"picked":"Slimebound:ProtectTheBoss","floor":0.0},{"not_picked":["Slimebound:Schlurp","Slimebound:GrowthPunch"],"picked":"Slimebound:SplitBruiser","floor":3.0},{"not_picked":["Slimebound:PressTheAttack","Slimebound:GrowthPunch","Slimebound:Equalize"],"picked":"SKIP","floor":4.0},{"not_picked":["Slimebound:GoopSpray","Slimebound:ComboTackle","Slimebound:Nibble"],"picked":"SKIP","floor":5.0},{"not_picked":["Slimebound:SamplingLick","Slimebound:LeechEnergy"],"picked":"Slimebound:SplitBruiser","floor":8.0},{"not_picked":["Slimebound:RainOfGoop","Slimebound:CheckThePlaybook","Slimebound:ForwardTackle"],"picked":"SKIP","floor":9.0},{"not_picked":["Slimebound:GoopSpray","Slimebound:ViciousTackle"],"picked":"Slimebound:DivideAndConquer","floor":14.0},{"not_picked":["Slimebound:SlimeSpikes","Slimebound:SplitAcid"],"picked":"Slimebound:SplitLeeching","floor":15.0},{"not_picked":["Slimebound:SlimeSlap","Slimebound:MinionMaster"],"picked":"Slimebound:OneTwoCombo","floor":16.0},{"not_picked":["Slimebound:Schlurp","Slimebound:FinishingTackle","Slimebound:Dissolve"],"picked":"SKIP","floor":19.0},{"not_picked":["Slimebound:GrowthPunch","Slimebound:ViciousTackle+1"],"picked":"Slimebound:TagTeam","floor":20.0},{"not_picked":["Slimebound:LevelUp","Slimebound:SlimeSpikes","Slimebound:Prepare"],"picked":"SKIP","floor":21.0},{"not_picked":["Slimebound:GoopSpray+1","Slimebound:LeechingTouch","Slimebound:HauntingLick"],"picked":"SKIP","floor":23.0},{"not_picked":["Slimebound:ServeAndProtect","Slimebound:SamplingLick","Slimebound:GrowthPunch"],"picked":"SKIP","floor":26.0},{"not_picked":["Slimebound:LeechingTouch+1","Slimebound:PressTheAttack"],"picked":"Slimebound:ServeAndProtect","floor":27.0},{"not_picked":["Slimebound:MegaLick","Slimebound:ServeAndProtect"],"picked":"Slimebound:SlimeBarrage","floor":28.0},{"not_picked":["Slimebound:LeechingTouch+1","Slimebound:LeechEnergy","Slimebound:ComboTackle+1"],"picked":"SKIP","floor":29.0},{"not_picked":["Slimebound:SamplingLick","Slimebound:Chomp+1"],"picked":"Slimebound:SplitAcid+1","floor":30.0},{"not_picked":["Slimebound:Grow","Slimebound:ServeAndProtect"],"picked":"Slimebound:FormOfPuddle+1","floor":32.0},{"not_picked":["Slimebound:DouseInSlime","Slimebound:OozeBath"],"picked":"Slimebound:Darklings","floor":33.0},{"not_picked":["Slimebound:GrowthPunch+1","Slimebound:Grow+1"],"picked":"Slimebound:LevelUp+1","floor":36.0},{"not_picked":["Slimebound:FinishingTackle","Slimebound:RollThrough+1"],"picked":"Slimebound:SlimeSpikes","floor":37.0},{"not_picked":["Slimebound:AcidTongue+1","Slimebound:TongueLash+1"],"picked":"Slimebound:SplitLeeching","floor":39.0},{"not_picked":["Slimebound:Schlurp+1","Slimebound:SplitAcid"],"picked":"Slimebound:Replication+1","floor":42.0},{"not_picked":["Slimebound:ServeAndProtect+1","Slimebound:GrowthPunch+1"],"picked":"Slimebound:SplitAcid+1","floor":44.0},{"not_picked":["Slimebound:SplitMire","Slimebound:SlimeBarrage","Slimebound:LevelUp"],"picked":"SKIP","floor":45.0},{"not_picked":["Slimebound:RainOfGoop+1","Slimebound:SplitMire","Slimebound:Replication"],"picked":"SKIP","floor":46.0},{"not_picked":["Slimebound:SplitAcid+1","Slimebound:DouseInSlime"],"picked":"Slimebound:LeadByExample+1","floor":48.0},{"not_picked":["Slimebound:ViciousTackle+1","Slimebound:SplitLeeching"],"picked":"Slimebound:SlimeSpikes+1","floor":49.0}],"player_experience":79834,"relics_obtained":[{"floor":1.0,"key":"Bag of Marbles"},{"floor":7.0,"key":"Bottled Tornado"},{"floor":11.0,"key":"Bronze Scales"},{"floor":14.0,"key":"ReplayTheSpireMod:Ninjato"},{"floor":22.0,"key":"The Courier"},{"floor":24.0,"key":"Regal Pillow"},{"floor":41.0,"key":"Slimebound:MaxSlimesRelic"},{"floor":48.0,"key":"Vajra"}],"event_choices":[{"damage_healed":0.0,"max_hp_gain":0.0,"max_hp_loss":0.0,"gold_gain":0.0,"event_name":"Upgrade Shrine","player_choice":"Upgraded","floor":2.0,"gold_loss":0.0,"damage_taken":0.0,"cards_upgraded":["Slimebound:ProtectTheBoss"]},{"damage_healed":0.0,"max_hp_gain":0.0,"max_hp_loss":0.0,"gold_gain":0.0,"cards_transformed":["Slimebound:Defend_Slimebound"],"event_name":"Transmorgrifier","player_choice":"Transformed","floor":13.0,"gold_loss":0.0,"damage_taken":0.0,"cards_obtained":["Slimebound:BestDefense"]},{"cards_removed":["Slimebound:Defend_Slimebound"],"damage_healed":0.0,"max_hp_gain":0.0,"max_hp_loss":0.0,"gold_gain":0.0,"event_name":"Purifier","player_choice":"Purged","floor":40.0,"gold_loss":0.0,"damage_taken":0.0}],"is_beta":false,"boss_relics":[{"not_picked":["Astrolabe","Empty Cage"],"picked":"Slimebound:AbsorbEndCombatUpgraded"},{"not_picked":["Philosopher\u0027s Stone","Ring of Chaos"],"picked":"Slimebound:TarBlob"}],"items_purged_floors":[26],"is_endless":false,"potions_floor_spawned":[5,8,9,19,20,27,29,32,37,45,49],"killed_by":"downfall:Silent","ascension_level":5}}