{"host":"lg1piimdyocafd6j","time":1609438581,"event":{"mods":["AchievementEnabler","BaseMod","Better Third Choice","BetterRewards","Colored Map","Colored Powertips","Downfall","Minty Spire (QoL Compilation)","Quick Restart","Rare Cards Sparkle","StSLib","SuperFastMode"],"gold_per_floor":[110,285,296,296,371,397,147,147,147,22,22,48,48,68,68,168,218,230,80,80,98,113,113,113,113,113,133,93,113,123,123,123],"floor_reached":31,"playtime":4866,"items_purged":["Defend_B","Defend_B","Strike_B","Defend_B"],"score":345,"play_id":"56606b51-cbf6-4ece-96fc-fec13846cd54","local_time":"20201231191621","is_ascension_mode":false,"campfire_choices":[{"floor":8,"key":"REST"},{"data":"Doubt","floor":11,"key":"PURGE"},{"floor":13,"key":"REST"},{"floor":15,"key":"RECALL"},{"data":"Strike_B","floor":23,"key":"PURGE"}],"circlet_count":0,"master_deck":["Strike_B","Strike_B","Defend_B+1","Zap","Dualcast","Conserve Battery","Conserve Battery","Darkness","Echo Form","Doom and Gloom","Auto Shields","Doom and Gloom+1","Recycle","Glacier"],"relics":["Cracked Core","Kunai","Mercury Hourglass","Regal Pillow","Peace Pipe","White Beast Statue","Tiny House"],"acts_visited":["Exordium","TheCity"],"potions_floor_usage":[16,16,22,24,31],"damage_taken":[{"damage":0,"enemies":"2 Louse","floor":1,"turns":3},{"damage":1,"enemies":"Jaw Worm","floor":3,"turns":4},{"damage":36,"enemies":"3 Sentries","floor":6,"turns":10},{"damage":21,"enemies":"Lagavulin","floor":12,"turns":6},{"damage":0,"enemies":"Small Slimes","floor":14,"turns":3},{"damage":42,"enemies":"Slime Boss","floor":16,"turns":9},{"damage":14,"enemies":"Chosen","floor":18,"turns":5},{"damage":2,"enemies":"Shell Parasite","floor":21,"turns":6},{"damage":13,"enemies":"Centurion and Healer","floor":22,"turns":7},{"damage":0,"enemies":"Snake Plant","floor":24,"turns":1},{"damage":4,"enemies":"Snecko","floor":27,"turns":4},{"damage":20,"enemies":"3 Cultists","floor":29,"turns":4},{"damage":25,"enemies":"Cultist and Chosen","floor":30,"turns":6},{"damage":0,"enemies":"Centurion and Healer","floor":31,"turns":1}],"seed_played":"3600610636182927103","potions_obtained":[{"floor":14,"key":"Block Potion"},{"floor":16,"key":"Fruit Juice"},{"floor":17,"key":"SmokeBomb"},{"floor":18,"key":"Block Potion"},{"floor":21,"key":"Dexterity Potion"},{"floor":22,"key":"EntropicBrew"},{"floor":27,"key":"FocusPotion"},{"floor":29,"key":"Fire Potion"}],"is_trial":false,"path_per_floor":["M","?","M","?","?","E","$","R","T","$","R","E","R","M","R","B",null,"M","$","?","M","M","R","M","?","T","M","$","M","M","M"],"character_chosen":"DEFECT","items_purchased":["Conserve Battery","Regal Pillow","Recycle"],"campfire_rested":2,"item_purchase_floors":[0,7,28],"current_hp_per_floor":[75,75,74,62,51,15,15,52,52,52,52,31,68,68,68,31,85,71,71,71,69,56,56,56,56,56,52,52,32,7,7,7],"gold":123,"neow_bonus":"","is_daily":false,"chose_seed":false,"campfire_upgraded":0,"win_rate":0.0,"timestamp":1609438581,"path_taken":["M","?","M","?","?","E","$","R","T","$","R","E","R","M","R","BOSS","M","$","?","M","M","R","M","?","T","M","?","M","M","M"],"items_purchased_type":["Card","Relic","Card"],"build_version":"2020-12-22","purchased_purges":4,"victory":false,"max_hp_per_floor":[75,75,75,75,75,75,75,75,75,75,75,75,75,75,75,80,85,85,85,85,85,85,85,85,85,85,85,85,85,85,85,85],"card_choices":[{"not_picked":["Barrage","Tempest","Coolheaded"],"picked":"SKIP","floor":1},{"not_picked":["Hologram","Beam Cell","Force Field"],"picked":"SKIP","floor":3},{"not_picked":["Defragment","Redo"],"picked":"Conserve Battery","floor":6},{"not_picked":["Streamline","Leap"],"picked":"Darkness","floor":12},{"not_picked":["Lockon","Leap","Barrage"],"picked":"SKIP","floor":14},{"not_picked":["Machine Learning","Buffer"],"picked":"Echo Form","floor":16},{"not_picked":["Ball Lightning","Barrage"],"picked":"Doom and Gloom","floor":18},{"not_picked":["Ball Lightning","Sweeping Beam"],"picked":"Auto Shields","floor":21},{"not_picked":["Leap","Ball Lightning"],"picked":"Doom and Gloom+1","floor":22},{"not_picked":["Leap","Stack","Turbo"],"picked":"SKIP","floor":27},{"not_picked":["Sunder+1","Genetic Algorithm"],"picked":"Glacier","floor":29},{"not_picked":["Rainbow","Self Repair","Rebound"],"picked":"SKIP","floor":30}],"player_experience":144498,"relics_obtained":[{"floor":6,"key":"Mercury Hourglass"},{"floor":9,"key":"Peace Pipe"},{"floor":12,"key":"White Beast Statue"}],"event_choices":[{"damage_healed":0,"gold_gain":175,"player_choice":"AGREE","damage_taken":110,"max_hp_gain":0,"max_hp_loss":0,"event_name":"betterThird:BetterSerpent","floor":2,"gold_loss":0},{"damage_healed":0,"gold_gain":0,"player_choice":"Relic ","damage_taken":12,"max_hp_gain":0,"max_hp_loss":0,"event_name":"betterThird:BetterScrap","floor":4,"gold_loss":0,"cards_obtained":["DeusExMachina"]},{"damage_healed":0,"gold_gain":75,"player_choice":"Gold","damage_taken":11,"max_hp_gain":0,"max_hp_loss":0,"event_name":"betterThird:BetterGoop","floor":5,"gold_loss":0},{"damage_healed":0,"gold_gain":0,"player_choice":"Ignored","damage_taken":0,"max_hp_gain":0,"max_hp_loss":0,"event_name":"Vampires","floor":25,"gold_loss":0}],"is_beta":false,"boss_relics":[{"not_picked":["Cursed Key","Runic Dome"],"picked":"Tiny House"}],"items_purged_floors":[0,7,10,19],"is_endless":false,"potions_floor_spawned":[14,16,18,21,22,24,27,29,30],"killed_by":"Centurion and Healer","ascension_level":0}}