{"host":"7k2a2omxz3voj5ax","time":1609440266,"event":{"mods":["BaseMod","Marisa£¨ìFÓê¡¡Ä§ÀíÉ³£©","Minty Spire (QoL Compilation)","Quick Restart","Spicy Shops","StSLib","Starting Relic: Pandora\u0027s Box","óô»ðÖ¸ÄÏ"],"gold_per_floor":[111,634,651,101,113,143,143,172,196,215,230,257,275,350,350,426,426,443,457,477,477,477,504,514,543,543,570,620,634,651,679,679,756,756,773,798,305,305,133,133,168,180,227,256,306,306,329,358,358,358,358,358,358,73,107,107],"floor_reached":57,"playtime":2853,"items_purged":["Flying Knee","Predator","Riddle With Holes","Neutralize+1","Backflip","Infinite Blades"],"score":3401,"play_id":"37e026c6-4a78-4db5-90f8-436c717ba286","local_time":"20210101034426","is_ascension_mode":true,"campfire_choices":[{"data":"Blade Dance","floor":7.0,"key":"SMITH"},{"data":"Accuracy","floor":15.0,"key":"SMITH"},{"data":"Calculated Gamble","floor":32.0,"key":"SMITH"},{"data":"Terror","floor":40.0,"key":"SMITH"},{"floor":46.0,"key":"RECALL"},{"data":"Accuracy","floor":49.0,"key":"SMITH"},{"data":"Concentrate","floor":53.0,"key":"SMITH"}],"circlet_count":0,"master_deck":["AscendersBane","Survivor","Concentrate+1","Acrobatics+1","Escape Plan","Accuracy+1","Calculated Gamble+1","Blade Dance+1","Doppelganger","Prepared+1","Terror+1","Accuracy+1","Footwork","Cloak And Dagger+1","Calculated Gamble+1"],"relics":["Pandora\u0027s Box","Cauldron","Whetstone","TheAbacus","Ice Cream","Potion Belt","Blood Vial","Ninja Scroll","Empty Cage","Bag of Preparation","Regal Pillow","Blue Candle","Ancient Tea Set","Sundial","WristBlade","CaptainsWheel","Anchor","War Paint","FossilizedHelix","Oddly Smooth Stone","Meat on the Bone","Tough Bandages","Bag of Marbles","Vajra","DollysMirror","Gremlin Horn"],"acts_visited":["Exordium","TheCity","TheBeyond","TheEnding"],"potions_floor_usage":[56,56,56],"damage_taken":[{"damage":0.0,"enemies":"Cultist","floor":1.0,"turns":2.0},{"damage":0.0,"enemies":"Small Slimes","floor":3.0,"turns":2.0},{"damage":1.0,"enemies":"Jaw Worm","floor":5.0,"turns":3.0},{"damage":0.0,"enemies":"Gremlin Nob","floor":6.0,"turns":2.0},{"damage":8.0,"enemies":"3 Sentries","floor":8.0,"turns":4.0},{"damage":0.0,"enemies":"Blue Slaver","floor":10.0,"turns":1.0},{"damage":1.0,"enemies":"2 Fungi Beasts","floor":11.0,"turns":3.0},{"damage":0.0,"enemies":"Lagavulin","floor":12.0,"turns":3.0},{"damage":2.0,"enemies":"Lots of Slimes","floor":13.0,"turns":2.0},{"damage":0.0,"enemies":"Hexaghost","floor":16.0,"turns":4.0},{"damage":8.0,"enemies":"Shell Parasite","floor":18.0,"turns":2.0},{"damage":1.0,"enemies":"3 Byrds","floor":19.0,"turns":3.0},{"damage":16.0,"enemies":"Sentry and Sphere","floor":20.0,"turns":4.0},{"damage":2.0,"enemies":"Gremlin Leader","floor":23.0,"turns":5.0},{"damage":4.0,"enemies":"Centurion and Healer","floor":24.0,"turns":3.0},{"damage":23.0,"enemies":"Slavers","floor":25.0,"turns":4.0},{"damage":0.0,"enemies":"Gremlin Leader","floor":27.0,"turns":3.0},{"damage":13.0,"enemies":"Snake Plant","floor":29.0,"turns":3.0},{"damage":0.0,"enemies":"Sentry and Sphere","floor":30.0,"turns":3.0},{"damage":10.0,"enemies":"Book of Stabbing","floor":31.0,"turns":4.0},{"damage":13.0,"enemies":"Champ","floor":33.0,"turns":4.0},{"damage":8.0,"enemies":"3 Darklings","floor":35.0,"turns":3.0},{"damage":0.0,"enemies":"Mind Bloom Boss Battle","floor":36.0,"turns":4.0},{"damage":15.0,"enemies":"Nemesis","floor":41.0,"turns":3.0},{"damage":0.0,"enemies":"Orb Walker","floor":42.0,"turns":1.0},{"damage":0.0,"enemies":"Giant Head","floor":44.0,"turns":3.0},{"damage":0.0,"enemies":"2 Orb Walkers","floor":45.0,"turns":3.0},{"damage":0.0,"enemies":"Nemesis","floor":48.0,"turns":5.0},{"damage":0.0,"enemies":"Donu and Deca","floor":50.0,"turns":3.0},{"damage":38.0,"enemies":"Time Eater","floor":51.0,"turns":10.0},{"damage":0.0,"enemies":"Shield and Spear","floor":55.0,"turns":3.0},{"damage":52,"enemies":"The Heart","floor":56,"turns":8}],"seed_played":"3607237662931688059","potions_obtained":[{"floor":1.0,"key":"SkillPotion"},{"floor":2.0,"key":"AttackPotion"},{"floor":6.0,"key":"Explosive Potion"},{"floor":11.0,"key":"Dexterity Potion"},{"floor":12.0,"key":"Block Potion"},{"floor":16.0,"key":"SneckoOil"},{"floor":18.0,"key":"SmokeBomb"},{"floor":23.0,"key":"BlessingOfTheForge"},{"floor":24.0,"key":"GhostInAJar"},{"floor":29.0,"key":"FearPotion"},{"floor":30.0,"key":"CunningPotion"},{"floor":33.0,"key":"AttackPotion"},{"floor":35.0,"key":"Fire Potion"},{"floor":45.0,"key":"EntropicBrew"},{"floor":48.0,"key":"Fire Potion"}],"is_trial":false,"path_per_floor":["M","$","M","$","M","E","R","E","T","M","M","E","M","?","R","B",null,"M","M","M","?","?","E","M","E","T","E","?","M","M","E","R","B",null,"M","?","$","?","$","R","E","M","T","E","?","R","T","E","R","B","B",null,"R","$","E","B",null],"character_chosen":"THE_SILENT","items_purchased":["Cauldron","Accuracy","Whetstone","TheAbacus","Ice Cream","Footwork","Anchor","War Paint","DollysMirror"],"campfire_rested":0,"item_purchase_floors":[2,2,2,2,4,37,37,39,54],"current_hp_per_floor":[65,65,65,65,64,64,64,56,56,58,59,61,61,50,50,52,67,61,62,48,48,62,62,60,39,39,41,41,30,32,24,24,13,57,51,53,53,53,53,53,40,42,42,44,46,46,46,48,48,50,26,61,61,61,63,25],"gold":107,"neow_bonus":"TEN_PERCENT_HP_BONUS","is_daily":false,"chose_seed":false,"campfire_upgraded":6,"win_rate":0.0,"timestamp":1609440266,"path_taken":["M","?","M","$","M","E","R","E","T","M","M","E","M","?","R","BOSS","M","M","M","?","?","E","M","E","T","E","?","?","M","E","R","BOSS","M","?","$","?","$","R","E","M","T","E","?","R","?","E","R","BOSS","BOSS","R","$","E","BOSS"],"items_purchased_type":["Relic","Card","Relic","Relic","Relic","Card","Relic","Relic","Relic"],"build_version":"2020-12-22","purchased_purges":6,"victory":true,"max_hp_per_floor":[72,72,72,72,72,72,72,72,72,72,72,72,72,72,72,72,72,72,72,72,72,72,72,72,72,72,72,72,72,72,72,72,72,72,72,72,72,72,72,72,72,72,72,72,72,72,72,72,72,72,72,72,72,72,72,72],"card_choices":[{"not_picked":["Cloak And Dagger","Backflip","All Out Attack"],"picked":"SKIP","floor":1.0},{"not_picked":["Dagger Throw","Deflect"],"picked":"Calculated Gamble","floor":3.0},{"not_picked":["Infinite Blades","Heel Hook"],"picked":"Blade Dance","floor":5.0},{"not_picked":["Sucker Punch","Eviscerate","Infinite Blades"],"picked":"SKIP","floor":6.0},{"not_picked":["Concentrate","Malaise"],"picked":"Doppelganger","floor":8.0},{"not_picked":["Calculated Gamble","Bouncing Flask","Predator"],"picked":"SKIP","floor":10.0},{"not_picked":["Escape Plan","Cloak And Dagger","Predator"],"picked":"SKIP","floor":11.0},{"not_picked":["Flechettes","Deadly Poison","Infinite Blades"],"picked":"SKIP","floor":12.0},{"not_picked":["Flechettes","Deadly Poison","Infinite Blades"],"picked":"SKIP","floor":12.0},{"not_picked":["Masterful Stab","Distraction","Concentrate"],"picked":"SKIP","floor":13.0},{"not_picked":["Poisoned Stab","Dagger Throw","Concentrate"],"picked":"SKIP","floor":18.0},{"not_picked":["Dagger Throw","Malaise"],"picked":"Prepared","floor":19.0},{"not_picked":["Slice","Underhanded Strike+1","Dagger Throw"],"picked":"SKIP","floor":20.0},{"not_picked":["Concentrate","Poisoned Stab","Bane"],"picked":"SKIP","floor":23.0},{"not_picked":["Heel Hook","PiercingWail","Outmaneuver"],"picked":"SKIP","floor":24.0},{"not_picked":["Dagger Spray+1","Endless Agony","Outmaneuver"],"picked":"SKIP","floor":25.0},{"not_picked":["Corpse Explosion","Acrobatics","Masterful Stab+1"],"picked":"SKIP","floor":27.0},{"not_picked":["Dodge and Roll","Caltrops"],"picked":"Terror","floor":29.0},{"not_picked":["Eviscerate","Backstab","Caltrops"],"picked":"SKIP","floor":30.0},{"not_picked":["Eviscerate","Backstab","Caltrops"],"picked":"SKIP","floor":30.0},{"not_picked":["Dodge and Roll","Infinite Blades"],"picked":"Accuracy","floor":31.0},{"not_picked":["Backflip","Choke+1","Dodge and Roll+1"],"picked":"SKIP","floor":35.0},{"not_picked":["Deadly Poison","Sucker Punch","Heel Hook"],"picked":"SKIP","floor":41.0},{"not_picked":["Predator","Crippling Poison+1","Deflect"],"picked":"SKIP","floor":42.0},{"not_picked":["Deflect","Flying Knee+1","Acrobatics"],"picked":"SKIP","floor":44.0},{"not_picked":["Grand Finale","Well Laid Plans"],"picked":"Cloak And Dagger+1","floor":48.0},{"not_picked":["Expertise","Poisoned Stab","Finisher"],"picked":"SKIP","floor":55.0}],"player_experience":384796,"relics_obtained":[{"floor":6.0,"key":"Potion Belt"},{"floor":8.0,"key":"Blood Vial"},{"floor":12.0,"key":"Ninja Scroll"},{"floor":23.0,"key":"Bag of Preparation"},{"floor":25.0,"key":"Regal Pillow"},{"floor":26.0,"key":"Blue Candle"},{"floor":27.0,"key":"Ancient Tea Set"},{"floor":31.0,"key":"Sundial"},{"floor":36.0,"key":"CaptainsWheel"},{"floor":41.0,"key":"FossilizedHelix"},{"floor":43.0,"key":"Oddly Smooth Stone"},{"floor":44.0,"key":"Meat on the Bone"},{"floor":45.0,"key":"Tough Bandages"},{"floor":47.0,"key":"Bag of Marbles"},{"floor":48.0,"key":"Vajra"},{"floor":55.0,"key":"Gremlin Horn"}],"event_choices":[{"damage_healed":0.0,"max_hp_gain":0.0,"max_hp_loss":0.0,"gold_gain":75.0,"event_name":"World of Goop","player_choice":"Gather Gold","floor":14.0,"gold_loss":0.0,"damage_taken":11.0},{"damage_healed":0.0,"max_hp_gain":0.0,"max_hp_loss":0.0,"gold_gain":0.0,"event_name":"Vampires","player_choice":"Ignored","floor":21.0,"gold_loss":0.0,"damage_taken":0.0},{"damage_healed":14.0,"max_hp_gain":0.0,"max_hp_loss":0.0,"gold_gain":0.0,"event_name":"The Library","player_choice":"Heal","floor":22.0,"gold_loss":0.0,"damage_taken":0.0},{"damage_healed":0.0,"max_hp_gain":0.0,"max_hp_loss":0.0,"gold_gain":50.0,"event_name":"Golden Shrine","player_choice":"Pray","floor":28.0,"gold_loss":0.0,"damage_taken":0.0},{"damage_healed":0.0,"max_hp_gain":0.0,"max_hp_loss":0.0,"gold_gain":0.0,"event_name":"MindBloom","player_choice":"Fight","floor":36.0,"gold_loss":0.0,"damage_taken":0.0},{"damage_healed":0.0,"max_hp_gain":0.0,"max_hp_loss":0.0,"gold_gain":0.0,"event_name":"Tomb of Lord Red Mask","player_choice":"Ignored","floor":38.0,"gold_loss":0.0,"damage_taken":0.0},{"damage_healed":0.0,"max_hp_gain":0.0,"max_hp_loss":0.0,"gold_gain":0.0,"event_name":"Mysterious Sphere","player_choice":"Fight","floor":45.0,"gold_loss":0.0,"damage_taken":0.0}],"is_beta":false,"boss_relics":[{"not_picked":["Cursed Key","Busted Crown"],"picked":"Empty Cage"},{"not_picked":["SlaversCollar","Black Star"],"picked":"WristBlade"}],"items_purged_floors":[2,4,4,37,37,54],"is_endless":false,"potions_floor_spawned":[1,6,11,12,16,18,23,24,29,30,33,35,42,45,48],"ascension_level":20}}