{"host":"2c1pg2m9wpz3w4c0","time":1609458438,"event":{"mods":["AchievementEnabler","Act Like it!","Aspiration","BaseMod","Better Note","BetterRewards","Disable Question Mark Monsters","Halation","Hubris","Infinite Spire","Lotus Mark","Marisa????????","Minty Spire (QoL Compilation)","Replay The Spire","StSLib","SuperFastMode","The Clintock","The Jungle","The Runesmith","Transform Curses"],"gold_per_floor":[119,33,33,58,73,73,86,102,181,195,195,213,233,233,233,333,333,345,345,345,345,356,385,385,403,452,452,452,83,103,117,117,212,212,230,230,249,262,262,262],"floor_reached":39,"playtime":1653,"items_purged":[],"score":620,"play_id":"ac4ded8b-8e05-47fd-8429-39be993b9496","local_time":"20201231164718","is_ascension_mode":false,"campfire_choices":[{"data":"Blind","floor":6,"key":"SMITH"},{"floor":15,"key":"REST"},{"floor":28,"key":"REST"},{"floor":32,"key":"REST"}],"circlet_count":0,"master_deck":["Runesmith:Strike_RS","Runesmith:Strike_RS","Runesmith:Defend_RS","Runesmith:Defend_RS","Runesmith:Defend_RS","Runesmith:CraftFirestone","Runesmith:Fortify+1","Runesmith:CraftMagma","Runesmith:LithiumIon","Runesmith:Augment","Runesmith:LithiumIon","Runesmith:WhiteBalance","Runesmith:Grindstone","Runesmith:Grindstone+1","Runesmith:CraftMagma","Runesmith:CraftProtectio","Blind+1","Runesmith:Accelerate","Runesmith:ChargedHammer","Runesmith:LithiumIon","aspiration:UnbridledHammer","Runesmith:LithiumIon","Runesmith:PerfectChisel","hubris:NaturalOne","Runesmith:CreatorForm","Runesmith:PerfectChisel+1","Runesmith:Reinforce+1","Runesmith:Electrocute+1","Runesmith:EarthShield","Inflame+1","Runesmith:MetallurgicalResearch","Runesmith:HammerThrow","Runesmith:BackupBattery","Runesmith:CraftObretio+1","Runesmith:Firestorm","Runesmith:Refine","Runesmith:CraftObretio","Runesmith:Duplicate","Runesmith:ChiselStab+1","Runesmith:EarthShield","Runesmith:Reinforce+1"],"relics":["Runesmith:BrokenRuby","Pondfish Scales","Sling","Ginger","Oddly Smooth Stone","Blue Candle","hubris:Icosahedron","Astrolabe","infinitespire:Lucky Rock","halation:EternalFortune","Regal Pillow","infinitespire:BottledMercury","halation:HeavySnake"],"acts_visited":["Exordium","theJungle:Jungle","TheBeyond"],"potions_floor_usage":[13,16,16,22,22,23,33],"damage_taken":[{"damage":0,"enemies":"Cultist","floor":1,"turns":4},{"damage":0,"enemies":"Small Slimes","floor":5,"turns":5},{"damage":9,"enemies":"2 Louse","floor":7,"turns":3},{"damage":0,"enemies":"Blue Slaver","floor":8,"turns":5},{"damage":0,"enemies":"2 Fungi Beasts","floor":10,"turns":5},{"damage":1,"enemies":"Exordium Wildlife","floor":12,"turns":5},{"damage":6,"enemies":"3 Louse","floor":13,"turns":3},{"damage":16,"enemies":"Fading Forest","floor":16,"turns":11},{"damage":4,"enemies":"theJungle:GiantWrat","floor":18,"turns":7},{"damage":1,"enemies":"theJungle:Flameango_and_Byrd","floor":22,"turns":6},{"damage":17,"enemies":"theJungle:2_Phrogs","floor":23,"turns":8},{"damage":28,"enemies":"theJungle:2_Snecko_Cultists","floor":25,"turns":7},{"damage":12,"enemies":"theJungle:Lyon","floor":30,"turns":7},{"damage":0,"enemies":"Snake Plant","floor":31,"turns":4},{"damage":25,"enemies":"theJungle:TotemBoss","floor":33,"turns":11},{"damage":5,"enemies":"3 Shapes","floor":35,"turns":6},{"damage":12,"enemies":"3 Darklings","floor":37,"turns":10},{"damage":19,"enemies":"Maw","floor":38,"turns":8},{"damage":42,"enemies":"Jaw Worm Horde","floor":39,"turns":3}],"seed_played":"8011077956011959727","potions_obtained":[{"floor":7,"key":"Dexterity Potion"},{"floor":8,"key":"infinitespire:BlackPotion"},{"floor":12,"key":"Fire Potion"},{"floor":16,"key":"Swift Potion"},{"floor":18,"key":"Reflective Coating"},{"floor":22,"key":"AttackPotion"},{"floor":31,"key":"FearPotion"},{"floor":35,"key":"Ancient Potion"},{"floor":38,"key":"DistilledChaos"}],"is_trial":false,"path_per_floor":["M","$","?","T","M","R","M","M","T","M","?","M","M","?","R","B",null,"M","?","?","?","M","E","?","M","T","?","R","$","M","M","R","B",null,"M","?","M","M","M"],"character_chosen":"RUNESMITH_CLASS","items_purchased":["Runesmith:CraftMagma","Sling","Runesmith:LithiumIon","Runesmith:Augment","Runesmith:LithiumIon","Runesmith:WhiteBalance","Runesmith:Grindstone","Runesmith:Grindstone+1","Runesmith:CraftMagma","Blind","Runesmith:CraftObretio+1","infinitespire:BottledMercury","Runesmith:Firestorm"],"campfire_rested":3,"item_purchase_floors":[0,0,0,0,0,0,0,0,0,2,29,29,29],"current_hp_per_floor":[42,42,42,42,42,42,33,33,33,33,33,32,26,43,64,60,67,63,63,63,63,62,45,48,20,20,22,58,58,46,46,70,45,70,65,65,53,34,0,0],"gold":262,"neow_bonus":"","is_daily":false,"chose_seed":false,"campfire_upgraded":1,"win_rate":0.0,"timestamp":1609458438,"path_taken":["M","?","?","?","M","R","M","M","T","M","?","M","?","?","R","BOSS","M","?","?","?","M","E","?","M","T","?","R","$","M","M","R","BOSS","M","?","?","M","M"],"items_purchased_type":["Card","Relic","Card","Card","Card","Card","Card","Card","Card","Card","Card","Relic","Card"],"build_version":"2020-12-22","purchased_purges":0,"victory":false,"max_hp_per_floor":[70,70,70,70,70,70,70,70,70,70,70,70,70,70,70,70,67,67,67,67,67,67,67,70,70,70,70,70,70,70,70,70,70,70,70,70,70,70,70,70],"card_choices":[{"not_picked":["Runesmith:Grindstone","Runesmith:ChiselStab"],"picked":"Runesmith:CraftProtectio","floor":1},{"not_picked":["Runesmith:Empowerment","Runesmith:StaticCage"],"picked":"Runesmith:Accelerate","floor":5},{"not_picked":["Runesmith:Repurpose","Runesmith:MakeshiftArmor"],"picked":"Runesmith:ChargedHammer","floor":7},{"not_picked":["Runesmith:Grindstone","Runesmith:Augment"],"picked":"Runesmith:LithiumIon","floor":8},{"not_picked":["Runesmith:UnstableHammer","Runesmith:ChaoticBlast"],"picked":"aspiration:UnbridledHammer","floor":10},{"not_picked":["Runesmith:CraftProtectio","Runesmith:Supernova"],"picked":"Runesmith:LithiumIon","floor":12},{"not_picked":["Runesmith:HammerThrow","Runesmith:LithiumIon"],"picked":"Runesmith:PerfectChisel","floor":13},{"not_picked":["Runesmith:Supernova","Runesmith:CraftPrismatica"],"picked":"Runesmith:CreatorForm","floor":16},{"not_picked":["Runesmith:PerfectChisel","Runesmith:ChiselStab"],"picked":"Runesmith:EarthShield","floor":18},{"not_picked":["Runesmith:EnergizedChisel+1","Runesmith:BackupBattery"],"picked":"Runesmith:MetallurgicalResearch","floor":22},{"not_picked":["Runesmith:Overpower","Runesmith:MakeshiftArmor"],"picked":"Runesmith:HammerThrow","floor":23},{"not_picked":["Runesmith:HammerThrow","Runesmith:ElementalConversion"],"picked":"Runesmith:BackupBattery","floor":25},{"not_picked":["Runesmith:Empowerment","Runesmith:UnstableHammer"],"picked":"Runesmith:Refine","floor":30},{"not_picked":["Runesmith:LightningRod","Runesmith:Repurpose"],"picked":"Runesmith:CraftObretio","floor":31},{"not_picked":["Runesmith:FissionHammer","Runesmith:UnlimitedPower"],"picked":"Runesmith:Duplicate","floor":33},{"not_picked":["Runesmith:Overpower+1","Runesmith:Repurpose"],"picked":"Runesmith:ChiselStab+1","floor":35},{"not_picked":["Runesmith:CraftProtectio+1","Runesmith:Firestorm"],"picked":"Runesmith:EarthShield","floor":37},{"not_picked":["Runesmith:ChiselStab","Runesmith:Terraform"],"picked":"Runesmith:Reinforce+1","floor":38}],"player_experience":1147192,"relics_obtained":[{"floor":4,"key":"Oddly Smooth Stone"},{"floor":9,"key":"Blue Candle"},{"floor":23,"key":"infinitespire:Lucky Rock"},{"floor":26,"key":"Regal Pillow"}],"event_choices":[{"damage_healed":0,"gold_gain":0,"player_choice":"Grow","damage_taken":0,"max_hp_gain":0,"max_hp_loss":0,"event_name":"Living Wall","floor":3,"gold_loss":0,"cards_upgraded":["Runesmith:Fortify"]},{"damage_healed":17,"gold_gain":0,"player_choice":"Healed and dodged fight","damage_taken":0,"max_hp_gain":0,"max_hp_loss":0,"event_name":"Mushrooms","floor":14,"gold_loss":0,"cards_obtained":["Parasite"]},{"cards_removed":["Runesmith:Reinforce"],"damage_healed":0,"gold_gain":0,"player_choice":"Take \u0026 Give","damage_taken":0,"max_hp_gain":0,"max_hp_loss":0,"event_name":"betterNote:BetterNote","floor":19,"gold_loss":0,"cards_obtained":["Inflame"]},{"cards_removed":["Runesmith:Strike_RS"],"damage_healed":0,"gold_gain":0,"player_choice":"Purged","damage_taken":0,"max_hp_gain":0,"max_hp_loss":0,"event_name":"Purifier","floor":36,"gold_loss":0}],"is_beta":false,"boss_relics":[{"not_picked":["halation:MonkeysPaw","Pandora\u0027s Box"],"picked":"Astrolabe"},{"not_picked":["infinitespire:Cupcake","aspiration:RitualDagger"],"picked":"halation:HeavySnake"}],"items_purged_floors":[],"is_endless":false,"potions_floor_spawned":[7,8,12,16,18,22,31,35,38],"killed_by":"Jaw Worm Horde","ascension_level":0}}