{"host":"ama4xgh863wj18nj","time":1609424154,"event":{"mods":["BaseMod","Downfall","Marisa（F雨　魔理沙）","Minty Spire (QoL Compilation)","Rare Cards Sparkle","Reimu（博丽灵梦）","Replay The Spire","Spicy Shops","StSLib","The Animator","The Cursed"],"gold_per_floor":[115,159,10,25,25,30,30,34,34,34,50,61,236,247,247,325,325,345,345,339,339,339,364,376,410,435,435,470,470,489,66,66,171,198,216,233,87,109,109,150,150,176,230,267,285,285,303,323,323,321,321,321,3,38,38],"floor_reached":56,"playtime":4298,"items_purged":["Doubt","Pain","animator:Curse_Nutcracker","Strike_MRS","Defend_MRS"],"score":1233,"play_id":"9be13d7e-ca43-4843-a403-ac580b1e5353","local_time":"20201231221554","is_ascension_mode":false,"campfire_choices":[{"floor":7,"key":"RECALL"},{"data":"EventHorizon","floor":10,"key":"SMITH"},{"data":"DragonMeteor","floor":15,"key":"SMITH"},{"data":"GrandCross","floor":29,"key":"SMITH"},{"floor":32,"key":"REST"},{"data":"SprinkleStarSeal","floor":41,"key":"SMITH"},{"data":"Defend_MRS","floor":49,"key":"PURGE"},{"data":"Strike_MRS","floor":52,"key":"PURGE"}],"circlet_count":0,"master_deck":["Strike_MRS","Strike_MRS","Defend_MRS","Defend_MRS","MasterSpark","UpSweep","WitchLeyline","GrandCross+1","DragonMeteor+1","Parasite","Parasite","MillisecondPulsars+1","AsteroidBelt","EventHorizon+1","ShootTheMoon","MysteriousBeam+1","JA+1","StarDustReverie+1","FairyDestructionRay+1","SprinkleStarSeal+1","ChargingUp+1","EventHorizon","CollectingQuirk+1","ManaRampage+1","MysteriousBeam+1","IllusionStar+1","BigCrunch+1","Parasite","Guardian:Aged","AsteroidBelt","DragonMeteor+1","expansioncontent:Corrupt+1","expansioncontent:DashGenerateEvil+1","expansioncontent:AwakenDeath+1","MysteriousBeam+1","TreasureHunter+1","AlicesGift","GrandCross","Madness","Madness","SporeBomb+1","AlicesGift","BinaryStars+1","FairyDestructionRay"],"relics":["MiniHakkero","Golden Egg","ShroomBag","YidongShenshe:ReiMu","Singing Bowl","Replay:Baseball","ReplayTheSpireMod:Ninjato","ReplayTheSpireMod:TigerMarble","Black Star","WarpedTongs","Replay:Rubber Ducky","Bottled Lightning","CeramicFish","Blood Vial","Nloth\u0027s Gift","Smiling Mask","Bird Faced Urn","MagicBroom","Anchor","Replay:Ancient Bell","Juzu Bracelet","ReplayTheSpireMod:Shallot","SproutingBranch","ReplayTheSpireMod:ShopPack","Orichalcum","Pet Ghost","ReplayFunnel","Oddly Smooth Stone","Peace Pipe","Bag of Marbles","Bag of Preparation","Mummified Hand","Shuriken"],"acts_visited":["Exordium","TheCity","TheBeyond","TheEnding"],"potions_floor_usage":[16,18,25,30,33,42,55],"damage_taken":[{"damage":0,"enemies":"2 Louse","floor":1,"turns":1},{"damage":0,"enemies":"Small Slimes","floor":4,"turns":1},{"damage":0,"enemies":"Lagavulin","floor":6,"turns":2},{"damage":8,"enemies":"3 Sentries","floor":8,"turns":6},{"damage":0,"enemies":"Cultist","floor":11,"turns":1},{"damage":6,"enemies":"Gremlin Nob","floor":12,"turns":3},{"damage":0,"enemies":"Looter","floor":14,"turns":1},{"damage":19,"enemies":"The Guardian","floor":16,"turns":4},{"damage":4,"enemies":"Spheric Guardian","floor":18,"turns":3},{"damage":10,"enemies":"Shell Parasite","floor":20,"turns":3},{"damage":7,"enemies":"Book of Stabbing","floor":23,"turns":1},{"damage":11,"enemies":"Centurion and Healer","floor":24,"turns":2},{"damage":21,"enemies":"Gremlin Leader","floor":25,"turns":3},{"damage":15,"enemies":"Book of Stabbing","floor":28,"turns":3},{"damage":24,"enemies":"Snake Plant","floor":30,"turns":3},{"damage":1,"enemies":"Automaton","floor":33,"turns":4},{"damage":0,"enemies":"3 Darklings","floor":35,"turns":2},{"damage":0,"enemies":"Orb Walker","floor":36,"turns":1},{"damage":0,"enemies":"Sphere and 2 Shapes","floor":38,"turns":1},{"damage":15,"enemies":"R_Hoarder","floor":40,"turns":4},{"damage":96,"enemies":"Transient","floor":42,"turns":7},{"damage":0,"enemies":"Nemesis","floor":44,"turns":3},{"damage":10,"enemies":"Maw","floor":47,"turns":5},{"damage":0,"enemies":"4 Shapes","floor":48,"turns":2},{"damage":2,"enemies":"Replay:Hell Engine","floor":50,"turns":3},{"damage":2,"enemies":"Shield and Spear","floor":54,"turns":3},{"damage":53,"enemies":"The Heart","floor":55,"turns":5}],"seed_played":"6520229627515695592","potions_obtained":[{"floor":4,"key":"ZuzhouPotion:ReiMu"},{"floor":8,"key":"BlessingOfTheForge"},{"floor":12,"key":"GrandPatriotsElixir:ReiMu"},{"floor":16,"key":"SpeedPotion"},{"floor":18,"key":"champ:CounterPotion"},{"floor":24,"key":"Strength Potion"},{"floor":28,"key":"ColorlessPotion"},{"floor":38,"key":"Fire Potion"},{"floor":40,"key":"Explosive Potion"},{"floor":44,"key":"DistilledChaos"},{"floor":54,"key":"Adrenaline Potion"}],"is_trial":false,"path_per_floor":["M","?","$","M","?","E","R","E","T","R","M","E","?","M","R","B",null,"M","?","M","?","?","E","M","E","T","?","E","R","M","$","R","B",null,"M","M","$","M","?","E","R","M","T","E","?","?","M","M","R","B",null,"R","$","E","B",null],"character_chosen":"MARISA","items_purchased":["ShroomBag","MagicBroom","Anchor","MysteriousBeam","IllusionStar","ReplayTheSpireMod:ShopPack","BinaryStars","Bag of Preparation"],"campfire_rested":1,"item_purchase_floors":[3,31,31,31,31,37,53,53],"current_hp_per_floor":[75,75,75,75,75,75,75,67,67,67,67,63,63,65,65,50,75,73,73,63,63,63,60,53,34,34,34,25,25,5,5,28,41,81,81,81,81,81,81,75,75,32,32,49,39,39,57,70,70,79,81,81,81,81,35],"gold":38,"neow_bonus":"THREE_ENEMY_KILL","is_daily":false,"chose_seed":false,"campfire_upgraded":4,"win_rate":0.0,"timestamp":1609424154,"path_taken":["M","?","$","?","?","E","R","E","T","R","M","E","?","M","R","BOSS","M","?","?","?","?","E","?","E","T","?","E","R","?","$","R","BOSS","M","M","$","M","?","E","R","M","T","E","?","?","M","M","R","BOSS","R","$","E","BOSS"],"items_purchased_type":["Relic","Relic","Relic","Card","Card","Relic","Card","Relic"],"build_version":"2020-12-22","purchased_purges":5,"victory":true,"max_hp_per_floor":[75,75,75,75,75,75,75,75,75,75,75,75,75,75,75,75,75,75,75,75,75,75,77,77,77,77,77,77,77,77,77,77,77,81,81,81,81,81,81,81,81,81,81,81,81,81,81,81,81,81,81,81,81,81,81],"card_choices":[{"not_picked":["WitchOfGreed","MilkyWay"],"picked":"WitchLeyline","floor":1},{"not_picked":["NonDirectionalLaser","DC"],"picked":"GrandCross","floor":2},{"not_picked":["MilkyWay","GravityBeat"],"picked":"DragonMeteor","floor":2},{"not_picked":["MilkyWay","SporeBomb"],"picked":"MillisecondPulsars","floor":4},{"not_picked":["Acceleration","DeepEcoloBomb"],"picked":"AsteroidBelt","floor":6},{"not_picked":["DoubleSpark","StarlightTyphoon"],"picked":"EventHorizon","floor":8},{"not_picked":["AsteroidBelt","PowerUp"],"picked":"ShootTheMoon","floor":11},{"not_picked":["UnstableBomb","WitchLeyline"],"picked":"MysteriousBeam","floor":12},{"not_picked":["PowerUp","IllusionStar"],"picked":"JA","floor":14},{"not_picked":["SatelliteIllusion","BigCrunch"],"picked":"StarDustReverie","floor":16},{"not_picked":["RefractionSpark","6A+1"],"picked":"FairyDestructionRay+1","floor":18},{"not_picked":["GalacticHalo","PropBag+1"],"picked":"SprinkleStarSeal","floor":20},{"not_picked":["ShootingEcho","OrrerysSun","DoubleSpark"],"picked":"Singing Bowl","floor":23},{"not_picked":["GravityBeat","PulseMagic"],"picked":"ChargingUp+1","floor":24},{"not_picked":["RefractionSpark+1","NonDirectionalLaser"],"picked":"EventHorizon","floor":25},{"not_picked":["Robbery","MachineGunSpark"],"picked":"CollectingQuirk","floor":28},{"not_picked":["EnergyRecoil","MeteoricShower+1"],"picked":"ManaRampage","floor":30},{"not_picked":["MillisecondPulsars","BinaryStars"],"picked":"BigCrunch","floor":33},{"not_picked":["Replay:Hysterical Blindness","animator:Curse_Nutcracker","Spreading Infection"],"picked":"Singing Bowl","floor":34},{"not_picked":["Doubt","animator:Curse_Dizziness"],"picked":"Parasite","floor":34},{"not_picked":["Guardian:Aged","Looming Evil","ReplayTheSpireMod:IOU"],"picked":"Singing Bowl","floor":34},{"not_picked":["Orbital","StarBarrage"],"picked":"AsteroidBelt","floor":35},{"not_picked":["MagicChant","ManaConvection+1"],"picked":"DragonMeteor+1","floor":36},{"not_picked":["Metamorphosis","Secret Technique"],"picked":"expansioncontent:Corrupt","floor":37},{"not_picked":["Discovery","Replay:SS_fish_1"],"picked":"expansioncontent:DashGenerateEvil","floor":37},{"not_picked":["ReplayTheSpireMod:Uncanny Aura","expansioncontent:SlimeTackle"],"picked":"expansioncontent:AwakenDeath","floor":37},{"not_picked":["UnstableBomb+1","ShootTheMoon+1"],"picked":"MysteriousBeam+1","floor":38},{"not_picked":["ChargeUpSpray","OortCloud"],"picked":"TreasureHunter","floor":40},{"not_picked":["DC+1","OrrerysSun"],"picked":"AlicesGift","floor":42},{"not_picked":["StarBarrage","MagicAbsorber+1"],"picked":"GrandCross","floor":44},{"not_picked":["ChargingUp+1","MagicAbsorber"],"picked":"SporeBomb+1","floor":47},{"not_picked":["GrandCross","DarkMatter"],"picked":"AlicesGift","floor":48},{"not_picked":["EnergyRecoil","BigCrunch"],"picked":"FairyDestructionRay","floor":54}],"player_experience":391953,"relics_obtained":[{"floor":2,"key":"Golden Egg"},{"floor":6,"key":"Singing Bowl"},{"floor":8,"key":"Replay:Baseball"},{"floor":9,"key":"ReplayTheSpireMod:Ninjato"},{"floor":12,"key":"ReplayTheSpireMod:TigerMarble"},{"floor":23,"key":"Replay:Rubber Ducky"},{"floor":23,"key":"Bottled Lightning"},{"floor":25,"key":"CeramicFish"},{"floor":25,"key":"Blood Vial"},{"floor":28,"key":"Smiling Mask"},{"floor":28,"key":"Bird Faced Urn"},{"floor":40,"key":"Pet Ghost"},{"floor":40,"key":"ReplayFunnel"},{"floor":43,"key":"Oddly Smooth Stone"},{"floor":44,"key":"Peace Pipe"},{"floor":44,"key":"Bag of Marbles"},{"floor":54,"key":"Mummified Hand"},{"floor":54,"key":"Shuriken"}],"event_choices":[{"damage_healed":0,"gold_gain":0,"player_choice":"带走神社","damage_taken":0,"relics_obtained":["YidongShenshe:ReiMu"],"max_hp_gain":0,"max_hp_loss":0,"event_name":"yidonshenshe","floor":5,"gold_loss":0,"cards_obtained":["Poor:ReiMu"]},{"damage_healed":0,"gold_gain":175,"player_choice":"AGREE","damage_taken":0,"max_hp_gain":0,"max_hp_loss":0,"event_name":"Liars Game","floor":13,"gold_loss":0,"cards_obtained":["Doubt"]},{"damage_healed":0,"gold_gain":0,"player_choice":"Upgraded","damage_taken":0,"max_hp_gain":0,"max_hp_loss":0,"event_name":"Upgrade Shrine","floor":19,"gold_loss":0,"cards_upgraded":["MysteriousBeam"]},{"cards_removed":["Poor:ReiMu"],"damage_healed":0,"gold_gain":0,"player_choice":"Elegance","damage_taken":0,"max_hp_gain":0,"max_hp_loss":0,"event_name":"Back to Basics","floor":21,"gold_loss":0},{"damage_healed":0,"gold_gain":0,"player_choice":"Rummage","damage_taken":0,"relics_obtained":["WarpedTongs"],"max_hp_gain":0,"max_hp_loss":0,"event_name":"Accursed Blacksmith","floor":22,"gold_loss":0,"cards_obtained":["Pain"]},{"damage_healed":0,"gold_gain":0,"player_choice":"Traded Relic","damage_taken":0,"relics_obtained":["Nloth\u0027s Gift"],"max_hp_gain":0,"max_hp_loss":0,"event_name":"N\u0027loth","floor":27,"relics_lost":["NeowsBlessing"],"gold_loss":0},{"damage_healed":0,"gold_gain":0,"player_choice":"Gave Potion","damage_taken":0,"relics_obtained":["Orichalcum"],"max_hp_gain":0,"max_hp_loss":0,"event_name":"WeMeetAgain","floor":39,"gold_loss":0},{"damage_healed":0,"gold_gain":0,"player_choice":"Embrace Madness","damage_taken":10,"max_hp_gain":0,"max_hp_loss":0,"event_name":"Winding Halls","floor":45,"gold_loss":0,"cards_obtained":["Madness","Madness"]},{"damage_healed":0,"gold_gain":0,"player_choice":"Ignored","damage_taken":0,"max_hp_gain":0,"max_hp_loss":0,"event_name":"Tomb of Lord Red Mask","floor":46,"gold_loss":0}],"is_beta":false,"boss_relics":[{"not_picked":["Replay:Grab Bag","Cursed Key"],"picked":"Black Star"},{"not_picked":["Astrolabe","Runic Dome"],"picked":"Replay:Ancient Bell"},{"not_picked":["Potion Belt","Centennial Puzzle"],"picked":"Juzu Bracelet"},{"not_picked":["Mercury Hourglass","White Beast Statue"],"picked":"ReplayTheSpireMod:Shallot"},{"not_picked":["Mango","CaptainsWheel"],"picked":"SproutingBranch"}],"items_purged_floors":[31,31,37,53,53],"is_endless":false,"potions_floor_spawned":[4,8,12,16,18,24,28,38,40,44,54],"ascension_level":0}}