{"host":"g1wmg2w41xhsnw8g","time":1609434504,"event":{"mods":["2.2 Compatiblity","Act Like it!","Aspiration","BaseMod","Better Altar","Better Match","Better Note","Better Sensory Stone","Better Skull","Better Third Choice","BetterRewards","Booster Modes","CapriCore","CatGirl Mod","ChefMod","Colored Map","Colored Powertips","Curses Come First","Defuse TimeMaze Blight","Displayed Cursed Tome","Evolution","Friendly Minions","GifTheSpireLib","Googly Eyes","Infinite Spire","Minty Spire (QoL Compilation)","Red Circlet Mod","Relic Sorter","SCP261 Mod","Shop Mod","Spicy Shops","StSLib","The Sage","Transform Curses","Wandering Minibosses","????"],"gold_per_floor":[115,134,144,157,157,177,177,212,266,266,342,109,144,244,244,347,347,366,366,358,358,358,358,358],"floor_reached":23,"playtime":2213,"items_purged":[],"score":234,"play_id":"80c5ad9b-0034-439e-85e7-9f71cae54132","local_time":"20201231120824","is_ascension_mode":true,"campfire_choices":[{"data":"theCatGirl:BloodBath","floor":7,"key":"SMITH"},{"floor":15,"key":"REST"}],"circlet_count":0,"master_deck":["theCatGirl:PlayAround","theCatGirl:PlayAround","theCatGirl:PlayAround","theCatGirl:PlayAround","theCatGirl:ClenchYourTeeth","theCatGirl:ClenchYourTeeth","theCatGirl:ClenchYourTeeth","theCatGirl:PlayAround","theCatGirl:Evasion","theCatGirl:SearchBackpack","theCatGirl:BloodBath+1","theCatGirl:NeverGivingUp","infinitespire:SevenWalls","theCatGirl:HungerClaw","CurseOfTheBell","theCatGirl:LuckyBlow+1"],"relics":["EVO:Axolotl","PreservedInsect","Pantograph","MerchantsRug","Juzu Bracelet","Boot","sagemod:Creepy_Carousel","CeramicFish","Singing Bowl","Turnip","Nloth\u0027s Gift"],"acts_visited":["TheCity"],"potions_floor_usage":[8,16,20,23,23,23],"damage_taken":[{"damage":5,"enemies":"2 Louse","floor":1,"turns":2},{"damage":0,"enemies":"Small Slimes","floor":2,"turns":3},{"damage":3,"enemies":"Jaw Worm","floor":3,"turns":6},{"damage":6,"enemies":"Exordium Thugs","floor":4,"turns":4},{"damage":3,"enemies":"3 Louse","floor":6,"turns":3},{"damage":9,"enemies":"3 Sentries","floor":8,"turns":6},{"damage":27,"enemies":"Gremlin Nob","floor":13,"turns":4},{"damage":25,"enemies":"Hexaghost","floor":16,"turns":13},{"damage":12,"enemies":"Chosen","floor":18,"turns":8},{"damage":40,"enemies":"2 Thieves","floor":20,"turns":7},{"damage":24,"enemies":"Gremlin Leader","floor":23,"turns":4}],"seed_played":"1248308321583710887","potions_obtained":[{"floor":1,"key":"Block Potion"},{"floor":4,"key":"SCP261:ClockworkPotion"},{"floor":13,"key":"Explosive Potion"},{"floor":18,"key":"PowerPotion"},{"floor":21,"key":"Block Potion"},{"floor":21,"key":"SCP261:DewritoBlazePotion"},{"floor":21,"key":"SCP261:GirlTearsPotion"}],"is_trial":false,"path_per_floor":["M","M","M","M","?","M","R","E","T","?","T","R","E","?","R","B",null,"M","?","M","?","?","E"],"character_chosen":"THE_CATGIRL","items_purchased":["MerchantsRug","Juzu Bracelet","Boot"],"campfire_rested":1,"item_purchase_floors":[12,12,12],"current_hp_per_floor":[67,67,64,58,58,55,55,46,46,28,28,28,1,1,22,22,72,62,62,22,22,22,0,0],"gold":358,"neow_bonus":"BOSS_RELIC","is_daily":false,"chose_seed":false,"campfire_upgraded":1,"win_rate":0.0,"timestamp":1609434504,"path_taken":["M","M","M","M","?","M","R","E","T","?","?","R","E","?","R","BOSS","M","?","M","?","?","E"],"items_purchased_type":["Relic","Relic","Relic"],"build_version":"2020-12-22","purchased_purges":0,"victory":false,"max_hp_per_floor":[72,72,72,72,72,72,72,72,72,72,72,72,72,72,72,72,72,74,74,74,74,74,74,74],"card_choices":[{"not_picked":["theCatGirl:AllIn","theCatGirl:SmellFear","theCatGirl:BodyBlow"],"picked":"SKIP","floor":1},{"not_picked":["theCatGirl:FocusedStrike","theCatGirl:Stalk"],"picked":"theCatGirl:SearchBackpack","floor":2},{"not_picked":["theCatGirl:Slip","theCatGirl:Stalk","theCatGirl:LostTrinket"],"picked":"SKIP","floor":3},{"not_picked":["theCatGirl:RecoveryBlow","theCatGirl:ClenchYourTeeth","theCatGirl:Misfire"],"picked":"SKIP","floor":4},{"not_picked":["theCatGirl:KeepAlert","theCatGirl:ThatWasntIt"],"picked":"theCatGirl:BloodBath","floor":6},{"not_picked":["theCatGirl:ShockedWitness","theCatGirl:AllIn"],"picked":"theCatGirl:NeverGivingUp","floor":8},{"not_picked":["infinitespire:SealOfDarkness+","infinitespire:Fortify"],"picked":"infinitespire:SevenWalls","floor":10},{"not_picked":["theCatGirl:TryingMyBest","theCatGirl:ComboAttack","theCatGirl:SearchBackpack"],"picked":"SKIP","floor":13},{"not_picked":["theCatGirl:PoiseStance","theCatGirl:LearnThePattern"],"picked":"theCatGirl:HungerClaw","floor":16},{"not_picked":["theCatGirl:ShockedWitness","theCatGirl:RageClaws","theCatGirl:SearchBackpack"],"picked":"Singing Bowl","floor":18},{"not_picked":["theCatGirl:ClenchYourTeeth","theCatGirl:TripLunge+1"],"picked":"theCatGirl:LuckyBlow+1","floor":20}],"player_experience":975551,"relics_obtained":[{"floor":8,"key":"Dead Branch"},{"floor":9,"key":"PreservedInsect"},{"floor":11,"key":"Pantograph"},{"floor":13,"key":"sagemod:Creepy_Carousel"},{"floor":17,"key":"CeramicFish"},{"floor":17,"key":"Singing Bowl"},{"floor":17,"key":"Turnip"}],"event_choices":[{"damage_healed":0,"gold_gain":100,"player_choice":"Pray","damage_taken":0,"max_hp_gain":0,"max_hp_loss":0,"event_name":"Golden Shrine","floor":14,"gold_loss":0},{"cards_removed":["theCatGirl:ClenchYourTeeth"],"damage_healed":0,"gold_gain":0,"player_choice":"Purged","damage_taken":0,"max_hp_gain":0,"max_hp_loss":0,"event_name":"Purifier","floor":19,"gold_loss":0},{"damage_healed":0,"gold_gain":0,"player_choice":"Got Potions","damage_taken":0,"max_hp_gain":0,"max_hp_loss":0,"event_name":"Lab","floor":21,"gold_loss":0},{"damage_healed":0,"gold_gain":0,"player_choice":"Traded Relic","damage_taken":0,"relics_obtained":["Nloth\u0027s Gift"],"max_hp_gain":0,"max_hp_loss":0,"event_name":"N\u0027loth","floor":22,"relics_lost":["Calling Bell"],"gold_loss":0}],"is_beta":false,"boss_relics":[{"not_picked":["aspiration:FutureDiary","Coffee Dripper"],"picked":"Calling Bell"}],"items_purged_floors":[],"is_endless":false,"potions_floor_spawned":[1,4,13,18],"killed_by":"Gremlin Leader","ascension_level":1}}