{"host":"0rxdudjy6rylha1k","time":1609432255,"event":{"mods":["Aspiration","BaseMod","Colored Map","Colored Powertips","Downfall","Highlight Path","Hubris","Minty Spire (QoL Compilation)","StSLib"],"gold_per_floor":[118,94,107,32,44,44,75,75,75,89,89,104,104,121,121,198,198,215,231,231,243,158,158,172,172,172,188,188,113,127,138,138,138,138],"floor_reached":33,"playtime":3822,"items_purged":["Writhe"],"score":552,"play_id":"933b8193-e29f-4456-ab25-a6bb5a5532f6","local_time":"20201231093055","is_ascension_mode":true,"campfire_choices":[{"data":"Armaments","floor":6.0,"key":"SMITH"},{"floor":11.0,"key":"REST"},{"data":"Heavy Blade","floor":15.0,"key":"SMITH"},{"data":"Limit Break","floor":23,"key":"SMITH"},{"floor":25,"key":"REST"},{"floor":32,"key":"REST"}],"circlet_count":0,"master_deck":["AscendersBane","Strike_R","Strike_R","Strike_R","Strike_R","Strike_R","Defend_R","Defend_R","Defend_R","Defend_R","Bash","Armaments+1","Heavy Blade+1","Clothesline","Shrug It Off","Metallicize","Twin Strike","Limit Break+1","True Grit","True Grit","Shrug It Off","Shrug It Off","Cleave+1","Twin Strike"],"relics":["Burning Blood","Vajra","Pantograph","hubris:Icosahedron","Sundial","Mark of Pain","hubris:Towel","aspiration:HummingbirdHeart","Toxic Egg 2","Champion Belt"],"acts_visited":["Exordium","TheCity"],"potions_floor_usage":[16,19,21,21,30],"damage_taken":[{"damage":11.0,"enemies":"Cultist","floor":1.0,"turns":4.0},{"damage":1.0,"enemies":"Small Slimes","floor":3.0,"turns":4.0},{"damage":5.0,"enemies":"2 Louse","floor":5.0,"turns":3.0},{"damage":35.0,"enemies":"Gremlin Nob","floor":7.0,"turns":5.0},{"damage":34.0,"enemies":"Exordium Thugs","floor":10.0,"turns":5.0},{"damage":7.0,"enemies":"3 Louse","floor":12.0,"turns":2.0},{"damage":0.0,"enemies":"Large Slime","floor":14.0,"turns":3.0},{"damage":21,"enemies":"Hexaghost","floor":16,"turns":6},{"damage":14,"enemies":"Chosen","floor":18,"turns":5},{"damage":26,"enemies":"3 Byrds","floor":19,"turns":6},{"damage":0,"enemies":"Centurion and Healer","floor":21,"turns":6},{"damage":35,"enemies":"3 Cultists","floor":24,"turns":7},{"damage":17,"enemies":"Sentry and Sphere","floor":27,"turns":9},{"damage":7,"enemies":"Centurion and Healer","floor":30,"turns":7},{"damage":21,"enemies":"Snake Plant","floor":31,"turns":4},{"damage":98,"enemies":"Collector","floor":33,"turns":6}],"seed_played":"4906163890876286935","potions_obtained":[{"floor":5.0,"key":"Fire Potion"},{"floor":10.0,"key":"Slimebound:ThreeZeroPotion"},{"floor":12.0,"key":"PowerPotion"},{"floor":16,"key":"Ancient Potion"},{"floor":18,"key":"Fruit Juice"},{"floor":19,"key":"Dexterity Potion"},{"floor":27,"key":"Swift Potion"}],"is_trial":false,"path_per_floor":["M","$","M","$","M","R","E","?","T","M","R","M","?","M","R","B",null,"M","M","?","M","?","R","M","R","T","M","?","$","M","M","R","B"],"character_chosen":"IRONCLAD","items_purchased":["Armaments","Clothesline","Shrug It Off"],"campfire_rested":3,"item_purchase_floors":[2,4,4],"current_hp_per_floor":[63,63,68,68,69,69,40,40,40,12,34,33,75,75,75,60,71,63,48,48,54,54,54,25,49,49,38,38,38,37,22,46,0,0],"gold":138,"neow_bonus":"RANDOM_COMMON_RELIC","is_daily":false,"chose_seed":false,"campfire_upgraded":3,"win_rate":0.0,"timestamp":1609432255,"path_taken":["M","$","?","$","M","R","E","?","T","M","R","M","?","M","R","BOSS","M","?","?","M","?","R","M","R","T","M","?","$","?","M","R","BOSS"],"items_purchased_type":["Card","Card","Card"],"build_version":"2020-12-22","purchased_purges":1,"victory":false,"max_hp_per_floor":[75,75,75,75,75,75,75,75,75,75,75,75,75,75,75,75,75,75,80,80,80,80,80,80,80,80,80,80,80,80,80,80,80,80],"card_choices":[{"not_picked":["Havoc","True Grit"],"picked":"Fire Breathing","floor":1.0},{"not_picked":["Armaments","Perfected Strike"],"picked":"Heavy Blade","floor":3.0},{"not_picked":["Dark Embrace","Warcry"],"picked":"Metallicize","floor":5.0},{"not_picked":["Fiend Fire","Blood for Blood","Dropkick"],"picked":"SKIP","floor":7.0},{"not_picked":["Wild Strike","Anger"],"picked":"Twin Strike","floor":10.0},{"not_picked":["Battle Trance","hubris:ReadiedAction","Rupture"],"picked":"SKIP","floor":12.0},{"not_picked":["Dual Wield","Entrench","Rupture"],"picked":"SKIP","floor":14.0},{"not_picked":["Double Tap","Brutality"],"picked":"Limit Break","floor":16},{"not_picked":["Feel No Pain+1","Body Slam+1"],"picked":"True Grit","floor":18},{"not_picked":["hubris:ReadiedAction","Uppercut"],"picked":"True Grit","floor":19},{"not_picked":["Thunderclap","Headbutt"],"picked":"Shrug It Off","floor":21},{"not_picked":["Wild Strike","Clothesline"],"picked":"Shrug It Off","floor":24},{"not_picked":["Armaments+1","Dark Embrace+1"],"picked":"Cleave+1","floor":27},{"not_picked":["Warcry+1","Rupture"],"picked":"Twin Strike","floor":30},{"not_picked":["hubris:ReadiedAction+1","Infernal Blade+1","Armaments+1"],"picked":"SKIP","floor":31}],"player_experience":2422449,"relics_obtained":[{"floor":7.0,"key":"Pantograph"},{"floor":9.0,"key":"Sundial"},{"floor":26,"key":"Toxic Egg 2"}],"event_choices":[{"cards_removed":["Fire Breathing"],"damage_healed":42.0,"max_hp_gain":0.0,"max_hp_loss":0.0,"gold_gain":0.0,"event_name":"Bonfire Elementals","player_choice":"Offered Uncommon","floor":13.0,"gold_loss":0.0,"damage_taken":0.0},{"damage_healed":0,"gold_gain":0,"player_choice":"Obtained Relic","damage_taken":0,"relics_obtained":["aspiration:HummingbirdHeart"],"max_hp_gain":0,"max_hp_loss":0,"event_name":"Addict","floor":22,"gold_loss":85},{"damage_healed":0,"gold_gain":0,"player_choice":"Opened","damage_taken":0,"relics_obtained":["Champion Belt"],"max_hp_gain":0,"max_hp_loss":0,"event_name":"The Mausoleum","floor":28,"gold_loss":0,"cards_obtained":["Writhe"]}],"is_beta":false,"boss_relics":[{"not_picked":["Pandora\u0027s Box","aspiration:RunicSpoon"],"picked":"Mark of Pain"}],"items_purged_floors":[29],"is_endless":false,"potions_floor_spawned":[5,10,12,16,18,19,27],"killed_by":"Collector","ascension_level":20}}