{"host":"3as3fywb220oerv2","time":1609417142,"event":{"mods":["AchievementEnabler","Act Like it!","BaseMod","Highlight Path","Koishi","Minty Spire (QoL Compilation)","StSLib"],"gold_per_floor":[115,115,128,128,128,128,164,180,180,180,180,194,207,231,231,231,231],"floor_reached":16,"playtime":661,"items_purged":[],"score":127,"play_id":"36922b10-7a1b-4933-88ec-3f3e079a3428","local_time":"20201231211902","is_ascension_mode":false,"campfire_choices":[{"data":"Koishi:FourthEye","floor":6,"key":"SMITH"},{"floor":10,"key":"REST"},{"data":"Koishi:HeartStoppingHorror","floor":15,"key":"SMITH"}],"circlet_count":0,"master_deck":["Koishi:BasicStrike","Koishi:BasicStrike","Koishi:BasicStrike","Koishi:BasicStrike","Koishi:BasicDefend","Koishi:BasicDefend","Koishi:BasicDefend","Koishi:BasicDefend","Koishi:Provoke","Koishi:HauntingSlash","Koishi:FourthEye+1","Koishi:UnseenTerror","Pain","Koishi:SubterraneanRose","Koishi:PredatoryInstincts","Koishi:FreudianInstinct","Koishi:HeartStoppingHorror+1","Koishi:RacingHeart"],"relics":["Koishi:ImaginaryFriend","NeowsBlessing","Golden Idol","WarpedTongs","Torii","HornCleat","Frozen Eye"],"acts_visited":["Exordium"],"potions_floor_usage":[16,16],"damage_taken":[{"damage":0,"enemies":"Jaw Worm","floor":1,"turns":1},{"damage":0,"enemies":"Small Slimes","floor":3,"turns":1},{"damage":0,"enemies":"Gremlin Nob","floor":7,"turns":1},{"damage":7,"enemies":"Cultist","floor":8,"turns":5},{"damage":13,"enemies":"Looter","floor":12,"turns":4},{"damage":8,"enemies":"Lots of Slimes","floor":13,"turns":5},{"damage":6,"enemies":"Red Slaver","floor":14,"turns":4},{"damage":62,"enemies":"Slime Boss","floor":16,"turns":11}],"seed_played":"6476756772739639601","potions_obtained":[{"floor":8,"key":"Energy Potion"},{"floor":14,"key":"Dexterity Potion"}],"is_trial":false,"path_per_floor":["M","?","M","?","?","R","E","M","T","R","?","M","M","M","R","B"],"character_chosen":"KOISHI","items_purchased":[],"campfire_rested":1,"item_purchase_floors":[],"current_hp_per_floor":[60,60,60,45,45,45,45,39,39,57,57,51,59,59,59,0,0],"gold":231,"neow_bonus":"THREE_ENEMY_KILL","is_daily":false,"chose_seed":false,"campfire_upgraded":2,"win_rate":0.0,"timestamp":1609417142,"path_taken":["M","?","M","?","?","R","E","?","T","R","?","M","M","M","R","BOSS"],"items_purchased_type":[],"build_version":"2020-12-22","purchased_purges":0,"victory":false,"max_hp_per_floor":[60,60,60,60,60,60,60,60,60,60,60,60,60,60,60,60,60],"card_choices":[{"not_picked":["Koishi:BloodcurdlingScream","Koishi:PhantomBarrier"],"picked":"Koishi:FourthEye","floor":1},{"not_picked":["Koishi:Prune","Koishi:FleetingPhantom"],"picked":"Koishi:UnseenTerror","floor":3},{"not_picked":["Koishi:FleetingPhantom","Koishi:UnansweredLove"],"picked":"Koishi:SubterraneanRose","floor":7},{"not_picked":["Koishi:FleetingPhantom","Koishi:RacingHeart"],"picked":"Koishi:PredatoryInstincts","floor":8},{"not_picked":["Koishi:UnansweredLove","Koishi:BramblyRoseGarden"],"picked":"Koishi:FreudianInstinct","floor":12},{"not_picked":["Koishi:SubconsciousSweep","Koishi:Bloodlust"],"picked":"Koishi:HeartStoppingHorror","floor":13},{"not_picked":["Koishi:JumpScare","Koishi:BramblyRoseGarden"],"picked":"Koishi:RacingHeart","floor":14}],"player_experience":255578,"relics_obtained":[{"floor":7,"key":"Torii"},{"floor":9,"key":"HornCleat"}],"event_choices":[{"damage_healed":0,"gold_gain":0,"player_choice":"Ignored","damage_taken":0,"max_hp_gain":0,"max_hp_loss":0,"event_name":"Golden Wing","floor":2,"gold_loss":0},{"damage_healed":0,"gold_gain":0,"player_choice":"Take Damage","damage_taken":15,"relics_obtained":["Golden Idol"],"max_hp_gain":0,"max_hp_loss":0,"event_name":"Golden Idol","floor":4,"gold_loss":0},{"damage_healed":0,"gold_gain":0,"player_choice":"Rummage","damage_taken":0,"relics_obtained":["WarpedTongs"],"max_hp_gain":0,"max_hp_loss":0,"event_name":"Accursed Blacksmith","floor":5,"gold_loss":0,"cards_obtained":["Pain"]},{"damage_healed":0,"gold_gain":0,"player_choice":"Ignored","damage_taken":0,"max_hp_gain":0,"max_hp_loss":0,"event_name":"NoteForYourself","floor":11,"gold_loss":0}],"is_beta":false,"boss_relics":[],"items_purged_floors":[],"is_endless":false,"potions_floor_spawned":[8,14],"killed_by":"Slime Boss","ascension_level":0}}