{"host":"ne0yiqbtx1vmhgo0","time":1609392067,"event":{"mods":["BaseMod","Minty Spire (QoL Compilation)","Replay The Spire","Shop Mod","StSLib","The Bug Knight","The Cursed","The Runesmith","The Servant 0.9.4","UnlockEverythingMod"],"gold_per_floor":[113,131,131,56,66,66,100,100,100,127,60,71,82,82,82,181,181,192,255,255,255,267,267,299,313,313,313,313],"floor_reached":27,"playtime":1684,"items_purged":["Strike_B"],"score":291,"play_id":"d8761939-674a-4b2b-b635-e14daf5e7628","local_time":"20201231132107","is_ascension_mode":false,"campfire_choices":[{"data":"Loop","floor":6,"key":"SMITH"},{"data":"Storm","floor":8,"key":"SMITH"},{"data":"Redo","floor":15,"key":"SMITH"},{"data":"Loop","floor":23,"key":"SMITH"}],"circlet_count":0,"master_deck":["Strike_B","Strike_B","Defend_B","Defend_B","Defend_B","Defend_B","Dualcast","Redo+1","Loop+1","Storm+1","Time Bomb+1","Panic Button+1","Auto Shields+1","Capacitor","Consume+1","Static Discharge+1","Electrodynamics","Loop+1","Defragment","Reprogram+1","Chill+1","ReplayTheSpireMod:GoodbyeWorld","Coolheaded+1"],"relics":["Cracked Core","FaceOfCleric","Toxic Egg 2","Boot","ReplayTheSpireMod:TigerMarble","Inserter","Eternal Feather","DataDisk","Carrot"],"acts_visited":["Exordium","TheCity"],"potions_floor_usage":[10,10,16,25,27],"damage_taken":[{"damage":1,"enemies":"Cultist","floor":1,"turns":3},{"damage":1,"enemies":"2 Louse","floor":2,"turns":2},{"damage":13,"enemies":"Jaw Worm","floor":5,"turns":3},{"damage":12,"enemies":"Replay:BlueRogue","floor":7,"turns":6},{"damage":35,"enemies":"3 Sentries","floor":10,"turns":8},{"damage":0,"enemies":"Exordium Wildlife","floor":12,"turns":2},{"damage":2,"enemies":"Blue Slaver","floor":13,"turns":4},{"damage":11,"enemies":"The Guardian","floor":16,"turns":6},{"damage":5,"enemies":"Spheric Guardian","floor":18,"turns":4},{"damage":0,"enemies":"Chosen","floor":22,"turns":4},{"damage":45,"enemies":"Slavers","floor":24,"turns":5},{"damage":6,"enemies":"Centurion and Healer","floor":25,"turns":3},{"damage":18,"enemies":"3 Cultists","floor":27,"turns":3}],"seed_played":"19528525199662339","potions_obtained":[{"floor":1,"key":"Regen Potion"},{"floor":5,"key":"SkillPotion"},{"floor":10,"key":"Milkshake"},{"floor":13,"key":"Regen Potion"},{"floor":22,"key":"SkillPotion"},{"floor":24,"key":"ColorlessPotion"}],"is_trial":false,"path_per_floor":["M","M","?","$","M","R","E","R","T","E","$","M","M","?","R","B",null,"M","?","?","?","M","R","E","M","T","M"],"character_chosen":"DEFECT","items_purchased":["Auto Shields+1"],"campfire_rested":0,"item_purchase_floors":[11],"current_hp_per_floor":[81,80,80,80,68,68,57,57,57,38,38,39,38,38,38,40,88,84,49,49,49,50,62,18,13,13,0,0],"gold":313,"neow_bonus":"TEN_PERCENT_HP_BONUS","is_daily":false,"chose_seed":false,"campfire_upgraded":4,"win_rate":0.0,"timestamp":1609392067,"path_taken":["M","?","?","$","M","R","E","R","T","E","$","?","M","?","R","BOSS","M","?","?","?","M","R","E","?","T","M"],"items_purchased_type":["Card"],"build_version":"2020-12-22","purchased_purges":1,"victory":false,"max_hp_per_floor":[82,82,82,82,83,83,84,84,84,85,85,86,87,87,87,88,88,89,89,89,89,90,90,91,92,92,92,92],"card_choices":[{"not_picked":["Hologram","Undo"],"picked":"Redo","floor":1},{"not_picked":["Cold Snap","Steam"],"picked":"Loop","floor":2},{"not_picked":["Redo","Static Discharge"],"picked":"Storm","floor":5},{"not_picked":["Undo+1","ReplaySolidLightProjector+1"],"picked":"Time Bomb+1","floor":7},{"not_picked":["Compile Driver","Sweeping Beam"],"picked":"Panic Button+1","floor":10},{"not_picked":["Compile Driver","Go for the Eyes"],"picked":"Capacitor","floor":12},{"not_picked":["Steam Power+1","Turbo+1"],"picked":"Consume+1","floor":13},{"not_picked":["Reboot+1","Mirror Shield+1"],"picked":"Electrodynamics","floor":16},{"not_picked":["Streamline","Compile Driver+1"],"picked":"Loop","floor":18},{"not_picked":["Gash","Aggregate+1"],"picked":"Chill+1","floor":22},{"not_picked":["Loop+1","Melter"],"picked":"ReplayTheSpireMod:GoodbyeWorld","floor":24},{"not_picked":["Go for the Eyes","ReplayGash"],"picked":"Coolheaded+1","floor":25}],"player_experience":13264,"relics_obtained":[{"floor":7,"key":"Toxic Egg 2"},{"floor":9,"key":"Boot"},{"floor":10,"key":"ReplayTheSpireMod:TigerMarble"},{"floor":19,"key":"Eternal Feather"},{"floor":24,"key":"DataDisk"},{"floor":26,"key":"Carrot"}],"event_choices":[{"damage_healed":0,"gold_gain":0,"player_choice":"Trade","damage_taken":0,"relics_obtained":["FaceOfCleric"],"max_hp_gain":0,"max_hp_loss":0,"event_name":"FaceTrader","floor":3,"gold_loss":0},{"damage_healed":0,"gold_gain":0,"player_choice":"Read","damage_taken":0,"max_hp_gain":0,"max_hp_loss":0,"event_name":"The Library","floor":20,"gold_loss":0,"cards_obtained":["Defragment"]},{"damage_healed":0,"gold_gain":0,"cards_transformed":["Strike_B"],"player_choice":"Transformed","damage_taken":0,"max_hp_gain":0,"max_hp_loss":0,"event_name":"Transmorgrifier","floor":21,"gold_loss":0,"cards_obtained":["Reprogram"]}],"is_beta":false,"boss_relics":[{"not_picked":["Snecko Eye","Painkiller Herb"],"picked":"Inserter"}],"items_purged_floors":[4],"is_endless":false,"potions_floor_spawned":[1,5,10,13,22,24],"killed_by":"3 Cultists","ascension_level":0}}