{"host":"873t0y8ybyo38pfq","time":1609437512,"event":{"mods":["BaseMod","Bestiary","Colored Map","Colored Powertips","Highlight Path","Minty Spire (QoL Compilation)","Quick Restart","RNG Fix","Rare Cards Sparkle","Relic Stats","StSLib"],"gold_per_floor":[110,110,110,124,140,175,175,203,203,223,233,233,10,36,36,108,108,87,12,12,12,26,26,26,26],"floor_reached":24,"playtime":441,"items_purged":[],"score":453,"play_id":"542c7b3e-b0f8-4997-bb6b-1bd0f5ab79e7","local_time":"20201231125832","is_ascension_mode":true,"campfire_choices":[{"data":"Zap","floor":7,"key":"SMITH"},{"floor":12,"key":"REST"},{"data":"Creative AI","floor":15,"key":"SMITH"},{"floor":23,"key":"REST"}],"circlet_count":0,"master_deck":["AscendersBane","Defend_B","Defend_B","Defend_B","Defend_B","Zap+1","Dualcast","Redo","Compile Driver","Ball Lightning","Chaos","Loop","Creative AI+1","Amplify","Cold Snap","Bite","Bite","Bite","Bite","Bite","Self Repair"],"relics":["Cracked Core","NeowsBlessing","Bronze Scales","Pantograph","Ornamental Fan","Sling","Singing Bowl","Busted Crown","Pen Nib"],"acts_visited":["Exordium","TheCity"],"potions_floor_usage":[14,14,18,23],"damage_taken":[{"damage":0.0,"enemies":"Cultist","floor":1.0,"turns":1.0},{"damage":0.0,"enemies":"Small Slimes","floor":4.0,"turns":1.0},{"damage":0.0,"enemies":"2 Louse","floor":5.0,"turns":1.0},{"damage":20.0,"enemies":"3 Sentries","floor":6.0,"turns":6.0},{"damage":32,"enemies":"Gremlin Nob","floor":8,"turns":4},{"damage":1,"enemies":"2 Fungi Beasts","floor":10,"turns":2},{"damage":1,"enemies":"Looter","floor":11,"turns":2},{"damage":3,"enemies":"3 Sentries","floor":14,"turns":4},{"damage":38,"enemies":"Slime Boss","floor":16,"turns":8},{"damage":34,"enemies":"2 Thieves","floor":18,"turns":4},{"damage":32,"enemies":"Shell Parasite","floor":22,"turns":6},{"damage":34,"enemies":"Slavers","floor":24,"turns":1}],"seed_played":"-150657759772831041","potions_obtained":[{"floor":4.0,"key":"DistilledChaos"},{"floor":5.0,"key":"FocusPotion"},{"floor":10,"key":"EssenceOfSteel"},{"floor":14,"key":"SteroidPotion"},{"floor":16,"key":"ColorlessPotion"},{"floor":22,"key":"Fruit Juice"}],"is_trial":false,"path_per_floor":["M","?","?","M","M","E","R","E","T","M","M","R","$","E","R","B",null,"M","?","?","?","M","R","E"],"character_chosen":"DEFECT","items_purchased":["Sling","Fire Potion"],"campfire_rested":2,"item_purchase_floors":[13,13],"current_hp_per_floor":[64,69,62,62,62,42,42,10,10,9,8,30,30,27,27,14,61,27,27,27,27,1,21,0,0],"gold":26,"neow_bonus":"THREE_ENEMY_KILL","is_daily":false,"chose_seed":false,"campfire_upgraded":2,"win_rate":0.0,"timestamp":1609437512,"path_taken":["M","?","?","?","M","E","R","E","T","M","M","R","$","E","R","BOSS","M","?","?","?","M","R","E"],"items_purchased_type":["Relic","Potion"],"build_version":"2020-12-22","purchased_purges":0,"victory":false,"max_hp_per_floor":[71,76,76,76,76,76,76,76,76,76,76,76,76,76,76,76,76,76,76,53,53,53,58,58,58],"relic_stats":{"Busted Crown":4,"Singing Bowl":0,"counters":[12,40],"Ornamental Fan":[0],"Bronze Scales":[63],"Pantograph":25,"Pen Nib":[0],"obtain_stats":[{"Busted Crown":17,"NeowsBlessing":0,"Singing Bowl":14,"Ornamental Fan":9,"Bronze Scales":6,"Pantograph":8,"Pen Nib":21,"Cracked Core":0,"Sling":13},{"Busted Crown":9,"NeowsBlessing":0,"Singing Bowl":8,"Ornamental Fan":5,"Bronze Scales":4,"Pantograph":5,"Pen Nib":10,"Cracked Core":0,"Sling":7},{"Busted Crown":29,"NeowsBlessing":0,"Singing Bowl":21,"Ornamental Fan":13,"Bronze Scales":9,"Pantograph":13,"Pen Nib":33,"Cracked Core":0,"Sling":17}]},"card_choices":[{"not_picked":["White Noise","Skim"],"picked":"Redo","floor":1.0},{"not_picked":["Sunder","Compile Driver","Go for the Eyes"],"picked":"SKIP","floor":4.0},{"not_picked":["Sunder","Go for the Eyes"],"picked":"Compile Driver","floor":4.0},{"not_picked":["Steam","Undo","Redo"],"picked":"SKIP","floor":5.0},{"not_picked":["Compile Driver","Cold Snap"],"picked":"Ball Lightning","floor":6},{"not_picked":["Hologram","Compile Driver"],"picked":"Chaos","floor":8},{"not_picked":["Go for the Eyes","Darkness"],"picked":"Loop","floor":10},{"not_picked":["Rebound","Streamline","FTL"],"picked":"SKIP","floor":11},{"not_picked":["Rip and Tear","Cold Snap"],"picked":"Creative AI","floor":14},{"not_picked":["Seek","Fission"],"picked":"Amplify","floor":16},{"not_picked":[],"picked":"Cold Snap","floor":18},{"not_picked":[],"picked":"Self Repair","floor":22}],"player_experience":1451960,"relics_obtained":[{"floor":6,"key":"Bronze Scales"},{"floor":8,"key":"Pantograph"},{"floor":9,"key":"Ornamental Fan"},{"floor":14,"key":"Singing Bowl"}],"event_choices":[{"damage_healed":0.0,"max_hp_gain":5.0,"max_hp_loss":0.0,"gold_gain":0.0,"event_name":"Big Fish","player_choice":"Donut","floor":2.0,"gold_loss":0.0,"damage_taken":0.0},{"cards_removed":["Strike_B"],"damage_healed":0.0,"max_hp_gain":0.0,"max_hp_loss":0.0,"gold_gain":0.0,"event_name":"Golden Wing","player_choice":"Card Removal","floor":3.0,"gold_loss":0.0,"damage_taken":7.0},{"cards_removed":["Strike_B"],"damage_healed":0,"gold_gain":0,"player_choice":"Gave Gold","damage_taken":0,"max_hp_gain":0,"max_hp_loss":0,"event_name":"Beggar","floor":19,"gold_loss":75},{"damage_healed":0,"gold_gain":0,"player_choice":"Became a vampire","damage_taken":0,"max_hp_gain":0,"max_hp_loss":23,"event_name":"Vampires","floor":20,"gold_loss":0,"cards_obtained":["Bite","Bite","Bite","Bite","Bite"]},{"damage_healed":0,"gold_gain":0,"player_choice":"Gave Potion","damage_taken":0,"relics_obtained":["Pen Nib"],"max_hp_gain":0,"max_hp_loss":0,"event_name":"WeMeetAgain","floor":21,"gold_loss":0}],"is_beta":false,"boss_relics":[{"not_picked":["Pandora\u0027s Box","Astrolabe"],"picked":"Busted Crown"}],"items_purged_floors":[],"is_endless":false,"potions_floor_spawned":[4,5,10,14,16,22],"killed_by":"Slavers","ascension_level":20}}