{"host":"j1eo1fqrqta44853","time":1609442121,"event":{"mods":["Act Like it!","BaseMod","CatGirl Mod","Custom Start","Downfall","Elementarium","Gensokyo","GungeonMod","HololiveMod","Hubris","Infinite Spire","Lobotomy","LobotomyExtend","Marisa????????","Minty Spire (QoL Compilation)","Pale of the Ancients","Rare Cards Sparkle","Replay The Spire","SIMod","Shedinja","StSLib","The Alterego","The Jungle","The Marked","The Mystic","The Runesmith","The Senshi","The Vixen","TheBandit","Waifu the Spire"],"gold_per_floor":[118,73,92,92,103,103,135,135,135,135,135,155,155,40,40,139,139,139,166,166,166,176,176,176,176],"floor_reached":24,"playtime":3447,"items_purged":[],"score":190,"play_id":"6e069397-08c1-44ea-966c-17631d57292d","local_time":"20201231131521","is_ascension_mode":false,"campfire_choices":[{"floor":6,"key":"RECALL"},{"floor":8,"key":"REST"},{"data":"alterego_mod:ChallengeComplete","floor":10,"key":"SMITH"},{"floor":13,"key":"REST"},{"data":"alterego_mod:Nekomimi","floor":15,"key":"SMITH"},{"floor":23,"key":"REST"}],"circlet_count":0,"master_deck":["alterego_mod:Strike","alterego_mod:Strike","alterego_mod:Strike","alterego_mod:Strike","alterego_mod:Defend","alterego_mod:Defend","alterego_mod:Defend","alterego_mod:Defend","alterego_mod:Impale","alterego_mod:BigMeatyClaws","alterego_mod:BrynhildrsRune","alterego_mod:ChallengeComplete+1","alterego_mod:Birthday","Injury","alterego_mod:Clones","Scorched","alterego_mod:Birthday","alterego_mod:Nekomimi+1","alterego_mod:Undulate","alterego_mod:Venus","alterego_mod:SideboobHour","Laetitia"],"relics":["alterego_mod:MasochisticConstitution","CogitoBucket","LetterFromLob","White Beast Statue","Replay:Baseball","DemoMod:Metronome","hubris:TinFlute","Blood Vial","Darkstone Periapt"],"acts_visited":["Gensokyo:Gensokyo","Gensokyo:Gensokyoer"],"potions_floor_usage":[7,12,16,24],"damage_taken":[{"damage":8,"enemies":"Gensokyo:2_Kodama","floor":1,"turns":6},{"damage":6,"enemies":"Gensokyo:3_Fairies","floor":3,"turns":8},{"damage":10,"enemies":"Gensokyo:Gryphon","floor":5,"turns":7},{"damage":73,"enemies":"Gensokyo:Aya","floor":7,"turns":23},{"damage":26,"enemies":"Gensokyo:2_Rabbits","floor":12,"turns":9},{"damage":142,"enemies":"Gensokyo:Reimu","floor":16,"turns":21},{"damage":54,"enemies":"Gensokyo:2_Gloops","floor":22,"turns":3},{"damage":60,"enemies":"Gensokyo:Tenshi","floor":24,"turns":5}],"seed_played":"-1027118260959359419","potions_obtained":[{"floor":1,"key":"AttackPotion"},{"floor":5,"key":"Guardian:BlockOnCardUsePotion"},{"floor":12,"key":"Venom Potion"},{"floor":16,"key":"champ:CounterPotion"},{"floor":22,"key":"champ:CounterPotion"}],"is_trial":false,"path_per_floor":["M","COS","M","?","M","R","E","R","T","R","?","M","R","$","R","B",null,"M","T","AVR","?","M","R","E"],"character_chosen":"The_Alterego","items_purchased":["alterego_mod:Nekomimi","alterego_mod:Undulate"],"campfire_rested":3,"item_purchase_floors":[14,14],"current_hp_per_floor":[63,63,58,58,65,65,27,49,49,49,35,35,57,57,57,76,76,76,76,76,70,21,42,0,0],"gold":176,"neow_bonus":"","is_daily":false,"chose_seed":false,"campfire_upgraded":2,"win_rate":0.0,"timestamp":1609442121,"path_taken":["M","COS","M","?","M","R","E","R","T","R","?","M","R","?","R","BOSS","M","?","AVR","?","M","R","E"],"items_purchased_type":["Card","Card"],"build_version":"2020-12-22","purchased_purges":0,"victory":false,"max_hp_per_floor":[71,71,72,72,73,73,74,74,74,74,74,75,75,75,75,76,76,76,76,76,70,71,71,71,71],"card_choices":[{"not_picked":["Wellcheers","OldLady"],"picked":"MHz","floor":1},{"not_picked":["alterego_mod:Cooking","alterego_mod:Bounce"],"picked":"alterego_mod:ChallengeComplete","floor":1},{"not_picked":["Yin","WallGazer"],"picked":"FairyFestival","floor":3},{"not_picked":["alterego_mod:Bunnysuit","alterego_mod:Clones"],"picked":"alterego_mod:Birthday","floor":3},{"not_picked":["alterego_mod:MagicResistance","alterego_mod:DeftHands"],"picked":"alterego_mod:Rip","floor":5},{"not_picked":["alterego_mod:Belts","alterego_mod:Antipathy"],"picked":"alterego_mod:Clones","floor":7},{"not_picked":["CrumblingArmor","UniverseFragment"],"picked":"Scorched","floor":12},{"not_picked":["alterego_mod:Bloomers","alterego_mod:DestructionOfProperty"],"picked":"alterego_mod:Birthday","floor":12},{"not_picked":["alterego_mod:RingBreak","alterego_mod:Antipathy"],"picked":"alterego_mod:Venus","floor":16},{"not_picked":["alterego_mod:SakuraPetals","alterego_mod:DeftHands"],"picked":"alterego_mod:SideboobHour","floor":22},{"not_picked":["CherryBlossoms","MeatLantern"],"picked":"Laetitia","floor":22}],"player_experience":1014416,"relics_obtained":[{"floor":1,"key":"LetterFromLob"},{"floor":7,"key":"DemoMod:Metronome"},{"floor":19,"key":"Blood Vial"}],"event_choices":[],"is_beta":false,"boss_relics":[{"not_picked":["Replay:Drink Me","Hololive_TopUpMoneyS","hubris:GrandSneckoEye"]}],"items_purged_floors":[],"is_endless":false,"potions_floor_spawned":[1,5,12,16,22],"killed_by":"Gensokyo:Tenshi","ascension_level":0}}