{"host":"64h6jdpsiwrne03s","time":1609407904,"event":{"mods":["Act Like it!","BaseMod","Bestiary","Colored Powertips","Gensokyo","KomeijiMod","Marisa£®ÏF”Í°°ƒß¿Ì…≥£©","Minty Spire (QoL Compilation)","Reimu£®≤©¿ˆ¡È√Œ£©","Remilia£®¿Ÿ√◊¿Ú—«£©","StSLib","The Servant 0.9.4","Youmu£®ªÍ∆«—˝√Œ£©"],"gold_per_floor":[117,132,145,32,32,32,12,27,27,310,322,355,367,367,367,465,465,478,478,123,123,141,170,31,56,91,103,115,141,170,207,219,328,340,368,173,173,187,187,187,27,38,38,70,234,262,272,300,300,300,300,300,3,35,35,35],"floor_reached":55,"playtime":3883,"items_purged":["Strike_Lin:ReiMu","Strike_Lin:ReiMu","Strike_Lin:ReiMu"],"score":1232,"play_id":"bb726b2f-8415-47e0-a7c0-89412e5a771e","local_time":"20201231174504","is_ascension_mode":true,"campfire_choices":[{"data":"ShadowOfCrow2:ReiMu","floor":6.0,"key":"SMITH"},{"data":"Determination:ReiMu","floor":15.0,"key":"SMITH"},{"data":"DependentForm:ReiMu","floor":27.0,"key":"SMITH"},{"floor":32.0,"key":"REST"},{"data":"KamiRite:ReiMu","floor":40.0,"key":"SMITH"},{"floor":49.0,"key":"RECALL"},{"data":"FantasyMoon:ReiMu","floor":52.0,"key":"SMITH"}],"circlet_count":0,"master_deck":["Strike_Lin:ReiMu","Defend_Lin:ReiMu","Defend_Lin:ReiMu","Defend_Lin:ReiMu","Defend_Lin:ReiMu","NB:ReiMu","Stagnation:ReiMu","RainPray2:ReiMu","ShadowOfCrow2:ReiMu+1","FantasyMoon:ReiMu+1","Determination:ReiMu+1","RainPray2:ReiMu","TightArray:ReiMu","DependentForm:ReiMu+1","OctopathBindingBorder2:ReiMu+1","OctopathBindingBorder2:ReiMu","DoubleButterfly:ReiMu+1","SpreadBorder2:ReiMu+1","SubAcupoint:ReiMu+1","WonderfulDomain:ReiMu+1","Authority:ReiMu","PrepareRite:ReiMu"],"relics":["FlyPower:ReiMu","NeowsBlessing","Salt:ReiMu","Bird Faced Urn","ScarletDevilRocket","Busted Crown","Meat on the Bone","Smiling Mask","Gambling Chip","MawBank","Pen Nib","Gensokyo:ConquerorOfFear","Boot","Molten Egg 2","CrownOfHeavens:ReiMu","Lantern","Unceasing Top","Gensokyo:DualWield","Centennial Puzzle","Ancient Tea Set","KaguraBell:ReiMu","Girya","Mastiff:ReiMu","Ice Cream","Bag of Marbles"],"acts_visited":["Gensokyo:Gensokyo","Gensokyo:Gensokyoer","Gensokyo:Gensokyoest","TheEnding"],"potions_floor_usage":[55,55,55],"damage_taken":[{"damage":0.0,"enemies":"Gensokyo:Gryphon","floor":1.0,"turns":1.0},{"damage":0.0,"enemies":"Gensokyo:Python","floor":2.0,"turns":1.0},{"damage":0.0,"enemies":"Gensokyo:2_Kodama","floor":3.0,"turns":1.0},{"damage":30.0,"enemies":"Gensokyo:LivingMonolith","floor":8.0,"turns":5.0},{"damage":3.0,"enemies":"Gensokyo:Mamizou","floor":10.0,"turns":11.0},{"damage":0.0,"enemies":"Gensokyo:VengefulSpirit","floor":11.0,"turns":2.0},{"damage":0.0,"enemies":"Gensokyo:Cirno","floor":12.0,"turns":4.0},{"damage":4.0,"enemies":"Gensokyo:CorruptedTreant","floor":13.0,"turns":2.0},{"damage":19.0,"enemies":"Gensokyo:Kokoro","floor":16.0,"turns":8.0},{"damage":7.0,"enemies":"Gensokyo:AngelMirror","floor":18.0,"turns":4.0},{"damage":8.0,"enemies":"Gensokyo:CosmicMonolith","floor":22.0,"turns":4.0},{"damage":20.0,"enemies":"Gensokyo:Reisen","floor":23.0,"turns":5.0},{"damage":10.0,"enemies":"Gensokyo:Koishi","floor":25.0,"turns":6.0},{"damage":14.0,"enemies":"Gensokyo:Mirror_and_Dog","floor":29.0,"turns":4.0},{"damage":11.0,"enemies":"Gensokyo:Slime_Group","floor":30.0,"turns":5.0},{"damage":5.0,"enemies":"Gensokyo:Reisen","floor":31.0,"turns":5.0},{"damage":31.0,"enemies":"Gensokyo:Kaguya","floor":33.0,"turns":10.0},{"damage":8.0,"enemies":"Gensokyo:3_Boulders","floor":35.0,"turns":3.0},{"damage":1.0,"enemies":"Gensokyo:AncientGuardian","floor":38.0,"turns":5.0},{"damage":0.0,"enemies":"Gensokyo:SeedOfUnknown","floor":42.0,"turns":5.0},{"damage":8.0,"enemies":"Gensokyo:Kasen","floor":44.0,"turns":5.0},{"damage":0.0,"enemies":"Gensokyo:AtlasGolem","floor":45.0,"turns":4.0},{"damage":1.0,"enemies":"Gensokyo:Doremy","floor":46.0,"turns":6.0},{"damage":1.0,"enemies":"Gensokyo:Dusk_and_Dawn","floor":47.0,"turns":4.0},{"damage":45.0,"enemies":"Gensokyo:Kasen","floor":48.0,"turns":6.0},{"damage":24.0,"enemies":"Gensokyo:Shinki","floor":50.0,"turns":9.0},{"damage":18.0,"enemies":"Shield and Spear","floor":54.0,"turns":4.0},{"damage":82,"enemies":"The Heart","floor":55,"turns":3}],"seed_played":"9017793589950739870","potions_obtained":[{"floor":2.0,"key":"PowerPotion"},{"floor":8.0,"key":"JyouchiReiPotion"},{"floor":12.0,"key":"Dexterity Potion"},{"floor":16.0,"key":"ZuzhouPotion:ReiMu"},{"floor":23.0,"key":"LiquidBronze"},{"floor":38.0,"key":"LiquidBronze"},{"floor":44.0,"key":"DuplicationPotion"},{"floor":54.0,"key":"Regen Potion"}],"is_trial":false,"path_per_floor":["M","M","M","$","?","R","COS","M","T","E","M","E","M","T","R","B",null,"M","?","$","?","M","E","COS","E","T","R","?","M","M","E","R","B",null,"M","$","?","M","?","R","COS","M","T","E","M","E","M","E","R","B",null,"R","$","E","B"],"character_chosen":"REIMU","items_purchased":["ShadowOfCrow2:ReiMu","Meat on the Bone","Lantern","Ice Cream"],"campfire_rested":1,"item_purchase_floors":[4,20,36,53],"current_hp_per_floor":[59,59,59,59,59,59,59,29,29,26,26,26,22,22,22,3,50,47,47,47,47,43,41,41,35,35,35,35,39,32,33,51,40,55,51,51,42,45,45,45,45,53,53,51,59,59,60,33,33,27,52,52,52,44,0,0],"gold":35,"neow_bonus":"THREE_ENEMY_KILL","is_daily":false,"chose_seed":false,"campfire_upgraded":5,"win_rate":0.0,"timestamp":1609407904,"path_taken":["M","?","M","$","?","R","COS","M","T","E","M","E","M","?","R","BOSS","M","?","$","?","M","E","COS","E","T","R","?","M","M","E","R","BOSS","M","?","?","M","?","R","COS","M","T","E","M","E","M","E","R","BOSS","R","$","E","BOSS"],"items_purchased_type":["Card","Relic","Relic","Relic"],"build_version":"2020-12-22","purchased_purges":3,"victory":false,"max_hp_per_floor":[65,65,65,65,65,65,65,65,65,65,65,65,65,65,65,65,65,65,65,65,60,60,60,60,60,60,60,60,60,60,60,60,60,60,60,60,60,60,60,60,60,60,60,60,60,60,60,60,60,60,60,60,60,60,60,60],"card_choices":[{"not_picked":["Crusade:ReiMu","SpiritualOutbreak2:ReiMu"],"picked":"RainPray2:ReiMu","floor":1.0},{"not_picked":["PassingAway:ReiMu","SpreadBorder2:ReiMu","CareerPray:ReiMu"],"picked":"SKIP","floor":2.0},{"not_picked":["SubcavityInstant:ReiMu","SpiritualOutbreak2:ReiMu","CareerPray:ReiMu"],"picked":"SKIP","floor":3.0},{"not_picked":["AlertArray:ReiMu","TakeOff:ReiMu"],"picked":"FantasyMoon:ReiMu","floor":8.0},{"not_picked":["ForcedLanding:ReiMu","CollectionFlower2:ReiMu"],"picked":"Determination:ReiMu","floor":10.0},{"not_picked":["AirManeuver:ReiMu","BarrageOfMoneybags:ReiMu","SafetyPray:ReiMu"],"picked":"SKIP","floor":11.0},{"not_picked":["Amulet:ReiMu","SpringWay:ReiMu"],"picked":"RainPray2:ReiMu","floor":12.0},{"not_picked":["AirStrike:ReiMu","OrbThrow:ReiMu"],"picked":"TightArray:ReiMu","floor":13.0},{"not_picked":["KamiRite:ReiMu","RunawayExorcism:ReiMu"],"picked":"DependentForm:ReiMu","floor":16.0},{"not_picked":[],"picked":"OctopathBindingBorder2:ReiMu+1","floor":18.0},{"not_picked":["SafetyPray:ReiMu"],"picked":"SKIP","floor":22.0},{"not_picked":["EmergencyTakeOff:ReiMu"],"picked":"SKIP","floor":23.0},{"not_picked":[],"picked":"DoubleButterfly:ReiMu+1","floor":25.0},{"not_picked":["CareerPray:ReiMu"],"picked":"SKIP","floor":29.0},{"not_picked":[],"picked":"SpreadBorder2:ReiMu+1","floor":30.0},{"not_picked":["SafetyPray:ReiMu"],"picked":"SKIP","floor":31.0},{"not_picked":[],"picked":"KamiRite:ReiMu","floor":33.0},{"not_picked":[],"picked":"SubAcupoint:ReiMu+1","floor":35.0},{"not_picked":[],"picked":"WonderfulDomain:ReiMu+1","floor":38.0},{"not_picked":["PayForSelf:ReiMu+1"],"picked":"SKIP","floor":42.0},{"not_picked":[],"picked":"Authority:ReiMu","floor":44.0},{"not_picked":["AirStrike:ReiMu+1"],"picked":"SKIP","floor":44.0},{"not_picked":["FantasyBorder:ReiMu"],"picked":"SKIP","floor":45.0},{"not_picked":["OctopathSalyBorderN:ReiMu+1"],"picked":"SKIP","floor":46.0},{"not_picked":["LearningPray:ReiMu"],"picked":"SKIP","floor":47.0},{"not_picked":["NineCharacters:ReiMu"],"picked":"SKIP","floor":48.0},{"not_picked":[],"picked":"PrepareRite:ReiMu","floor":54.0}],"player_experience":336834,"relics_obtained":[{"floor":10.0,"key":"Salt:ReiMu"},{"floor":12.0,"key":"Bird Faced Urn"},{"floor":14.0,"key":"ScarletDevilRocket"},{"floor":23.0,"key":"Gambling Chip"},{"floor":25.0,"key":"MawBank"},{"floor":26.0,"key":"Pen Nib"},{"floor":29.0,"key":"Gensokyo:ConquerorOfFear"},{"floor":31.0,"key":"Molten Egg 2"},{"floor":43.0,"key":"Centennial Puzzle"},{"floor":44.0,"key":"Ancient Tea Set"},{"floor":46.0,"key":"Girya"},{"floor":48.0,"key":"Mastiff:ReiMu"},{"floor":54.0,"key":"Bag of Marbles"}],"event_choices":[],"is_beta":false,"boss_relics":[{"not_picked":["Astrolabe","Runic Pyramid"],"picked":"Busted Crown"},{"not_picked":["Calling Bell","Coffee Dripper"],"picked":"CrownOfHeavens:ReiMu"}],"items_purged_floors":[4,20,36],"is_endless":false,"potions_floor_spawned":[2,8,12,16,18,23,25,38,44,54],"killed_by":"The Heart","ascension_level":8}}