{"host":"258i9hh742n85m0z","time":1609417672,"event":{"mods":["Act Like it!","Arknights The Spire","BaseMod","CapriCore","Friendly Minions","Gensokyo","HololiveMod","Minty Spire (QoL Compilation)","Quick Restart","Relic Stats","Replay The Spire","RumiaBox-露米娅的神秘盒子","StSLib"],"gold_per_floor":[80,98,98,117,137,137,163,1,1,1,11,45,45,55,55,126,126,142,42,60,60,60,87,99,134,215,229,229,562,562,578,578,653,653,669,669,687,699,244,244,278,296,347,353,353],"floor_reached":44,"playtime":2395,"items_purged":["Hololive_Defend","Hololive_CallKiryuuCoco"],"score":1795,"play_id":"31d3b2b2-4ce9-4362-91d2-1f046cdcb0f0","local_time":"20201231202752","is_ascension_mode":true,"campfire_choices":[{"data":"Hololive_CallDoris","floor":6,"key":"SMITH"},{"data":"Hololive_CallAmaneKanata","floor":10,"key":"SMITH"},{"data":"Hololive_CallHoshimachiSuisei","floor":13,"key":"SMITH"},{"data":"Hololive_CallFriendA","floor":15,"key":"SMITH"},{"data":"Hololive_DDD","floor":28,"key":"SMITH"},{"data":"Ghostly","floor":30,"key":"SMITH"},{"data":"Ghostly","floor":32,"key":"SMITH"},{"data":"Apotheosis","floor":40,"key":"SMITH"}],"circlet_count":0,"master_deck":["AscendersBane","Hololive_CallCivia","Hololive_CallAmaneKanata+1","Hololive_CallUruhaRushia","Hololive_CallKiryuuCoco","Hololive_CallDoris+1","Hololive_CallTokinoSora","Hololive_CallShirakamiFubuki","Hololive_CallYuzukiChoco","Hololive_CallHimemoriLuna","Hololive_CallYukihanaLamy","Hololive_CallHoshimachiSuisei+1","Hololive_CallFriendA+1","Hololive_DDD+1","Hololive_CallNakiriAyame","Hololive_CallUsadaPekora","Hololive_CallYozoraMel+1","Ghostly+1","Ghostly+1","Ghostly","Hololive_CallMinatoAqua","Hololive_CallOkamiMio","Hololive_CallMomosuzuNene+3","Hololive_DurableLive","Hololive_CallSakuraMiko","Hololive_StrengthChampion+1","Apotheosis+1","Hololive_DDD+1"],"relics":["Hololive_TheStar","ats:Originium","Thread and Needle","Singing Bowl","Replay:Bottled Steam","Pandora\u0027s Box","ReplayTheSpireMod:TigerMarble","Replay:Wax Seal","GodSword5","Old Coin","SoulBox","InkBottle","Golden Egg","Hololive_FriedShrimpLion"],"acts_visited":["Exordium","TheCity","TheBeyond"],"potions_floor_usage":[25,33,44],"damage_taken":[{"damage":0,"enemies":"2 Louse","floor":1,"turns":3},{"damage":0,"enemies":"Cultist","floor":2,"turns":3},{"damage":5,"enemies":"Small Slimes","floor":4,"turns":5},{"damage":0,"enemies":"Blue Slaver","floor":5,"turns":4},{"damage":3,"enemies":"Replay:BlueRogue","floor":7,"turns":3},{"damage":0,"enemies":"Gremlin Gang","floor":11,"turns":3},{"damage":0,"enemies":"3 Sentries","floor":12,"turns":4},{"damage":0,"enemies":"Exordium Thugs","floor":14,"turns":3},{"damage":0,"enemies":"The Guardian","floor":16,"turns":5},{"damage":0,"enemies":"Spheric Guardian","floor":18,"turns":4},{"damage":0,"enemies":"Chosen","floor":20,"turns":3},{"damage":0,"enemies":"Book of Stabbing","floor":23,"turns":5},{"damage":0,"enemies":"Snecko","floor":24,"turns":3},{"damage":0,"enemies":"Slavers","floor":25,"turns":5},{"damage":0,"enemies":"Centurion and Healer","floor":27,"turns":5},{"damage":0,"enemies":"Replay:Snechameleon","floor":29,"turns":5},{"damage":0,"enemies":"Sentry and Sphere","floor":31,"turns":5},{"damage":0,"enemies":"Collector","floor":33,"turns":9},{"damage":0,"enemies":"3 Darklings","floor":35,"turns":6},{"damage":0,"enemies":"Orb Walker","floor":37,"turns":4},{"damage":0,"enemies":"Maw","floor":38,"turns":7},{"damage":0,"enemies":"Nemesis","floor":41,"turns":6},{"damage":0,"enemies":"3 Darklings","floor":42,"turns":6},{"damage":38,"enemies":"4 Shapes","floor":44,"turns":6}],"seed_played":"-7319604441171160525","potions_obtained":[{"floor":2,"key":"SpeedPotion"},{"floor":7,"key":"Explosive Potion"},{"floor":16,"key":"SkillPotion"},{"floor":23,"key":"DistilledChaos"},{"floor":29,"key":"AttackPotion"},{"floor":35,"key":"LiquidBronze"},{"floor":38,"key":"Adrenaline Potion"}],"is_trial":true,"path_per_floor":["M","M","?","M","M","R","E","$","T","R","M","E","R","M","R","B",null,"M","$","M","?","?","E","M","E","T","M","R","E","R","M","R","B",null,"M","?","M","M","$","R","E","M","T","M"],"character_chosen":"Hololive_HololiveCharacter","items_purchased":["Hololive_CallHimemoriLuna","Apotheosis","InkBottle"],"campfire_rested":0,"item_purchase_floors":[8,39,39],"current_hp_per_floor":[27,27,27,22,22,22,19,19,19,19,19,19,19,19,19,19,27,27,27,27,15,15,15,15,17,17,17,17,19,19,21,21,21,21,23,23,23,23,23,23,23,25,25,0,0],"gold":353,"neow_bonus":"","is_daily":false,"chose_seed":false,"campfire_upgraded":8,"win_rate":0.0,"timestamp":1609417672,"path_taken":["M","M","?","?","?","R","E","?","T","R","M","E","R","M","R","BOSS","M","$","M","?","?","E","M","E","T","M","R","E","R","M","R","BOSS","M","?","M","M","$","R","E","?","T","M"],"items_purchased_type":["Card","Card","Relic"],"build_version":"2020-12-22","purchased_purges":2,"victory":false,"max_hp_per_floor":[30,30,30,30,30,30,30,30,30,30,30,30,30,30,30,30,30,30,30,30,15,15,15,15,17,17,17,17,19,19,21,21,21,21,23,23,23,23,23,23,23,25,25,25,25],"relic_stats":{"Singing Bowl":10,"counters":[24,112],"Pandora\u0027s Box":["Hololive_CallKiryuuCoco","Hololive_CallNakiriAyame"],"obtain_stats":[{"Golden Egg":41,"Singing Bowl":9,"Thread and Needle":7,"SoulBox":34,"Old Coin":29,"ats:Originium":7,"Hololive_TheStar":0,"Pandora\u0027s Box":17,"Hololive_FriedShrimpLion":43,"ReplayTheSpireMod:TigerMarble":23,"GodSword5":26,"Replay:Wax Seal":25,"InkBottle":39,"Replay:Bottled Steam":12},{"Golden Egg":22,"Singing Bowl":5,"Thread and Needle":5,"SoulBox":18,"Old Coin":16,"ats:Originium":5,"Hololive_TheStar":0,"Pandora\u0027s Box":9,"Hololive_FriedShrimpLion":23,"ReplayTheSpireMod:TigerMarble":12,"GodSword5":14,"Replay:Wax Seal":14,"InkBottle":21,"Replay:Bottled Steam":7},{"Golden Egg":100,"Singing Bowl":18,"Thread and Needle":18,"SoulBox":77,"Old Coin":63,"ats:Originium":18,"Hololive_TheStar":0,"Pandora\u0027s Box":33,"Hololive_FriedShrimpLion":106,"ReplayTheSpireMod:TigerMarble":45,"GodSword5":53,"Replay:Wax Seal":53,"InkBottle":94,"Replay:Bottled Steam":25}],"InkBottle":[4]},"card_choices":[{"not_picked":["Hololive_Drill","Hololive_CocoNews","Hololive_Psychosis"],"picked":"Hololive_CallTokinoSora","floor":1},{"not_picked":["Hololive_RevenueBasedLive","Hololive_CallKiryuuCoco","Hololive_LuckPotion","Hololive_HuntDinosaur"],"picked":"SKIP","floor":2},{"not_picked":["Hololive_Drill","Hololive_CocoNews","Hololive_Rebound","Hololive_FlyingPonyTail"],"picked":"SKIP","floor":4},{"not_picked":["Hololive_Trident","Hololive_StrengthChampion","Hololive_OvertimeWork"],"picked":"Hololive_CallShirakamiFubuki","floor":5},{"not_picked":["Hololive_Rebound","Hololive_CallShiroganeNoel","Hololive_Drill"],"picked":"Hololive_CallYuzukiChoco","floor":7},{"not_picked":["Hololive_CallTokinoSora","Hololive_CallShishiroBotan","Hololive_BringToTrial"],"picked":"Hololive_CallYukihanaLamy","floor":11},{"not_picked":["Hololive_CallAyundaRisu","Hololive_LuckPotion","Hololive_Teleport"],"picked":"Hololive_CallHoshimachiSuisei","floor":12},{"not_picked":["Hololive_Drill","Hololive_Rebirth","Hololive_RevenueBasedLive"],"picked":"Hololive_CallFriendA","floor":14},{"not_picked":["Hololive_HighAtkLowDef","Hololive_FlareMind","Hololive_ASMR"],"picked":"Hololive_DDD","floor":16},{"not_picked":["Hololive_Rebound","Hololive_CallHoshimachiSuisei","Hololive_CallShishiroBotan"],"picked":"Hololive_CallUsadaPekora","floor":18},{"not_picked":["Hololive_OvertimeWork","Hololive_CocoNews+1","Hololive_StrengthChampion"],"picked":"Hololive_CallYozoraMel+1","floor":20},{"not_picked":["Hololive_LuckPotion+1","Hololive_Breathe","Hololive_Trident"],"picked":"Hololive_CallMinatoAqua","floor":23},{"not_picked":["Hololive_CallAkiRosenthal","Hololive_StrengthChampion","Hololive_Rebound"],"picked":"Hololive_CallOkamiMio","floor":24},{"not_picked":["Hololive_CallHoshimachiSuisei","Hololive_CocoNews","Hololive_Breathe","Hololive_OvertimeWork"],"picked":"Singing Bowl","floor":25},{"not_picked":["Hololive_Drill","Hololive_CallYuzukiChoco","Hololive_FlyingPonyTail"],"picked":"Hololive_CallMomosuzuNene","floor":27},{"not_picked":["Hololive_CallKiryuuCoco","Hololive_Drill","Hololive_StarCraft","Hololive_LuckPotion+1"],"picked":"Singing Bowl","floor":29},{"not_picked":["Hololive_Breathe","Hololive_Sequa","Hololive_Drill","Hololive_Rebound"],"picked":"Singing Bowl","floor":31},{"not_picked":["Hololive_FlareMind","Hololive_ASMR","Hololive_Rebirth"],"picked":"Hololive_DurableLive","floor":33},{"not_picked":["Hololive_CallMomosuzuNene+1","Hololive_Rebound+1","Hololive_FlyingPonyTail","Hololive_CallKiryuuCoco"],"picked":"Singing Bowl","floor":35},{"not_picked":["Hololive_Rebound","Hololive_CallRosalyn","Hololive_Sequa"],"picked":"Hololive_CallSakuraMiko","floor":37},{"not_picked":["Hololive_CandyCastle+1","Hololive_CallSakuraMiko","Hololive_Drill"],"picked":"Hololive_StrengthChampion+1","floor":38},{"not_picked":["Hololive_CallManoAloe","Hololive_AWSL","Hololive_OvertimeWork"],"picked":"Hololive_DDD","floor":41},{"not_picked":["Hololive_CallOkamiMio+1","Hololive_LuckPotion","Hololive_HuntDinosaur","Hololive_OvertimeWork"],"picked":"Singing Bowl","floor":42}],"player_experience":157108,"relics_obtained":[{"floor":7,"key":"ats:Originium"},{"floor":7,"key":"Thread and Needle"},{"floor":9,"key":"Singing Bowl"},{"floor":12,"key":"ats:Originium"},{"floor":12,"key":"Replay:Bottled Steam"},{"floor":23,"key":"ats:Originium"},{"floor":23,"key":"ReplayTheSpireMod:TigerMarble"},{"floor":25,"key":"Replay:Wax Seal"},{"floor":26,"key":"GodSword5"},{"floor":29,"key":"Old Coin"},{"floor":41,"key":"Golden Egg"},{"floor":43,"key":"Hololive_FriedShrimpLion"}],"event_choices":[{"cards_removed":["Hololive_Strike"],"damage_healed":0,"gold_gain":0,"player_choice":"Purged","damage_taken":0,"max_hp_gain":0,"max_hp_loss":0,"event_name":"Purifier","floor":3,"gold_loss":0},{"damage_healed":0,"gold_gain":0,"player_choice":"Became a Ghost","damage_taken":0,"max_hp_gain":0,"max_hp_loss":15,"event_name":"Ghosts","floor":21,"gold_loss":0,"cards_obtained":["Ghostly","Ghostly","Ghostly"]},{"damage_healed":0,"gold_gain":0,"player_choice":"Ignored","damage_taken":0,"max_hp_gain":0,"max_hp_loss":0,"event_name":"Vampires","floor":22,"gold_loss":0},{"cards_removed":["Hololive_OvertimeWork"],"damage_healed":5,"gold_gain":0,"player_choice":"Offered Common","damage_taken":0,"max_hp_gain":0,"max_hp_loss":0,"event_name":"Bonfire Elementals","floor":36,"gold_loss":0},{"cards_removed":["Hololive_OvertimeWork"],"damage_healed":5,"gold_gain":0,"player_choice":"Offered Special","damage_taken":0,"max_hp_gain":0,"max_hp_loss":0,"event_name":"Bonfire Elementals","floor":36,"gold_loss":0}],"is_beta":false,"boss_relics":[{"not_picked":["ChewingGum","Hololive_TopUpMoneyS"],"picked":"Pandora\u0027s Box"},{"not_picked":["Abe\u0027s Treasure","Snecko Eye"],"picked":"SoulBox"}],"items_purged_floors":[8,19],"is_endless":true,"potions_floor_spawned":[2,7,16,23,24,29,35,38,42],"killed_by":"4 Shapes","ascension_level":20}}