{"host":"hqvh779b89tfrjxy","time":1609420625,"event":{"mods":["Act Like it!","BaseMod","Better Third Choice","Downfall","Elementarium","Filter the Spire","GifTheSpireLib","Minty Spire (QoL Compilation)","Replay The Spire","Spicy Shops","StSLib"],"gold_per_floor":[118,128,128,147,166,166,166,166,215,215,243,243,274,0,0,99,99,115,115,133,151,151,151,185,185,185,226,254,297,299,323,335,445,457,481,543,574,586,618,664,676,718,730,753,422,422,155,165,165,165,165,165,0,29,29,29],"floor_reached":55,"playtime":3073,"items_purged":["Strike_G"],"score":850,"play_id":"8602a2b6-7730-41cb-aa26-2549bd31bee7","local_time":"20201231141705","is_ascension_mode":true,"campfire_choices":[{"data":"Crippling Poison","floor":6.0,"key":"SMITH"},{"data":"Noxious Fumes","floor":10.0,"key":"SMITH"},{"data":"Survivor","floor":12.0,"key":"SMITH"},{"floor":15.0,"key":"REST"},{"data":"expansioncontent:Chronoboost","floor":23.0,"key":"SMITH"},{"data":"Atom Bomb","floor":25.0,"key":"SMITH"},{"data":"Pot Of Greed","floor":32.0,"key":"SMITH"},{"data":"Pot Of Greed","floor":41.0,"key":"SMITH"},{"floor":49.0,"key":"RECALL"},{"data":"Catalyst","floor":52.0,"key":"SMITH"}],"circlet_count":0,"master_deck":["Strike_G","Strike_G","Strike_G","Strike_G","Defend_G","Defend_G","Defend_G","Defend_G","Defend_G","Survivor+1","Dagger Spray","Noxious Fumes+1","Crippling Poison+1","Pot Of Greed+1","Pot Of Greed","After Image","Underhanded Strike","expansioncontent:Chronoboost+1","Poison Darts","CurseOfTheBell","Atom Bomb+1","Dagger Throw+1","Elementarium:GildedEssence","Corpse Explosion","Eviscerate+1","Pot Of Greed+1","Replay:Poison Smokescreen","Replay:Poison Smokescreen","Catalyst+1","Dark Shackles","expansioncontent:PolyBeam","expansioncontent:CaCaw","Caltrops","Discovery"],"relics":["Snecko Eye","Grinning Jar","ReplayTheSpireMod:TigerMarble","Divine Protection","Blood Vial","Calling Bell","Replay:Baseball","Mercury Hourglass","Thread and Needle","Tingsha","Elementarium:FlickeringLantern","Mummified Hand","MawBank","Akabeko","Snack Pack","Elementarium:ElementariumTrophy","Snecko Scales","Ice Cream","Dream Catcher","ReplayFunnel","Snake Skull","Oddly Smooth Stone"],"acts_visited":["Exordium","Elementarium:Elementarium","TheBeyond","TheEnding"],"potions_floor_usage":[55,55],"damage_taken":[{"damage":3.0,"enemies":"2 Louse","floor":1.0,"turns":4.0},{"damage":10.0,"enemies":"Small Slimes","floor":2.0,"turns":4.0},{"damage":7.0,"enemies":"Jaw Worm","floor":4.0,"turns":6.0},{"damage":1.0,"enemies":"Blue Slaver","floor":5.0,"turns":5.0},{"damage":14.0,"enemies":"Lagavulin","floor":11.0,"turns":6.0},{"damage":14.0,"enemies":"3 Sentries","floor":13.0,"turns":5.0},{"damage":13.0,"enemies":"Fading Forest","floor":16.0,"turns":11.0},{"damage":0.0,"enemies":"Elementarium:2_ELEMENTALS","floor":18.0,"turns":2.0},{"damage":5.0,"enemies":"Elementarium:VoidCorruption","floor":20.0,"turns":4.0},{"damage":0.0,"enemies":"Elementarium:3_ELEMENTALS","floor":21.0,"turns":3.0},{"damage":10.0,"enemies":"Elementarium:WarGolem","floor":24.0,"turns":6.0},{"damage":0.0,"enemies":"Elementarium:ElementalPortal","floor":27.0,"turns":5.0},{"damage":0.0,"enemies":"Elementarium:Hydrostalker","floor":28.0,"turns":3.0},{"damage":3.0,"enemies":"Elementarium:FIRE_NOBILITY","floor":29.0,"turns":3.0},{"damage":0.0,"enemies":"Elementarium:VOID_CORRUPTION_AND_ORB_OF_FIRE","floor":31.0,"turns":3.0},{"damage":35.0,"enemies":"Elementarium:GolemEmperor","floor":33.0,"turns":7.0},{"damage":0.0,"enemies":"Orb Walker","floor":35.0,"turns":1.0},{"damage":1.0,"enemies":"Mind Bloom Boss Battle","floor":36.0,"turns":4.0},{"damage":0.0,"enemies":"3 Shapes","floor":37.0,"turns":2.0},{"damage":0.0,"enemies":"Writhing Mass","floor":39.0,"turns":3.0},{"damage":29.0,"enemies":"Giant Head","floor":40.0,"turns":6.0},{"damage":10.0,"enemies":"Reptomancer","floor":42.0,"turns":4.0},{"damage":0.0,"enemies":"4 Shapes","floor":44.0,"turns":1.0},{"damage":0.0,"enemies":"3 Darklings","floor":48.0,"turns":3.0},{"damage":32.0,"enemies":"Replay:Hell Engine","floor":50.0,"turns":6.0},{"damage":4,"enemies":"Shield and Spear","floor":54,"turns":4},{"damage":67,"enemies":"The Heart","floor":55,"turns":6}],"seed_played":"4208035078494225031","potions_obtained":[{"floor":1.0,"key":"DistilledChaos"},{"floor":5.0,"key":"Weak Potion"},{"floor":11.0,"key":"SteroidPotion"},{"floor":20.0,"key":"Block Potion"},{"floor":36.0,"key":"sneckomod:MuddlingPotion"},{"floor":40.0,"key":"Swift Potion"},{"floor":42.0,"key":"Poison Potion"}],"is_trial":false,"path_per_floor":["M","M","?","M","M","R","?","?","T","R","E","R","E","$","R","B",null,"M","?","M","M","?","R","E","R","T","E","M","E","?","M","R","B",null,"M","?","M","?","M","E","R","E","T","M","$","?","$","M","R","B",null,"R","$","E","B"],"character_chosen":"THE_SILENT","items_purchased":["Blood Vial","expansioncontent:Chronoboost","Snake Skull","Catalyst","expansioncontent:CaCaw","Caltrops","Discovery"],"campfire_rested":1,"item_purchase_floors":[14,14,45,45,47,53,53],"current_hp_per_floor":[60,50,55,48,47,47,40,40,40,40,26,26,12,12,34,31,64,66,51,48,50,50,50,42,42,42,44,46,45,45,49,49,20,61,63,66,68,68,72,49,49,43,43,45,45,35,35,37,37,11,59,59,59,61,0,0],"gold":29,"neow_bonus":"BOSS_RELIC","is_daily":false,"chose_seed":false,"campfire_upgraded":8,"win_rate":0.0,"timestamp":1609420625,"path_taken":["M","M","?","M","M","R","?","?","T","R","E","R","E","$","R","BOSS","M","?","M","M","?","R","E","R","T","E","M","E","?","?","R","BOSS","M","?","M","?","M","E","R","E","T","M","$","?","$","M","R","BOSS","R","$","E","BOSS"],"items_purchased_type":["Relic","Card","Relic","Card","Card","Card","Card"],"build_version":"2020-12-22","purchased_purges":1,"victory":false,"max_hp_per_floor":[70,70,75,75,75,75,75,75,75,75,75,75,75,75,75,75,75,75,75,75,75,75,75,75,75,75,75,75,75,75,75,75,75,75,75,75,75,75,75,75,75,75,75,75,75,75,75,75,75,75,75,75,75,75,75,75],"card_choices":[{"not_picked":["Distraction","Blade Dance"],"picked":"Dagger Spray","floor":1.0},{"not_picked":["Masterful Stab","ReplayTheSpireMod:Scrap Shanks"],"picked":"Noxious Fumes","floor":2.0},{"not_picked":["Flechettes","Blur"],"picked":"Crippling Poison","floor":4.0},{"not_picked":["Outmaneuver","Terror","Flechettes"],"picked":"SKIP","floor":5.0},{"not_picked":["Deadly Poison","Infinite Blades"],"picked":"After Image","floor":11.0},{"not_picked":["Dodge and Roll","Prepared"],"picked":"Underhanded Strike","floor":13.0},{"not_picked":["ReplayTheSpireMod:From All Sides","Die Die Die"],"picked":"Poison Darts","floor":16.0},{"not_picked":["PiercingWail","Terror+1","Slice+1"],"picked":"SKIP","floor":18.0},{"not_picked":["Prepared","Dagger Spray","Outmaneuver"],"picked":"SKIP","floor":20.0},{"not_picked":["Poisoned Stab","ReplayTheSpireMod:Shiv Toss+1","Bane"],"picked":"SKIP","floor":21.0},{"not_picked":["Dagger Spray+1","Skewer"],"picked":"Atom Bomb","floor":24.0},{"not_picked":["Deflect","Bane","Backstab+1"],"picked":"SKIP","floor":27.0},{"not_picked":["Prepared","Dagger Throw+1","Dodge and Roll"],"picked":"SKIP","floor":28.0},{"not_picked":["Prepared","Dodge and Roll"],"picked":"Dagger Throw+1","floor":28.0},{"not_picked":["Flying Knee","Dagger Spray","Prepared"],"picked":"SKIP","floor":29.0},{"not_picked":["Outmaneuver+1","Deadly Poison","PiercingWail"],"picked":"SKIP","floor":31.0},{"not_picked":["Doppelganger","Tools of the Trade"],"picked":"Corpse Explosion","floor":33.0},{"not_picked":["ReplayTheSpireMod:Scrap Shanks+1","Well Laid Plans+1","Outmaneuver+1"],"picked":"SKIP","floor":35.0},{"not_picked":["Quick Slash","Cloak And Dagger","Expertise"],"picked":"SKIP","floor":37.0},{"not_picked":["Sucker Punch","Prepared"],"picked":"Eviscerate+1","floor":39.0},{"not_picked":["Hidden Blade+1","Cloak And Dagger","Deflect+1"],"picked":"SKIP","floor":40.0},{"not_picked":["Quick Slash","Flying Knee"],"picked":"Replay:Poison Smokescreen","floor":42.0},{"not_picked":["Storm of Steel","Dagger Spray+1"],"picked":"Replay:Poison Smokescreen","floor":44.0},{"not_picked":["Midas Touch","expansioncontent:DarkVoid"],"picked":"Dark Shackles","floor":46.0},{"not_picked":["Replay:Bootleg Shield Generator","Madness"],"picked":"expansioncontent:PolyBeam","floor":46.0},{"not_picked":["Deflect+1","Quick Slash","Concentrate"],"picked":"SKIP","floor":48.0},{"not_picked":["Sucker Punch+1","Poisoned Stab","Quick Slash"],"picked":"SKIP","floor":54}],"player_experience":200462,"relics_obtained":[{"floor":9.0,"key":"Grinning Jar"},{"floor":11.0,"key":"ReplayTheSpireMod:TigerMarble"},{"floor":13.0,"key":"Divine Protection"},{"floor":17.0,"key":"Replay:Baseball"},{"floor":17.0,"key":"Mercury Hourglass"},{"floor":17.0,"key":"Thread and Needle"},{"floor":24.0,"key":"Mummified Hand"},{"floor":26.0,"key":"MawBank"},{"floor":27.0,"key":"Akabeko"},{"floor":29.0,"key":"Snack Pack"},{"floor":36.0,"key":"Ice Cream"},{"floor":40.0,"key":"Dream Catcher"},{"floor":42.0,"key":"ReplayFunnel"},{"floor":54,"key":"Oddly Smooth Stone"}],"event_choices":[{"damage_healed":0.0,"max_hp_gain":5.0,"max_hp_loss":0.0,"gold_gain":0.0,"event_name":"Big Fish","player_choice":"Donut","floor":3.0,"gold_loss":0.0,"damage_taken":0.0},{"cards_removed":["Neutralize"],"damage_healed":0.0,"max_hp_gain":0.0,"max_hp_loss":0.0,"gold_gain":0.0,"event_name":"Golden Wing","player_choice":"Card Removal","floor":7.0,"gold_loss":0.0,"damage_taken":7.0},{"damage_healed":0.0,"max_hp_gain":0.0,"max_hp_loss":0.0,"gold_gain":0.0,"event_name":"betterThird:BetterSerpent","player_choice":"Ignored","floor":8.0,"gold_loss":0.0,"damage_taken":166.0},{"damage_healed":0.0,"max_hp_gain":0.0,"max_hp_loss":0.0,"gold_gain":0.0,"event_name":"Elementarium:ShatteredPortal","player_choice":"Blood","floor":19.0,"gold_loss":0.0,"damage_taken":15.0,"relics_obtained":["Tingsha"]},{"damage_healed":0.0,"max_hp_gain":0.0,"max_hp_loss":0.0,"gold_gain":0.0,"event_name":"Elementarium:HeartOfTheVoid","player_choice":"Take","floor":22.0,"gold_loss":0.0,"damage_taken":0.0,"relics_obtained":["Elementarium:FlickeringLantern"]},{"damage_healed":0.0,"max_hp_gain":0.0,"max_hp_loss":0.0,"gold_gain":0.0,"event_name":"Elementarium:OnrushingOffering","player_choice":"Toss","floor":30.0,"gold_loss":10.0,"damage_taken":0.0,"cards_obtained":["Elementarium:GildedEssence"]},{"damage_healed":0.0,"max_hp_gain":0.0,"max_hp_loss":0.0,"gold_gain":0.0,"event_name":"MindBloom","player_choice":"Fight","floor":36.0,"gold_loss":0.0,"damage_taken":0.0},{"damage_healed":0.0,"max_hp_gain":0.0,"max_hp_loss":0.0,"gold_gain":0.0,"event_name":"Elementarium:ChestOfTheGoldenMirage","player_choice":"Ignored","floor":38.0,"gold_loss":0.0,"damage_taken":0.0},{"damage_healed":0.0,"max_hp_gain":0.0,"max_hp_loss":0.0,"gold_gain":0.0,"event_name":"SensoryStone","player_choice":"Memory 3","floor":46.0,"gold_loss":0.0,"damage_taken":10.0}],"is_beta":false,"boss_relics":[{"not_picked":["Snecko Heart","Replay:Ancient Bell"],"picked":"Calling Bell"},{"not_picked":["Astrolabe","Replay:Grab Bag"],"picked":"Snecko Scales"}],"items_purged_floors":[45],"is_endless":false,"potions_floor_spawned":[1,5,11,20,21,24,36,37,40,42],"killed_by":"The Heart","ascension_level":6}}