{"host":"ssbj2e5691x5ub3h","time":1609429023,"event":{"mods":["BaseMod","Duelist Mod","Minty Spire (QoL Compilation)","StSLib"],"gold_per_floor":[144,144,144,160,170,170,95,95,95,107,124,124,158,158,158,235,235,249,261,261,261,275,275,275,275,345,370,381,42,52,67,67,67,67],"floor_reached":33,"playtime":1145,"items_purged":["theDuelist:Sparks"],"score":494,"play_id":"6ea66811-48ad-494b-9d6f-02b4b13cbe48","local_time":"20201231133703","is_ascension_mode":true,"campfire_choices":[{"data":"theDuelist:SeismicShockwave","floor":6,"key":"SMITH"},{"data":"theDuelist:Mountain","floor":8,"key":"SMITH"},{"data":"theDuelist:MaskedDragon","floor":12,"key":"SMITH"},{"floor":15,"key":"REST"},{"floor":23,"key":"REST"},{"floor":32,"key":"REST"}],"circlet_count":0,"master_deck":["AscendersBane","theDuelist:BabyDragon","theDuelist:CaveDragon","theDuelist:CaveDragon","theDuelist:LesserDragon","theDuelist:LesserDragon","theDuelist:YamataDragon","theDuelist:SeismicShockwave+1","theDuelist:MaskedDragon+1","theDuelist:Mountain+1","theDuelist:MaskedDragon","theDuelist:Freezadon","theDuelist:Lancephorhynchus","theDuelist:CyberValley+1","theDuelist:SliferSky+1","theDuelist:TwinHeadedFire+1","theDuelist:SilverWing","theDuelist:Freezadon","theDuelist:DragonCaptureJar","theDuelist:BerserkScales","theDuelist:CyberDragonCore","theDuelist:WaterDragon"],"relics":["theDuelist:MillenniumPuzzle","theDuelist:CardPoolRelic","theDuelist:CardPoolBasicRelic","theDuelist:BoosterPackPoolRelic","theDuelist:CardPoolAddRelic","theDuelist:CardPoolMinusRelic","theDuelist:CardPoolSaveRelic","theDuelist:CardPoolOptionsRelic","CaptainsWheel","PreservedInsect","Astrolabe","theDuelist:MillenniumPeriapt","Pear","theDuelist:MetronomeRelicD","theDuelist:CardRewardRelicF"],"acts_visited":["Exordium","TheCity"],"potions_floor_usage":[16,30,33,33],"damage_taken":[{"damage":0,"enemies":"Small Slimes","floor":1,"turns":2},{"damage":1,"enemies":"Jaw Worm","floor":4,"turns":3},{"damage":0,"enemies":"2 Louse","floor":5,"turns":1},{"damage":0,"enemies":"2 Fungi Beasts","floor":10,"turns":2},{"damage":12,"enemies":"Exordium Thugs","floor":11,"turns":5},{"damage":21,"enemies":"3 Sentries","floor":13,"turns":7},{"damage":7,"enemies":"The Guardian","floor":16,"turns":7},{"damage":0,"enemies":"Chosen","floor":18,"turns":2},{"damage":9,"enemies":"3 Byrds","floor":19,"turns":4},{"damage":33,"enemies":"Shelled Parasite and Fungi","floor":22,"turns":5},{"damage":25,"enemies":"Slavers","floor":27,"turns":4},{"damage":12,"enemies":"Chosen and Byrds","floor":28,"turns":4},{"damage":10,"enemies":"Centurion and Healer","floor":30,"turns":3},{"damage":0,"enemies":"Snake Plant","floor":31,"turns":1},{"damage":42,"enemies":"Champ","floor":33,"turns":7}],"seed_played":"-5380220079566738080","potions_obtained":[{"floor":5,"key":"theDuelist:SealedPackE"},{"floor":16,"key":"theDuelist:ReducerPotion"},{"floor":18,"key":"theDuelist:DestructPotionPot"},{"floor":27,"key":"theDuelist:MillenniumElixir"},{"floor":30,"key":"theDuelist:StunPotion"}],"is_trial":false,"path_per_floor":["M","?","?","M","M","R","$","R","T","M","M","R","E","?","R","B",null,"M","M","$","?","M","R","T","$","T","E","M","$","M","M","R","B"],"character_chosen":"THE_DUELIST","items_purchased":["theDuelist:DragonCaptureJar","theDuelist:CardRewardRelicF"],"campfire_rested":3,"item_purchase_floors":[29,29],"current_hp_per_floor":[63,68,68,67,67,67,67,67,67,67,55,55,34,34,56,49,69,69,60,60,60,27,49,49,49,59,34,22,22,12,12,37,0,0],"gold":67,"neow_bonus":"ONE_RANDOM_RARE_CARD","is_daily":false,"chose_seed":false,"campfire_upgraded":3,"win_rate":0.0,"timestamp":1609429023,"path_taken":["M","?","?","M","M","R","?","R","T","M","M","R","E","?","R","BOSS","M","M","$","?","M","R","?","$","T","E","M","?","M","M","R","BOSS"],"items_purchased_type":["Card","Relic"],"build_version":"2020-12-22","purchased_purges":1,"victory":false,"max_hp_per_floor":[70,75,75,75,75,75,75,75,75,75,75,75,75,75,75,75,75,75,75,75,75,75,75,75,75,85,85,85,85,85,85,85,85,85],"card_choices":[{"not_picked":["theDuelist:Beatraptor","theDuelist:CurseDragon"],"picked":"theDuelist:MaskedDragon","floor":1},{"not_picked":["theDuelist:CyberDinosaur","theDuelist:CyberDragonDrei","theDuelist:TornadoDragon"],"picked":"SKIP","floor":4},{"not_picked":["theDuelist:Earthquake","theDuelist:DefenseZone"],"picked":"theDuelist:Mountain","floor":5},{"not_picked":["theDuelist:LesserDragon","theDuelist:SoulCharge"],"picked":"theDuelist:MaskedDragon","floor":10},{"not_picked":["theDuelist:BlackBrutdrago","theDuelist:GalaxyTyranno"],"picked":"theDuelist:Freezadon","floor":11},{"not_picked":["theDuelist:DoomkaiserDragon","theDuelist:DarkDriceratops","theDuelist:CyberDragonInfinity"],"picked":"SKIP","floor":13},{"not_picked":["theDuelist:WingedDragonRa","theDuelist:SliferSky"],"picked":"theDuelist:Lancephorhynchus","floor":16},{"not_picked":["theDuelist:ScrapIronScarecrow","theDuelist:SafeZone","theDuelist:DefenseDraw"],"picked":"SKIP","floor":18},{"not_picked":["theDuelist:TotemDragon","theDuelist:SystemDown"],"picked":"theDuelist:SilverWing","floor":19},{"not_picked":["theDuelist:HazyFlameHydra","theDuelist:BlackVeloci+1","theDuelist:BlackTyranno"],"picked":"SKIP","floor":22},{"not_picked":["Apotheosis","Madness"],"picked":"SKIP","floor":27},{"not_picked":["theDuelist:TailSwipe","theDuelist:StampingDestruction","theDuelist:BerserkerSoul"],"picked":"SKIP","floor":28},{"not_picked":["theDuelist:MirageDragon","theDuelist:DarkHorus"],"picked":"theDuelist:CyberDragonCore","floor":30},{"not_picked":["theDuelist:DragonMastery","theDuelist:BlasterDragonInfernos"],"picked":"theDuelist:WaterDragon","floor":31}],"player_experience":292884,"relics_obtained":[{"floor":9,"key":"CaptainsWheel"},{"floor":13,"key":"PreservedInsect"},{"floor":24,"key":"theDuelist:MillenniumPeriapt"},{"floor":26,"key":"Pear"},{"floor":27,"key":"theDuelist:MetronomeRelicD"}],"event_choices":[{"damage_healed":0,"gold_gain":0,"player_choice":"Donut","damage_taken":0,"max_hp_gain":5,"max_hp_loss":0,"event_name":"Big Fish","floor":2,"gold_loss":0},{"damage_healed":0,"gold_gain":0,"player_choice":"Leave","duelist":true,"damage_taken":0,"max_hp_gain":0,"max_hp_loss":0,"event_name":"Relic Duplicator","floor":3,"gold_loss":0},{"damage_healed":0,"gold_gain":0,"player_choice":"Ignored","damage_taken":0,"max_hp_gain":0,"max_hp_loss":0,"event_name":"Golden Idol","floor":14,"gold_loss":0},{"damage_healed":0,"gold_gain":0,"player_choice":"Read","damage_taken":0,"max_hp_gain":0,"max_hp_loss":0,"event_name":"The Library","floor":21,"gold_loss":0,"cards_obtained":["theDuelist:Freezadon"]}],"is_beta":false,"boss_relics":[{"not_picked":["Runic Dome","Inserter"],"picked":"Astrolabe"}],"items_purged_floors":[7],"is_endless":false,"potions_floor_spawned":[5,16,18,27,28,30],"killed_by":"Champ","ascension_level":17}}