{"host":"kev6uqotw4tlyx8l","time":1609435515,"event":{"mods":["Act Like it!","Aspiration","BaseMod","Colored Powertips","Dota2Spire","Downfall","Hallownest","Infinite Spire","Marisa????????","Minty Spire (QoL Compilation)","Quick Restart","Remilia??????","Replay The Spire","StSLib","The Cursed","The Marked","The Mystic","The Servant 0.9.4"],"gold_per_floor":[0,16,28,478,478,505,530,550,561,41,53,38,58,72,89,89,89],"floor_reached":16,"playtime":539,"items_purged":["Regret"],"score":96,"play_id":"b036c5df-1050-4796-9ad7-c1aab0c80854","local_time":"20210101002515","is_ascension_mode":false,"campfire_choices":[{"floor":1,"key":"RECALL"}],"circlet_count":0,"master_deck":["Strike_S","Strike_S","Strike_S","Strike_S","Defend_S","Defend_S","Defend_S","Defend_S","KidneyShot","Exchange","Panache","ShatteredReality","Rearm","Slimebound:Icky","Slimebound:Icky","Slimebound:Icky","FanOfKnives","Potential","Revamp","Contraction","Secret Weapon","expansioncontent:Chronoboost","ReplayTheSpireMod:Private Reserves","Ricochet","Comet","Gouge","Replace","BottledTime"],"relics":["Uniform","aspiration:FrozenJewel","Replay:Multitool","Dota2Spire:EchoSabre","infinitespire:CheckeredPen","ReplayTheSpireMod:ShopPack"],"acts_visited":["Exordium"],"potions_floor_usage":[8,10,11,12,14,15],"damage_taken":[{"damage":9,"enemies":"Cultist","floor":2,"turns":5},{"damage":7,"enemies":"2 Louse","floor":3,"turns":4},{"damage":8,"enemies":"Jaw Worm","floor":8,"turns":2},{"damage":2,"enemies":"Blue Slaver","floor":9,"turns":4},{"damage":5,"enemies":"downfall:FleeingMerchant","floor":10,"turns":4},{"damage":0,"enemies":"2 Fungi Beasts","floor":11,"turns":2},{"damage":3,"enemies":"downfall:FleeingMerchant","floor":12,"turns":4},{"damage":0,"enemies":"Exordium Wildlife","floor":13,"turns":2},{"damage":6,"enemies":"Lots of Slimes","floor":14,"turns":2},{"damage":8,"enemies":"Exordium Thugs","floor":15,"turns":2},{"damage":10,"enemies":"downfall:Ironclad","floor":16,"turns":2}],"seed_played":"-2495396421094301958","potions_obtained":[{"floor":3,"key":"AttackPotion"},{"floor":9,"key":"Dota2Spire:HealingSalve"},{"floor":11,"key":"BlessingOfTheForge"},{"floor":13,"key":"Dota2Spire:Clarity"},{"floor":14,"key":"Explosive Potion"}],"is_trial":false,"path_per_floor":["R","M","M","?","?","?","T","M","M","$","M","$","M","M","M","B"],"character_chosen":"THE_SERVANT","items_purchased":["infinitespire:CheckeredPen","ReplayTheSpireMod:ShopPack","Fire Potion"],"campfire_rested":0,"item_purchase_floors":[10,10,10],"current_hp_per_floor":[65,56,49,49,49,23,23,15,13,20,20,17,17,11,3,0,0],"gold":89,"neow_bonus":"RANDOM_COLORLESS_2","is_daily":false,"chose_seed":false,"campfire_upgraded":0,"win_rate":0.0,"timestamp":1609435515,"path_taken":["R","M","M","?","?","?","T","M","M","$","M","?","M","M","M","BOSS"],"items_purchased_type":["Relic","Relic","Potion"],"build_version":"2020-12-22","purchased_purges":1,"victory":false,"max_hp_per_floor":[65,65,65,65,65,65,65,65,65,65,65,65,65,65,65,65,65],"card_choices":[{"not_picked":["expansioncontent:StudyTheSpire","Secret Weapon"],"picked":"Panache","floor":0},{"not_picked":["Starlight","BestPractice"],"picked":"ShatteredReality","floor":2},{"not_picked":["Spin","Manipulate"],"picked":"Rearm","floor":3},{"not_picked":["Barrier","Desolation"],"picked":"FanOfKnives","floor":6},{"not_picked":["GearUp","Alleviate"],"picked":"Potential","floor":8},{"not_picked":["FastForward","Manipulate"],"picked":"Revamp","floor":9},{"not_picked":["Collapse","Potential"],"picked":"Contraction","floor":10},{"not_picked":["Apotheosis","Sadistic Nature"],"picked":"Secret Weapon","floor":10},{"not_picked":["ReplayTheSpireMod:Uncanny Aura","Replay:Parry"],"picked":"expansioncontent:Chronoboost","floor":10},{"not_picked":["expansioncontent:SlimeTackle","expansioncontent:ChargeUp"],"picked":"ReplayTheSpireMod:Private Reserves","floor":10},{"not_picked":["DoubleEdge","Gouge"],"picked":"Ricochet","floor":11},{"not_picked":["Shuttle","Desolation"],"picked":"Comet","floor":12},{"not_picked":["Barrier","Collapse"],"picked":"Gouge","floor":13},{"not_picked":["Moondial","FloweringNight"],"picked":"Replace","floor":14},{"not_picked":["Desolation","ReturningBlade"],"picked":"BottledTime","floor":15}],"player_experience":55375,"relics_obtained":[{"floor":6,"key":"Replay:Multitool"},{"floor":7,"key":"Dota2Spire:EchoSabre"}],"event_choices":[{"damage_healed":0,"gold_gain":0,"player_choice":"Box","damage_taken":0,"relics_obtained":["aspiration:FrozenJewel"],"max_hp_gain":0,"max_hp_loss":0,"event_name":"Big Fish","floor":5,"gold_loss":0,"cards_obtained":["Regret"]}],"is_beta":false,"boss_relics":[],"items_purged_floors":[10],"is_endless":false,"potions_floor_spawned":[3,9,11,13,14],"killed_by":"downfall:Ironclad","ascension_level":0}}