{"host":"23d796tl9dohsvj7","time":1609395732,"event":{"mods":["BaseMod","Colored Map","Downfall","Minty Spire (QoL Compilation)","StSLib"],"gold_per_floor":[99,114,125,61,61,61,61,124,7,23,23,42,42,67,82,82,82,82],"floor_reached":16,"playtime":855,"items_purged":["Guardian:Strike_Guardian"],"score":90,"play_id":"7d079252-a83d-40aa-a825-8d4f7fe0d5e3","local_time":"20201231142212","is_ascension_mode":false,"campfire_choices":[{"data":"Guardian:TwinSlam","floor":1,"key":"SMITH"},{"data":"Guardian:Preprogram","floor":6,"key":"SMITH"},{"data":"Guardian:CurlUp","floor":11,"key":"SMITH"},{"data":"Guardian:Reroute","floor":13,"key":"SMITH"}],"circlet_count":0,"master_deck":["Guardian:Strike_Guardian+1","Guardian:Strike_Guardian","Guardian:Strike_Guardian","Guardian:Defend_Guardian+1","Guardian:Defend_Guardian","Guardian:Defend_Guardian+1","Guardian:Defend_Guardian","Guardian:CurlUp+1","Guardian:TwinSlam+1","Guardian:Preprogram+1","Regret","Guardian:Reroute+1","Guardian:Gem_Cyan","Guardian:Gem_Crimson","Guardian:ChargeUp"],"relics":["Guardian:ModeShifter","Matryoshka","Smiling Mask","Nunchaku","Boot"],"acts_visited":["Exordium"],"potions_floor_usage":[16,16,16],"damage_taken":[{"damage":1,"enemies":"Cultist","floor":2,"turns":3},{"damage":0,"enemies":"Small Slimes","floor":3,"turns":3},{"damage":5,"enemies":"downfall:FleeingMerchant","floor":4,"turns":4},{"damage":27,"enemies":"Lagavulin Event","floor":8,"turns":8},{"damage":11,"enemies":"downfall:FleeingMerchant","floor":9,"turns":4},{"damage":6,"enemies":"Jaw Worm","floor":10,"turns":2},{"damage":2,"enemies":"3 Louse","floor":12,"turns":3},{"damage":14,"enemies":"Exordium Thugs","floor":15,"turns":3},{"damage":25,"enemies":"downfall:Ironclad","floor":16,"turns":5}],"seed_played":"-603888249113822399","potions_obtained":[{"floor":2,"key":"Energy Potion"},{"floor":3,"key":"PowerPotion"},{"floor":10,"key":"Block Potion"}],"is_trial":false,"path_per_floor":["R","M","M","$","?","R","T","?","$","M","R","M","R","T","M","B"],"character_chosen":"GUARDIAN","items_purchased":["Guardian:Gem_Lightblue","Guardian:Gem_Cyan"],"campfire_rested":0,"item_purchase_floors":[4,9],"current_hp_per_floor":[88,87,87,82,82,82,82,55,44,38,38,36,36,36,22,0,0,0],"gold":82,"neow_bonus":"TEN_PERCENT_HP_BONUS","is_daily":false,"chose_seed":false,"campfire_upgraded":4,"win_rate":0.0,"timestamp":1609395732,"path_taken":["R","M","M","$","?","R","T","?","$","M","R","M","R","?","M","BOSS"],"items_purchased_type":["Card","Card"],"build_version":"2020-12-22","purchased_purges":1,"victory":false,"max_hp_per_floor":[88,88,88,88,88,88,88,88,88,88,88,88,88,88,88,88,88,88],"card_choices":[{"not_picked":["Guardian:TemporalShield","Guardian:VentSteam"],"picked":"Guardian:Preprogram","floor":2},{"not_picked":["Guardian:FloatingOrbs","Guardian:BronzeOrb"],"picked":"Guardian:Gem_Crimson","floor":3},{"not_picked":["Guardian:TemporalStrike","Guardian:RefractedBeam","Guardian:Suspension"],"picked":"SKIP","floor":4},{"not_picked":["Guardian:Suspension","Guardian:Gem_White"],"picked":"Guardian:Reroute","floor":8},{"not_picked":["Guardian:BronzeArmor","Guardian:ArmoredProtocol"],"picked":"Guardian:Gem_Crimson","floor":9},{"not_picked":["Guardian:Gem_Lightblue","Guardian:Incinerate"],"picked":"Guardian:Gem_Crimson","floor":10},{"not_picked":["Guardian:Gem_Cyan","Guardian:ChargeCore"],"picked":"Guardian:Gem_Crimson","floor":12},{"not_picked":["Guardian:PrimingBeam","Guardian:WalkerClaw"],"picked":"Guardian:ChargeUp","floor":15}],"player_experience":289109,"relics_obtained":[{"floor":7,"key":"Matryoshka"},{"floor":8,"key":"Smiling Mask"},{"floor":14,"key":"Nunchaku"},{"floor":14,"key":"Boot"}],"event_choices":[],"is_beta":false,"boss_relics":[],"items_purged_floors":[9],"is_endless":false,"potions_floor_spawned":[2,3,10,15],"killed_by":"downfall:Ironclad","ascension_level":0}}