{"host":"5fasz840ryq7obdf","time":1609374129,"event":{"mods":["AchievementEnabler","BaseMod","Bestiary","Better Altar","Better Skull","Better Third Choice","BetterRewards","Block Reminder","Colored Powertips","Curses Come First","Downfall","Highlight Path","Minty Spire (QoL Compilation)","Quick Restart","Relic Sorter","Relic Stats","Shop Mod","Spicy Shops","StSLib","SuperFastMode"],"gold_per_floor":[99,99,99,156,156,190,190,205,230,230,330,341,93,112,125,223,223,223,240,256,140,152,152,176,186,186,216,216,241,254,281,297,397,397,397,408,419,432,444,457,484,518,529,547,560,586,188,205,224,224],"floor_reached":51,"playtime":6868,"items_purged":["Regret","Normality"],"score":924,"play_id":"a122180b-ffd6-4f8c-803e-f67f6db1a2e7","local_time":"20201231002209","is_ascension_mode":true,"campfire_choices":[{"data":"Slimebound:Split","floor":1.0,"key":"SMITH"},{"data":"Slimebound:Grow","floor":10.0,"key":"SMITH"},{"data":"Slimebound:FirmFortitude","floor":18.0,"key":"SMITH"},{"data":"Sadistic Nature","floor":23.0,"key":"SMITH"},{"data":"Slimebound:Equalize","floor":35.0,"key":"SMITH"}],"circlet_count":0,"master_deck":["Slimebound:Strike_Slimebound","Slimebound:Strike_Slimebound","Slimebound:Strike_Slimebound+1","Slimebound:Tackle","Slimebound:Defend_Slimebound","Slimebound:Defend_Slimebound+1","Slimebound:Defend_Slimebound","Slimebound:Defend_Slimebound+1","Slimebound:Split+1","Slimebound:CorrosiveSpit","Slimebound:RainOfGoop+1","Slimebound:HauntingLick","Slimebound:Grow+1","Slimebound:LivingWall","Slimebound:LeechingTouch","Slimebound:Teamwork","Slimebound:Dissolve","Slimebound:GoopSpray","Sadistic Nature+1","Slimebound:FirmFortitude+1","Slimebound:ViciousTackle","Slimebound:GoopSpray","Slimebound:DouseInSlime","Slimebound:LivingWall","Slimebound:RainOfGoop","Slimebound:ViciousTackle","Slimebound:SamplingLick","Slimebound:Equalize+1","Slimebound:FormOfPuddle","Slimebound:Schlurp+1","Slimebound:SpikyOuterGoop+1","Slimebound:LeadByExample","Slimebound:HauntingLick+1","Slimebound:PressTheAttack","Slimebound:DouseInSlime","Slimebound:SamplingLick+1","Slimebound:Replication","Slimebound:SplitMire+1","Slimebound:Repurpose+1","Slimebound:LivingWall+1","Parasite","Slimebound:LivingWall+1","Slimebound:Equalize","Slimebound:SamplingLick+1","Slimebound:SelfFormingGoo","Clumsy","Slimebound:RejuvenatingLick","Slimebound:MassFeed","Slimebound:SpikyOuterGoop","Slimebound:SplitMire","Slimebound:RainOfGoop"],"relics":["Slimebound:AbsorbEndCombat","downfall:HeartsMalice","Lizard Tail","Pen Nib","FossilizedHelix","Eternal Feather","downfall:GremlinWheel","Cursed Key","StoneCalendar","Tiny Chest","Bloody Idol","Bottled Flame","Ancient Tea Set","Slimebound:AggressiveSlimeRelic","Runic Pyramid","War Paint","Incense Burner","Mercury Hourglass","Mummified Hand","Membership Card"],"acts_visited":["Exordium","TheCity","TheBeyond"],"potions_floor_usage":[],"damage_taken":[{"damage":0.0,"enemies":"Small Slimes","floor":2.0,"turns":1.0},{"damage":0.0,"enemies":"2 Louse","floor":3.0,"turns":1.0},{"damage":0.0,"enemies":"3 Sentries","floor":4.0,"turns":1.0},{"damage":32.0,"enemies":"Lagavulin","floor":6.0,"turns":5.0},{"damage":9.0,"enemies":"Cultist","floor":8.0,"turns":3.0},{"damage":17.0,"enemies":"Gremlin Nob","floor":9.0,"turns":4.0},{"damage":8.0,"enemies":"Gremlin Nob","floor":11.0,"turns":3.0},{"damage":7.0,"enemies":"Exordium Wildlife","floor":12.0,"turns":3.0},{"damage":8.0,"enemies":"downfall:FleeingMerchant","floor":13.0,"turns":4.0},{"damage":13.0,"enemies":"Lots of Slimes","floor":14.0,"turns":3.0},{"damage":1.0,"enemies":"2 Fungi Beasts","floor":15.0,"turns":3.0},{"damage":16.0,"enemies":"downfall:Silent","floor":16.0,"turns":6.0},{"damage":11.0,"enemies":"3 Byrds","floor":19.0,"turns":4.0},{"damage":20.0,"enemies":"Centurion and Healer","floor":20.0,"turns":3.0},{"damage":11.0,"enemies":"downfall:FleeingMerchant","floor":21.0,"turns":4.0},{"damage":3.0,"enemies":"Chosen and Byrds","floor":22.0,"turns":4.0},{"damage":8.0,"enemies":"Cultist and Chosen","floor":25.0,"turns":4.0},{"damage":0.0,"enemies":"Book of Stabbing","floor":27.0,"turns":3.0},{"damage":31.0,"enemies":"Slavers","floor":29.0,"turns":6.0},{"damage":4.0,"enemies":"Shelled Parasite and Fungi","floor":30.0,"turns":5.0},{"damage":27.0,"enemies":"Book of Stabbing","floor":31.0,"turns":4.0},{"damage":0.0,"enemies":"Snake Plant","floor":32.0,"turns":2.0},{"damage":33.0,"enemies":"downfall:Watcher","floor":33.0,"turns":6.0},{"damage":12.0,"enemies":"Orb Walker","floor":36.0,"turns":3.0},{"damage":3.0,"enemies":"3 Shapes","floor":37.0,"turns":4.0},{"damage":24.0,"enemies":"Writhing Mass","floor":38.0,"turns":5.0},{"damage":33.0,"enemies":"4 Shapes","floor":39.0,"turns":5.0},{"damage":34.0,"enemies":"Sphere and 2 Shapes","floor":40.0,"turns":5.0},{"damage":71.0,"enemies":"Reptomancer","floor":42.0,"turns":8.0},{"damage":41.0,"enemies":"Jaw Worm Horde","floor":43.0,"turns":6.0},{"damage":11.0,"enemies":"4 Shapes","floor":44.0,"turns":5.0},{"damage":11.0,"enemies":"Writhing Mass","floor":45.0,"turns":6.0},{"damage":43.0,"enemies":"Giant Head","floor":46.0,"turns":8.0},{"damage":0.0,"enemies":"downfall:FleeingMerchant","floor":47.0,"turns":4.0},{"damage":43.0,"enemies":"Reptomancer","floor":48.0,"turns":7.0},{"damage":9.0,"enemies":"Maw","floor":49.0,"turns":6.0},{"damage":73,"enemies":"downfall:Ironclad","floor":50,"turns":15}],"seed_played":"-5666447256521473340","potions_obtained":[{"floor":6.0,"key":"GamblersBrew"},{"floor":8.0,"key":"Slimebound:SlimyTonguePotion"},{"floor":9.0,"key":"Regen Potion"},{"floor":14.0,"key":"Ancient Potion"},{"floor":19.0,"key":"Fire Potion"},{"floor":20.0,"key":"EssenceOfSteel"},{"floor":25.0,"key":"FairyPotion"},{"floor":28.0,"key":"downfall:CursedFountainPotion"},{"floor":31.0,"key":"Explosive Potion"},{"floor":32.0,"key":"LiquidBronze"},{"floor":33.0,"key":"Swift Potion"},{"floor":39.0,"key":"DuplicationPotion"},{"floor":42.0,"key":"Weak Potion"},{"floor":45.0,"key":"Slimebound:SlimedPotion"},{"floor":49.0,"key":"Explosive Potion"}],"is_trial":false,"path_per_floor":["R","M","M","?","?","E","T","M","E","R","?","M","$","M","M","B",null,"R","M","M","$","M","R","T","M","?","E","?","E","M","E","M","B",null,"R","M","M","M","M","M","T","E","M","M","M","E","$","E","M","B",null],"character_chosen":"SLIMEBOUND","items_purchased":["Sadistic Nature","Slimebound:FirmFortitude","Slimebound:SamplingLick","Mercury Hourglass","Mummified Hand","Membership Card","Slimebound:RejuvenatingLick","Slimebound:MassFeed","Slimebound:SpikyOuterGoop"],"campfire_rested":0,"item_purchase_floors":[13,13,21,47,47,47,47,47,47],"current_hp_per_floor":[60,60,60,60,60,43,43,44,41,50,59,60,60,57,59,52,60,60,59,44,49,56,60,60,54,24,33,33,21,42,24,37,31,60,60,59,60,59,38,45,50,8,31,41,60,30,49,44,56,25],"gold":224,"neow_bonus":"THREE_ENEMY_KILL","is_daily":false,"chose_seed":false,"campfire_upgraded":5,"win_rate":0.0,"timestamp":1609374129,"path_taken":["R","M","M","?","?","E","T","M","E","R","?","M","$","?","M","BOSS","R","M","M","$","M","R","T","M","?","E","?","E","M","E","M","BOSS","R","M","M","?","M","M","T","E","M","M","M","E","$","E","M","BOSS"],"items_purchased_type":["Card","Card","Card","Relic","Relic","Relic","Card","Card","Card"],"build_version":"2020-12-22","purchased_purges":2,"victory":true,"max_hp_per_floor":[60,60,60,60,60,60,60,60,60,60,60,60,60,60,60,60,60,60,60,60,60,60,60,60,60,60,60,60,60,60,60,60,60,60,60,60,60,60,60,60,60,60,60,60,60,60,60,63,63,66],"relic_stats":{"Lizard Tail":0,"counters":[37,165],"Mummified Hand":[16],"Bloody Idol":94,"Eternal Feather":13,"StoneCalendar":[151],"Tiny Chest":0,"Pen Nib":[13],"War Paint":["Slimebound:Schlurp","Slimebound:Defend_Slimebound"],"Cursed Key":2,"obtain_stats":[{"Slimebound:AggressiveSlimeRelic":31,"downfall:HeartsMalice":0,"Eternal Feather":9,"StoneCalendar":23,"Pen Nib":6,"Incense Burner":46,"War Paint":42,"Cursed Key":17,"Ancient Tea Set":29,"Mercury Hourglass":47,"Lizard Tail":4,"Bottled Flame":27,"downfall:GremlinWheel":11,"Mummified Hand":47,"Bloody Idol":26,"Tiny Chest":24,"Slimebound:AbsorbEndCombat":0,"Membership Card":47,"FossilizedHelix":7,"Runic Pyramid":34},{"Slimebound:AggressiveSlimeRelic":21,"downfall:HeartsMalice":0,"Eternal Feather":6,"StoneCalendar":16,"Pen Nib":4,"Incense Burner":33,"War Paint":29,"Cursed Key":12,"Ancient Tea Set":19,"Mercury Hourglass":34,"Lizard Tail":3,"Bottled Flame":18,"downfall:GremlinWheel":7,"Mummified Hand":34,"Bloody Idol":17,"Tiny Chest":16,"Slimebound:AbsorbEndCombat":0,"Membership Card":34,"FossilizedHelix":4,"Runic Pyramid":23},{"Slimebound:AggressiveSlimeRelic":70,"downfall:HeartsMalice":0,"Eternal Feather":11,"StoneCalendar":48,"Pen Nib":4,"Incense Burner":133,"War Paint":108,"Cursed Key":33,"Ancient Tea Set":61,"Mercury Hourglass":137,"Lizard Tail":0,"Bottled Flame":55,"downfall:GremlinWheel":14,"Mummified Hand":137,"Bloody Idol":52,"Tiny Chest":48,"Slimebound:AbsorbEndCombat":0,"Membership Card":137,"FossilizedHelix":4,"Runic Pyramid":78}],"Mercury Hourglass":[57]},"card_choices":[{"not_picked":["Slimebound:RollThrough","Slimebound:SplitBruiser"],"picked":"Slimebound:RainOfGoop","floor":2.0},{"not_picked":["Slimebound:SplitBruiser","Slimebound:GoopSpray"],"picked":"Slimebound:HauntingLick","floor":3.0},{"not_picked":["Slimebound:HauntingLick","Slimebound:RollThrough"],"picked":"Slimebound:Grow","floor":4.0},{"not_picked":["Slimebound:SplitLeeching","Slimebound:AcidTongue"],"picked":"Slimebound:LivingWall","floor":6.0},{"not_picked":["Slimebound:FinishingTackle","Slimebound:ForwardTackle"],"picked":"Slimebound:LeechingTouch","floor":8.0},{"not_picked":["Slimebound:LeechingTouch","Slimebound:FinishingTackle"],"picked":"Slimebound:Teamwork","floor":9.0},{"not_picked":["Slimebound:ProtectTheBoss","Slimebound:RainOfGoop"],"picked":"Slimebound:Dissolve","floor":12.0},{"not_picked":["Slimebound:SlimeTap","Slimebound:ProtectTheBoss"],"picked":"Slimebound:GoopSpray","floor":13.0},{"not_picked":["Slimebound:PressTheAttack","Slimebound:LeechingTouch"],"picked":"Slimebound:ViciousTackle","floor":14.0},{"not_picked":["Slimebound:SplitAcid","Slimebound:Repurpose"],"picked":"Slimebound:GoopSpray","floor":15.0},{"not_picked":["Slimebound:OneTwoCombo","Slimebound:Overexert"],"picked":"Slimebound:DouseInSlime","floor":16.0},{"not_picked":["Slimebound:DivideAndConquer","Slimebound:LeechEnergy"],"picked":"Slimebound:LivingWall","floor":19.0},{"not_picked":["Slimebound:Schlurp","Slimebound:ServeAndProtect"],"picked":"Slimebound:RainOfGoop","floor":20.0},{"not_picked":["Slimebound:PrepareCrush","Slimebound:SplitLeeching+1"],"picked":"Slimebound:ViciousTackle","floor":21.0},{"not_picked":["Slimebound:GoopSpray+1","Slimebound:SamplingLick"],"picked":"Slimebound:Equalize","floor":22.0},{"not_picked":["Slimebound:RollThrough","Slimebound:SamplingLick"],"picked":"Slimebound:FormOfPuddle","floor":25.0},{"not_picked":["Slimebound:Equalize","Slimebound:ItLooksTasty"],"picked":"Slimebound:Schlurp","floor":27.0},{"not_picked":["Slimebound:GrowthPunch+1","Slimebound:SlimeSpikes"],"picked":"Slimebound:SpikyOuterGoop+1","floor":29.0},{"not_picked":["Slimebound:DisruptingSlam+1","Slimebound:GrowthPunch"],"picked":"Slimebound:LeadByExample","floor":30.0},{"not_picked":["Slimebound:SplitBruiser","Slimebound:Nibble"],"picked":"Slimebound:HauntingLick+1","floor":31.0},{"not_picked":["Slimebound:SlimeBarrage","Slimebound:FormOfPuddle"],"picked":"Slimebound:PressTheAttack","floor":32.0},{"not_picked":["Slimebound:RallyTheTroops","Slimebound:MassRepurpose"],"picked":"Slimebound:DouseInSlime","floor":33.0},{"not_picked":["Slimebound:SlimeTap","Slimebound:PressTheAttack"],"picked":"Slimebound:SamplingLick+1","floor":36.0},{"not_picked":["Slimebound:SamplingLick+1","Slimebound:RollThrough+1"],"picked":"Slimebound:Replication","floor":37.0},{"not_picked":["Slimebound:FinishingTackle+1","Slimebound:Repurpose+1"],"picked":"Slimebound:SplitMire+1","floor":38.0},{"not_picked":["Slimebound:LivingWall+1","Slimebound:ItLooksTasty+1"],"picked":"Slimebound:Repurpose+1","floor":39.0},{"not_picked":["Slimebound:FlameTackle","Slimebound:GoopTackle+1"],"picked":"Slimebound:LivingWall+1","floor":40.0},{"not_picked":["Slimebound:SlimeSpikes","Slimebound:SplitAcid"],"picked":"Slimebound:LivingWall+1","floor":42.0},{"not_picked":["Slimebound:FlameTackle","Slimebound:ComboTackle+1","Slimebound:GoopSpray"],"picked":"SKIP","floor":43.0},{"not_picked":["Slimebound:Grow+1","Slimebound:FirmFortitude"],"picked":"Slimebound:Equalize","floor":44.0},{"not_picked":["Slimebound:LeechEnergy","Slimebound:ProtectTheBoss"],"picked":"Slimebound:SamplingLick+1","floor":45.0},{"not_picked":["Slimebound:Schlurp+1","Slimebound:GoopTackle"],"picked":"Slimebound:SelfFormingGoo","floor":46.0},{"not_picked":["Slimebound:PressTheAttack+1","Slimebound:FormOfPuddle"],"picked":"Slimebound:SplitMire","floor":48.0},{"not_picked":["Slimebound:ForwardTackle","Slimebound:GoopSpray+1"],"picked":"Slimebound:RainOfGoop","floor":49.0}],"player_experience":1316756,"relics_obtained":[{"floor":4.0,"key":"Lizard Tail"},{"floor":6.0,"key":"Pen Nib"},{"floor":7.0,"key":"FossilizedHelix"},{"floor":9.0,"key":"Eternal Feather"},{"floor":11.0,"key":"downfall:GremlinWheel"},{"floor":23.0,"key":"StoneCalendar"},{"floor":24.0,"key":"Tiny Chest"},{"floor":27.0,"key":"Bottled Flame"},{"floor":29.0,"key":"Ancient Tea Set"},{"floor":31.0,"key":"Slimebound:AggressiveSlimeRelic"},{"floor":42.0,"key":"War Paint"},{"floor":46.0,"key":"Incense Burner"}],"event_choices":[{"damage_healed":0.0,"max_hp_gain":0.0,"max_hp_loss":0.0,"gold_gain":0.0,"event_name":"Wheel of Change","player_choice":"Relic","floor":23.0,"gold_loss":0.0,"damage_taken":0.0},{"damage_healed":0.0,"max_hp_gain":54.0,"max_hp_loss":24.0,"gold_gain":0.0,"event_name":"betterAltar:BetterAltar","player_choice":" Idol ","floor":26.0,"potions_obtained":[],"relics_lost":[],"gold_loss":0.0,"damage_taken":30.0,"relics_obtained":["Bloody Idol"]}],"is_beta":false,"boss_relics":[{"not_picked":["Empty Cage","downfall:Hecktoplasm"],"picked":"Cursed Key"},{"not_picked":["Velvet Choker","Astrolabe"],"picked":"Runic Pyramid"}],"items_purged_floors":[21,47],"is_endless":false,"potions_floor_spawned":[6,8,9,14,19,20,25,31,32,33,36,39,42,45,49],"ascension_level":1}}