{"host":"a1eatafr7pisesky","time":1609428755,"event":{"mods":["BaseMod","Colored Map","DeckTracker","Highlight Path","Keyboard Shortcuts","Minty Spire (QoL Compilation)","Permanent Neow","Random Character Button","StSLib","SuperFastMode","everything is the same but u backflip on backflip"],"gold_per_floor":[369,294,369,384,397,397,424,440,464,495,495,514,531,561,561,657,657,674,674,674],"floor_reached":19,"playtime":421,"items_purged":["Strike_R"],"score":332,"play_id":"a1353ed3-63a2-46bd-a8fc-a1049a274ac1","local_time":"20210101003235","is_ascension_mode":true,"campfire_choices":[{"floor":6.0,"key":"REST"},{"floor":11.0,"key":"REST"},{"floor":15.0,"key":"REST"}],"circlet_count":0,"master_deck":["AscendersBane","Strike_R","Strike_R","Defend_R","Defend_R","Defend_R","Bash","Whirlwind","Uppercut","Bloodletting","Inflame","Flex","Power Through","Impervious","Uppercut+1","Twin Strike+1","Clothesline+1","Body Slam+1"],"relics":["Burning Blood","Vajra","PreservedInsect","Pen Nib","Singing Bowl","Astrolabe"],"acts_visited":["Exordium","TheCity"],"potions_floor_usage":[],"damage_taken":[{"damage":17.0,"enemies":"2 Louse","floor":1.0,"turns":3.0},{"damage":6.0,"enemies":"Cultist","floor":4.0,"turns":3.0},{"damage":19.0,"enemies":"Jaw Worm","floor":5.0,"turns":5.0},{"damage":20.0,"enemies":"3 Sentries","floor":7.0,"turns":4.0},{"damage":11.0,"enemies":"2 Fungi Beasts","floor":8.0,"turns":3.0},{"damage":28.0,"enemies":"Lagavulin","floor":10.0,"turns":6.0},{"damage":7.0,"enemies":"Exordium Wildlife","floor":12.0,"turns":3.0},{"damage":21.0,"enemies":"Exordium Thugs","floor":13.0,"turns":5.0},{"damage":3.0,"enemies":"Gremlin Nob","floor":14.0,"turns":2.0},{"damage":43.0,"enemies":"Slime Boss","floor":16.0,"turns":9.0},{"damage":45.0,"enemies":"Shell Parasite","floor":18.0,"turns":6.0},{"damage":0,"enemies":"Spheric Guardian","floor":19,"turns":1}],"seed_played":"-1714615417214771989","potions_obtained":[{"floor":1.0,"key":"DuplicationPotion"},{"floor":4.0,"key":"PowerPotion"},{"floor":8.0,"key":"ColorlessPotion"},{"floor":12.0,"key":"Dexterity Potion"},{"floor":18.0,"key":"ElixirPotion"}],"is_trial":false,"path_per_floor":["M","$","?","M","M","R","E","M","T","E","R","M","M","E","R","B",null,"M","M"],"character_chosen":"IRONCLAD","items_purchased":[],"campfire_rested":3,"item_purchase_floors":[],"current_hp_per_floor":[61,61,54,54,41,62,48,43,43,21,42,41,26,29,50,13,57,18,18,18],"gold":674,"neow_bonus":"TWO_FIFTY_GOLD","is_daily":false,"chose_seed":false,"campfire_upgraded":0,"win_rate":0.0,"timestamp":1609428755,"path_taken":["M","$","?","M","M","R","E","M","T","E","R","M","M","E","R","BOSS","M","?"],"items_purchased_type":[],"build_version":"2020-12-22","purchased_purges":1,"victory":false,"max_hp_per_floor":[72,72,72,72,72,72,72,72,72,72,72,72,72,72,72,72,72,72,72,72],"card_choices":[{"not_picked":["Anger","Flex"],"picked":"Whirlwind","floor":1.0},{"not_picked":["Iron Wave","Anger","Wild Strike"],"picked":"SKIP","floor":4.0},{"not_picked":["Thunderclap","Clothesline","Dual Wield"],"picked":"SKIP","floor":5.0},{"not_picked":["Heavy Blade","Warcry"],"picked":"Uppercut","floor":7.0},{"not_picked":["Uppercut","Hemokinesis"],"picked":"Bloodletting","floor":8.0},{"not_picked":["Anger","Heavy Blade","Perfected Strike"],"picked":"SKIP","floor":10.0},{"not_picked":["True Grit","Evolve"],"picked":"Inflame","floor":12.0},{"not_picked":["Bludgeon","Twin Strike"],"picked":"Flex","floor":13.0},{"not_picked":["Perfected Strike","Body Slam"],"picked":"Power Through","floor":14.0},{"not_picked":["Corruption","Bludgeon"],"picked":"Impervious","floor":16.0},{"not_picked":["Havoc+1","Thunderclap"],"picked":"Body Slam+1","floor":18.0}],"player_experience":278494,"relics_obtained":[{"floor":7.0,"key":"Vajra"},{"floor":9.0,"key":"PreservedInsect"},{"floor":10.0,"key":"Pen Nib"},{"floor":14.0,"key":"Singing Bowl"}],"event_choices":[{"damage_healed":0.0,"max_hp_gain":0.0,"max_hp_loss":0.0,"gold_gain":75.0,"event_name":"FaceTrader","player_choice":"Touch","floor":3.0,"gold_loss":0.0,"damage_taken":7.0}],"is_beta":false,"boss_relics":[{"not_picked":["Ectoplasm","Black Star"],"picked":"Astrolabe"}],"items_purged_floors":[2],"is_endless":false,"potions_floor_spawned":[1,4,8,12,18],"killed_by":"Spheric Guardian","ascension_level":11}}