{"host":"0azimyi6n3ugndj4","time":1609443379,"event":{"mods":["2.2 Compatiblity","BaseMod","Bestiary","Conspire","Curses Come First","Defuse TimeMaze Blight","Hyrulean Relics","Infinite Spire","Minty Spire (QoL Compilation)","Relic Stats","Replay The Spire","StSLib","SuperFastMode","Uncapped","¡¼?Úª?ø«¡½REMEMod"],"gold_per_floor":[141,141,141,174,124,223,223,498,498,594,627,627,139,139,139,370,370,430,430,487,487,487],"floor_reached":21,"playtime":295,"items_purged":[],"score":645,"play_id":"1f6beaff-de9a-4e09-b473-42d93cb98598","local_time":"20210101043619","daily_mods":["SealedDeck","Hoarder","Insanity","Chimera","Specialized","Vintage","ControlledChaos","Allstar","Diverse","Colorless Cards","Heirloom","Time Dilation","Flight","Elite Swarm","Lethality","Midas","Binary"],"is_ascension_mode":true,"campfire_choices":[{"floor":7,"key":"REST"},{"data":"Regret","floor":15,"key":"PURGE"}],"circlet_count":0,"master_deck":["Demon Form","Wraith Form v2","Echo Form","DevaForm","AscendersBane","Bash","Survivor","Zap","Eruption","Strike_R","Strike_G","Strike_B","Defend_R","Defend_G","Defend_P","Clash","Replay:BluntJabs","FIFO Queue","Compile Driver","CutThroughFate","ClearTheMind","Dagger Throw","Leap","ReplayTheSpireMod:Strike From Hell","PiercingWail","Backflip","Heavy Blade","Bane","Beam Cell","Searing Blow","Replay:AtTheReady","DeceiveReality","Defragment","ReplayTheSpireMod:Reroute Power","Panic Button","ReplayTheSpireMod:Limb From Limb","Steam","Replay:ManipulateFuture","Beam Cell","Flex","Replay:BluntJabs","CutThroughFate","Gash","Outmaneuver","Headbutt","Replay:Sssssssssstrike","Warcry","Setup","Thunderclap","EmptyBody","Prepared","Conserve Battery","Feel No Pain","Trip","FlurryOfBlows","Compile Driver","Indignation","Poisoned Stab","Rage","Replay:Battleflow","Flying Knee","Quick Slash","BootSequence","FlyingSleeves","ReplayTheSpireMod:Strike From Hell","Choke","Choke","Choke","Choke","Choke","Choke","Choke","Choke+1","Choke","Choke","Choke","Choke","Choke","Choke","Choke","FollowUp","FollowUp","FollowUp","Vengeance","Vengeance","Vengeance","Melter","Melter","EmptyFist","EmptyFist","EmptyFist","Impatience","Impatience","Impatience","InnerPeace","InnerPeace","InnerPeace","CrushJoints","CrushJoints","CrushJoints","Steam","Steam","Steam","Gash","Gash","Gash","Evaluate","Evaluate+1","Evaluate","Secret Weapon","Secret Weapon","Secret Weapon","conspire:SpireCoStock","conspire:SpireCoStock","conspire:SpireCoStock","Regret","Regret","Pain","Pain","Pain"],"relics":["Burning Blood","Frozen Eye","Busted Crown","REME_ComplimentaryCards","Replay:Kaleidoscope","TungstenRod","Molten Egg 2","zeldaRelics:CourageTriforce","Pantograph","infinitespire:Cubic Diamond","HandDrill","Unceasing Top","conspire:RoyalGoblet","Replay:Bottled Snecko","WarpedTongs","Golden Egg"],"acts_visited":["Exordium","TheCity"],"potions_floor_usage":[20,21],"damage_taken":[{"damage":0,"enemies":"2 Louse","floor":1,"turns":1},{"damage":0,"enemies":"Jaw Worm","floor":4,"turns":1},{"damage":0,"enemies":"Gremlin Nob","floor":6,"turns":2},{"damage":14,"enemies":"Lagavulin","floor":10,"turns":3},{"damage":0,"enemies":"Cultist","floor":11,"turns":2},{"damage":55,"enemies":"The Guardian","floor":16,"turns":5},{"damage":44,"enemies":"2 Thieves","floor":18,"turns":2},{"damage":12,"enemies":"Shell Parasite","floor":20,"turns":2},{"damage":13,"enemies":"Masked Bandits","floor":21,"turns":2}],"seed_played":"-1029992176209919731","potions_obtained":[{"floor":1,"key":"Adrenaline Potion"},{"floor":16,"key":"Swift Potion"}],"is_trial":true,"path_per_floor":["M","?","?","M","?","E","R","?","T","E","M","?","$","?","R","B",null,"M","?","M","?"],"character_chosen":"WATCHER","items_purchased":["HandDrill","Unceasing Top"],"campfire_rested":1,"item_purchase_floors":[13,13],"current_hp_per_floor":[61,61,52,52,52,52,68,68,68,54,54,54,54,35,35,11,54,16,16,10,0,0],"gold":487,"neow_bonus":"","is_daily":false,"chose_seed":false,"campfire_upgraded":0,"win_rate":0.0,"timestamp":1609443379,"path_taken":["M","?","?","?","?","E","R","?","T","E","?","?","$","?","R","BOSS","M","?","?","?"],"items_purchased_type":["Relic","Relic"],"build_version":"2020-12-22","purchased_purges":0,"victory":false,"max_hp_per_floor":[68,68,68,68,68,68,68,68,68,68,68,68,68,68,68,68,68,68,68,68,68,68],"relic_stats":{"Busted Crown":12,"counters":[9,20],"Pantograph":25,"HandDrill":[4],"obtain_stats":[{"Golden Egg":20,"conspire:RoyalGoblet":17,"infinitespire:Cubic Diamond":12,"Replay:Kaleidoscope":0,"zeldaRelics:CourageTriforce":10,"Burning Blood":12,"WarpedTongs":19,"Frozen Eye":0,"Busted Crown":0,"Pantograph":11,"Molten Egg 2":4,"zeldaRelics:CouragePiece":6,"HandDrill":13,"Replay:Bottled Snecko":18,"PureWater":0,"TungstenRod":1,"Unceasing Top":13,"REME_ComplimentaryCards":0},{"Golden Egg":8,"conspire:RoyalGoblet":6,"infinitespire:Cubic Diamond":5,"Replay:Kaleidoscope":0,"zeldaRelics:CourageTriforce":4,"Burning Blood":5,"WarpedTongs":7,"Frozen Eye":0,"Busted Crown":0,"Pantograph":5,"Molten Egg 2":2,"zeldaRelics:CouragePiece":3,"HandDrill":5,"Replay:Bottled Snecko":7,"PureWater":0,"TungstenRod":1,"Unceasing Top":5,"REME_ComplimentaryCards":0},{"Golden Egg":18,"conspire:RoyalGoblet":14,"infinitespire:Cubic Diamond":9,"Replay:Kaleidoscope":0,"zeldaRelics:CourageTriforce":7,"Burning Blood":9,"WarpedTongs":16,"Frozen Eye":0,"Busted Crown":0,"Pantograph":9,"Molten Egg 2":2,"zeldaRelics:CouragePiece":4,"HandDrill":9,"Replay:Bottled Snecko":16,"PureWater":0,"TungstenRod":1,"Unceasing Top":9,"REME_ComplimentaryCards":0}],"Burning Blood":18,"TungstenRod":24,"Unceasing Top":[7],"WarpedTongs":[4]},"card_choices":[],"player_experience":1482048,"relics_obtained":[{"floor":1,"key":"TungstenRod"},{"floor":4,"key":"Molten Egg 2"},{"floor":6,"key":"zeldaRelics:CouragePiece"},{"floor":9,"key":"zeldaRelics:CouragePiece"},{"floor":10,"key":"zeldaRelics:CouragePiece"},{"floor":11,"key":"Pantograph"},{"floor":18,"key":"Replay:Bottled Snecko"},{"floor":20,"key":"Golden Egg"}],"event_choices":[{"damage_healed":0,"gold_gain":0,"player_choice":"Damaged","damage_taken":10,"max_hp_gain":0,"max_hp_loss":0,"event_name":"Wheel of Change","floor":3,"gold_loss":0},{"damage_healed":0,"gold_gain":0,"player_choice":"Invest 1","damage_taken":0,"max_hp_gain":0,"max_hp_loss":0,"event_name":"conspire:Investor","floor":5,"gold_loss":0},{"damage_healed":0,"gold_gain":275,"player_choice":"Desecrate","damage_taken":0,"max_hp_gain":0,"max_hp_loss":0,"event_name":"Golden Shrine","floor":8,"gold_loss":0,"cards_obtained":["Regret"]},{"damage_healed":0,"gold_gain":0,"player_choice":"Entered Light","damage_taken":20,"max_hp_gain":0,"max_hp_loss":0,"event_name":"Shining Light","floor":14,"gold_loss":0,"cards_upgraded":["Choke","Evaluate"]},{"damage_healed":0,"gold_gain":0,"player_choice":"Rummage","damage_taken":0,"relics_obtained":["WarpedTongs"],"max_hp_gain":0,"max_hp_loss":0,"event_name":"Accursed Blacksmith","floor":19,"gold_loss":0,"cards_obtained":["Pain"]},{"damage_healed":0,"gold_gain":0,"player_choice":"Fought Bandits","damage_taken":0,"max_hp_gain":0,"max_hp_loss":0,"event_name":"Masked Bandits","floor":21,"gold_loss":0}],"is_beta":false,"boss_relics":[{"not_picked":["Astrolabe","REME_DuelDisc"],"picked":"conspire:RoyalGoblet"}],"items_purged_floors":[],"is_endless":false,"potions_floor_spawned":[1,16,18],"killed_by":"Masked Bandits","ascension_level":20}}