{"host":"hm3ikmf8oxbtqms2","time":1609378718,"event":{"mods":["BaseMod","Best Route Mod","Bestiary","Better Vampires","Block Reminder","Colored Map","Colored Powertips","Curses Come First","DeckTracker","Displayed Cursed Tome","Highlight Path","Minty Spire (QoL Compilation)","Quick Restart","StSLib"],"gold_per_floor":[111,127,127,127,145,173,173,173,173,173,188,198,218,293,293,395,395,406,406,406,62,79,79,114,114,114,147,147,177,35,52,52,156,156,170,189,244,26,26,26,36,36,36,53,84,5,34,34,34,34],"floor_reached":51,"playtime":5648,"items_purged":["Defend_G+1"],"score":950,"play_id":"ea42a8d4-406d-48fc-b9f1-c7da65111c71","local_time":"20201230203837","is_ascension_mode":true,"campfire_choices":[{"data":"Neutralize","floor":7.0,"key":"SMITH"},{"floor":10.0,"key":"REST"},{"floor":15.0,"key":"REST"},{"data":"After Image","floor":23.0,"key":"SMITH"},{"data":"Catalyst","floor":28.0,"key":"SMITH"},{"data":"Noxious Fumes","floor":32.0,"key":"SMITH"},{"data":"Distraction","floor":40,"key":"SMITH"},{"data":"Malaise","floor":49,"key":"SMITH"}],"circlet_count":0,"master_deck":["Strike_G+1","Defend_G+1","Defend_G+1","Defend_G+1","Defend_G+1","Survivor","Neutralize+1","Cloak And Dagger","Acrobatics+1","Endless Agony","Deflect+1","Backstab","Cloak And Dagger","After Image+1","Poisoned Stab+1","Riddle With Holes+1","Footwork+1","Deadly Poison+1","Catalyst+1","Crippling Poison","Slice","Quick Slash","Backflip+1","Malaise+1","Ghostly","Ghostly","Ghostly","Ghostly","Ghostly","Distraction+1","Blade Dance","Enlightenment","Prepared","Noxious Fumes+1","Deadly Poison+1","Slice+1","Slice+1","Bullet Time"],"relics":["Ring of the Snake","NeowsBlessing","Bird Faced Urn","Ice Cream","Astrolabe","Omamori","Eternal Feather","Tingsha","Centennial Puzzle","Incense Burner","Philosopher\u0027s Stone","CaptainsWheel","Snake Skull","Dream Catcher","Strawberry","Bag of Preparation","Orichalcum"],"acts_visited":["Exordium","TheCity","TheBeyond"],"potions_floor_usage":[47,50],"damage_taken":[{"damage":0.0,"enemies":"Jaw Worm","floor":1.0,"turns":1.0},{"damage":0.0,"enemies":"2 Louse","floor":2.0,"turns":1.0},{"damage":0.0,"enemies":"Cultist","floor":5.0,"turns":1.0},{"damage":21.0,"enemies":"Lagavulin","floor":6.0,"turns":6.0},{"damage":2.0,"enemies":"Exordium Wildlife","floor":11.0,"turns":7.0},{"damage":15.0,"enemies":"Gremlin Gang","floor":12.0,"turns":6.0},{"damage":1.0,"enemies":"Blue Slaver","floor":13.0,"turns":4.0},{"damage":13.0,"enemies":"The Guardian","floor":16.0,"turns":18.0},{"damage":3.0,"enemies":"Spheric Guardian","floor":18.0,"turns":4.0},{"damage":2.0,"enemies":"Shell Parasite","floor":22.0,"turns":4.0},{"damage":14.0,"enemies":"Gremlin Leader","floor":24.0,"turns":8.0},{"damage":1.0,"enemies":"Slavers","floor":27.0,"turns":9.0},{"damage":6.0,"enemies":"Book of Stabbing","floor":29.0,"turns":7.0},{"damage":17.0,"enemies":"Snake Plant","floor":31.0,"turns":5.0},{"damage":18.0,"enemies":"Champ","floor":33.0,"turns":10.0},{"damage":4.0,"enemies":"3 Shapes","floor":35.0,"turns":4.0},{"damage":0.0,"enemies":"3 Darklings","floor":36.0,"turns":7.0},{"damage":25.0,"enemies":"2 Orb Walkers","floor":37.0,"turns":5.0},{"damage":0,"enemies":"Transient","floor":41,"turns":5},{"damage":0,"enemies":"Jaw Worm Horde","floor":44,"turns":5},{"damage":0,"enemies":"Nemesis","floor":45,"turns":7},{"damage":11,"enemies":"Giant Head","floor":47,"turns":9},{"damage":16,"enemies":"Donu and Deca","floor":50,"turns":11}],"seed_played":"3230698024677249749","potions_obtained":[{"floor":1.0,"key":"Strength Potion"},{"floor":2.0,"key":"Swift Potion"},{"floor":6.0,"key":"GhostInAJar"},{"floor":11.0,"key":"EssenceOfSteel"},{"floor":13.0,"key":"Dexterity Potion"},{"floor":27.0,"key":"Weak Potion"},{"floor":31.0,"key":"Strength Potion"},{"floor":44,"key":"DistilledChaos"},{"floor":45,"key":"GamblersBrew"},{"floor":47,"key":"Fire Potion"}],"is_trial":false,"path_per_floor":["M","M","?","?","M","E","R","?","T","R","M","M","M","?","R","B",null,"M","?","?","$","M","R","E","?","T","E","R","E","$","M","R","B",null,"M","M","?","$","?","R","M","?","T","M","E","$","E","T","R","B",null],"character_chosen":"THE_SILENT","items_purchased":["Crippling Poison","Omamori","Slice","Quick Slash","PowerPotion","Enlightenment","Prepared","Snake Skull","Bullet Time"],"campfire_rested":2,"item_purchase_floors":[21,21,21,21,21,30,30,38,46],"current_hp_per_floor":[70,70,56,56,56,35,35,35,35,56,54,39,38,27,48,35,70,67,67,67,67,69,69,58,35,35,34,35,31,31,16,35,17,35,34,35,14,14,14,35,35,35,35,35,42,42,31,31,42,26],"gold":34,"neow_bonus":"THREE_ENEMY_KILL","is_daily":false,"chose_seed":false,"campfire_upgraded":6,"win_rate":0.0,"timestamp":1609378717,"path_taken":["M","M","?","?","?","E","R","?","T","R","M","?","M","?","R","BOSS","M","?","?","?","?","R","E","?","T","E","R","E","?","M","R","BOSS","M","M","?","$","?","R","M","?","T","M","E","$","E","?","R","BOSS"],"items_purchased_type":["Card","Relic","Card","Card","Potion","Card","Card","Relic","Card"],"build_version":"2020-12-22","purchased_purges":1,"victory":true,"max_hp_per_floor":[70,70,70,70,70,70,70,70,70,70,70,70,70,70,70,70,70,70,70,70,70,70,70,70,35,35,35,35,35,35,35,35,35,35,35,35,35,35,35,35,35,35,35,35,42,42,42,42,42,42],"card_choices":[{"not_picked":["Caltrops","PiercingWail"],"picked":"Cloak And Dagger","floor":1.0},{"not_picked":["PiercingWail","Dodge and Roll"],"picked":"Acrobatics","floor":2.0},{"not_picked":["Bane","Doppelganger"],"picked":"Endless Agony","floor":5.0},{"not_picked":["Dagger Spray","All Out Attack"],"picked":"Deflect","floor":6.0},{"not_picked":["Cloak And Dagger","Quick Slash"],"picked":"Backstab","floor":11.0},{"not_picked":["Underhanded Strike","Concentrate","Setup"],"picked":"SKIP","floor":12.0},{"not_picked":["Poisoned Stab","Calculated Gamble"],"picked":"Cloak And Dagger","floor":13.0},{"not_picked":["Malaise","Burst"],"picked":"After Image","floor":16.0},{"not_picked":["Expertise","Tactician"],"picked":"Deadly Poison+1","floor":18.0},{"not_picked":["Dodge and Roll","Terror"],"picked":"Backflip+1","floor":22.0},{"not_picked":["Poisoned Stab","Deadly Poison+1"],"picked":"Malaise","floor":24.0},{"not_picked":["All Out Attack","Blur"],"picked":"Distraction","floor":27.0},{"not_picked":["Bane","Deflect"],"picked":"Blade Dance","floor":29.0},{"not_picked":["Flying Knee","Outmaneuver"],"picked":"Noxious Fumes","floor":31.0},{"not_picked":["Poisoned Stab+1","Sucker Punch"],"picked":"Blade Dance+1","floor":35.0},{"not_picked":["Slice+1","Backstab"],"picked":"Deadly Poison+1","floor":36.0},{"not_picked":["Dagger Throw","Predator+1","Underhanded Strike"],"picked":"SKIP","floor":41},{"not_picked":["Backflip","Poisoned Stab+1"],"picked":"Slice+1","floor":44},{"not_picked":["Cloak And Dagger","Dodge and Roll+1"],"picked":"Slice+1","floor":45},{"not_picked":["Prepared","Dagger Throw+1","Eviscerate+1"],"picked":"SKIP","floor":47}],"player_experience":246616,"relics_obtained":[{"floor":6.0,"key":"Bird Faced Urn"},{"floor":9.0,"key":"Ice Cream"},{"floor":24.0,"key":"Eternal Feather"},{"floor":26.0,"key":"Tingsha"},{"floor":27.0,"key":"Centennial Puzzle"},{"floor":29.0,"key":"Incense Burner"},{"floor":37.0,"key":"CaptainsWheel"},{"floor":43,"key":"Dream Catcher"},{"floor":45,"key":"Strawberry"},{"floor":47,"key":"Bag of Preparation"},{"floor":48,"key":"Orichalcum"}],"event_choices":[{"damage_healed":0.0,"max_hp_gain":0.0,"max_hp_loss":0.0,"gold_gain":0.0,"event_name":"Shining Light","player_choice":"Entered Light","floor":3.0,"gold_loss":0.0,"damage_taken":14.0,"cards_upgraded":["Acrobatics","Strike_G"]},{"cards_removed":["Strike_G"],"damage_healed":0.0,"max_hp_gain":0.0,"max_hp_loss":0.0,"gold_gain":0.0,"event_name":"Purifier","player_choice":"Purged","floor":4.0,"gold_loss":0.0,"damage_taken":0.0},{"damage_healed":0.0,"max_hp_gain":0.0,"max_hp_loss":0.0,"gold_gain":0.0,"event_name":"Accursed Blacksmith","player_choice":"Forge","floor":8.0,"gold_loss":0.0,"damage_taken":0.0,"cards_upgraded":["Deflect"]},{"damage_healed":0.0,"max_hp_gain":0.0,"max_hp_loss":0.0,"gold_gain":75.0,"event_name":"World of Goop","player_choice":"Gather Gold","floor":14.0,"gold_loss":0.0,"damage_taken":11.0},{"damage_healed":0.0,"max_hp_gain":0.0,"max_hp_loss":0.0,"gold_gain":0.0,"event_name":"The Library","player_choice":"Read","floor":19.0,"gold_loss":0.0,"damage_taken":0.0,"cards_obtained":["Catalyst"]},{"damage_healed":0.0,"max_hp_gain":0.0,"max_hp_loss":0.0,"gold_gain":0.0,"event_name":"Back to Basics","player_choice":"Simplicity","floor":20.0,"gold_loss":0.0,"damage_taken":0.0,"cards_upgraded":["Defend_G","Defend_G","Defend_G","Defend_G","Defend_G"]},{"damage_healed":0.0,"max_hp_gain":0.0,"max_hp_loss":35.0,"gold_gain":0.0,"event_name":"Ghosts","player_choice":"Became a Ghost","floor":25.0,"gold_loss":0.0,"damage_taken":0.0,"cards_obtained":["Ghostly","Ghostly","Ghostly","Ghostly","Ghostly"]},{"damage_healed":0.0,"max_hp_gain":0.0,"max_hp_loss":0.0,"gold_gain":0.0,"event_name":"Mysterious Sphere","player_choice":"Fight","floor":37.0,"gold_loss":0.0,"damage_taken":0.0},{"damage_healed":0,"gold_gain":0,"player_choice":"Ignored","damage_taken":0,"max_hp_gain":0,"max_hp_loss":0,"event_name":"The Moai Head","floor":39,"gold_loss":0},{"cards_removed":["Blade Dance"],"damage_healed":0,"gold_gain":0,"player_choice":"Removed Skill","damage_taken":0,"max_hp_gain":0,"max_hp_loss":0,"event_name":"Falling","floor":42,"gold_loss":0}],"is_beta":false,"boss_relics":[{"not_picked":["Snecko Eye","SacredBark"],"picked":"Astrolabe"},{"not_picked":["Sozu","Ring of the Serpent"],"picked":"Philosopher\u0027s Stone"}],"items_purged_floors":[38],"is_endless":false,"potions_floor_spawned":[1,2,6,11,13,27,31,44,45,47],"ascension_level":3}}