{"host":"ql2ou8pbwhrolc4x","time":1609390486,"event":{"mods":["2.2 Compatiblity","Act Like it!","Arknights The Spire","BaseMod","Better Third Choice","Colored Map","Colored Powertips","Gensokyo","Hallownest","Hubris","Infinite Spire","Lobotomy","LobotomyExtend","Marisa£¨Ùöéë¡¡Øª×âÞÞ£©","Minty Spire (QoL Compilation)","Random Character Button","Replay The Spire","Spicy Shops","StSLib","The Jungle","WarShipGirlsR/??á´Ò³R mod","vexMod","¡¼?Úª?ø«¡½REMEMod"],"gold_per_floor":[115,115,115,115,2,2,13,13,40,40,40],"floor_reached":10,"playtime":387,"items_purged":[],"score":54,"play_id":"de0dfb8f-89ff-4522-a834-96b132fe78b4","local_time":"20201231135446","is_ascension_mode":false,"campfire_choices":[{"data":"ats:Burning Ground","floor":6,"key":"SMITH"}],"circlet_count":0,"master_deck":["ats:Strike C","ats:Strike G","ats:Strike S","ats:Strike V","ats:Armor Crushing Shot","ats:Defend","ats:Defend","ats:Defend","ats:Defend","ats:Emotion Absorption","REME_Fury","ats:Burning Ground+1","ats:Rat Pack","Gensokyo:BlemishedSteel","Gensokyo:TarnishedGold","ats:Hammer On"],"relics":["ats:Sanity","REME_ComplimentaryCards","LetterFromLob","Mango","Gensokyo:CelestialsFlawlessClothing","ats:Rhine Circuitry"],"acts_visited":["Exordium"],"potions_floor_usage":[10],"damage_taken":[{"damage":6,"enemies":"Gensokyo:2_Kodama","floor":1,"turns":3},{"damage":5,"enemies":"Gensokyo:3_Fairies","floor":7,"turns":5},{"damage":23,"enemies":"Gensokyo:Aya","floor":10,"turns":8}],"seed_played":"7541982070230299745","potions_obtained":[{"floor":0,"key":"ats:Top Emergency Sanity Potion"},{"floor":0,"key":"EssenceOfSteel"},{"floor":0,"key":"PowerPotion"},{"floor":7,"key":"Venom Potion"}],"is_trial":false,"path_per_floor":["M","?","?","?","COS","R","M","?","T","E"],"character_chosen":"DOCTOR_CLASS","items_purchased":[],"campfire_rested":0,"item_purchase_floors":[],"current_hp_per_floor":[66,66,59,59,59,59,54,33,33,11,11],"gold":40,"neow_bonus":"THREE_SMALL_POTIONS","is_daily":false,"chose_seed":false,"campfire_upgraded":1,"win_rate":0.0,"timestamp":1609390486,"path_taken":["M","?","?","?","COS","R","M","?","T","E"],"items_purchased_type":[],"build_version":"2020-12-22","purchased_purges":0,"victory":false,"max_hp_per_floor":[72,72,86,86,86,86,86,86,86,86,86],"card_choices":[{"not_picked":["ats:Flexible Camouflage","ats:Guardian Obelisk"],"picked":"ats:Burning Ground","floor":1},{"not_picked":[],"picked":"ats:Rat Pack","floor":2},{"not_picked":["ats:Powerful Strike","ats:Leaping Hammer"],"picked":"ats:Hammer On","floor":7}],"player_experience":913478,"relics_obtained":[{"floor":1,"key":"LetterFromLob"},{"floor":9,"key":"ats:Rhine Circuitry"}],"event_choices":[],"is_beta":false,"boss_relics":[],"items_purged_floors":[],"is_endless":false,"potions_floor_spawned":[7],"killed_by":"Gensokyo:Aya","ascension_level":0}}