{"host":"202rh853cfmsp27s","time":1609378147,"event":{"mods":["2.2 Compatiblity","AchievementEnabler","BaseMod","Bestiary","Better Altar","Better Match","Better Note","Better Sensory Stone","Better Skull","Better Third Choice","Better Vampires","BetterRewards","Colored Map","Colored Powertips","Curses Come First","Decade(???)","DeckTracker","Displayed Cursed Tome","Downfall","Evolution","GifTheSpireLib","Gold Saver","Googly Eyes","Gremlin Mod","Hermit","Highlight Path","Infinite Spire","Minty Spire (QoL Compilation)","Permanent Neow","Random Character Button","Rare Cards Sparkle","Relic Stats","Replay The Spire","Robot Space Explorer","Shade Mod","Spicy Shops","StSLib","The Animator","The Bug Knight","The Caster","The Wild Card","Transform Curses","Unceasing Turn Reminder","??????REMEMod"],"gold_per_floor":[9347,9366,9376,9386,8553,8553,8576,8591,8616,8980,8998,9017,9017,9044,9059,9059,9059,9059],"floor_reached":16,"playtime":1493,"items_purged":["Clumsy"],"score":114,"play_id":"48d90a0f-380b-44b6-9e80-e42b7eb8935b","local_time":"20201230182907","is_ascension_mode":false,"campfire_choices":[{"data":"Slimebound:CorrosiveSpit","floor":1,"key":"SMITH"},{"data":"Slimebound:Gluttony","floor":6,"key":"SMITH"}],"circlet_count":0,"master_deck":["Slimebound:Strike_Slimebound","Slimebound:Strike_Slimebound","Slimebound:Strike_Slimebound","Slimebound:Tackle","Slimebound:Defend_Slimebound","Slimebound:Defend_Slimebound","Slimebound:Defend_Slimebound","Slimebound:Defend_Slimebound","Slimebound:Split","Slimebound:CorrosiveSpit+1","Slimebound:RollThrough","Slimebound:LeechingTouch","Slimebound:Gluttony+1","Slimebound:SpikyOuterGoop","Slimebound:Schlurp","Slimebound:LeechEnergy","Slimebound:GoopSpray","Slimebound:TongueLash","Slimebound:DouseInSlime","Slimebound:SplitMire","theWildCard:PaleRider","Slimebound:HauntingLick","Slimebound:DisruptingSlam"],"relics":["Juzu Bracelet","Gambling Chip","Ninja Scroll","HollowMod:PaleOreRelic","infinitespire:Chaos","Oddly Smooth Stone","Mercury Hourglass","Lizard Tail","REME_HandOfSuture","Blood Vial","Old Coin","Vajra"],"acts_visited":["Exordium"],"potions_floor_usage":[16,16],"damage_taken":[{"damage":4,"enemies":"Cultist","floor":2,"turns":3},{"damage":13,"enemies":"infinitespire:Voidling","floor":3,"turns":4},{"damage":6,"enemies":"Jaw Worm","floor":4,"turns":3},{"damage":9,"enemies":"downfall:FleeingMerchant","floor":5,"turns":4},{"damage":4,"enemies":"3 Louse","floor":8,"turns":2},{"damage":16,"enemies":"Lagavulin","floor":9,"turns":5},{"damage":17,"enemies":"3 Sentries","floor":10,"turns":5},{"damage":4,"enemies":"Gremlin Gang","floor":11,"turns":2},{"damage":21,"enemies":"Exordium Thugs","floor":12,"turns":4},{"damage":41,"enemies":"HollowMod:MossKnight","floor":14,"turns":5},{"damage":5,"enemies":"Red Slaver","floor":15,"turns":2},{"damage":23,"enemies":"downfall:Watcher","floor":16,"turns":5}],"seed_played":"1392013564347545900","potions_obtained":[{"floor":8,"key":"sneckomod:MuddlingPotion"},{"floor":9,"key":"infinitespire:BlackPotion"},{"floor":10,"key":"Explosive Potion"},{"floor":11,"key":"Slimebound:SlimyTonguePotion"}],"is_trial":false,"path_per_floor":["R","M","M","M","$","R","T","M","E","?","M","M","?","E","M","B"],"character_chosen":"SLIMEBOUND","items_purchased":["infinitespire:Chaos","Oddly Smooth Stone","Slimebound:Schlurp","Mercury Hourglass","Lizard Tail"],"campfire_rested":0,"item_purchase_floors":[5,5,5,5,5],"current_hp_per_floor":[60,60,60,60,60,60,60,60,48,37,39,20,20,20,21,0,0,0],"gold":9059,"neow_bonus":"RANDOM_COMMON_RELIC","is_daily":false,"chose_seed":false,"campfire_upgraded":2,"win_rate":0.0,"timestamp":1609378147,"path_taken":["R","M","?","M","$","R","T","M","E","?","M","M","?","E","M","BOSS"],"items_purchased_type":["Relic","Relic","Card","Relic","Relic"],"build_version":"2020-12-22","purchased_purges":1,"victory":false,"max_hp_per_floor":[60,60,60,60,60,60,60,60,60,60,60,60,60,60,60,60,60,60],"relic_stats":{"Blood Vial":12,"Lizard Tail":30,"counters":[12,43],"Gambling Chip":[6],"Juzu Bracelet":1,"obtain_stats":[{"infinitespire:EmptyRelic":5,"Oddly Smooth Stone":5,"Vajra":14,"Juzu Bracelet":5,"EVO:Axolotl":0,"Mercury Hourglass":5,"Old Coin":10,"Blood Vial":9,"Replay:Baseball":0,"Lizard Tail":5,"Ninja Scroll":5,"Gambling Chip":5,"REME_HandOfSuture":7,"Slimebound:AbsorbEndCombat":0,"HollowMod:PaleOreRelic":5,"infinitespire:Chaos":5,"REME_ComplimentaryCards":0},{"infinitespire:EmptyRelic":4,"Oddly Smooth Stone":4,"Vajra":10,"Juzu Bracelet":4,"EVO:Axolotl":0,"Mercury Hourglass":4,"Old Coin":7,"Blood Vial":6,"Replay:Baseball":0,"Lizard Tail":4,"Ninja Scroll":4,"Gambling Chip":4,"REME_HandOfSuture":4,"Slimebound:AbsorbEndCombat":0,"HollowMod:PaleOreRelic":4,"infinitespire:Chaos":4,"REME_ComplimentaryCards":0},{"infinitespire:EmptyRelic":14,"Oddly Smooth Stone":14,"Vajra":36,"Juzu Bracelet":14,"EVO:Axolotl":0,"Mercury Hourglass":14,"Old Coin":25,"Blood Vial":20,"Replay:Baseball":0,"Lizard Tail":14,"Ninja Scroll":14,"Gambling Chip":14,"REME_HandOfSuture":14,"Slimebound:AbsorbEndCombat":0,"HollowMod:PaleOreRelic":14,"infinitespire:Chaos":14,"REME_ComplimentaryCards":0}],"Mercury Hourglass":[117]},"card_choices":[{"not_picked":["Slimebound:HauntingLick","Slimebound:Repurpose"],"picked":"Slimebound:RollThrough","floor":2},{"not_picked":["Slimebound:SplitAcid","Slimebound:SplitMire"],"picked":"Slimebound:LeechingTouch","floor":3},{"not_picked":["Slimebound:GoopSpray","Slimebound:LeechEnergy"],"picked":"Slimebound:Gluttony","floor":4},{"not_picked":["Slimebound:DuplicatedForm","Slimebound:LeechEnergy"],"picked":"Slimebound:SpikyOuterGoop","floor":5},{"not_picked":["Slimebound:LeechingTouch","Slimebound:ComboTackle"],"picked":"Slimebound:LeechEnergy","floor":8},{"not_picked":["Slimebound:LeechEnergy","Slimebound:SamplingLick"],"picked":"Slimebound:GoopSpray","floor":9},{"not_picked":["Slimebound:ComboTackle","Slimebound:PressTheAttack"],"picked":"Slimebound:TongueLash","floor":10},{"not_picked":["Slimebound:LeechingTouch","Slimebound:FormOfPuddle"],"picked":"Slimebound:DouseInSlime","floor":11},{"not_picked":["Slimebound:RollThrough","Slimebound:ComboTackle"],"picked":"Slimebound:SplitMire","floor":12},{"not_picked":["Slimebound:SlimeBarrage","Slimebound:LeadByExample"],"picked":"Slimebound:HauntingLick","floor":14},{"not_picked":["Slimebound:LeechEnergy","Slimebound:SlimeSpikes"],"picked":"Slimebound:DisruptingSlam","floor":15}],"player_experience":148928,"relics_obtained":[{"floor":7,"key":"REME_HandOfSuture"},{"floor":9,"key":"Blood Vial"},{"floor":10,"key":"Old Coin"},{"floor":14,"key":"Vajra"}],"event_choices":[],"is_beta":false,"boss_relics":[],"items_purged_floors":[5],"is_endless":false,"potions_floor_spawned":[8,9,10,11,12],"killed_by":"downfall:Watcher","ascension_level":0}}