{"host":"m77rrhbqzv44va4v","time":1609395020,"event":{"mods":["AchievementEnabler","BaseMod","Colored Map","DeckTracker","Keyboard Shortcuts","Minty Spire (QoL Compilation)","StSLib","SuperFastMode","everything is the same but u backflip on backflip"],"gold_per_floor":[119,219,238,252,267,301,312,323,323,65,78,98,129,141,141,215,215,228,242,259,259,259],"floor_reached":21,"playtime":1145,"items_purged":[],"score":414,"play_id":"b449620f-bde7-41bd-90ba-50175be64639","local_time":"20201231151020","is_ascension_mode":true,"campfire_choices":[{"data":"Strike_R","floor":15.0,"key":"PURGE"}],"circlet_count":0,"master_deck":["AscendersBane","Strike_R","Strike_R","Strike_R","Strike_R","Defend_R","Defend_R","Defend_R","Defend_R","Bash","Cleave","Pommel Strike","Shockwave","Flame Barrier","Perfected Strike","Offering","Master of Strategy","Double Tap","Perfected Strike","Offering","Inflame"],"relics":["Burning Blood","Red Skull","Gremlin Horn","Nunchaku","Peace Pipe","Sozu"],"acts_visited":["Exordium","TheCity"],"potions_floor_usage":[],"damage_taken":[{"damage":15.0,"enemies":"2 Louse","floor":1.0,"turns":4.0},{"damage":7.0,"enemies":"Cultist","floor":3.0,"turns":4.0},{"damage":10.0,"enemies":"Small Slimes","floor":4.0,"turns":3.0},{"damage":6.0,"enemies":"3 Louse","floor":5.0,"turns":3.0},{"damage":25.0,"enemies":"Lagavulin","floor":6.0,"turns":6.0},{"damage":6.0,"enemies":"Lots of Slimes","floor":7.0,"turns":2.0},{"damage":0.0,"enemies":"2 Fungi Beasts","floor":8.0,"turns":3.0},{"damage":6.0,"enemies":"Large Slime","floor":11.0,"turns":4.0},{"damage":7.0,"enemies":"Blue Slaver","floor":12.0,"turns":2.0},{"damage":6.0,"enemies":"3 Sentries","floor":13.0,"turns":4.0},{"damage":12.0,"enemies":"3 Louse","floor":14.0,"turns":3.0},{"damage":48,"enemies":"The Guardian","floor":16,"turns":11},{"damage":6,"enemies":"3 Byrds","floor":18,"turns":3},{"damage":6,"enemies":"Chosen","floor":19,"turns":3},{"damage":26,"enemies":"Sentry and Sphere","floor":20,"turns":4},{"damage":43,"enemies":"Cultist and Chosen","floor":21,"turns":4}],"seed_played":"-6821656615182518964","potions_obtained":[{"floor":4.0,"key":"AttackPotion"},{"floor":5.0,"key":"SkillPotion"},{"floor":7.0,"key":"Ancient Potion"},{"floor":8.0,"key":"BloodPotion"},{"floor":12.0,"key":"Fire Potion"}],"is_trial":false,"path_per_floor":["M","?","M","M","M","E","M","M","T","$","M","M","E","M","R","B",null,"M","M","M","M"],"character_chosen":"IRONCLAD","items_purchased":["Offering","Master of Strategy"],"campfire_rested":0,"item_purchase_floors":[10,10],"current_hp_per_floor":[59,59,58,54,54,35,35,41,41,41,41,55,55,49,49,7,58,58,58,38,0,0],"gold":259,"neow_bonus":"RANDOM_COMMON_RELIC","is_daily":false,"chose_seed":false,"campfire_upgraded":0,"win_rate":0.0,"timestamp":1609395020,"path_taken":["M","?","M","M","M","E","M","M","T","$","M","M","E","?","R","BOSS","M","M","M","M"],"items_purchased_type":["Card","Card"],"build_version":"2020-12-22","purchased_purges":0,"victory":false,"max_hp_per_floor":[75,75,75,75,75,75,75,75,75,75,75,75,75,75,75,75,75,75,75,75,75,75],"card_choices":[{"not_picked":["Whirlwind","Clothesline"],"picked":"Cleave","floor":1.0},{"not_picked":["Iron Wave","Cleave"],"picked":"Pommel Strike","floor":3.0},{"not_picked":["Havoc","Burning Pact"],"picked":"Shockwave","floor":4.0},{"not_picked":["Sword Boomerang","Iron Wave","Searing Blow"],"picked":"SKIP","floor":5.0},{"not_picked":["Sever Soul","Pommel Strike"],"picked":"Flame Barrier","floor":6.0},{"not_picked":["Burning Pact","Heavy Blade","Wild Strike"],"picked":"SKIP","floor":7.0},{"not_picked":["Searing Blow","Body Slam"],"picked":"Perfected Strike","floor":8.0},{"not_picked":["Wild Strike","Bloodletting"],"picked":"Double Tap","floor":11.0},{"not_picked":["Warcry","Wild Strike","Headbutt"],"picked":"SKIP","floor":12.0},{"not_picked":["Spot Weakness","Brutality","Hemokinesis"],"picked":"SKIP","floor":13.0},{"not_picked":["Havoc","Flex"],"picked":"Perfected Strike","floor":14.0},{"not_picked":["Limit Break","Berserk"],"picked":"Offering","floor":16},{"not_picked":["Flex","Dual Wield","Combust+1"],"picked":"SKIP","floor":18},{"not_picked":["Iron Wave","Hemokinesis"],"picked":"Inflame","floor":19},{"not_picked":["Warcry","Headbutt","Havoc"],"picked":"SKIP","floor":20}],"player_experience":849118,"relics_obtained":[{"floor":6.0,"key":"Gremlin Horn"},{"floor":9.0,"key":"Nunchaku"},{"floor":13.0,"key":"Peace Pipe"}],"event_choices":[{"damage_healed":0.0,"max_hp_gain":0.0,"max_hp_loss":0.0,"gold_gain":100.0,"event_name":"Wheel of Change","player_choice":"Gold","floor":2.0,"gold_loss":0.0,"damage_taken":0.0}],"is_beta":false,"boss_relics":[{"not_picked":["Black Star","Coffee Dripper"],"picked":"Sozu"}],"items_purged_floors":[],"is_endless":false,"potions_floor_spawned":[4,5,7,8,11,12,20],"killed_by":"Cultist and Chosen","ascension_level":17}}