{"host":"mtg945c5jssv10ty","time":1609413962,"event":{"mods":["BaseMod","Downfall","Minty Spire (QoL Compilation)","StSLib","SuperFastMode"],"gold_per_floor":[99,109,124,10,30,30,30,50,63,63,89,89,89,89,105,210,210,110,110,26,39,439,439,489,501,513,551,576,588,600,612,644,754,766,778,802,814,826,848,302,302,317,317,365,225,242,242,260,279,279],"floor_reached":51,"playtime":2599,"items_purged":["Guardian:Strike_Guardian","Regret","downfall:Aged"],"score":767,"play_id":"e55fdb31-3010-45b3-8343-ee16e85bbadb","local_time":"20201231062602","is_ascension_mode":false,"campfire_choices":[{"floor":1,"key":"RECALL"},{"data":"Guardian:StasisField","floor":10,"key":"SMITH"},{"data":"Guardian:Planning","floor":12,"key":"SMITH"},{"data":"Guardian:PrimingBeam","floor":18,"key":"SMITH"},{"data":"Guardian:TimeSifter","floor":23,"key":"SMITH"},{"data":"Guardian:BronzeArmor","floor":25,"key":"SMITH"},{"data":"Guardian:PrismaticBarrier","floor":30,"key":"SMITH"},{"data":"Guardian:BronzeArmor","floor":35,"key":"SMITH"},{"data":"Guardian:EvasiveProtocol","floor":43,"key":"SMITH"},{"data":"Pride","floor":47,"key":"PURGE"}],"circlet_count":0,"master_deck":["Guardian:Strike_Guardian","Guardian:Strike_Guardian+1","Guardian:Strike_Guardian","Guardian:Defend_Guardian","Guardian:Defend_Guardian","Guardian:Defend_Guardian","Guardian:CurlUp","Guardian:TwinSlam","Guardian:PrimingBeam+1","Guardian:Planning+1","Guardian:StasisField+1","Guardian:PrimingBeam+1","Guardian:RollAttack+1","Guardian:Recover","Guardian:PiercingHide+1","Guardian:PiercingHide","Guardian:BronzeArmor+1","Guardian:TimeSifter+1","Guardian:GuardianWhirl","Guardian:PrismaticBarrier+1","Guardian:BronzeArmor+1","Guardian:PrismaticBarrier","Guardian:PrismaticBarrier+1","Guardian:EvasiveProtocol+1","Guardian:ArmoredProtocol","Guardian:ArmoredProtocol","Guardian:Repulse","Guardian:SphericShield","Guardian:TemporalShield+1"],"relics":["Guardian:ModeShifter","Question Card","Eternal Feather","Pantograph","SacredBark","downfall:HeartBlessingRed","Dream Catcher","Old Coin","Mercury Hourglass","MawBank","Guardian:SackOfGems","Guardian:StasisSlotReductionRelic","Guardian:StasisEgg","Vajra","DollysMirror","Bag of Preparation","Peace Pipe"],"acts_visited":["Exordium","TheCity","TheBeyond"],"potions_floor_usage":[11,16,16,22,29,33,33,50,50],"damage_taken":[{"damage":11,"enemies":"Jaw Worm","floor":2,"turns":4},{"damage":1,"enemies":"Cultist","floor":3,"turns":4},{"damage":0,"enemies":"downfall:FleeingMerchant","floor":4,"turns":4},{"damage":8,"enemies":"2 Louse","floor":5,"turns":3},{"damage":9,"enemies":"Blue Slaver","floor":8,"turns":4},{"damage":9,"enemies":"2 Fungi Beasts","floor":9,"turns":4},{"damage":14,"enemies":"Gremlin Nob","floor":11,"turns":5},{"damage":9,"enemies":"3 Louse","floor":15,"turns":3},{"damage":9,"enemies":"downfall:Silent","floor":16,"turns":7},{"damage":14,"enemies":"downfall:FleeingMerchant","floor":20,"turns":4},{"damage":4,"enemies":"Shell Parasite","floor":21,"turns":5},{"damage":36,"enemies":"downfall:Defect","floor":22,"turns":11},{"damage":41,"enemies":"Slavers","floor":27,"turns":4},{"damage":12,"enemies":"Chosen","floor":28,"turns":5},{"damage":0,"enemies":"Snake Plant","floor":29,"turns":2},{"damage":13,"enemies":"Centurion and Healer","floor":32,"turns":5},{"damage":2,"enemies":"downfall:Watcher","floor":33,"turns":4},{"damage":10,"enemies":"Orb Walker","floor":36,"turns":4},{"damage":7,"enemies":"3 Shapes","floor":39,"turns":4},{"damage":16,"enemies":"downfall:FleeingMerchant","floor":40,"turns":4},{"damage":9,"enemies":"Maw","floor":42,"turns":9},{"damage":5,"enemies":"2 Orb Walkers","floor":44,"turns":6},{"damage":0,"enemies":"downfall:FleeingMerchant","floor":45,"turns":4},{"damage":13,"enemies":"Spire Growth","floor":46,"turns":6},{"damage":1,"enemies":"Sphere and 2 Shapes","floor":48,"turns":5},{"damage":18,"enemies":"Maw","floor":49,"turns":9},{"damage":19,"enemies":"downfall:Ironclad","floor":50,"turns":16}],"seed_played":"-8284577809250985521","potions_obtained":[{"floor":5,"key":"FearPotion"},{"floor":8,"key":"Strength Potion"},{"floor":9,"key":"bronze:BurnAndBuffPotion"},{"floor":15,"key":"FearPotion"},{"floor":21,"key":"SmokeBomb"},{"floor":22,"key":"SteroidPotion"},{"floor":31,"key":"CultistPotion"},{"floor":42,"key":"Weak Potion"},{"floor":44,"key":"Guardian:DefensiveModePotion"}],"is_trial":false,"path_per_floor":["R","M","M","$","M","?","T","M","M","R","E","R","?","?","M","B",null,"R","?","$","M","?","R","T","R","?","E","M","M","R","?","M","B",null,"R","M","?","?","M","$","T","M","R","?","$","M","R","M","M","B",null],"character_chosen":"GUARDIAN","items_purchased":["Guardian:PrimingBeam","Guardian:Gem_Red","Guardian:PiercingHide","Vajra","DollysMirror","Guardian:EvasiveProtocol","Regen Potion"],"campfire_rested":0,"item_purchase_floors":[4,20,20,40,40,40,40],"current_hp_per_floor":[88,77,76,76,68,68,68,59,50,50,36,45,33,33,24,40,88,88,88,74,70,52,64,64,76,76,35,23,23,38,38,25,48,88,88,78,78,78,71,55,55,46,64,59,59,46,61,60,42,83],"gold":279,"neow_bonus":"TEN_PERCENT_HP_BONUS","is_daily":false,"chose_seed":false,"campfire_upgraded":8,"win_rate":0.0,"timestamp":1609413962,"path_taken":["R","M","M","$","M","?","T","M","?","R","E","R","?","?","M","BOSS","R","?","$","M","?","R","T","R","?","E","M","M","R","?","M","BOSS","R","M","?","?","?","$","T","M","R","?","$","M","R","M","M","BOSS"],"items_purchased_type":["Card","Card","Card","Relic","Relic","Card","Potion"],"build_version":"2020-12-22","purchased_purges":3,"victory":true,"max_hp_per_floor":[88,88,88,88,88,88,88,88,88,88,88,88,88,88,88,88,88,88,88,88,88,88,88,88,88,88,88,88,88,88,88,88,88,88,88,88,88,88,88,88,88,88,88,88,88,88,88,88,88,88],"card_choices":[{"not_picked":["Guardian:Gem_Cyan","Guardian:VentSteam"],"picked":"Guardian:PrimingBeam","floor":2},{"not_picked":["Guardian:ChargeCore","Guardian:VentSteam"],"picked":"Guardian:Planning","floor":3},{"not_picked":["Guardian:CrystalBeam","Guardian:BronzeArmor"],"picked":"Guardian:StasisField","floor":4},{"not_picked":["Guardian:PrismaticBarrier","Guardian:Clone"],"picked":"Guardian:RollAttack","floor":5},{"not_picked":["Guardian:Reroute","Guardian:ArmoredProtocol","Guardian:PiercingHide"],"picked":"Guardian:Gem_Purple","floor":8},{"not_picked":["Guardian:PiercingHide","Guardian:Reroute","Guardian:ShieldCharger"],"picked":"Guardian:Gem_Synthetic","floor":9},{"not_picked":["Guardian:Gem_Red","Guardian:Reroute","Guardian:FloatingOrbs"],"picked":"Guardian:Gem_Fragmented","floor":11},{"not_picked":["Guardian:Gem_Red","Guardian:Gem_Lightblue","Guardian:Gem_Green"],"picked":"Guardian:Recover","floor":15},{"not_picked":["Guardian:Gem_Synthetic","Guardian:FastForward","Guardian:StasisStrike"],"picked":"Guardian:Gem_Orange","floor":16},{"not_picked":["Guardian:TemporalShield","Guardian:PrismaticBarrier","Guardian:PrimingBeam"],"picked":"Guardian:PiercingHide+1","floor":20},{"not_picked":["Guardian:Gem_Lightblue","Guardian:Gem_Green","Guardian:VentSteam"],"picked":"Guardian:BronzeArmor","floor":21},{"not_picked":["Guardian:Gem_Cyan","Guardian:Gem_Red","Guardian:PrimingBeam"],"picked":"Guardian:TimeSifter","floor":22},{"not_picked":["Guardian:Reroute","Guardian:DonusPower+1","Guardian:Gem_Lightblue"],"picked":"Guardian:PrismaticBarrier","floor":27},{"not_picked":["Guardian:Reroute","Guardian:MultiBeam","Guardian:WalkerClaw"],"picked":"Guardian:Gem_Blue","floor":28},{"not_picked":["Guardian:TemporalShield","Guardian:Gem_Blue","Guardian:DecasProtection+1"],"picked":"Guardian:BronzeArmor","floor":32},{"not_picked":["Guardian:StasisField","Guardian:FastForward","Guardian:ExploitGems"],"picked":"Guardian:Gem_Orange","floor":33},{"not_picked":["Guardian:Planning","Guardian:TemporalShield","Guardian:ShieldCharger"],"picked":"Guardian:Gem_Red","floor":36},{"not_picked":["Guardian:Reroute","Guardian:TemporalShield+1","Guardian:VentSteam+1"],"picked":"Guardian:PrismaticBarrier","floor":39},{"not_picked":["Guardian:FastForward","Guardian:DecasProtection+1","Guardian:CrystalBeam"],"picked":"Guardian:Gem_Lightblue","floor":40},{"not_picked":["Guardian:TemporalShield","Guardian:Orbwalk","Guardian:ChargeCore"],"picked":"Guardian:Gem_Blue","floor":42},{"not_picked":["Guardian:Incinerate+1","Guardian:Gem_Cyan","Guardian:Recover"],"picked":"Guardian:ArmoredProtocol","floor":44},{"not_picked":["Guardian:Gem_Blue","Guardian:DecasProtection","Guardian:BronzeArmor"],"picked":"Guardian:ArmoredProtocol","floor":45},{"not_picked":["Guardian:ChargeCore+1","Guardian:TemporalShield","Guardian:Planning+1"],"picked":"Guardian:Repulse","floor":46},{"not_picked":["Guardian:Recover","Guardian:TemporalStrike","Guardian:TemporalShield+1"],"picked":"Guardian:SphericShield","floor":48},{"not_picked":["Guardian:PrimingBeam+1","Guardian:ShieldCharger","Guardian:ChargeCore+1"],"picked":"Guardian:TemporalShield+1","floor":49}],"player_experience":166844,"relics_obtained":[{"floor":7,"key":"Question Card"},{"floor":11,"key":"Eternal Feather"},{"floor":22,"key":"Old Coin"},{"floor":22,"key":"Mercury Hourglass"},{"floor":24,"key":"MawBank"},{"floor":27,"key":"Guardian:SackOfGems"},{"floor":41,"key":"Bag of Preparation"},{"floor":44,"key":"Peace Pipe"}],"event_choices":[{"damage_healed":0,"gold_gain":0,"player_choice":"Success","damage_taken":12,"relics_obtained":["Pantograph"],"max_hp_gain":0,"max_hp_loss":0,"event_name":"Scrap Ooze","floor":13,"gold_loss":0},{"damage_healed":0,"gold_gain":0,"player_choice":"Stole Relic","damage_taken":0,"relics_obtained":["Dream Catcher"],"max_hp_gain":0,"max_hp_loss":0,"event_name":"Addict","floor":19,"gold_loss":0,"cards_obtained":["Pride"]},{"damage_healed":0,"gold_gain":0,"player_choice":"Read","damage_taken":0,"max_hp_gain":0,"max_hp_loss":0,"event_name":"The Library","floor":26,"gold_loss":0,"cards_obtained":["Guardian:GuardianWhirl"]},{"damage_healed":0,"gold_gain":0,"player_choice":"Fight","damage_taken":0,"max_hp_gain":0,"max_hp_loss":0,"event_name":"Mysterious Sphere","floor":44,"gold_loss":0}],"is_beta":false,"boss_relics":[{"not_picked":["Cursed Key","Tiny House"],"picked":"SacredBark"},{"not_picked":["bronze:MakeshiftBattery","Snecko Eye"],"picked":"Guardian:StasisSlotReductionRelic"}],"items_purged_floors":[4,40,45],"is_endless":false,"potions_floor_spawned":[5,8,9,15,21,22,29,42,44,46],"ascension_level":0}}