{"host":"czzthkrvfe6r7fjf","time":1609425552,"event":{"mods":["ATMod(∞¢Ë™Mod)","Act Like it!","BaseMod","Downfall","GungeonMod","Marisa£®ÏF”Í°°ƒß¿Ì…≥£©","Minty Spire (QoL Compilation)","Quick Restart","StSLib","The Servant 0.9.4","Waifu the Spire","°æπ¶ƒ‹Mod°øªÏ„Á÷Æª∑–ﬁ∏¥≤π∂°"],"gold_per_floor":[110,110,110,185,29,55,74,99,99,99,99],"floor_reached":10,"playtime":156,"items_purged":["Regret"],"score":178,"play_id":"3e07cf6f-ebfa-4fbf-b68d-4bf635a3170a","local_time":"20201231223912","is_ascension_mode":true,"campfire_choices":[],"circlet_count":0,"master_deck":["AscendersBane","Strike_G","Strike_G","Strike_G","Strike_G","Defend_G","Defend_G","Defend_G","Defend_G","Defend_G","Survivor","Neutralize","AT_FamilyPortrait","Deflect","Backstab","Escape Plan","Calculated Gamble"],"relics":["Ring of the Snake","AT_ATBox","NeowsBlessing","Regal Pillow","AT_ImmortalShieldbow","AT_ForceNature","Kunai"],"acts_visited":[],"potions_floor_usage":[8,8],"damage_taken":[{"damage":0,"enemies":"Jaw Worm","floor":1,"turns":1},{"damage":0,"enemies":"3 Sentries","floor":6,"turns":1},{"damage":0,"enemies":"Small Slimes","floor":7,"turns":1},{"damage":28,"enemies":"Gremlin Nob","floor":8,"turns":5},{"damage":0,"enemies":"Lagavulin","floor":10,"turns":1}],"seed_played":"-8243022080145727739","potions_obtained":[{"floor":1,"key":"DistilledChaos"},{"floor":7,"key":"DistilledChaos"}],"is_trial":false,"path_per_floor":["M","?","?","?","$","E","M","E","T","E"],"character_chosen":"THE_SILENT","items_purchased":["Backstab"],"campfire_rested":0,"item_purchase_floors":[5],"current_hp_per_floor":[59,52,52,41,41,41,41,16,16,16,16],"gold":99,"neow_bonus":"THREE_ENEMY_KILL","is_daily":false,"chose_seed":false,"campfire_upgraded":0,"win_rate":0.0,"timestamp":1609425552,"path_taken":["M","?","?","?","$","E","M","E","T","E"],"items_purchased_type":["Card"],"build_version":"2020-12-22","purchased_purges":1,"victory":false,"max_hp_per_floor":[66,66,66,66,66,66,66,66,66,66,66],"card_choices":[{"not_picked":["Cloak And Dagger","Predator"],"picked":"Deflect","floor":1},{"not_picked":["Expertise","Night Terror"],"picked":"Escape Plan","floor":6},{"not_picked":["Blade Dance","Masterful Stab","Dodge and Roll"],"picked":"SKIP","floor":7},{"not_picked":["Prepared","Slice"],"picked":"Calculated Gamble","floor":8}],"player_experience":493646,"relics_obtained":[{"floor":6,"key":"AT_ImmortalShieldbow"},{"floor":8,"key":"AT_ForceNature"},{"floor":9,"key":"Kunai"}],"event_choices":[{"cards_removed":["Strike_G"],"damage_healed":0,"gold_gain":0,"player_choice":"Card Removal","damage_taken":7,"max_hp_gain":0,"max_hp_loss":0,"event_name":"Golden Wing","floor":2,"gold_loss":0},{"damage_healed":0,"gold_gain":0,"player_choice":"Box","damage_taken":0,"relics_obtained":["Regal Pillow"],"max_hp_gain":0,"max_hp_loss":0,"event_name":"Big Fish","floor":3,"gold_loss":0,"cards_obtained":["Regret"]},{"damage_healed":0,"gold_gain":75,"player_choice":"Gather Gold","damage_taken":11,"max_hp_gain":0,"max_hp_loss":0,"event_name":"World of Goop","floor":4,"gold_loss":0}],"is_beta":false,"boss_relics":[],"items_purged_floors":[5],"is_endless":false,"potions_floor_spawned":[1,7],"killed_by":"Lagavulin","ascension_level":16}}