{"host":"yludllxm6rzdxpbb","time":1609451852,"event":{"mods":["AchievementEnabler","BaseMod","Better Third Choice","BetterRewards","Colored Map","Colored Powertips","Hermit","Hubris","Infinite Spire","Minty Spire (QoL Compilation)","Quick Restart","Replay The Spire","StSLib","The Hierophant","The Necromancer"],"gold_per_floor":[118,43,53,18,32,32,66,91,115,125,136,186,49,80,130,130,130],"floor_reached":16,"playtime":695,"items_purged":[],"score":168,"play_id":"e5dc759f-62f7-439a-997e-07fa4d21bb91","local_time":"20210101005732","is_ascension_mode":true,"campfire_choices":[{"floor":6,"key":"DIG"},{"floor":12,"key":"RECALL"},{"floor":15,"key":"REST"}],"circlet_count":0,"master_deck":["Strike_R","Strike_R","Strike_R","Strike_R","Strike_R","Defend_R","Defend_R","Defend_R","Defend_R","Bash","Magnetism","Sadistic Nature","Finesse","Pommel Strike","Life Link","Heavy Blade","Whirlwind","Armaments","Perfected Strike","Double Tap","Inflame","Run Through","Thunderclap","Iron Wave","Shrug It Off"],"relics":["Burning Blood","hubris:MobiusCoin","hubris:DisguiseKit","ReplayTheSpireMod:ShopPack","Shovel","Omamori","hubris:CrystalStatue","Dream Catcher","Replay:Multitool"],"acts_visited":["Exordium"],"potions_floor_usage":[],"damage_taken":[{"damage":0,"enemies":"Small Slimes","floor":1,"turns":3},{"damage":4,"enemies":"Cultist","floor":3,"turns":3},{"damage":1,"enemies":"Jaw Worm","floor":5,"turns":4},{"damage":35,"enemies":"Lagavulin","floor":7,"turns":6},{"damage":7,"enemies":"Blue Slaver","floor":10,"turns":3},{"damage":8,"enemies":"Looter","floor":11,"turns":3},{"damage":34,"enemies":"3 Sentries","floor":14,"turns":7},{"damage":43,"enemies":"Slime Boss","floor":16,"turns":8}],"seed_played":"4534465080665234628","potions_obtained":[{"floor":1,"key":"Dexterity Potion"},{"floor":3,"key":"LiquidBronze"}],"is_trial":false,"path_per_floor":["M","$","M","?","M","R","E","T","T","M","M","R","$","E","R","B"],"character_chosen":"IRONCLAD","items_purchased":["hubris:MobiusCoin","hubris:DisguiseKit","ReplayTheSpireMod:ShopPack","Regen Potion","Life Link","Inflame","Run Through","Thunderclap"],"campfire_rested":1,"item_purchase_floors":[0,0,0,0,2,13,13,13],"current_hp_per_floor":[49,49,51,71,76,76,47,47,47,46,44,44,44,16,40,0,0],"gold":130,"neow_bonus":"","is_daily":false,"chose_seed":false,"campfire_upgraded":0,"win_rate":0.0,"timestamp":1609451852,"path_taken":["M","$","M","?","M","R","E","?","T","M","M","R","?","E","R","BOSS"],"items_purchased_type":["Relic","Relic","Relic","Potion","Card","Card","Card","Card"],"build_version":"2020-12-22","purchased_purges":0,"victory":false,"max_hp_per_floor":[80,80,80,80,80,80,80,80,80,80,80,80,80,80,80,80,80],"card_choices":[{"not_picked":["Transmutation","Panache","ReplayTheSpireMod:Brewmster"],"picked":"Magnetism","floor":0},{"not_picked":["Replay:Parry","Impatience","Transmutation"],"picked":"Sadistic Nature","floor":0},{"not_picked":["Survey Options","Impatience","ReplayTheSpireMod:Uncanny Aura"],"picked":"Finesse","floor":0},{"not_picked":["Intimidate","Replay:Undeath\u0027s Touch","Acrobatics"],"picked":"Pommel Strike","floor":1},{"not_picked":["Shockwave","Run Through","Sucker Punch"],"picked":"Heavy Blade","floor":3},{"not_picked":["Flex","Sword Boomerang","Prepared"],"picked":"Whirlwind","floor":5},{"not_picked":["Pummel","ReplayTheSpireMod:Strike From Hell","hubris:SlightOfHand"],"picked":"Armaments","floor":7},{"not_picked":["Havoc","ReplayTheSpireMod:LeadingStrike","PiercingWail"],"picked":"Perfected Strike","floor":10},{"not_picked":["Anger","Warcry","Sucker Punch"],"picked":"Double Tap","floor":11},{"not_picked":["Replay:Undeath\u0027s Touch","Burning Pact","hubris:Counter"],"picked":"Iron Wave","floor":14},{"not_picked":["Reckless Charge","Havoc","Deadly Poison"],"picked":"Shrug It Off","floor":15}],"player_experience":317611,"relics_obtained":[{"floor":6,"key":"Omamori"},{"floor":7,"key":"hubris:CrystalStatue"},{"floor":9,"key":"Dream Catcher"},{"floor":14,"key":"Replay:Multitool"}],"event_choices":[{"damage_healed":20,"gold_gain":0,"player_choice":"Healed","damage_taken":0,"max_hp_gain":0,"max_hp_loss":0,"event_name":"The Cleric","floor":4,"gold_loss":35}],"is_beta":false,"boss_relics":[],"items_purged_floors":[],"is_endless":false,"potions_floor_spawned":[1,3],"killed_by":"Slime Boss","ascension_level":1}}