{"host":"ic2t2jxz7s3jvs1m","time":1609395267,"event":{"mods":["AchievementEnabler","Aspiration","BaseMod","Better Third Choice","Block Reminder","Colored Map","Conspire","Curses Come First","Downfall","Energized Spire","Halation","Hubris","Infinite Spire","Jess\u0027s Bottle","Minty Spire (QoL Compilation)","Quick Restart","Relic Stats","Replay The Spire","SacredBarkPlus","Small Relic Pack","StSLib","The Blue Laboratory","Trackpad","Transform Curses","Uncapped","vexMod"],"gold_per_floor":[109,84,97,97,151,184,184,184,184,201,214,229,249,67,67,162,162,176,176,176,186,186,186,220,232,283,283,22,22,38,50,50,50,50],"floor_reached":33,"playtime":2836,"items_purged":[],"score":292,"play_id":"4c5d0f49-923e-4023-bc2f-866821f7ed65","local_time":"20201231001427","is_ascension_mode":false,"campfire_choices":[{"floor":7,"key":"REST"},{"floor":23,"key":"REST"},{"floor":27,"key":"REST"}],"circlet_count":0,"master_deck":["Strike_R","Strike_R","Strike_R","Strike_R","Defend_R","Defend_R","Defend_R","Bash","Replay:Undeath\u0027s Touch","Iron Wave","Replay:Poison Smokescreen","Masterful Stab","Poison Darts","Iron Wave","conspire:Charge","Flame Barrier","Juggernaut","ReplayTheSpireMod:LeadingStrike","Seeing Red","Sword Boomerang","Armaments","hubris:StunningStrike","Dark Embrace","Impervious","Dropkick","Anger","ReplayTheSpireMod:Strike From Hell","expansioncontent:GoopSpray","infinitespire:Oblivion","Entrench","Iron Wave+1","Carnage","True Grit","Carnage","ReplayReversal","Pummel+1","Combust","Armaments+1","Insight","True Grit+1","Wild Strike","hubris:ReadiedAction+1","Cleave","ReplayTheSpireMod:Corrosion Curse","Hemogenesis"],"relics":["Burning Blood","infinitespire:Satchel","Happy Flower","Incense Burner","energizedSpire:StickyHand","relicPack:NeonSign","MutagenicStrength","infinitespire:Beetle Shell","Bag of Marbles","hubris:PeanutButter"],"acts_visited":["Exordium","TheCity"],"potions_floor_usage":[16,16,16,31,33,33,33],"damage_taken":[{"damage":5,"enemies":"2 Louse","floor":1,"turns":4},{"damage":9,"enemies":"Small Slimes","floor":3,"turns":6},{"damage":18,"enemies":"Gremlin Nob","floor":6,"turns":4},{"damage":2,"enemies":"Jaw Worm","floor":10,"turns":3},{"damage":17,"enemies":"Exordium Wildlife","floor":11,"turns":4},{"damage":0,"enemies":"Blue Slaver","floor":12,"turns":2},{"damage":0,"enemies":"Red Slaver","floor":13,"turns":3},{"damage":30,"enemies":"Hexaghost","floor":16,"turns":7},{"damage":14,"enemies":"Shell Parasite","floor":18,"turns":4},{"damage":25,"enemies":"3 Byrds","floor":21,"turns":5},{"damage":19,"enemies":"conspire:SneckoGhost","floor":24,"turns":6},{"damage":16,"enemies":"conspire:HollyBat","floor":25,"turns":11},{"damage":0,"enemies":"Cultist and Chosen","floor":30,"turns":4},{"damage":0,"enemies":"Snecko","floor":31,"turns":4},{"damage":85,"enemies":"Collector","floor":33,"turns":10}],"seed_played":"-293852488370746818","potions_obtained":[{"floor":1,"key":"BlessingOfTheForge"},{"floor":5,"key":"Venom Potion"},{"floor":13,"key":"DuplicationPotion"},{"floor":15,"key":"blueLaboratory:HummingbirdPotion"},{"floor":15,"key":"AttackPotion"},{"floor":16,"key":"Reflective Coating"},{"floor":18,"key":"Swift Potion"},{"floor":24,"key":"BlessingOfTheForge"},{"floor":25,"key":"EssenceOfSteel"}],"is_trial":false,"path_per_floor":["M","?","M","?","?","E","R","?","T","M","M","M","M","$","R_BF","B",null,"M","?","AVR","M","?","R","E","M","T","R","$","?","M","M","R_BF","B"],"character_chosen":"IRONCLAD","items_purchased":["hubris:StunningStrike","Dark Embrace","hubris:PeanutButter"],"campfire_rested":3,"item_purchase_floors":[14,14,28],"current_hp_per_floor":[80,80,77,77,57,45,69,69,69,73,62,68,74,74,74,50,80,72,54,54,35,35,59,46,36,36,60,60,60,66,72,72,0,0],"gold":50,"neow_bonus":"THREE_CARDS","is_daily":false,"chose_seed":false,"campfire_upgraded":0,"win_rate":0.0,"timestamp":1609395267,"path_taken":["M","?","M","?","?","E","R","?","T","M","M","M","?","?","R_BF","BOSS","M","?","AVR","?","?","R","E","M","T","R","$","?","M","M","R_BF","BOSS"],"items_purchased_type":["Card","Card","Relic"],"build_version":"2020-12-22","purchased_purges":0,"victory":false,"max_hp_per_floor":[80,80,80,80,80,80,80,80,80,80,80,80,80,80,80,80,80,80,80,80,80,80,80,80,80,80,80,80,80,80,80,80,80,80],"relic_stats":{"Happy Flower":[21],"counters":[15,77],"obtain_stats":[{"Happy Flower":6,"MutagenicStrength":22,"infinitespire:Satchel":5,"hubris:PeanutButter":28,"infinitespire:Beetle Shell":24,"Incense Burner":9,"Bag of Marbles":26,"energizedSpire:StickyHand":17,"Burning Blood":0,"relicPack:NeonSign":20},{"Happy Flower":3,"MutagenicStrength":10,"infinitespire:Satchel":2,"hubris:PeanutButter":12,"infinitespire:Beetle Shell":11,"Incense Burner":3,"Bag of Marbles":12,"energizedSpire:StickyHand":8,"Burning Blood":0,"relicPack:NeonSign":9},{"Happy Flower":14,"MutagenicStrength":42,"infinitespire:Satchel":10,"hubris:PeanutButter":59,"infinitespire:Beetle Shell":48,"Incense Burner":14,"Bag of Marbles":59,"energizedSpire:StickyHand":33,"Burning Blood":0,"relicPack:NeonSign":37}],"Burning Blood":83},"card_choices":[{"not_picked":["Sword Boomerang","Dark Embrace"],"picked":"Replay:Undeath\u0027s Touch","floor":0},{"not_picked":["ReplayTheSpireMod:Strike From Hell","ReplayTheSpireMod:Muscle Training"],"picked":"Abandon","floor":1},{"not_picked":["Havoc","Searing Blow"],"picked":"Iron Wave","floor":3},{"not_picked":["Armaments","Wild Strike"],"picked":"Iron Wave","floor":5},{"not_picked":["Spot Weakness","Armaments"],"picked":"conspire:Charge","floor":5},{"not_picked":["Replay:Undeath\u0027s Touch","Warcry"],"picked":"Flame Barrier","floor":6},{"not_picked":["Sword Boomerang","Headbutt"],"picked":"ReplayTheSpireMod:LeadingStrike","floor":10},{"not_picked":["Clash","Havoc"],"picked":"Seeing Red","floor":11},{"not_picked":["Iron Wave","Run Through"],"picked":"Sword Boomerang","floor":12},{"not_picked":["Sword Boomerang","Cleave"],"picked":"Armaments","floor":13},{"not_picked":["hubris:StunningStrike","Reaper"],"picked":"Impervious","floor":16},{"not_picked":["Dropkick","ReplayTheSpireMod:Strike From Hell"],"picked":"Anger","floor":18},{"not_picked":["Entrench","Carnage"],"picked":"Iron Wave+1","floor":21},{"not_picked":["True Grit","Carnage"],"picked":"ReplayReversal","floor":24},{"not_picked":["Combust","Armaments+1"],"picked":"Pummel+1","floor":25},{"not_picked":["True Grit+1","Wild Strike"],"picked":"hubris:ReadiedAction+1","floor":30},{"not_picked":["Cleave","ReplayTheSpireMod:Corrosion Curse"],"picked":"Hemogenesis","floor":31}],"player_experience":272413,"relics_obtained":[{"floor":5,"key":"infinitespire:Satchel"},{"floor":6,"key":"Happy Flower"},{"floor":9,"key":"Incense Burner"},{"floor":24,"key":"infinitespire:Beetle Shell"},{"floor":26,"key":"Bag of Marbles"}],"event_choices":[{"damage_healed":0,"gold_gain":0,"player_choice":"CARD POTION ","damage_taken":18,"max_hp_gain":0,"max_hp_loss":0,"event_name":"Knowing Skull","floor":19,"potions_obtained":["blueLaboratory:EmptyBottle"],"gold_loss":0,"cards_obtained":["expansioncontent:GoopSpray"]},{"damage_healed":0,"gold_gain":0,"player_choice":"Inject Mutagens","damage_taken":0,"relics_obtained":["MutagenicStrength"],"max_hp_gain":0,"max_hp_loss":0,"event_name":"Drug Dealer","floor":22,"gold_loss":0},{"damage_healed":0,"gold_gain":0,"player_choice":"Insight","damage_taken":0,"max_hp_gain":0,"max_hp_loss":0,"event_name":"betterThird:BetterWriting","floor":29,"gold_loss":0,"cards_obtained":["Insight"]},{"damage_healed":0,"gold_gain":0,"player_choice":"Ignored","damage_taken":0,"max_hp_gain":0,"max_hp_loss":0,"event_name":"Beggar","floor":32,"gold_loss":0}],"is_beta":false,"boss_relics":[{"not_picked":["Sozu","Empty Cage"],"picked":"energizedSpire:StickyHand"}],"items_purged_floors":[],"is_endless":false,"potions_floor_spawned":[1,13,16,18,24,25],"killed_by":"Collector","ascension_level":0}}