{"host":"q9718omregw4er46","time":1609444552,"event":{"mods":["BaseMod","Bestiary","Colored Powertips","Minty Spire (QoL Compilation)","Quick Restart","Relic Stats"],"gold_per_floor":[110,110,120,45,2,2,61,87,87,87,98,98,125,139,139,139,139],"floor_reached":16,"playtime":325,"items_purged":["Strike_P"],"score":266,"play_id":"748daf86-880f-472d-ae9b-43ae836a1d82","local_time":"20210101005552","is_ascension_mode":true,"campfire_choices":[{"data":"TalkToTheHand","floor":6,"key":"SMITH"},{"data":"CrushJoints","floor":12,"key":"SMITH"},{"data":"EmptyFist","floor":15,"key":"SMITH"}],"circlet_count":0,"master_deck":["AscendersBane","Strike_P","Strike_P","Strike_P","Defend_P","Defend_P","Defend_P","Eruption+1","Vigilance","TalkToTheHand+1","Consecrate","CrushJoints+1","EmptyFist+1"],"relics":["PureWater","NeowsBlessing","Happy Flower","Bag of Marbles","Du-Vu Doll","Akabeko"],"acts_visited":["Exordium"],"potions_floor_usage":[8,8],"damage_taken":[{"damage":0,"enemies":"Small Slimes","floor":1,"turns":1},{"damage":0,"enemies":"Cultist","floor":3,"turns":1},{"damage":0,"enemies":"Lagavulin Event","floor":7,"turns":1},{"damage":29,"enemies":"3 Sentries","floor":8,"turns":9},{"damage":0,"enemies":"2 Louse","floor":11,"turns":1},{"damage":0,"enemies":"Gremlin Nob","floor":13,"turns":2},{"damage":10,"enemies":"Large Slime","floor":14,"turns":4},{"damage":23,"enemies":"The Guardian","floor":16,"turns":7}],"seed_played":"4399265830551306577","potions_obtained":[{"floor":1,"key":"SkillPotion"},{"floor":3,"key":"SkillPotion"},{"floor":13,"key":"BottledMiracle"}],"is_trial":false,"path_per_floor":["M","?","M","$","$","R","?","E","T","?","M","R","E","M","R","B"],"character_chosen":"WATCHER","items_purchased":["TalkToTheHand"],"campfire_rested":0,"item_purchase_floors":[5],"current_hp_per_floor":[61,61,61,61,61,61,61,32,32,32,32,32,32,22,22,0,0],"gold":139,"neow_bonus":"THREE_ENEMY_KILL","is_daily":false,"chose_seed":false,"campfire_upgraded":3,"win_rate":0.0,"timestamp":1609444552,"path_taken":["M","?","?","?","$","R","?","E","T","?","?","R","E","M","R","BOSS"],"items_purchased_type":["Card"],"build_version":"2020-12-22","purchased_purges":1,"victory":false,"max_hp_per_floor":[68,68,68,68,68,68,68,68,68,68,68,68,68,68,68,68,68],"relic_stats":{"Happy Flower":[7],"counters":[8,26],"obtain_stats":[{"Du-Vu Doll":9,"NeowsBlessing":0,"Happy Flower":7,"Bag of Marbles":8,"PureWater":0,"Akabeko":13},{"Du-Vu Doll":4,"NeowsBlessing":0,"Happy Flower":3,"Bag of Marbles":4,"PureWater":0,"Akabeko":6},{"Du-Vu Doll":12,"NeowsBlessing":0,"Happy Flower":3,"Bag of Marbles":12,"PureWater":0,"Akabeko":15}]},"card_choices":[{"not_picked":["SignatureMove","WaveOfTheHand","Evaluate"],"picked":"SKIP","floor":1},{"not_picked":["EmptyBody","InnerPeace","Sanctity"],"picked":"SKIP","floor":3},{"not_picked":["ThirdEye","PathToVictory"],"picked":"Consecrate","floor":7},{"not_picked":["MentalFortress","Sanctity","LikeWater"],"picked":"SKIP","floor":8},{"not_picked":["SashWhip","ThirdEye","JustLucky"],"picked":"SKIP","floor":11},{"not_picked":["Evaluate","CrushJoints","Indignation"],"picked":"SKIP","floor":13},{"not_picked":["SpiritShield","PathToVictory"],"picked":"EmptyFist","floor":14}],"player_experience":1145103,"relics_obtained":[{"floor":7,"key":"Happy Flower"},{"floor":8,"key":"Bag of Marbles"},{"floor":9,"key":"Du-Vu Doll"},{"floor":13,"key":"Akabeko"}],"event_choices":[{"damage_healed":0,"gold_gain":0,"player_choice":"Upgraded","damage_taken":0,"max_hp_gain":0,"max_hp_loss":0,"event_name":"Upgrade Shrine","floor":2,"gold_loss":0,"cards_upgraded":["Eruption"]},{"damage_healed":0,"gold_gain":0,"player_choice":"Searched \u00272\u0027 times","damage_taken":0,"max_hp_gain":0,"max_hp_loss":0,"event_name":"Dead Adventurer","floor":7,"gold_loss":0},{"damage_healed":0,"gold_gain":0,"cards_transformed":["Defend_P"],"player_choice":"Transformed","damage_taken":0,"max_hp_gain":0,"max_hp_loss":0,"event_name":"Transmorgrifier","floor":10,"gold_loss":0,"cards_obtained":["CrushJoints"]}],"is_beta":false,"boss_relics":[],"items_purged_floors":[4],"is_endless":false,"potions_floor_spawned":[1,3,13],"killed_by":"The Guardian","ascension_level":20}}