{"host":"ifd7sfhtlbe34qll","time":1609377285,"event":{"mods":["2.2 Compatiblity","Act Like it!","BaseMod","Block Reminder","Colored Map","Curses Come First","Downfall","Highlight Path","Minty Spire (QoL Compilation)","Potion Indicator Mod","Quick Restart","Random Character Button","Relic Stats","StSLib"],"gold_per_floor":[199,213,227,227,239,249,249,249,149,174,184,202,214,231,250,250,250],"floor_reached":16,"playtime":773,"items_purged":[],"score":113,"play_id":"40cfd989-bb95-4722-aab4-4a324a255a44","local_time":"20201230191445","is_ascension_mode":true,"campfire_choices":[{"data":"bronze:Replicate","floor":1,"key":"SMITH"},{"data":"bronze:Goto","floor":9,"key":"SMITH"}],"circlet_count":0,"master_deck":["bronze:Strike","bronze:Strike","bronze:Strike","bronze:Defend","bronze:Defend","bronze:Defend","bronze:Defend","bronze:Replicate+1","bronze:Goto+1","bronze:DelayedSlice","bronze:ClassDefault","bronze:Replicate+1","bronze:WhirlingStrike","bronze:GetLatest","bronze:Optimize","bronze:CloningBeam","bronze:RecursiveStrike","bronze:CopyPaste","bronze:MaxOutput","bronze:Shield","bronze:CutThrough"],"relics":["bronze:BronzeCore","downfall:HeartBlessingBlue","Blue Candle"],"acts_visited":["Exordium"],"potions_floor_usage":[14,16],"damage_taken":[{"damage":0,"enemies":"2 Louse","floor":2,"turns":2},{"damage":0,"enemies":"Cultist","floor":3,"turns":3},{"damage":6,"enemies":"Jaw Worm","floor":5,"turns":2},{"damage":8,"enemies":"Red Slaver","floor":6,"turns":2},{"damage":21,"enemies":"Lagavulin","floor":10,"turns":6},{"damage":12,"enemies":"Gremlin Gang","floor":11,"turns":3},{"damage":0,"enemies":"2 Fungi Beasts","floor":12,"turns":2},{"damage":6,"enemies":"Large Slime","floor":13,"turns":5},{"damage":2,"enemies":"Exordium Thugs","floor":14,"turns":2},{"damage":0,"enemies":"2 Fungi Beasts","floor":15,"turns":1},{"damage":26,"enemies":"downfall:Silent","floor":16,"turns":6}],"seed_played":"-8184670313483516704","potions_obtained":[{"floor":10,"key":"Ancient Potion"},{"floor":11,"key":"SteroidPotion"},{"floor":13,"key":"AttackPotion"},{"floor":14,"key":"ColorlessPotion"}],"is_trial":false,"path_per_floor":["R","M","M","?","M","M","T","?","R","E","M","M","M","M","M","B"],"character_chosen":"THE_AUTOMATON","items_purchased":[],"campfire_rested":0,"item_purchase_floors":[],"current_hp_per_floor":[70,70,70,70,64,56,56,56,66,45,33,33,27,25,25,0,0],"gold":250,"neow_bonus":"HUNDRED_GOLD","is_daily":false,"chose_seed":false,"campfire_upgraded":2,"win_rate":0.0,"timestamp":1609377285,"path_taken":["R","M","M","?","M","?","T","?","R","E","M","?","M","?","M","BOSS"],"items_purchased_type":[],"build_version":"2020-12-22","purchased_purges":0,"victory":false,"max_hp_per_floor":[70,70,70,70,70,70,70,70,80,80,80,80,80,80,80,80,80],"relic_stats":{"counters":[11,34],"Blue Candle":[0],"obtain_stats":[{"bronze:BronzeCore":0,"downfall:HeartBlessingBlue":9,"Blue Candle":10},{"bronze:BronzeCore":0,"downfall:HeartBlessingBlue":4,"Blue Candle":5},{"bronze:BronzeCore":0,"downfall:HeartBlessingBlue":9,"Blue Candle":15}]},"card_choices":[{"not_picked":["bronze:Deprecate","bronze:DelayedGuard"],"picked":"bronze:DelayedSlice","floor":2},{"not_picked":["bronze:Overheat","bronze:ForceShield"],"picked":"bronze:ClassDefault","floor":3},{"not_picked":["bronze:Iterate","bronze:BitShift"],"picked":"bronze:WhirlingStrike","floor":5},{"not_picked":["bronze:ChildClass","bronze:WhirlingStrike"],"picked":"bronze:GetLatest","floor":6},{"not_picked":["bronze:BitShift","bronze:Turbo"],"picked":"bronze:CloningBeam","floor":10},{"not_picked":["bronze:WildBeam","bronze:DelayedGuard"],"picked":"bronze:RecursiveStrike","floor":11},{"not_picked":["bronze:Invalidate","bronze:DarkDash"],"picked":"bronze:CopyPaste","floor":12},{"not_picked":["bronze:BugBarrage","bronze:WildBeam"],"picked":"bronze:MaxOutput","floor":13},{"not_picked":["bronze:Invalidate","bronze:Overheat"],"picked":"bronze:Shield","floor":14},{"not_picked":["bronze:WhirlingStrike","bronze:Overheat"],"picked":"bronze:CutThrough","floor":15}],"player_experience":1631810,"relics_obtained":[{"floor":10,"key":"Blue Candle"}],"event_choices":[],"is_beta":false,"boss_relics":[],"items_purged_floors":[],"is_endless":false,"potions_floor_spawned":[10,11,13,14],"killed_by":"downfall:Silent","ascension_level":1}}