{"host":"2461dio7vetlq1z3","time":1609425395,"event":{"mods":["2.2 Compatiblity","AchievementEnabler","Aspiration","BaseMod","Better Third Choice","Friendly Minions","Hermit","Minty Spire (QoL Compilation)","Relic Stats","Spicy Shops","StSLib","Waifu the Spire"],"gold_per_floor":[115,131,142,157,23,23,53,65,65,30,30,50,50,68,68,68,68],"floor_reached":16,"playtime":540,"items_purged":[],"score":208,"play_id":"9277f54b-fb48-4996-8ecc-6ed20b4cc81c","local_time":"20201231153635","is_ascension_mode":true,"campfire_choices":[{"data":"Sweeping Beam","floor":6,"key":"SMITH"},{"data":"Capacitor","floor":11,"key":"SMITH"},{"data":"Echo Form","floor":13,"key":"SMITH"},{"data":"Zap","floor":15,"key":"SMITH"}],"circlet_count":0,"master_deck":["AscendersBane","Strike_B","Strike_B","Strike_B","Strike_B","Defend_B","Defend_B","Defend_B","Defend_B","Zap+1","Dualcast","Ball Lightning","Hologram","Barrage","Echo Form+1","Steam","Sweeping Beam+1","Steam","Capacitor+1","Self Repair","Gash"],"relics":["Cracked Core","FossilizedHelix","Matryoshka"],"acts_visited":["Exordium"],"potions_floor_usage":[7,16],"damage_taken":[{"damage":1,"enemies":"Cultist","floor":1,"turns":3},{"damage":4,"enemies":"2 Louse","floor":2,"turns":3},{"damage":12,"enemies":"Jaw Worm","floor":3,"turns":2},{"damage":11,"enemies":"Exordium Wildlife","floor":4,"turns":4},{"damage":24,"enemies":"3 Sentries","floor":7,"turns":6},{"damage":0,"enemies":"Blue Slaver","floor":8,"turns":3},{"damage":7,"enemies":"Large Slime","floor":12,"turns":7},{"damage":3,"enemies":"Red Slaver","floor":14,"turns":3},{"damage":37,"enemies":"Slime Boss","floor":16,"turns":9}],"seed_played":"465517302232946083","potions_obtained":[{"floor":3,"key":"SkillPotion"},{"floor":7,"key":"GamblersBrew"},{"floor":8,"key":"PotionOfCapacity"}],"is_trial":false,"path_per_floor":["M","M","M","M","$","R","E","M","T","?","R","M","R","M","R","B"],"character_chosen":"DEFECT","items_purchased":["Steam","Sweeping Beam"],"campfire_rested":0,"item_purchase_floors":[5,5],"current_hp_per_floor":[70,66,54,43,43,43,19,19,19,38,38,31,31,28,28,0,0],"gold":68,"neow_bonus":"TEN_PERCENT_HP_BONUS","is_daily":false,"chose_seed":false,"campfire_upgraded":4,"win_rate":0.0,"timestamp":1609425395,"path_taken":["M","?","M","M","$","R","E","?","T","?","R","M","R","M","R","BOSS"],"items_purchased_type":["Card","Card"],"build_version":"2020-12-22","purchased_purges":0,"victory":false,"max_hp_per_floor":[78,78,78,78,78,78,78,78,78,78,78,78,78,78,78,78,78],"relic_stats":{"counters":[9,40],"obtain_stats":[{"Matryoshka":9,"Cracked Core":0,"FossilizedHelix":7},{"Matryoshka":6,"Cracked Core":0,"FossilizedHelix":5},{"Matryoshka":21,"Cracked Core":0,"FossilizedHelix":18}]},"card_choices":[{"not_picked":["Sweeping Beam","Skim"],"picked":"Ball Lightning","floor":1},{"not_picked":["Turbo","Recycle"],"picked":"Hologram","floor":2},{"not_picked":["Steam","Heatsinks"],"picked":"Barrage","floor":3},{"not_picked":["Steam Power","Consume"],"picked":"Echo Form","floor":4},{"not_picked":["Streamline","Stack"],"picked":"Steam","floor":7},{"not_picked":["Auto Shields","Rebound"],"picked":"Capacitor","floor":8},{"not_picked":["Fusion","Beam Cell"],"picked":"Self Repair","floor":12},{"not_picked":["Beam Cell","Coolheaded"],"picked":"Gash","floor":14}],"player_experience":1040180,"relics_obtained":[{"floor":7,"key":"FossilizedHelix"},{"floor":9,"key":"Matryoshka"}],"event_choices":[{"damage_healed":19,"gold_gain":0,"player_choice":"Healed","damage_taken":0,"max_hp_gain":0,"max_hp_loss":0,"event_name":"The Cleric","floor":10,"gold_loss":35}],"is_beta":false,"boss_relics":[],"items_purged_floors":[],"is_endless":false,"potions_floor_spawned":[3,7,8,12],"killed_by":"Slime Boss","ascension_level":20}}