{"host":"y7sd46uq4xlni546","time":1609411608,"event":{"mods":["AchievementEnabler","BaseMod","Colored Map","Colored Powertips","Curses Come First","Filter the Spire","Minty Spire (QoL Compilation)","Quick Restart","Random Character Button","Rare Cards Sparkle","StSLib"],"gold_per_floor":[109,109,128,128,148,148,181,181,181,181,201,217,217,252,252,349,349,360,360,379,379,379,414,414,443,466,507,519,531,253,266,266,364,364,377,396,410,48,48,48,79,129,129,155,155,173,3,30,30,30],"floor_reached":51,"playtime":3786,"items_purged":["Writhe"],"score":1049,"play_id":"63189f81-3c74-4218-8ffa-74771c0d246c","local_time":"20201231114648","is_ascension_mode":true,"campfire_choices":[{"data":"Uppercut","floor":6.0,"key":"SMITH"},{"floor":8.0,"key":"REST"},{"data":"Infernal Blade","floor":13.0,"key":"SMITH"},{"floor":15.0,"key":"REST"},{"floor":24.0,"key":"REST"},{"floor":32.0,"key":"REST"},{"data":"Metallicize","floor":40.0,"key":"SMITH"},{"floor":45.0,"key":"REST"},{"data":"Dual Wield","floor":49.0,"key":"SMITH"}],"circlet_count":0,"master_deck":["Strike_R+1","Strike_R+1","Strike_R+1","Strike_R+1","Strike_R+1","Defend_R+1","Defend_R+1","Defend_R+1","Defend_R+1","Bash","Uppercut+1","Warcry+1","Flex+1","Infernal Blade+1","Fire Breathing","Demon Form","Blood for Blood+1","Reaper+1","Seeing Red+1","Armaments+1","Berserk","Thunderclap+1","Uppercut+1","Clothesline+1","Intimidate+1","Double Tap","Clash+1","Thunderclap+1","Heavy Blade+1","Evolve","Metallicize+1","Clash+1","Power Through","Body Slam+1","Warcry+1","Shrug It Off+1","Dual Wield+1","Warcry","Havoc"],"relics":["Black Star","FaceOfCleric","Mango","Blue Candle","Bottled Flame","CaptainsWheel","Molten Egg 2","Orichalcum","Sozu","TungstenRod","Matryoshka","Kunai","Blood Vial","MawBank","Bag of Preparation","The Courier","Bronze Scales","StrikeDummy","Dream Catcher","Eternal Feather","Ice Cream","Busted Crown","Membership Card","Ancient Tea Set","Lantern","Letter Opener","Anchor","Lizard Tail","Gremlin Horn","War Paint","Singing Bowl","Red Skull","PreservedInsect","Oddly Smooth Stone"],"acts_visited":["Exordium","TheCity","TheBeyond"],"potions_floor_usage":[],"damage_taken":[{"damage":6.0,"enemies":"2 Louse","floor":1.0,"turns":3.0},{"damage":1.0,"enemies":"Cultist","floor":3.0,"turns":3.0},{"damage":5.0,"enemies":"Small Slimes","floor":5.0,"turns":3.0},{"damage":20.0,"enemies":"Gremlin Nob","floor":7.0,"turns":4.0},{"damage":6.0,"enemies":"Looter","floor":11.0,"turns":3.0},{"damage":5.0,"enemies":"Red Slaver","floor":12.0,"turns":4.0},{"damage":25.0,"enemies":"Lagavulin","floor":14.0,"turns":7.0},{"damage":38.0,"enemies":"Hexaghost","floor":16.0,"turns":6.0},{"damage":8.0,"enemies":"Shell Parasite","floor":18.0,"turns":4.0},{"damage":21.0,"enemies":"3 Byrds","floor":20.0,"turns":6.0},{"damage":64.0,"enemies":"Gremlin Leader","floor":23.0,"turns":6.0},{"damage":41.0,"enemies":"Book of Stabbing","floor":25.0,"turns":6.0},{"damage":47.0,"enemies":"Gremlin Leader","floor":27.0,"turns":7.0},{"damage":18.0,"enemies":"Centurion and Healer","floor":31.0,"turns":4.0},{"damage":54.0,"enemies":"Collector","floor":33.0,"turns":8.0},{"damage":0.0,"enemies":"3 Darklings","floor":35.0,"turns":7.0},{"damage":2.0,"enemies":"Orb Walker","floor":36.0,"turns":3.0},{"damage":1.0,"enemies":"Transient","floor":37.0,"turns":5.0},{"damage":33.0,"enemies":"Reptomancer","floor":41.0,"turns":5.0},{"damage":1.0,"enemies":"Mind Bloom Boss Battle","floor":42.0,"turns":6.0},{"damage":38.0,"enemies":"Nemesis","floor":44.0,"turns":7.0},{"damage":0.0,"enemies":"Sphere and 2 Shapes","floor":46.0,"turns":3.0},{"damage":60,"enemies":"Donu and Deca","floor":50,"turns":8}],"seed_played":"4884148134753062576","potions_obtained":[{"floor":1.0,"key":"SteroidPotion"},{"floor":11.0,"key":"FairyPotion"},{"floor":12.0,"key":"LiquidMemories"}],"is_trial":false,"path_per_floor":["M","?","M","?","M","R","E","R","T","?","M","M","R","E","R","B",null,"M","?","M","?","?","E","R","E","T","E","?","T","$","M","R","B",null,"M","M","M","$","?","R","E","?","T","E","R","M","$","T","R","B",null],"character_chosen":"IRONCLAD","items_purchased":["Ice Cream","Membership Card","Ancient Tea Set","Evolve","Metallicize","Anger+1","Lantern","Clash+1","Power Through","Dual Wield","Red Skull","PreservedInsect","Warcry","Havoc"],"campfire_rested":5,"item_purchase_floors":[30,38,38,38,38,38,38,38,38,47,47,47,47,47],"current_hp_per_floor":[74,74,74,74,70,70,65,94,94,87,82,78,78,54,84,47,88,81,71,56,90,90,43,74,43,43,14,14,14,14,31,75,39,91,94,102,104,104,104,111,89,91,91,56,113,117,117,117,117,65],"gold":30,"neow_bonus":"BOSS_RELIC","is_daily":false,"chose_seed":false,"campfire_upgraded":4,"win_rate":0.0,"timestamp":1609411608,"path_taken":["M","?","?","?","M","R","E","R","T","?","M","M","R","E","R","BOSS","M","?","?","?","?","E","R","E","T","E","?","?","$","?","R","BOSS","M","?","M","$","?","R","E","?","T","E","R","?","?","?","R","BOSS"],"items_purchased_type":["Relic","Relic","Relic","Card","Card","Card","Relic","Card","Card","Card","Relic","Relic","Card","Card"],"build_version":"2020-12-22","purchased_purges":1,"victory":true,"max_hp_per_floor":[80,80,81,81,82,82,97,97,97,97,98,99,99,100,100,101,101,102,102,103,103,103,104,104,105,105,106,106,106,106,107,107,108,108,109,110,111,111,111,111,112,113,113,114,116,117,117,117,117,118],"card_choices":[{"not_picked":["Dual Wield","Iron Wave"],"picked":"Uppercut","floor":1.0},{"not_picked":["Evolve","Anger"],"picked":"Warcry","floor":3.0},{"not_picked":["Ghostly Armor","True Grit"],"picked":"Flex","floor":5.0},{"not_picked":["True Grit","Body Slam"],"picked":"Infernal Blade","floor":7.0},{"not_picked":["Dual Wield","Twin Strike"],"picked":"Fire Breathing","floor":11.0},{"not_picked":["Perfected Strike","Fire Breathing"],"picked":"Demon Form","floor":12.0},{"not_picked":["Pummel+1","Combust"],"picked":"Blood for Blood+1","floor":14.0},{"not_picked":["Brutality","Juggernaut"],"picked":"Reaper+1","floor":16.0},{"not_picked":["Pommel Strike+1","Battle Trance+1"],"picked":"Seeing Red+1","floor":18.0},{"not_picked":["Inflame","Warcry"],"picked":"Armaments+1","floor":20.0},{"not_picked":["Intimidate","Clothesline+1"],"picked":"Berserk","floor":23.0},{"not_picked":["Searing Blow+1","Warcry"],"picked":"Thunderclap+1","floor":25.0},{"not_picked":["Clothesline+1","Reckless Charge+1"],"picked":"Uppercut+1","floor":27.0},{"not_picked":["Dark Embrace","True Grit"],"picked":"Clothesline+1","floor":31.0},{"not_picked":["Iron Wave+1","Rage"],"picked":"Intimidate+1","floor":32.0},{"not_picked":["Exhume","Reaper+1"],"picked":"Double Tap","floor":33.0},{"not_picked":[],"picked":"Clash+1","floor":35.0},{"not_picked":[],"picked":"Thunderclap+1","floor":36.0},{"not_picked":[],"picked":"Heavy Blade+1","floor":37.0},{"not_picked":[],"picked":"Body Slam+1","floor":41.0},{"not_picked":[],"picked":"Warcry+1","floor":44.0},{"not_picked":["Sever Soul+1"],"picked":"Singing Bowl","floor":45.0},{"not_picked":[],"picked":"Shrug It Off+1","floor":46.0}],"player_experience":547009,"relics_obtained":[{"floor":7.0,"key":"Mango"},{"floor":7.0,"key":"Blue Candle"},{"floor":9.0,"key":"Bottled Flame"},{"floor":14.0,"key":"Molten Egg 2"},{"floor":14.0,"key":"Orichalcum"},{"floor":23.0,"key":"TungstenRod"},{"floor":23.0,"key":"Matryoshka"},{"floor":25.0,"key":"Kunai"},{"floor":25.0,"key":"Blood Vial"},{"floor":26.0,"key":"MawBank"},{"floor":26.0,"key":"Bag of Preparation"},{"floor":27.0,"key":"The Courier"},{"floor":27.0,"key":"Bronze Scales"},{"floor":29.0,"key":"Dream Catcher"},{"floor":29.0,"key":"Eternal Feather"},{"floor":41.0,"key":"Letter Opener"},{"floor":41.0,"key":"Anchor"},{"floor":42.0,"key":"Lizard Tail"},{"floor":43.0,"key":"Gremlin Horn"},{"floor":44.0,"key":"War Paint"},{"floor":44.0,"key":"Singing Bowl"},{"floor":48.0,"key":"Oddly Smooth Stone"}],"event_choices":[{"damage_healed":0.0,"max_hp_gain":0.0,"max_hp_loss":0.0,"gold_gain":0.0,"event_name":"FaceTrader","player_choice":"Trade","floor":2.0,"gold_loss":0.0,"damage_taken":0.0,"relics_obtained":["FaceOfCleric"]},{"damage_healed":0.0,"max_hp_gain":0.0,"max_hp_loss":0.0,"gold_gain":0.0,"event_name":"The Cleric","player_choice":"Leave","floor":4.0,"gold_loss":0.0,"damage_taken":0.0},{"damage_healed":0.0,"max_hp_gain":0.0,"max_hp_loss":0.0,"gold_gain":0.0,"event_name":"Scrap Ooze","player_choice":"Success","floor":10.0,"gold_loss":0.0,"damage_taken":7.0,"relics_obtained":["CaptainsWheel"]},{"damage_healed":0.0,"max_hp_gain":0.0,"max_hp_loss":0.0,"gold_gain":0.0,"event_name":"Wheel of Change","player_choice":"Damaged","floor":19.0,"gold_loss":0.0,"damage_taken":10.0},{"damage_healed":34.0,"max_hp_gain":0.0,"max_hp_loss":0.0,"gold_gain":0.0,"event_name":"The Library","player_choice":"Heal","floor":21.0,"gold_loss":0.0,"damage_taken":0.0},{"damage_healed":0.0,"max_hp_gain":0.0,"max_hp_loss":0.0,"gold_gain":0.0,"event_name":"Back to Basics","player_choice":"Simplicity","floor":22.0,"gold_loss":0.0,"damage_taken":0.0,"cards_upgraded":["Strike_R","Strike_R","Strike_R","Strike_R","Strike_R","Defend_R","Defend_R","Defend_R","Defend_R"]},{"damage_healed":0.0,"max_hp_gain":0.0,"max_hp_loss":0.0,"gold_gain":0.0,"event_name":"The Mausoleum","player_choice":"Opened","floor":28.0,"gold_loss":0.0,"damage_taken":0.0,"relics_obtained":["StrikeDummy"],"cards_obtained":["Writhe"]},{"cards_removed":["Anger"],"damage_healed":0.0,"max_hp_gain":0.0,"max_hp_loss":0.0,"gold_gain":0.0,"event_name":"Falling","player_choice":"Removed Attack","floor":39.0,"gold_loss":0.0,"damage_taken":0.0},{"damage_healed":0.0,"max_hp_gain":0.0,"max_hp_loss":0.0,"gold_gain":0.0,"event_name":"MindBloom","player_choice":"Fight","floor":42.0,"gold_loss":0.0,"damage_taken":0.0}],"is_beta":false,"boss_relics":[{"not_picked":["Mark of Pain","Fusion Hammer"],"picked":"Sozu"},{"not_picked":["Philosopher\u0027s Stone","Snecko Eye"],"picked":"Busted Crown"}],"items_purged_floors":[30],"is_endless":false,"potions_floor_spawned":[1,11,12,20,23,37,42,46],"ascension_level":5}}