{"host":"f5n4tidiz2n5sooh","time":1609396239,"event":{"mods":["BaseMod","Bestiary","Colored Map","Minty Spire (QoL Compilation)","Relic Stats","StSLib"],"gold_per_floor":[117,136,136,136,14,14,89,115,115,127,127,142,142,142,142,246,246,312,312,14,54,98,98,158,158,158,231,156,156,156,205,205,235,235],"floor_reached":33,"playtime":1288,"items_purged":["Defend_R"],"score":288,"play_id":"09dc110d-8800-4ba8-8284-d876cabefe6e","local_time":"20201231003039","daily_mods":["SealedDeck"],"is_ascension_mode":false,"campfire_choices":[{"data":"PathToVictory","floor":6,"key":"SMITH"},{"data":"PathToVictory","floor":11,"key":"SMITH"},{"data":"Wireheading","floor":13,"key":"SMITH"},{"data":"Prostrate","floor":15,"key":"SMITH"},{"data":"Omniscience","floor":23,"key":"SMITH"},{"data":"Wish","floor":25,"key":"SMITH"},{"data":"Evaluate","floor":29,"key":"PURGE"},{"data":"DeceiveReality","floor":32,"key":"PURGE"}],"circlet_count":0,"master_deck":["Perseverance","Prostrate+1","ThirdEye+1","PathToVictory+1","PathToVictory+1","PathToVictory+1","Perseverance","Study","Omniscience+1","Wireheading+1","Wish+1","Protect+1","Meditate"],"relics":["PureWater","Oddly Smooth Stone","Mummified Hand","Runic Dome","Incense Burner","Peace Pipe","White Beast Statue"],"acts_visited":["Exordium","TheCity"],"potions_floor_usage":[16,33,33],"damage_taken":[{"damage":0,"enemies":"Small Slimes","floor":1,"turns":2},{"damage":0,"enemies":"Jaw Worm","floor":2,"turns":2},{"damage":0,"enemies":"Lagavulin","floor":8,"turns":3},{"damage":0,"enemies":"2 Louse","floor":10,"turns":3},{"damage":0,"enemies":"Exordium Thugs","floor":12,"turns":3},{"damage":13,"enemies":"Hexaghost","floor":16,"turns":5},{"damage":21,"enemies":"2 Thieves","floor":18,"turns":3},{"damage":0,"enemies":"3 Byrds","floor":21,"turns":4},{"damage":0,"enemies":"Snecko","floor":22,"turns":4},{"damage":27,"enemies":"Book of Stabbing","floor":24,"turns":4},{"damage":6,"enemies":"Centurion and Healer","floor":27,"turns":5},{"damage":21,"enemies":"Snake Plant","floor":31,"turns":3},{"damage":21,"enemies":"Champ","floor":33,"turns":5}],"seed_played":"3065799892593747541","potions_obtained":[{"floor":2,"key":"Ancient Potion"},{"floor":8,"key":"BlessingOfTheForge"},{"floor":10,"key":"EssenceOfSteel"},{"floor":12,"key":"PowerPotion"},{"floor":22,"key":"ColorlessPotion"}],"is_trial":true,"path_per_floor":["M","M","?","?","$","R","?","E","T","M","R","M","R","?","R","B",null,"M","?","$","M","M","R","E","R","T","M","$","R","?","M","R","B"],"character_chosen":"WATCHER","items_purchased":["Omniscience","BottledMiracle","Incense Burner"],"campfire_rested":0,"item_purchase_floors":[5,5,20],"current_hp_per_floor":[72,72,65,51,51,51,40,40,40,40,40,40,40,40,40,27,72,51,72,72,72,72,72,45,45,45,39,39,39,39,18,18,0,0],"gold":235,"neow_bonus":"","is_daily":false,"chose_seed":false,"campfire_upgraded":6,"win_rate":0.0,"timestamp":1609396239,"path_taken":["M","M","?","?","?","R","?","E","T","M","R","?","R","?","R","BOSS","M","?","$","M","M","R","E","R","T","?","$","R","?","M","R","BOSS"],"items_purchased_type":["Card","Potion","Relic"],"build_version":"2020-12-22","purchased_purges":1,"victory":false,"max_hp_per_floor":[72,72,72,72,72,72,72,72,72,72,72,72,72,72,72,72,72,72,72,72,72,72,72,72,72,72,72,72,72,72,72,72,72,72],"relic_stats":{"Peace Pipe":2,"counters":[13,46],"Mummified Hand":[22],"obtain_stats":[{"Peace Pipe":24,"Runic Dome":17,"Mummified Hand":9,"Oddly Smooth Stone":8,"Incense Burner":20,"PureWater":0,"White Beast Statue":26},{"Peace Pipe":10,"Runic Dome":6,"Mummified Hand":3,"Oddly Smooth Stone":3,"Incense Burner":7,"PureWater":0,"White Beast Statue":10},{"Peace Pipe":33,"Runic Dome":18,"Mummified Hand":7,"Oddly Smooth Stone":7,"Incense Burner":21,"PureWater":0,"White Beast Statue":33}]},"card_choices":[{"not_picked":["EmptyBody","Indignation"],"picked":"Perseverance","floor":1},{"not_picked":["Halt","Worship"],"picked":"Study","floor":2},{"not_picked":["FlurryOfBlows","Vengeance","FollowUp"],"picked":"SKIP","floor":8},{"not_picked":["MentalFortress","DeusExMachina","WindmillStrike"],"picked":"SKIP","floor":10},{"not_picked":["JustLucky","Swivel"],"picked":"Wireheading","floor":12},{"not_picked":["Establishment","LessonLearned"],"picked":"Wish","floor":16},{"not_picked":["FollowUp","EmptyBody","FlyingSleeves"],"picked":"SKIP","floor":18},{"not_picked":["EmptyBody","Halt"],"picked":"Protect+1","floor":21},{"not_picked":["FlyingSleeves","FlurryOfBlows","FollowUp+1"],"picked":"SKIP","floor":22},{"not_picked":["Ragnarok","JustLucky","Study"],"picked":"SKIP","floor":24},{"not_picked":["Tantrum","FlyingSleeves"],"picked":"Meditate","floor":27},{"not_picked":["JustLucky","CrushJoints","FlyingSleeves"],"picked":"SKIP","floor":31}],"player_experience":1955797,"relics_obtained":[{"floor":8,"key":"Oddly Smooth Stone"},{"floor":9,"key":"Mummified Hand"},{"floor":24,"key":"Peace Pipe"},{"floor":26,"key":"White Beast Statue"}],"event_choices":[{"cards_removed":["ClearTheMind"],"damage_healed":0,"gold_gain":0,"player_choice":"Card Removal","damage_taken":7,"max_hp_gain":0,"max_hp_loss":0,"event_name":"Golden Wing","floor":3,"gold_loss":0},{"damage_healed":0,"gold_gain":0,"player_choice":"Entered Light","damage_taken":14,"max_hp_gain":0,"max_hp_loss":0,"event_name":"Shining Light","floor":4,"gold_loss":0,"cards_upgraded":["ThirdEye","PathToVictory"]},{"damage_healed":0,"gold_gain":75,"player_choice":"Gather Gold","damage_taken":11,"max_hp_gain":0,"max_hp_loss":0,"event_name":"World of Goop","floor":7,"gold_loss":0},{"cards_removed":["Prostrate"],"damage_healed":0,"gold_gain":0,"player_choice":"Took Card","damage_taken":0,"max_hp_gain":0,"max_hp_loss":0,"event_name":"NoteForYourself","floor":14,"gold_loss":0,"cards_obtained":["Defend_R"]},{"damage_healed":21,"gold_gain":0,"player_choice":"Full Heal","damage_taken":0,"max_hp_gain":0,"max_hp_loss":0,"event_name":"Wheel of Change","floor":19,"gold_loss":0},{"damage_healed":0,"gold_gain":0,"player_choice":"Bought 0 Potions","damage_taken":0,"max_hp_gain":0,"max_hp_loss":0,"event_name":"The Woman in Blue","floor":30,"gold_loss":0}],"is_beta":false,"boss_relics":[{"not_picked":["HolyWater","Cursed Key"],"picked":"Runic Dome"}],"items_purged_floors":[28],"is_endless":false,"potions_floor_spawned":[2,8,10,12,22,27,31],"killed_by":"Champ","ascension_level":0}}