{"host":"uikxj58mzlixykyi","time":1609405310,"event":{"mods":["AchievementEnabler","BaseMod","BetterRewards","Colored Map","Colored Powertips","Downfall","Highlight Path","Minty Spire (QoL Compilation)","Rare Cards Sparkle","Replay The Spire","Shop Mod","StSLib"],"gold_per_floor":[99,114,129,144,144,159,184,199,214,214,229,229,244,259,274,374,374,374,389,389,404,404,419,419,419,419],"floor_reached":25,"playtime":866,"items_purged":[],"score":251,"play_id":"37c2ad73-fef6-4fe5-9fcd-c1de6b885a95","local_time":"20201231110150","daily_mods":["downfall:ChampStances","Purple Cards","downfall:ExchangeController"],"is_ascension_mode":false,"campfire_choices":[{"data":"Zap","floor":1.0,"key":"SMITH"},{"floor":10.0,"key":"REST"},{"data":"DeusExMachina","floor":18.0,"key":"SMITH"}],"circlet_count":0,"master_deck":["Strike_B","Strike_B","Strike_B","Strike_B","Defend_B","Defend_B","Zap+1","Dualcast","Ball Lightning","DeusExMachina+1","Go for the Eyes","Reinforced Body","SandsOfTime+1"],"relics":["Cracked Core","champ:ChampStancesModRelic","downfall:NeowBlessing_Player","Darkstone Periapt","Philosopher\u0027s Stone","ReplayTheSpireMod:Shallot"],"acts_visited":["Exordium","TheCity"],"potions_floor_usage":[],"damage_taken":[{"damage":0.0,"enemies":"Cultist","floor":2.0,"turns":3.0},{"damage":16.0,"enemies":"2 Louse","floor":3.0,"turns":3.0},{"damage":11.0,"enemies":"Jaw Worm","floor":4.0,"turns":3.0},{"damage":37.0,"enemies":"Exordium Thugs","floor":6.0,"turns":4.0},{"damage":9.0,"enemies":"Blue Slaver","floor":8.0,"turns":3.0},{"damage":9.0,"enemies":"Exordium Wildlife","floor":9.0,"turns":2.0},{"damage":0.0,"enemies":"Large Slime","floor":11.0,"turns":3.0},{"damage":16.0,"enemies":"3 Louse","floor":13.0,"turns":2.0},{"damage":22.0,"enemies":"Exordium Thugs","floor":14.0,"turns":4.0},{"damage":10.0,"enemies":"Large Slime","floor":15.0,"turns":4.0},{"damage":74.0,"enemies":"Slime Boss","floor":16.0,"turns":13.0},{"damage":60,"enemies":"3 Byrds","floor":19,"turns":5},{"damage":51,"enemies":"Snake Plant","floor":21,"turns":6},{"damage":68,"enemies":"Sentry and Sphere","floor":23,"turns":6},{"damage":119,"enemies":"Gremlin Leader","floor":25,"turns":9}],"seed_played":"-5051420239723459148","potions_obtained":[{"floor":2.0,"key":"Strength Potion"},{"floor":6.0,"key":"FocusPotion"},{"floor":8.0,"key":"Dexterity Potion"},{"floor":11.0,"key":"Strength Potion"},{"floor":14.0,"key":"Ancient Potion"},{"floor":21,"key":"SteroidPotion"},{"floor":23,"key":"SpeedPotion"}],"is_trial":false,"path_per_floor":["R","M","M","M","?","M","T","M","M","R","M","T","M","M","M","B",null,"R","M","?","M","?","M","T","E"],"character_chosen":"DEFECT","items_purchased":[],"campfire_rested":1,"item_purchase_floors":[],"current_hp_per_floor":[175,175,165,154,154,120,120,111,102,154,154,154,138,116,106,32,275,275,218,218,167,167,108,108,0,0],"gold":419,"neow_bonus":"","is_daily":true,"chose_seed":false,"campfire_upgraded":2,"win_rate":0.0,"timestamp":1609405310,"path_taken":["R","M","M","?","?","M","T","?","M","R","M","?","M","M","M","BOSS","R","M","?","?","?","M","T","E"],"items_purchased_type":[],"build_version":"2020-12-22","purchased_purges":0,"victory":false,"max_hp_per_floor":[175,175,175,175,175,175,175,175,175,175,175,175,175,175,175,175,275,275,275,275,275,275,275,275,275,275],"card_choices":[{"not_picked":["Replay:ManipulateFuture","BattleHymn","SashWhip"],"picked":"SKIP","floor":2.0},{"not_picked":["Chill","Stack","Collect"],"picked":"SKIP","floor":3.0},{"not_picked":["BattleHymn","Blizzard"],"picked":"Ball Lightning","floor":4.0},{"not_picked":["PathToVictory","Prostrate","Study"],"picked":"SKIP","floor":6.0},{"not_picked":["Go for the Eyes","Replay:ManipulateFuture","Conserve Battery"],"picked":"SKIP","floor":8.0},{"not_picked":["Reprogram","Compile Driver","BowlingBash"],"picked":"SKIP","floor":9.0},{"not_picked":["ReplayGash","Auto Shields","Panic Button"],"picked":"SKIP","floor":11.0},{"not_picked":["WindmillStrike","Rebound","Rainbow"],"picked":"SKIP","floor":13.0},{"not_picked":["FollowUp","Indignation"],"picked":"Go for the Eyes","floor":14.0},{"not_picked":["ReachHeaven","EmptyFist","PathToVictory"],"picked":"SKIP","floor":15.0},{"not_picked":["FlurryOfBlows","EmptyFist","Doom and Gloom"],"picked":"SKIP","floor":19},{"not_picked":["Replay:ManipulateFuture","Sweeping Beam","Panic Button+1"],"picked":"SKIP","floor":21},{"not_picked":["Replay:BluntJabs","SashWhip"],"picked":"SandsOfTime+1","floor":23}],"player_experience":76822,"relics_obtained":[{"floor":12.0,"key":"Darkstone Periapt"},{"floor":24,"key":"ReplayTheSpireMod:Shallot"}],"event_choices":[{"damage_healed":0.0,"max_hp_gain":0.0,"max_hp_loss":0.0,"gold_gain":0.0,"cards_transformed":["Defend_B"],"event_name":"Transmorgrifier","player_choice":"Transformed","floor":5.0,"gold_loss":0.0,"damage_taken":0.0,"cards_obtained":["DeusExMachina"]},{"damage_healed":0,"gold_gain":0,"cards_transformed":["Defend_B"],"player_choice":"Transformed","damage_taken":0,"max_hp_gain":0,"max_hp_loss":0,"event_name":"Transmorgrifier","floor":20,"gold_loss":0,"cards_obtained":["Reinforced Body"]},{"damage_healed":0,"gold_gain":0,"player_choice":"Ignored","damage_taken":0,"max_hp_gain":0,"max_hp_loss":0,"event_name":"Ghosts","floor":22,"gold_loss":0}],"is_beta":false,"boss_relics":[{"not_picked":["Runic Pyramid","Ectoplasm"],"picked":"Philosopher\u0027s Stone"}],"items_purged_floors":[],"is_endless":false,"potions_floor_spawned":[2,6,8,11,14,21,23],"killed_by":"Gremlin Leader","ascension_level":0}}