{"host":"1eo5f82aifdzd7pr","time":1609423073,"event":{"mods":["AchievementEnabler","BaseMod","Colored Map","Colored Powertips","DeckTracker","Marisa????????","Minty Spire (QoL Compilation)","SuperFastMode","The Servant 0.9.4"],"gold_per_floor":[17,30,46,63,63,63,79,79,79,79,79,92,107,119,119,224,224,236,236,252,126,126,126,178,178,178,218,268,268,304,314,314,443,443,482,557,265,305,305,305,341,376,376,376,421,421,484,90,90,90],"floor_reached":51,"playtime":3855,"items_purged":["Strike_MRS","Strike_MRS+1","Strike_MRS+1"],"score":782,"play_id":"c87a5886-b1c9-47b2-a114-0f3c786965ef","local_time":"20201231155753","is_ascension_mode":true,"campfire_choices":[{"data":"GrandCross","floor":6,"key":"SMITH"},{"data":"OortCloud","floor":8,"key":"SMITH"},{"data":"TreasureHunter","floor":15,"key":"SMITH"},{"data":"CasketOfStar","floor":23,"key":"SMITH"},{"floor":25,"key":"DIG"},{"data":"AsteroidBelt","floor":29,"key":"SMITH"},{"floor":32,"key":"DIG"},{"floor":40,"key":"DIG"},{"floor":44,"key":"DIG"},{"floor":46,"key":"DIG"},{"data":"CasketOfStar","floor":49,"key":"SMITH"}],"circlet_count":0,"master_deck":["Defend_MRS","Defend_MRS","Defend_MRS","MasterSpark","UpSweep","ShootTheMoon","OortCloud+1","GrandCross+1","AsteroidBelt+1","Bandage Up","SuperPerseids","TreasureHunter+1","CasketOfStar+1","WitchOfGreed+1","MilkyWay+1","SuperNova","OortCloud","Orbital","CasketOfStar+1","Singularity","OrrerysSun+1","MilkyWay","GravityBeat+1","EnergyFlow+1","GasGiant+1","GalacticHalo"],"relics":["MiniHakkero","Ginger","Blood Vial","Boot","Shovel","Coffee Dripper","Gremlin Horn","Torii","Centennial Puzzle","White Beast Statue","Nunchaku","Lantern","Empty Cage","FossilizedHelix","Strange Spoon","MagicBroom","Eternal Feather","InkBottle","Smiling Mask","BreadOfAWashokuLover","CeramicFish","Incense Burner"],"acts_visited":["Exordium","TheCity","TheBeyond"],"potions_floor_usage":[4,16,16,24,27,28,30,30,35,36,38,41,42,50],"damage_taken":[{"damage":0,"enemies":"Cultist","floor":1,"turns":3},{"damage":0,"enemies":"2 Louse","floor":2,"turns":2},{"damage":0,"enemies":"Small Slimes","floor":3,"turns":3},{"damage":12,"enemies":"Gremlin Gang","floor":4,"turns":4},{"damage":6,"enemies":"Looter","floor":7,"turns":2},{"damage":3,"enemies":"Exordium Thugs","floor":12,"turns":3},{"damage":1,"enemies":"3 Louse","floor":13,"turns":4},{"damage":0,"enemies":"Gremlin Gang","floor":14,"turns":5},{"damage":30,"enemies":"Hexaghost","floor":16,"turns":15},{"damage":18,"enemies":"Chosen","floor":18,"turns":5},{"damage":9,"enemies":"3 Byrds","floor":20,"turns":4},{"damage":10,"enemies":"Gremlin Leader","floor":24,"turns":7},{"damage":17,"enemies":"Snake Plant","floor":27,"turns":4},{"damage":21,"enemies":"Book of Stabbing","floor":28,"turns":4},{"damage":7,"enemies":"Sentry and Sphere","floor":30,"turns":4},{"damage":9,"enemies":"Centurion and Healer","floor":31,"turns":6},{"damage":24,"enemies":"Automaton","floor":33,"turns":8},{"damage":9,"enemies":"3 Darklings","floor":35,"turns":4},{"damage":0,"enemies":"Mind Bloom Boss Battle","floor":36,"turns":8},{"damage":1,"enemies":"Orb Walker","floor":38,"turns":4},{"damage":38,"enemies":"Transient","floor":41,"turns":5},{"damage":0,"enemies":"Maw","floor":42,"turns":6},{"damage":9,"enemies":"Sphere and 2 Shapes","floor":45,"turns":5},{"damage":0,"enemies":"Reptomancer","floor":47,"turns":4},{"damage":11,"enemies":"Donu and Deca","floor":50,"turns":5}],"seed_played":"-2526175925997889674","potions_obtained":[{"floor":1,"key":"Swift Potion"},{"floor":2,"key":"AttackPotion"},{"floor":14,"key":"AttackPotion"},{"floor":24,"key":"Strength Potion"},{"floor":27,"key":"SneckoOil"},{"floor":27,"key":"SteroidPotion"},{"floor":28,"key":"FairyPotion"},{"floor":28,"key":"SpeedPotion"},{"floor":30,"key":"BlessingOfTheForge"},{"floor":31,"key":"FearPotion"},{"floor":33,"key":"Block Potion"},{"floor":35,"key":"ColorlessPotion"},{"floor":36,"key":"Block Potion"},{"floor":38,"key":"Block Potion"},{"floor":41,"key":"BottledSpark"},{"floor":42,"key":"ShroomBrew"},{"floor":45,"key":"PowerPotion"}],"is_trial":false,"path_per_floor":["M","M","M","M","?","R","M","R","T","?","?","M","M","M","R","B",null,"M","?","M","$","?","R","E","R","T","M","E","R","M","M","R","B",null,"M","?","$","M","?","R","M","M","T","R","M","R","E","$","R","B",null],"character_chosen":"MARISA","items_purchased":["Block Potion","Strange Spoon","Singularity","Incense Burner","GalacticHalo"],"campfire_rested":0,"item_purchase_floors":[21,37,37,48,48],"current_hp_per_floor":[75,75,75,63,45,45,41,41,41,26,26,25,30,36,36,12,75,57,57,54,54,75,75,69,69,69,58,43,43,42,39,39,21,75,70,75,75,75,75,75,45,55,55,67,64,75,75,75,75,69],"gold":90,"neow_bonus":"ONE_RARE_RELIC","is_daily":false,"chose_seed":false,"campfire_upgraded":6,"win_rate":0.0,"timestamp":1609423073,"path_taken":["M","M","M","M","?","R","M","R","T","?","?","M","?","M","R","BOSS","M","?","M","$","?","R","E","R","T","M","E","R","M","M","R","BOSS","M","?","$","M","?","R","?","M","T","R","M","R","E","$","R","BOSS"],"items_purchased_type":["Potion","Relic","Card","Relic","Card"],"build_version":"2020-12-22","purchased_purges":3,"victory":true,"max_hp_per_floor":[75,75,75,75,75,75,75,75,75,75,75,75,75,75,75,75,75,75,75,75,75,75,75,75,75,75,75,75,75,75,75,75,75,75,75,75,75,75,75,75,75,75,75,75,75,75,75,75,75,75],"card_choices":[{"not_picked":["WitchLeyline","DC"],"picked":"ShootTheMoon","floor":1},{"not_picked":["ShootingEcho","OpenUniverse"],"picked":"OortCloud","floor":2},{"not_picked":["SporeBomb","GravityBeat","DarkMatter"],"picked":"SKIP","floor":3},{"not_picked":["MilkyWay","SporeBomb"],"picked":"GrandCross","floor":4},{"not_picked":["GrandCross","DoubleSpark"],"picked":"AsteroidBelt","floor":7},{"not_picked":["IllusionStar","SporeBomb"],"picked":"SuperPerseids","floor":12},{"not_picked":["Occultation","AsteroidBelt"],"picked":"TreasureHunter","floor":13},{"not_picked":["LuminesStrike","WitchLeyline","AsteroidBelt"],"picked":"SKIP","floor":14},{"not_picked":["JA","MaximisePower"],"picked":"CasketOfStar","floor":16},{"not_picked":["FairyDestructionRay","GalacticHalo"],"picked":"WitchOfGreed+1","floor":18},{"not_picked":["PowerUp+1","UnstableBomb"],"picked":"MilkyWay+1","floor":20},{"not_picked":["SuperPerseids","NonDirectionalLaser"],"picked":"SuperNova","floor":24},{"not_picked":["WitchOfGreed","MysteriousBeam+1","PowerUp"],"picked":"SKIP","floor":27},{"not_picked":["BlazingStar","BlazeAway","ManaRampage"],"picked":"SKIP","floor":28},{"not_picked":["OpenUniverse+1","UnstableBomb"],"picked":"OortCloud","floor":30},{"not_picked":["EnergyFlow","LuminesStrike"],"picked":"Orbital","floor":31},{"not_picked":["TreasureHunter","MaximisePower"],"picked":"CasketOfStar","floor":33},{"not_picked":["LuminesStrike+1","MagicAbsorber","WitchOfGreed"],"picked":"SKIP","floor":35},{"not_picked":["GrandCross+1","Singularity+1"],"picked":"OrrerysSun+1","floor":38},{"not_picked":["6A+1","Robbery+1"],"picked":"MilkyWay","floor":41},{"not_picked":["GrandCross+1","WitchOfGreed"],"picked":"GravityBeat+1","floor":42},{"not_picked":["Acceleration","AsteroidBelt"],"picked":"EnergyFlow+1","floor":45},{"not_picked":["6A","StarBarrage+1"],"picked":"GasGiant+1","floor":47}],"player_experience":761897,"relics_obtained":[{"floor":9,"key":"Boot"},{"floor":16,"key":"Shovel"},{"floor":24,"key":"Gremlin Horn"},{"floor":24,"key":"Torii"},{"floor":25,"key":"Centennial Puzzle"},{"floor":26,"key":"White Beast Statue"},{"floor":28,"key":"Nunchaku"},{"floor":32,"key":"Lantern"},{"floor":36,"key":"FossilizedHelix"},{"floor":40,"key":"MagicBroom"},{"floor":43,"key":"Eternal Feather"},{"floor":44,"key":"InkBottle"},{"floor":46,"key":"Smiling Mask"},{"floor":47,"key":"BreadOfAWashokuLover"},{"floor":47,"key":"CeramicFish"}],"event_choices":[{"damage_healed":0,"gold_gain":0,"player_choice":"Success","damage_taken":18,"relics_obtained":["Blood Vial"],"max_hp_gain":0,"max_hp_loss":0,"event_name":"Scrap Ooze","floor":5,"gold_loss":0},{"damage_healed":0,"gold_gain":0,"player_choice":"Entered Light","damage_taken":15,"max_hp_gain":0,"max_hp_loss":0,"event_name":"Shining Light","floor":10,"gold_loss":0,"cards_upgraded":["Strike_MRS","Strike_MRS"]},{"damage_healed":0,"gold_gain":0,"player_choice":"1 cards matched","damage_taken":0,"max_hp_gain":0,"max_hp_loss":0,"event_name":"Match and Keep!","floor":11,"gold_loss":0,"cards_obtained":["Bandage Up"]},{"damage_healed":0,"gold_gain":0,"player_choice":"Ignored","damage_taken":0,"max_hp_gain":0,"max_hp_loss":0,"event_name":"Vampires","floor":19,"gold_loss":0},{"damage_healed":21,"gold_gain":0,"player_choice":"Full Heal","damage_taken":0,"max_hp_gain":0,"max_hp_loss":0,"event_name":"Wheel of Change","floor":22,"gold_loss":0},{"damage_healed":0,"gold_gain":0,"player_choice":"Fight","damage_taken":0,"max_hp_gain":0,"max_hp_loss":0,"event_name":"MindBloom","floor":36,"gold_loss":0},{"damage_healed":0,"gold_gain":0,"player_choice":"Got Potions","damage_taken":0,"max_hp_gain":0,"max_hp_loss":0,"event_name":"Lab","floor":39,"gold_loss":0}],"is_beta":false,"boss_relics":[{"not_picked":["Busted Crown","Snecko Eye"],"picked":"Coffee Dripper"},{"not_picked":["Pandora\u0027s Box","SacredBark"],"picked":"Empty Cage"}],"items_purged_floors":[21,37,48],"is_endless":false,"potions_floor_spawned":[1,2,14,27,28,30,31,33,35,36,38,41,42,45],"ascension_level":2}}