{"host":"0hb9w7uizu7y13wj","time":1609421826,"event":{"mods":["Act Like it!","Aspiration","BaseMod","BetterRewards","Colored Map","Conspire","Downfall","Energized Spire","FTL Soundtrack","Friendly Minions","Halation","Hubris","Infinite Spire","Minty Spire (QoL Compilation)","Quick Restart","Replay The Spire","StSLib","Synergy Search","The Factory","The Hierophant","The Jungle","The Poker Player","Trackpad","everything is the same but u backflip on backflip","vexMod"],"gold_per_floor":[110,110,110,110,134,173,193,208,262,280,304,342,362,362,362],"floor_reached":14,"playtime":328,"items_purged":[],"score":184,"play_id":"2d62fc0d-7d54-4445-8f0c-1e8be2d21bf8","local_time":"20201231133706","is_ascension_mode":true,"campfire_choices":[],"circlet_count":0,"master_deck":["Strike_B","Strike_B+1","Strike_B","Strike_B","Defend_B+1","Defend_B","Defend_B","Defend_B","Zap+1","Dualcast","Tempest","Doom and Gloom","Glacier","Ball Lightning","Redo","Electrodynamics"],"relics":["Cracked Core","NeowsBlessing","Golden Idol","hubris:MysteriousPyramids","Dream Catcher","conspire:TopHat","Anchor"],"acts_visited":["Exordium"],"potions_floor_usage":[],"damage_taken":[{"damage":0.0,"enemies":"Cultist","floor":1.0,"turns":1.0},{"damage":0.0,"enemies":"2 Louse","floor":5.0,"turns":1.0},{"damage":0.0,"enemies":"Gremlin Nob","floor":6.0,"turns":1.0},{"damage":5.0,"enemies":"Small Slimes","floor":7.0,"turns":3.0},{"damage":2.0,"enemies":"Exordium Wildlife","floor":8.0,"turns":3.0},{"damage":6.0,"enemies":"Looter","floor":10.0,"turns":2.0},{"damage":1.0,"enemies":"3 Sentries","floor":12.0,"turns":3.0},{"damage":0.0,"enemies":"Lots of Slimes","floor":13.0,"turns":2.0},{"damage":20,"enemies":"Lagavulin","floor":14,"turns":4}],"seed_played":"-2156247608173309589","potions_obtained":[{"floor":5.0,"key":"DuplicationPotion"},{"floor":6.0,"key":"EssenceOfSteel"},{"floor":10.0,"key":"SkillPotion"}],"is_trial":false,"path_per_floor":["M","?","?","?","M","E","M","M","T","M","T","E","M","E"],"character_chosen":"DEFECT","items_purchased":[],"campfire_rested":0,"item_purchase_floors":[],"current_hp_per_floor":[68,68,50,35,35,35,30,28,28,22,22,21,21,1,1],"gold":362,"neow_bonus":"THREE_ENEMY_KILL","is_daily":false,"chose_seed":false,"campfire_upgraded":0,"win_rate":0.0,"timestamp":1609421826,"path_taken":["M","?","?","?","M","E","M","M","T","M","?","E","M","E"],"items_purchased_type":[],"build_version":"2020-12-22","purchased_purges":0,"victory":false,"max_hp_per_floor":[75,75,75,75,75,75,75,75,75,75,75,75,75,75,75],"card_choices":[{"not_picked":["Go for the Eyes","Streamline","Barrage"],"picked":"SKIP","floor":1.0},{"not_picked":["ReplaySolidLightProjector","Turbo"],"picked":"Tempest","floor":5.0},{"not_picked":["Go for the Eyes","Steam"],"picked":"Doom and Gloom","floor":6.0},{"not_picked":["Steam","Rebound"],"picked":"Glacier","floor":7.0},{"not_picked":["Panic Button","Rebound"],"picked":"Ball Lightning","floor":8.0},{"not_picked":["ReplaySort","Redo","Skim"],"picked":"SKIP","floor":10.0},{"not_picked":["ReplaySort","Skim"],"picked":"Redo","floor":10.0},{"not_picked":["Go for the Eyes","Steam Power","Undo"],"picked":"SKIP","floor":12.0},{"not_picked":["Turbo","Streamline"],"picked":"Electrodynamics","floor":13.0}],"player_experience":921412,"relics_obtained":[{"floor":6.0,"key":"hubris:MysteriousPyramids"},{"floor":9.0,"key":"Dream Catcher"},{"floor":11.0,"key":"conspire:TopHat"},{"floor":12.0,"key":"Anchor"}],"event_choices":[{"damage_healed":0.0,"max_hp_gain":0.0,"max_hp_loss":0.0,"gold_gain":0.0,"event_name":"Golden Idol","player_choice":"Take Damage","floor":3.0,"gold_loss":0.0,"damage_taken":18.0,"relics_obtained":["Golden Idol"]},{"damage_healed":0.0,"max_hp_gain":0.0,"max_hp_loss":0.0,"gold_gain":0.0,"event_name":"Shining Light","player_choice":"Entered Light","floor":4.0,"gold_loss":0.0,"damage_taken":15.0,"cards_upgraded":["Zap","Defend_B"]}],"is_beta":false,"boss_relics":[],"items_purged_floors":[],"is_endless":false,"potions_floor_spawned":[5,6,10],"killed_by":"Lagavulin","ascension_level":9}}