{"host":"7k2a2omxz3voj5ax","time":1609434826,"event":{"mods":["BaseMod","Marisa£¨ìFÓê¡¡Ä§ÀíÉ³£©","Minty Spire (QoL Compilation)","Quick Restart","Spicy Shops","StSLib","Starting Relic: Pandora\u0027s Box","óô»ðÖ¸ÄÏ"],"gold_per_floor":[32,57,82,912,912,953,683,731,731,731,731,780,845,874,647,724,724,753,784,812,831,841,896,896,650,662,701,760,772,826,856,868,971,983,1015,1046,1280,1317,1349,1387,1399,960,960,960,960,1310,1310,1344,1053,1053,1053,1053,1053,313,346,346],"floor_reached":57,"playtime":2708,"items_purged":["GravityBeat","MasterSpark","OneTimeOff","WitchLeyline","NonDirectionalLaser","UltimateShortwave","GalacticHalo+1","AsteroidBelt+1","MilkyWay+1","PowerUp+1"],"score":3172,"play_id":"ed46e001-9973-43a8-b046-881f936616be","local_time":"20210101021346","is_ascension_mode":true,"campfire_choices":[{"data":"StarBarrage","floor":10.0,"key":"SMITH"},{"data":"SprinkleStarSeal","floor":32.0,"key":"SMITH"},{"floor":41.0,"key":"RECALL"},{"data":"PowerUp","floor":44.0,"key":"SMITH"},{"data":"Singularity","floor":47.0,"key":"SMITH"},{"data":"Deep Breath","floor":53,"key":"SMITH"}],"circlet_count":0,"master_deck":["AscendersBane","StarBarrage+1","BlazeAway+1","SprinkleStarSeal+1","Singularity+1","EarthLightRay+1","Acceleration+1","ManaConvection","AsteroidBelt+1","UltimateShortwave+1","OortCloud+1","Deep Breath+1","Impatience"],"relics":["MiniHakkero","Membership Card","Eternal Feather","SimpleLauncher","Mercury Hourglass","AmplifyWand","Ginger","StrikeDummy","TheAbacus","War Paint","Coffee Dripper","Bronze Scales","MawBank","Red Mask","PreservedInsect","HandmadeGrimoire","Astrolabe","Calipers","Juzu Bracelet","Bag of Preparation","Prayer Wheel","Omamori","Meat on the Bone","Old Coin","Dream Catcher","Lantern","Bottled Flame","Bottled Tornado","Bag of Marbles","Vajra"],"acts_visited":["Exordium","TheCity","TheBeyond","TheEnding"],"potions_floor_usage":[50],"damage_taken":[{"damage":3.0,"enemies":"Cultist","floor":1.0,"turns":3.0},{"damage":0.0,"enemies":"Small Slimes","floor":2.0,"turns":3.0},{"damage":9.0,"enemies":"2 Louse","floor":3.0,"turns":2.0},{"damage":17.0,"enemies":"Lagavulin","floor":6.0,"turns":5.0},{"damage":33.0,"enemies":"Gremlin Nob","floor":8.0,"turns":4.0},{"damage":0.0,"enemies":"Lagavulin","floor":12.0,"turns":3.0},{"damage":11.0,"enemies":"Lagavulin Event","floor":13.0,"turns":3.0},{"damage":9.0,"enemies":"Blue Slaver","floor":14.0,"turns":2.0},{"damage":0.0,"enemies":"The Guardian","floor":16.0,"turns":3.0},{"damage":0.0,"enemies":"Spheric Guardian","floor":18.0,"turns":2.0},{"damage":2.0,"enemies":"3 Byrds","floor":19.0,"turns":3.0},{"damage":42.0,"enemies":"Shelled Parasite and Fungi","floor":20.0,"turns":3.0},{"damage":8.0,"enemies":"Centurion and Healer","floor":21.0,"turns":3.0},{"damage":0.0,"enemies":"Sentry and Sphere","floor":22.0,"turns":2.0},{"damage":7.0,"enemies":"Gremlin Leader","floor":23.0,"turns":3.0},{"damage":8.0,"enemies":"Masked Bandits","floor":27.0,"turns":2.0},{"damage":9.0,"enemies":"Book of Stabbing","floor":28.0,"turns":3.0},{"damage":22.0,"enemies":"Slavers","floor":30.0,"turns":3.0},{"damage":0.0,"enemies":"Snake Plant","floor":31.0,"turns":1.0},{"damage":2.0,"enemies":"Champ","floor":33.0,"turns":5.0},{"damage":2.0,"enemies":"3 Shapes","floor":35.0,"turns":3.0},{"damage":7.0,"enemies":"Orb Walker","floor":36.0,"turns":4.0},{"damage":0.0,"enemies":"Mind Bloom Boss Battle","floor":38.0,"turns":4.0},{"damage":0.0,"enemies":"Sphere and 2 Shapes","floor":39.0,"turns":2.0},{"damage":0.0,"enemies":"Nemesis","floor":40.0,"turns":5.0},{"damage":13.0,"enemies":"2 Orb Walkers","floor":46.0,"turns":5.0},{"damage":41,"enemies":"Reptomancer","floor":48,"turns":4},{"damage":7,"enemies":"Time Eater","floor":50,"turns":4},{"damage":7,"enemies":"Donu and Deca","floor":51,"turns":2},{"damage":0,"enemies":"Shield and Spear","floor":55,"turns":2},{"damage":38,"enemies":"The Heart","floor":56,"turns":6}],"seed_played":"2087025176524637016","potions_obtained":[{"floor":1.0,"key":"Block Potion"},{"floor":2.0,"key":"Fire Potion"},{"floor":6.0,"key":"Regen Potion"},{"floor":8.0,"key":"LiquidBronze"},{"floor":12.0,"key":"Regen Potion"},{"floor":12.0,"key":"DistilledChaos"},{"floor":13.0,"key":"Swift Potion"},{"floor":14.0,"key":"SkillPotion"},{"floor":16.0,"key":"BlessingOfTheForge"},{"floor":18.0,"key":"BlessingOfTheForge"},{"floor":19.0,"key":"FearPotion"},{"floor":20.0,"key":"PowerPotion"},{"floor":22.0,"key":"BottledSpark"},{"floor":28.0,"key":"SmokeBomb"},{"floor":28.0,"key":"Block Potion"},{"floor":30.0,"key":"Explosive Potion"},{"floor":33.0,"key":"Regen Potion"},{"floor":38.0,"key":"SkillPotion"},{"floor":40.0,"key":"AttackPotion"}],"is_trial":false,"path_per_floor":["M","M","M","$","?","E","$","E","T","R","?","E","?","M","R","B",null,"M","M","M","M","M","E","?","R","T","?","E","?","E","M","R","B",null,"M","M","?","?","M","E","R","$","T","R","?","?","R","E","R","B","B",null,"R","$","E","B",null],"character_chosen":"MARISA","items_purchased":["Membership Card","Acceleration","SimpleLauncher","EventHorizon","TheAbacus","War Paint","MawBank","Bag of Preparation","Prayer Wheel","Omamori","PowerUp","Deep Breath","Lantern","Bottled Flame","Bottled Tornado","Impatience","Bag of Marbles"],"campfire_rested":0,"item_purchase_floors":[4,4,7,7,15,15,25,42,42,42,42,49,54,54,54,54,54],"current_hp_per_floor":[60,60,51,51,51,40,40,25,25,34,27,33,28,30,36,42,63,63,67,31,29,35,34,34,40,40,38,35,35,19,25,31,35,61,65,64,64,70,70,70,70,70,70,70,66,53,62,37,46,57,56,64,66,66,66,34],"gold":346,"neow_bonus":"TRANSFORM_TWO_CARDS","is_daily":false,"chose_seed":false,"campfire_upgraded":5,"win_rate":0.0,"timestamp":1609434826,"path_taken":["M","M","?","$","?","E","?","E","T","R","?","E","?","M","R","BOSS","M","M","M","M","M","E","?","R","T","?","E","?","E","?","R","BOSS","M","M","?","?","M","E","R","?","T","R","?","?","R","E","R","BOSS","BOSS","R","$","E","BOSS"],"items_purchased_type":["Relic","Card","Relic","Card","Relic","Relic","Relic","Relic","Relic","Relic","Card","Card","Relic","Relic","Relic","Card","Relic"],"build_version":"2020-12-22","purchased_purges":10,"victory":true,"max_hp_per_floor":[70,70,70,70,70,70,70,70,70,70,70,70,70,70,70,70,70,70,70,70,70,70,70,70,70,70,70,70,70,70,70,70,70,70,70,70,70,70,70,70,70,70,70,70,66,66,66,66,66,66,66,66,66,66,66,66],"card_choices":[{"not_picked":["NonDirectionalLaser","ShootingEcho"],"picked":"Singularity","floor":1.0},{"not_picked":["IllusionStar","SporeBomb"],"picked":"EarthLightRay","floor":2.0},{"not_picked":["MagicAbsorber","WitchOfGreed"],"picked":"NonDirectionalLaser","floor":3.0},{"not_picked":["6A","LuminesStrike"],"picked":"ManaConvection","floor":6.0},{"not_picked":["StarDustReverie","MysteriousBeam","DeepEcoloBomb"],"picked":"SKIP","floor":8.0},{"not_picked":["GravityBeat","ManaConvection","PulseMagic"],"picked":"SKIP","floor":12.0},{"not_picked":["PropBag","DoubleSpark","6A"],"picked":"SKIP","floor":14.0},{"not_picked":["Singularity","DC","MilkyWay"],"picked":"SKIP","floor":18.0},{"not_picked":["SporeBomb+1","WitchLeyline","MachineGunSpark"],"picked":"SKIP","floor":19.0},{"not_picked":["NonDirectionalLaser","UnstableBomb"],"picked":"AsteroidBelt","floor":20.0},{"not_picked":["SuperPerseids","MysteriousBeam","6A"],"picked":"SKIP","floor":21.0},{"not_picked":["RefractionSpark","PropBag","OpenUniverse+1"],"picked":"SKIP","floor":22.0},{"not_picked":["AsteroidBelt","WitchOfGreed","6A"],"picked":"SKIP","floor":23.0},{"not_picked":["StarDustReverie","UnstableBomb","Acceleration"],"picked":"SKIP","floor":28.0},{"not_picked":["PowerUp","AbsoluteMagnitude"],"picked":"GalacticHalo+1","floor":30.0},{"not_picked":["GrandCross","DeepEcoloBomb","NonDirectionalLaser"],"picked":"SKIP","floor":31.0},{"not_picked":["TreasureHunter","SatelliteIllusion"],"picked":"UltimateShortwave","floor":33.0},{"not_picked":["SporeBomb","IllusionStar","MagicChant"],"picked":"SKIP","floor":35.0},{"not_picked":["UnstableBomb","DarkSpark+1"],"picked":"OortCloud+1","floor":36.0},{"not_picked":["LuminesStrike","GrandCross","DoubleSpark"],"picked":"SKIP","floor":39.0},{"not_picked":["ManaRampage","DarkMatter+1","GalacticHalo"],"picked":"SKIP","floor":40.0},{"not_picked":["DC","ChargingUp+1","SuperNova"],"picked":"SKIP","floor":48},{"not_picked":["Robbery","WitchLeyline","DoubleSpark"],"picked":"SKIP","floor":55}],"player_experience":380474,"relics_obtained":[{"floor":6.0,"key":"Eternal Feather"},{"floor":8.0,"key":"Mercury Hourglass"},{"floor":9.0,"key":"AmplifyWand"},{"floor":12.0,"key":"Ginger"},{"floor":13.0,"key":"StrikeDummy"},{"floor":23.0,"key":"Bronze Scales"},{"floor":27.0,"key":"Red Mask"},{"floor":28.0,"key":"PreservedInsect"},{"floor":30.0,"key":"HandmadeGrimoire"},{"floor":38.0,"key":"Calipers"},{"floor":40.0,"key":"Juzu Bracelet"},{"floor":43.0,"key":"Meat on the Bone"},{"floor":46.0,"key":"Old Coin"},{"floor":48,"key":"Dream Catcher"},{"floor":55,"key":"Vajra"}],"event_choices":[{"damage_healed":0.0,"max_hp_gain":0.0,"max_hp_loss":0.0,"gold_gain":0.0,"event_name":"Upgrade Shrine","player_choice":"Upgraded","floor":5.0,"gold_loss":0.0,"damage_taken":0.0,"cards_upgraded":["EarthLightRay"]},{"cards_removed":["UpSweep"],"damage_healed":0.0,"max_hp_gain":0.0,"max_hp_loss":0.0,"gold_gain":0.0,"event_name":"Golden Wing","player_choice":"Card Removal","floor":11.0,"gold_loss":0.0,"damage_taken":7.0},{"damage_healed":0.0,"max_hp_gain":0.0,"max_hp_loss":0.0,"gold_gain":30.0,"event_name":"Dead Adventurer","player_choice":"Searched \u00273\u0027 times","floor":13.0,"gold_loss":0.0,"damage_taken":0.0},{"damage_healed":0.0,"max_hp_gain":0.0,"max_hp_loss":0.0,"gold_gain":0.0,"event_name":"Cursed Tome","player_choice":"Ignored","floor":24.0,"gold_loss":0.0,"damage_taken":0.0},{"damage_healed":0.0,"max_hp_gain":0.0,"max_hp_loss":0.0,"gold_gain":0.0,"event_name":"Masked Bandits","player_choice":"Fought Bandits","floor":27.0,"gold_loss":0.0,"damage_taken":0.0},{"damage_healed":0.0,"max_hp_gain":0.0,"max_hp_loss":0.0,"gold_gain":0.0,"event_name":"Accursed Blacksmith","player_choice":"Forge","floor":29.0,"gold_loss":0.0,"damage_taken":0.0,"cards_upgraded":["AsteroidBelt"]},{"damage_healed":0.0,"max_hp_gain":0.0,"max_hp_loss":0.0,"gold_gain":222.0,"event_name":"Tomb of Lord Red Mask","player_choice":"Wore Mask","floor":37.0,"gold_loss":0.0,"damage_taken":0.0},{"damage_healed":0.0,"max_hp_gain":0.0,"max_hp_loss":0.0,"gold_gain":0.0,"event_name":"MindBloom","player_choice":"Fight","floor":38.0,"gold_loss":0.0,"damage_taken":0.0},{"damage_healed":0.0,"max_hp_gain":0.0,"max_hp_loss":4.0,"gold_gain":0.0,"event_name":"Winding Halls","player_choice":"Max HP","floor":45.0,"gold_loss":0.0,"damage_taken":0.0},{"damage_healed":0.0,"max_hp_gain":0.0,"max_hp_loss":0.0,"gold_gain":0.0,"event_name":"Mysterious Sphere","player_choice":"Fight","floor":46.0,"gold_loss":0.0,"damage_taken":0.0}],"is_beta":false,"boss_relics":[{"not_picked":["Philosopher\u0027s Stone","Ectoplasm"],"picked":"Coffee Dripper"},{"not_picked":["Tiny House","Pandora\u0027s Box"],"picked":"Astrolabe"}],"items_purged_floors":[4,7,15,25,25,42,49,49,54,54],"is_endless":false,"potions_floor_spawned":[6,12,13,16,20,22,28,30,31,38,39,40],"ascension_level":20}}