{"host":"2e3z4r48quhw80cc","time":1609458692,"event":{"mods":["BaseMod","Minty Spire (QoL Compilation)","Quick Restart","StSLib","SuperFastMode"],"gold_per_floor":[116,116,140,159,159,159,197,197,197,220,170,170,213,232,232,353,353,371,470,545,54,67,67,102,102,102,142,142,57,73,73,73,202,202,226,239,239,260,37,37,58,58,58,8,34,57,57,8,8,8],"floor_reached":51,"playtime":1568,"items_purged":["Defend_B","Sunder"],"score":854,"play_id":"fb846dd4-88d9-46cd-9a09-7f8766906d7b","local_time":"20210101085132","is_ascension_mode":true,"campfire_choices":[{"floor":6.0,"key":"REST"},{"floor":8.0,"key":"REST"},{"data":"Zap","floor":12.0,"key":"SMITH"},{"data":"Thunder Strike","floor":15.0,"key":"SMITH"},{"floor":23.0,"key":"REST"},{"floor":25.0,"key":"REST"},{"floor":32.0,"key":"REST"},{"floor":40.0,"key":"REST"},{"floor":42.0,"key":"DIG"},{"floor":49.0,"key":"REST"}],"circlet_count":0,"master_deck":["Zap+1","Dualcast+1","Thunder Strike+1","Ball Lightning","Loop","Double Energy","Tempest","Capacitor","Auto Shields","Core Surge","Undo","Conserve Battery","FTL","Creative AI+1","Capacitor+1","Amplify","Sunder","Seek","Hologram","Capacitor+1","Consume","Self Repair+1","FTL"],"relics":["Cracked Core","Golden Idol","Du-Vu Doll","Ornamental Fan","WingedGreaves","Fusion Hammer","Gambling Chip","Frozen Egg 2","Mummified Hand","Shovel","Nilry\u0027s Codex","Oddly Smooth Stone","Pandora\u0027s Box","DataDisk","Smiling Mask","Bottled Tornado","Orichalcum"],"acts_visited":["Exordium","TheCity","TheBeyond"],"potions_floor_usage":[50],"damage_taken":[{"damage":0.0,"enemies":"Small Slimes","floor":1.0,"turns":3.0},{"damage":7.0,"enemies":"Jaw Worm","floor":3.0,"turns":2.0},{"damage":0.0,"enemies":"Cultist","floor":4.0,"turns":3.0},{"damage":25.0,"enemies":"3 Sentries","floor":7.0,"turns":7.0},{"damage":2.0,"enemies":"3 Louse","floor":10.0,"turns":4.0},{"damage":16.0,"enemies":"Lagavulin","floor":13.0,"turns":4.0},{"damage":0.0,"enemies":"2 Fungi Beasts","floor":14.0,"turns":2.0},{"damage":9.0,"enemies":"Hexaghost","floor":16.0,"turns":7.0},{"damage":28.0,"enemies":"2 Thieves","floor":18.0,"turns":3.0},{"damage":0.0,"enemies":"Chosen","floor":22.0,"turns":4.0},{"damage":23.0,"enemies":"Gremlin Leader","floor":24.0,"turns":6.0},{"damage":48.0,"enemies":"Slavers","floor":27.0,"turns":6.0},{"damage":0.0,"enemies":"Snecko","floor":30.0,"turns":3.0},{"damage":0.0,"enemies":"Shelled Parasite and Fungi","floor":31.0,"turns":1.0},{"damage":12.0,"enemies":"Champ","floor":33.0,"turns":9.0},{"damage":9.0,"enemies":"3 Shapes","floor":35.0,"turns":3.0},{"damage":3.0,"enemies":"Orb Walker","floor":36.0,"turns":3.0},{"damage":15.0,"enemies":"Transient","floor":38.0,"turns":5.0},{"damage":26.0,"enemies":"Jaw Worm Horde","floor":41.0,"turns":4.0},{"damage":32.0,"enemies":"3 Darklings","floor":46.0,"turns":5.0},{"damage":11,"enemies":"Donu and Deca","floor":50,"turns":4}],"seed_played":"3090860590780488965","potions_obtained":[{"floor":4.0,"key":"CultistPotion"},{"floor":7.0,"key":"PowerPotion"},{"floor":13.0,"key":"Block Potion"},{"floor":14.0,"key":"FocusPotion"},{"floor":18.0,"key":"FairyPotion"},{"floor":22.0,"key":"ColorlessPotion"},{"floor":27.0,"key":"EntropicBrew"},{"floor":30.0,"key":"ColorlessPotion"},{"floor":41.0,"key":"PotionOfCapacity"},{"floor":46.0,"key":"DuplicationPotion"}],"is_trial":false,"path_per_floor":["M","?","M","M","?","R","E","R","T","M","?","R","E","M","R","B",null,"M","?","?","$","M","R","E","R","T","E","?","?","M","M","R","B",null,"M","M","?","M","$","R","M","R","T","$","T","M","$","$","R","B",null],"character_chosen":"DEFECT","items_purchased":["Gambling Chip","Conserve Battery","FTL","Self Repair+1","DataDisk","BlessingOfTheForge"],"campfire_rested":7,"item_purchase_floors":[21,21,21,39,39,48],"current_hp_per_floor":[54,36,29,29,14,36,11,33,33,31,31,31,15,15,15,6,58,30,30,23,23,23,45,22,44,44,19,3,3,3,3,25,13,60,51,48,48,33,33,55,39,39,39,39,39,17,17,17,39,38],"gold":8,"neow_bonus":"THREE_RARE_CARDS","is_daily":false,"chose_seed":false,"campfire_upgraded":2,"win_rate":0.0,"timestamp":1609458692,"path_taken":["M","?","M","M","?","R","E","R","T","M","?","R","E","?","R","BOSS","M","?","?","$","?","R","E","R","T","E","?","?","M","M","R","BOSS","M","M","?","M","$","R","M","R","T","$","?","M","?","$","R","BOSS"],"items_purchased_type":["Relic","Card","Card","Card","Relic","Potion"],"build_version":"2020-12-22","purchased_purges":2,"victory":true,"max_hp_per_floor":[75,75,75,75,75,75,75,75,75,75,75,75,75,75,75,75,75,75,75,75,75,75,75,75,75,75,75,75,75,75,75,75,75,75,75,75,75,75,75,75,75,75,75,75,75,75,75,75,75,75],"card_choices":[{"not_picked":["Meteor Strike","Reboot"],"picked":"Thunder Strike","floor":0.0},{"not_picked":["Cold Snap","Chaos"],"picked":"Ball Lightning","floor":1.0},{"not_picked":["Compile Driver","Hologram"],"picked":"Loop","floor":3.0},{"not_picked":["Sunder","Compile Driver"],"picked":"Double Energy","floor":4.0},{"not_picked":["Chaos","Hello World"],"picked":"Tempest","floor":7.0},{"not_picked":["Cold Snap","White Noise"],"picked":"Capacitor","floor":10.0},{"not_picked":["Hello World","Beam Cell","Meteor Strike"],"picked":"SKIP","floor":13.0},{"not_picked":["Heatsinks","Sweeping Beam"],"picked":"Auto Shields","floor":14.0},{"not_picked":["Amplify","Multi-Cast"],"picked":"Core Surge","floor":16.0},{"not_picked":["Steam","Rebound"],"picked":"Undo","floor":18.0},{"not_picked":["Ball Lightning","Leap","Compile Driver+1"],"picked":"SKIP","floor":22.0},{"not_picked":["Loop+1","Barrage"],"picked":"Creative AI+1","floor":24.0},{"not_picked":["Auto Shields","Go for the Eyes","Gash+1"],"picked":"SKIP","floor":27.0},{"not_picked":["Beam Cell+1","Go for the Eyes+1"],"picked":"Capacitor+1","floor":30.0},{"not_picked":["Seek","Hyperbeam"],"picked":"Amplify","floor":33.0},{"not_picked":["Fusion","Streamline","Skim"],"picked":"SKIP","floor":35.0},{"not_picked":["Reprogram+1","Streamline+1","Cold Snap"],"picked":"SKIP","floor":36.0},{"not_picked":["Redo+1","Turbo","Sunder"],"picked":"SKIP","floor":38.0},{"not_picked":["Steam","Hologram+1"],"picked":"FTL","floor":41.0},{"not_picked":["Sweeping Beam+1","Reprogram+1","Barrage"],"picked":"SKIP","floor":46.0}],"player_experience":49860,"relics_obtained":[{"floor":7.0,"key":"Du-Vu Doll"},{"floor":9.0,"key":"Ornamental Fan"},{"floor":13.0,"key":"WingedGreaves"},{"floor":24.0,"key":"Frozen Egg 2"},{"floor":26.0,"key":"Mummified Hand"},{"floor":27.0,"key":"Shovel"},{"floor":28.0,"key":"Nilry\u0027s Codex"},{"floor":42.0,"key":"Smiling Mask"},{"floor":43.0,"key":"Bottled Tornado"},{"floor":45.0,"key":"Orichalcum"}],"event_choices":[{"damage_healed":0.0,"max_hp_gain":0.0,"max_hp_loss":0.0,"gold_gain":0.0,"event_name":"Golden Idol","player_choice":"Take Damage","floor":2.0,"gold_loss":0.0,"damage_taken":18.0,"relics_obtained":["Golden Idol"]},{"damage_healed":0.0,"max_hp_gain":0.0,"max_hp_loss":0.0,"gold_gain":0.0,"event_name":"Shining Light","player_choice":"Entered Light","floor":5.0,"gold_loss":0.0,"damage_taken":15.0,"cards_upgraded":["Dualcast","Strike_B"]},{"cards_removed":["Strike_B"],"damage_healed":0.0,"max_hp_gain":0.0,"max_hp_loss":0.0,"gold_gain":0.0,"event_name":"The Cleric","player_choice":"Card Removal","floor":11.0,"gold_loss":50.0,"damage_taken":0.0},{"damage_healed":0.0,"max_hp_gain":0.0,"max_hp_loss":0.0,"gold_gain":99.0,"event_name":"Nest","player_choice":"Stole From Cult","floor":19.0,"gold_loss":0.0,"damage_taken":0.0},{"damage_healed":0.0,"max_hp_gain":0.0,"max_hp_loss":0.0,"gold_gain":75.0,"event_name":"FaceTrader","player_choice":"Touch","floor":20.0,"gold_loss":0.0,"damage_taken":7.0},{"damage_healed":0.0,"max_hp_gain":0.0,"max_hp_loss":0.0,"gold_gain":0.0,"event_name":"Cursed Tome","player_choice":"Obtained Book","floor":28.0,"gold_loss":0.0,"damage_taken":16.0},{"damage_healed":0.0,"max_hp_gain":0.0,"max_hp_loss":0.0,"gold_gain":0.0,"event_name":"Addict","player_choice":"Obtained Relic","floor":29.0,"gold_loss":85.0,"damage_taken":0.0,"relics_obtained":["Oddly Smooth Stone"]},{"damage_healed":0.0,"max_hp_gain":0.0,"max_hp_loss":0.0,"gold_gain":0.0,"cards_transformed":["Steam Power"],"event_name":"Transmorgrifier","player_choice":"Transformed","floor":37.0,"gold_loss":0.0,"damage_taken":0.0,"cards_obtained":["Consume"]}],"is_beta":false,"boss_relics":[{"not_picked":["Busted Crown","Astrolabe"],"picked":"Fusion Hammer"},{"not_picked":["Velvet Choker","Runic Dome"],"picked":"Pandora\u0027s Box"}],"items_purged_floors":[21,44],"is_endless":false,"potions_floor_spawned":[4,7,13,14,18,22,27,30,41,46],"ascension_level":5}}