{"host":"1lhpgrjjhxx10cx0","time":1609389272,"event":{"mods":["Arknights The Spire","BaseMod","CapriCore","Friendly Minions","Highlight Path","KinomotoSakuraMod(木之本樱)","Marisa（F雨　魔理沙）","Minty Spire (QoL Compilation)","Permanent Neow","Quick Restart","StSLib","The Immortal","Waifu the Spire","Yakumo Yukari mod","篝火指南"],"gold_per_floor":[10,10,85,97,112,112,140,140,140,140,159,186,18,30,30,133,133,145,160,160,175,193,218,238,115,115,150,50,50,50,65,65,170,170,187,187,187,206,2,37,37,66,66,85,85,130,130,130,130,130],"floor_reached":51,"playtime":1885,"items_purged":["AT_purpleEX","Shame","AT_purpleEX"],"score":903,"play_id":"d8aa2f44-961d-431d-9d76-c95753492523","local_time":"20201231123432","is_ascension_mode":false,"campfire_choices":[{"data":"OmniscientAndOmnipotent_Monster_purple","floor":6.0,"key":"SMITH"},{"data":"Nest_LightFlightworm_purple","floor":8.0,"key":"SMITH"},{"data":"Observe_purple_1","floor":10.0,"key":"SMITH"},{"floor":15.0,"key":"REST"},{"data":"Apotheosis","floor":29.0,"key":"SMITH"},{"data":"ProofOfUnderstanding_purple","floor":32.0,"key":"SMITH"},{"data":"Fantasy_PerpetualMotionMachine_purple","floor":41.0,"key":"SMITH"},{"data":"Observe_purple_2","floor":45.0,"key":"SMITH"},{"floor":47.0,"key":"REST"},{"floor":49,"key":"REST"}],"circlet_count":0,"master_deck":["AT_purpleEX","Defend_purpleEX","Defend_purpleEX","Defend_purpleEX","Observe_purple_1+1","Observe_purple_2+1","OmniscientAndOmnipotent_Monster_purple+1","Mirror_FormAndEmptin_purple","Nest_LightFlightworm_purple+1","WorldDissolvedintheRealm_purple","WangLiang_OokamiKakushi_purple","Apotheosis+1","ProofOfUnderstanding_purple+1","Boundary_DreamRealityDamnation_purple","CommonSense_AntiCommonSense_purple+1","Charmbait_purple","Charmbait_purple+1","Nest_LightFlightworm_purple+1","GluttonyofRealm_purpleEX","Fantasy_PerpetualMotionMachine_purple+1","ProofOfUnderstanding_purple","EighthInstrument_OneDividesIntoTwo_purple","DimensionStaggered_purple+1","Decay"],"relics":["Boundary_crack","Memoryfragments_purpleEX","Torii","ats:Originium","WingedGreaves","Matryoshka","Darkstone Periapt","Cursed Key","White Beast Statue","PreservedInsect","Meat on the Bone","Gremlin Horn","Seventeenyearold_girl_Forever","Mercury Hourglass","Pocketwatch","Dead Branch","Juzu Bracelet","Ornamental Fan"],"acts_visited":["Exordium","TheCity","TheBeyond"],"potions_floor_usage":[50,50,50],"damage_taken":[{"damage":0.0,"enemies":"Jaw Worm","floor":1.0,"turns":4.0},{"damage":0.0,"enemies":"Small Slimes","floor":4.0,"turns":6.0},{"damage":0.0,"enemies":"Cultist","floor":5.0,"turns":4.0},{"damage":38.0,"enemies":"3 Sentries","floor":7.0,"turns":9.0},{"damage":0.0,"enemies":"Looter","floor":11.0,"turns":3.0},{"damage":11.0,"enemies":"Lagavulin","floor":12.0,"turns":5.0},{"damage":9.0,"enemies":"Exordium Thugs","floor":14.0,"turns":4.0},{"damage":1.0,"enemies":"The Guardian","floor":16.0,"turns":6.0},{"damage":1.0,"enemies":"Shell Parasite","floor":18.0,"turns":3.0},{"damage":1.0,"enemies":"3 Byrds","floor":19.0,"turns":5.0},{"damage":0.0,"enemies":"Shelled Parasite and Fungi","floor":21.0,"turns":3.0},{"damage":16.0,"enemies":"Snecko","floor":22.0,"turns":4.0},{"damage":21.0,"enemies":"Book of Stabbing","floor":23.0,"turns":3.0},{"damage":1.0,"enemies":"3 Cultists","floor":24.0,"turns":4.0},{"damage":30.0,"enemies":"Slavers","floor":27.0,"turns":3.0},{"damage":0.0,"enemies":"Shelled Parasite and Fungi","floor":31.0,"turns":2.0},{"damage":0.0,"enemies":"Collector","floor":33.0,"turns":3.0},{"damage":1.0,"enemies":"3 Shapes","floor":35.0,"turns":2.0},{"damage":18.0,"enemies":"3 Darklings","floor":38.0,"turns":3.0},{"damage":0.0,"enemies":"Reptomancer","floor":40.0,"turns":2.0},{"damage":0.0,"enemies":"Giant Head","floor":42.0,"turns":4.0},{"damage":0.0,"enemies":"4 Shapes","floor":44.0,"turns":2.0},{"damage":41.0,"enemies":"2 Orb Walkers","floor":46.0,"turns":3.0},{"damage":26,"enemies":"Time Eater","floor":50,"turns":4}],"seed_played":"3144502574719374087","potions_obtained":[{"floor":5.0,"key":"PowerPotion"},{"floor":14.0,"key":"LiquidMemories"},{"floor":16.0,"key":"EssenceOfSteel"},{"floor":22.0,"key":"DuplicationPotion"},{"floor":24.0,"key":"SkillPotion"},{"floor":42.0,"key":"Energy Potion"}],"is_trial":false,"path_per_floor":["M","?","?","M","M","R","E","R","T","R","M","E","$","M","R","B",null,"M","M","?","M","M","E","M","$","T","E","$","R","?","M","R","B",null,"M","$","?","M","$","E","R","E","T","M","R","?","R","T","R","B",null],"character_chosen":"Youkari","items_purchased":["Apotheosis","Charmbait_purple","Fantasy_PerpetualMotionMachine_purple"],"campfire_rested":3,"item_purchase_floors":[13,25,39],"current_hp_per_floor":[70,70,59,63,65,65,32,32,32,32,35,24,24,18,39,41,70,70,70,70,70,55,35,39,39,45,30,30,30,30,45,45,47,76,76,76,76,65,65,66,66,70,70,77,77,49,73,79,87,63],"gold":130,"neow_bonus":"ONE_RARE_RELIC","is_daily":false,"chose_seed":false,"campfire_upgraded":7,"win_rate":0.0,"timestamp":1609389272,"path_taken":["M","?","?","M","M","R","E","R","T","R","M","E","?","M","R","BOSS","M","M","?","M","M","E","?","$","T","E","$","R","?","M","R","BOSS","M","$","?","M","$","E","R","E","T","M","R","?","R","?","R","BOSS"],"items_purchased_type":["Card","Card","Card"],"build_version":"2020-12-22","purchased_purges":3,"victory":true,"max_hp_per_floor":[70,70,70,70,70,70,70,70,70,70,70,70,70,70,70,70,70,70,70,70,70,70,70,70,70,76,76,76,76,76,76,76,76,76,76,76,76,78,78,78,78,78,78,81,81,81,81,87,87,87],"card_choices":[{"not_picked":["Shallow_ocean_purpleEX","Mirror_FourBoundary_purple","Bait_Toxicbait_purple"],"picked":"SKIP","floor":1.0},{"not_picked":["RuleDissolution_purple","AdvanceAttack_purple"],"picked":"OmniscientAndOmnipotent_Monster_purple","floor":4.0},{"not_picked":["StateErode_purple","ExistenceContinue_purple"],"picked":"Mirror_FormAndEmptin_purple","floor":5.0},{"not_picked":["WingOfChimera_purple","Boundary_ObjectiveBoundary_purple"],"picked":"Nest_LightFlightworm_purple","floor":7.0},{"not_picked":["Mirror_FourBoundary_purple","Line_surface_state_purple"],"picked":"WorldDissolvedintheRealm_purple","floor":11.0},{"not_picked":["WangLiang_LineAndCurveDreams_purple","WatchEChange_purple"],"picked":"WangLiang_OokamiKakushi_purple","floor":12.0},{"not_picked":["Realm_recovery_purpleEX","Charmbait_purple","StateDuplicate_purple"],"picked":"SKIP","floor":14.0},{"not_picked":["ContainerChange_purple","D_absorption_purple"],"picked":"ProofOfUnderstanding_purple","floor":16.0},{"not_picked":["Worldmountain_purple","Mirror_FourBoundary_purple","Realm_recovery_purpleEX+1"],"picked":"SKIP","floor":18.0},{"not_picked":["ButterflyHabitatTemple_purple","MNeedle_purple","RuleDissolution_purple"],"picked":"SKIP","floor":19.0},{"not_picked":["ButterflyHabitatTemple_purple","MNeedle_purple","RuleDissolution_purple"],"picked":"SKIP","floor":19.0},{"not_picked":["MetroBOOM_purple","PurpleNeedle_purple","Worldmountain_purple"],"picked":"SKIP","floor":21.0},{"not_picked":["Yakumo_Ran_purple","SharpContractionReality_purple+1"],"picked":"Boundary_DreamRealityDamnation_purple","floor":22.0},{"not_picked":["SharpContractionReality_purple","DarkRealmRedLine_purple"],"picked":"CommonSense_AntiCommonSense_purple+1","floor":23.0},{"not_picked":["Worldmountain_purple","Shallow_ocean_purpleEX+1","ExistenceContinue_purple"],"picked":"SKIP","floor":24.0},{"not_picked":["ExistenceContinue_purple","StateErode_purple"],"picked":"Charmbait_purple+1","floor":27.0},{"not_picked":["Charmbait_purple","Mirror_FormAndEmptin_purple","Umbrella_purple"],"picked":"SKIP","floor":31.0},{"not_picked":["Human_Monster_Realm_purple","MagicEyes_LaplaceDemon_purple"],"picked":"GluttonyofRealm_purpleEX","floor":33.0},{"not_picked":["Realm_recovery_purpleEX","SfantasyHide_purple","StateDuplicate_purple+1"],"picked":"SKIP","floor":35.0},{"not_picked":["WeekHit_purple+1","Mirror_FormAndEmptin_purple","Worldmountain_purple"],"picked":"SKIP","floor":38.0},{"not_picked":["SharpContractionReality_purple+1","Umbrella_purple","StateDuplicate_purple+1"],"picked":"SKIP","floor":40.0},{"not_picked":["AdvanceAttack_purple+1","WeekHit_purple+1"],"picked":"ProofOfUnderstanding_purple","floor":42.0},{"not_picked":["OmniscientAndOmnipotent_Monster_purple","EighthInstrument_OneDividesIntoTwo_purple","Umbrella_purple"],"picked":"SKIP","floor":44.0},{"not_picked":["OmniscientAndOmnipotent_Monster_purple","Umbrella_purple"],"picked":"EighthInstrument_OneDividesIntoTwo_purple","floor":44.0},{"not_picked":["StretchesForeverDream_purple","Realm_recovery_purpleEX+1"],"picked":"DimensionStaggered_purple+1","floor":46.0}],"player_experience":115574,"relics_obtained":[{"floor":7.0,"key":"ats:Originium"},{"floor":7.0,"key":"WingedGreaves"},{"floor":9.0,"key":"Matryoshka"},{"floor":12.0,"key":"ats:Originium"},{"floor":12.0,"key":"Darkstone Periapt"},{"floor":23.0,"key":"ats:Originium"},{"floor":23.0,"key":"White Beast Statue"},{"floor":26.0,"key":"PreservedInsect"},{"floor":26.0,"key":"Meat on the Bone"},{"floor":27.0,"key":"Gremlin Horn"},{"floor":40.0,"key":"Mercury Hourglass"},{"floor":42.0,"key":"Pocketwatch"},{"floor":46.0,"key":"Dead Branch"},{"floor":48.0,"key":"Juzu Bracelet"},{"floor":48.0,"key":"Ornamental Fan"}],"event_choices":[{"cards_removed":["AT_purpleEX"],"damage_healed":0.0,"max_hp_gain":0.0,"max_hp_loss":0.0,"gold_gain":0.0,"event_name":"Living Wall","player_choice":"Forget","floor":2.0,"gold_loss":0.0,"damage_taken":0.0},{"damage_healed":0.0,"max_hp_gain":0.0,"max_hp_loss":0.0,"gold_gain":75.0,"event_name":"World of Goop","player_choice":"Gather Gold","floor":3.0,"gold_loss":0.0,"damage_taken":11.0},{"damage_healed":0.0,"max_hp_gain":0.0,"max_hp_loss":0.0,"gold_gain":0.0,"event_name":"Duplicator","player_choice":"Copied","floor":30.0,"gold_loss":0.0,"damage_taken":0.0,"cards_obtained":["Nest_LightFlightworm_purple"]},{"cards_removed":["Defend_purpleEX"],"damage_healed":0.0,"max_hp_gain":0.0,"max_hp_loss":0.0,"gold_gain":0.0,"event_name":"Falling","player_choice":"Removed Skill","floor":37.0,"gold_loss":0.0,"damage_taken":0.0},{"damage_healed":0.0,"max_hp_gain":0.0,"max_hp_loss":0.0,"gold_gain":0.0,"event_name":"Mysterious Sphere","player_choice":"Fight","floor":46.0,"gold_loss":0.0,"damage_taken":0.0}],"is_beta":false,"boss_relics":[{"not_picked":["Ectoplasm","Philosopher\u0027s Stone"],"picked":"Cursed Key"},{"not_picked":["Snecko Eye","Fusion Hammer"],"picked":"Seventeenyearold_girl_Forever"}],"items_purged_floors":[25,28,39],"is_endless":false,"potions_floor_spawned":[5,14,16,19,22,23,24,27,31,33,35,38,40,42,44,46],"ascension_level":0}}