{"host":"ixqzyafodex1tsi5","time":1609426040,"event":{"mods":["ATMod(°¢èªMod)","AchievementEnabler","Act Like it!","BaseMod","Gensokyo","GifTheSpireLib","Lobotomy","LobotomyExtend","Minty Spire (QoL Compilation)","Relic Stats","Replay The Spire","RumiaBox-Â¶Ã×æ«µÄÉñÃØºÐ×Ó","Spicy Shops","StSLib","The Cursed","[IsaacMod]ÒÔÈö¼âËþ","¡¾¹¦ÄÜMod¡¿»ìãçÖ®»·ÐÞ¸´²¹¶¡","¡¾ÒÅÎï¿¨ÅÆ¡¿REMEMod"],"gold_per_floor":[113,125,202,202,202,214,233,233,257,276,276,287,320,331,331,366,423,423,452,452,481,481,500,500,597,597,612,612,612,612,612,612,119,131,131,131,131,394,394,394,394,394,394],"floor_reached":33,"playtime":1848,"items_purged":[],"score":617,"play_id":"0c30293f-f3c2-4629-9a6a-79edeef200f9","local_time":"20201231224720","is_ascension_mode":true,"campfire_choices":[{"data":"AT_FamilyPortrait","floor":8,"key":"SMITH"},{"data":"TheCursedMod:NeowsMight","floor":6,"key":"SMITH"},{"data":"TheCursedMod:ParallelWorld","floor":11,"key":"SMITH"},{"data":"TheCursedMod:SurpriseAttack","floor":15,"key":"SMITH"},{"data":"TheCursedMod:OutForBlood","floor":23,"key":"SMITH"},{"data":"TheCursedMod:Mangle","floor":32,"key":"SMITH"}],"circlet_count":0,"master_deck":["ApocalypseBird","TheCursedMod:CursedWand","TheCursedMod:Stigma","TheCursedMod:Mangle+1","TheCursedMod:Mangle","TheCursedMod:Mangle","TheCursedMod:AshesToAshes","TheCursedMod:NeowsMight+1","TheCursedMod:ParallelWorld+1","Flash of Steel","AT_FamilyPortrait+1","REME_Flogging+1","TheCursedMod:SurpriseAttack+1","RedShoes","FieryBird","TheCursedMod:StunningStrike","TheCursedMod:OutForBlood+1","Gensokyo:TarnishedGold","Gensokyo:BlemishedSteel","TheCursedMod:Mangle"],"relics":["TheCursedMod:Tack","REME_ComplimentaryCards","HushsDoor","AT_ATBox","Chaos","CogitoBucket","RabbitCall","FaceOfCleric","TheCursedMod:FourLeafCloverCharm","Kunai","ShedSkin_r","HonorFeather","LetterFromLob","BackwardClock","Replay:Towering Pillar of Hats","AT_ArchangelStaff","GuppysHead","Anchor","AT_Manta","Pet Ghost","Twilight","Theresia","Coffee Dripper","HandDrill","REME_CardOfGreed","Art of War","DeadEye","Lizard Tail"],"acts_visited":["Exordium","Gensokyo:Gensokyoest"],"potions_floor_usage":[13],"damage_taken":[{"damage":0,"enemies":"Jaw Worm","floor":1,"turns":1},{"damage":0,"enemies":"Cultist","floor":2,"turns":1},{"damage":0,"enemies":"2 Louse","floor":6,"turns":1},{"damage":0,"enemies":"Exordium Wildlife","floor":7,"turns":1},{"damage":55,"enemies":"3 Sentries","floor":10,"turns":2},{"damage":0,"enemies":"2 Louse","floor":1,"turns":2},{"damage":0,"enemies":"Small Slimes","floor":3,"turns":1},{"damage":0,"enemies":"Jaw Worm","floor":5,"turns":1},{"damage":10,"enemies":"3 Sentries","floor":7,"turns":2},{"damage":0,"enemies":"3 Sentries","floor":8,"turns":1},{"damage":0,"enemies":"Lagavulin","floor":10,"turns":1},{"damage":0,"enemies":"3 Sentries","floor":12,"turns":1},{"damage":2,"enemies":"2 Fungi Beasts","floor":13,"turns":3},{"damage":8,"enemies":"2 Fungi Beasts","floor":14,"turns":2},{"damage":12,"enemies":"Slime Boss","floor":16,"turns":2},{"damage":9,"enemies":"Gensokyo:3_Boulders","floor":18,"turns":1},{"damage":0,"enemies":"Gensokyo:3_Bats","floor":25,"turns":1},{"damage":11,"enemies":"Gensokyo:SeedOfUnknown","floor":29,"turns":1},{"damage":200000001,"enemies":"Gensokyo:Scarlet_Devils","floor":33,"turns":1}],"seed_played":"7184045689151044639","potions_obtained":[{"floor":2,"key":"Reflective Coating"},{"floor":3,"key":"LifebloodPotion"},{"floor":12,"key":"DuplicationPotion"},{"floor":16,"key":"Reflective Coating"},{"floor":25,"key":"ColorlessPotion"}],"is_trial":false,"path_per_floor":["M","M","?","?","T","M","M","R","T","E","M","?","M","?","M","R","E","?","T","E","R","E","M","M","R","B",null,"M","?","?","?","?","R","COS","M","T","$","?","M","T","?","R","B"],"character_chosen":"THE_CURSED","items_purchased":["SuicideKing"],"campfire_rested":0,"item_purchase_floors":[17],"current_hp_per_floor":[75,75,60,60,60,61,62,62,62,79,79,80,60,61,81,72,77,77,78,84,85,84,77,87,76,83,75,75,75,75,75,84,84,85,85,85,73,63,63,29,86,0,0],"gold":394,"neow_bonus":"","is_daily":false,"chose_seed":false,"campfire_upgraded":6,"win_rate":0.0,"timestamp":1609426040,"path_taken":["M","M","?","?","?","M","?","R","T","E","M","?","M","?","M","R","E","?","T","E","R","E","M","M","R","BOSS","M","?","?","?","?","R","COS","M","T","?","?","?","?","?","R","BOSS"],"items_purchased_type":["Card"],"build_version":"2020-12-22","purchased_purges":0,"victory":false,"max_hp_per_floor":[75,75,75,75,75,76,77,77,77,79,79,80,80,81,81,82,83,83,84,84,85,86,87,87,88,83,84,84,84,84,84,84,84,85,85,85,85,86,86,86,86,86,86],"relic_stats":{"Lizard Tail":43,"FaceOfCleric":16,"counters":[21,28],"HandDrill":[0],"Art of War":[0],"Kunai":[38],"obtain_stats":[{"Chaos":0,"RabbitCall":0,"TheCursedMod:FourLeafCloverCharm":5,"HonorFeather":10,"AT_ATBox":0,"TheCursedMod:Tack":0,"Twilight":13,"DeadEye":30,"AT_ArchangelStaff":7,"Pet Ghost":12,"CogitoBucket":0,"Lizard Tail":31,"FaceOfCleric":4,"HandDrill":24,"Kunai":9,"KeepersGift":0,"BackwardClock":3,"Replay:Towering Pillar of Hats":4,"AT_Manta":10,"Anchor":9,"LetterFromLob":1,"Coffee Dripper":17,"Art of War":29,"GuppysHead":8,"REME_CardOfGreed":24,"HushsDoor":0,"Theresia":14,"ShedSkin_r":10,"REME_ComplimentaryCards":0},{"Chaos":0,"RabbitCall":0,"TheCursedMod:FourLeafCloverCharm":2,"HonorFeather":5,"AT_ATBox":0,"TheCursedMod:Tack":0,"Twilight":14,"DeadEye":20,"AT_ArchangelStaff":10,"Pet Ghost":13,"CogitoBucket":0,"Lizard Tail":20,"FaceOfCleric":2,"HandDrill":18,"Kunai":4,"KeepersGift":0,"BackwardClock":8,"Replay:Towering Pillar of Hats":8,"AT_Manta":12,"Anchor":11,"LetterFromLob":1,"Coffee Dripper":17,"Art of War":20,"GuppysHead":10,"REME_CardOfGreed":18,"HushsDoor":0,"Theresia":16,"ShedSkin_r":4,"REME_ComplimentaryCards":0},{"Chaos":0,"RabbitCall":0,"TheCursedMod:FourLeafCloverCharm":2,"HonorFeather":6,"AT_ATBox":0,"TheCursedMod:Tack":0,"Twilight":19,"DeadEye":27,"AT_ArchangelStaff":13,"Pet Ghost":16,"CogitoBucket":0,"Lizard Tail":27,"FaceOfCleric":2,"HandDrill":25,"Kunai":4,"KeepersGift":0,"BackwardClock":10,"Replay:Towering Pillar of Hats":10,"AT_Manta":15,"Anchor":14,"LetterFromLob":1,"Coffee Dripper":24,"Art of War":27,"GuppysHead":13,"REME_CardOfGreed":25,"HushsDoor":0,"Theresia":22,"ShedSkin_r":4,"REME_ComplimentaryCards":0}]},"card_choices":[{"not_picked":["WallGazer","SpiderBud","OldLady"],"picked":"Singing Bowl","floor":1},{"not_picked":["LittleHelper","FairyFestival"],"picked":"PunishingBird","floor":1},{"not_picked":["TheCursedMod:RapidMovement","TheCursedMod:VitalStrike","TheCursedMod:CursedAmulet"],"picked":"SKIP","floor":1},{"not_picked":["BeautyBeast","OSAHOGD","Scarecrow"],"picked":"Singing Bowl","floor":2},{"not_picked":["TheCursedMod:Stretching","TheCursedMod:SpitefulStrike","TheCursedMod:CursedBlade"],"picked":"SKIP","floor":2},{"not_picked":["MeatLantern","Bloodbath","CherryBlossoms"],"picked":"Singing Bowl","floor":6},{"not_picked":["TheCursedMod:WearCloak","TheCursedMod:SmokeScreen","TheCursedMod:CursedMace"],"picked":"SKIP","floor":6},{"not_picked":["WallGazer","FieryBird","Bloodbath"],"picked":"Singing Bowl","floor":7},{"not_picked":["TheCursedMod:RavingStaff","TheCursedMod:SoulReap","TheCursedMod:Grudge"],"picked":"SKIP","floor":7},{"not_picked":["FairyFestival","BlackSwan","MeatLantern"],"picked":"Singing Bowl","floor":1},{"not_picked":["TheCursedMod:CursedAmulet","TheCursedMod:CircleOfCorruption","TheCursedMod:FleshFromBone"],"picked":"SKIP","floor":1},{"not_picked":["MeatLantern","Alriune","ShyLook"],"picked":"Singing Bowl","floor":3},{"not_picked":["TheCursedMod:ReleasedKnowledge","TheCursedMod:RapidMovement","TheCursedMod:SmokeScreen"],"picked":"SKIP","floor":3},{"not_picked":["Laetitia","Wellcheers"],"picked":"BigBird","floor":5},{"not_picked":["TheCursedMod:SoulCrush","TheCursedMod:Evocation","TheCursedMod:ForbiddenAlchemy"],"picked":"SKIP","floor":5},{"not_picked":["VoidDream","FairyFestival","BeautyBeast"],"picked":"Singing Bowl","floor":7},{"not_picked":["TheCursedMod:CursedShiv","TheCursedMod:SpitefulPlan","TheCursedMod:CircleOfCorruption"],"picked":"SKIP","floor":7},{"not_picked":["ShyLook","BeautyBeast","OSAHOGD"],"picked":"Singing Bowl","floor":8},{"not_picked":["MHz","CrumblingArmor"],"picked":"DespairKnight","floor":10},{"not_picked":["TheCursedMod:EmpowerCircles","TheCursedMod:SpitefulPray","TheCursedMod:BlessingInDisguise"],"picked":"SKIP","floor":10},{"not_picked":["LittlePrince","CrumblingArmor"],"picked":"LongBird","floor":12},{"not_picked":["TheCursedMod:CircleOfCorruption","TheCursedMod:TacticalStrike"],"picked":"TheCursedMod:SurpriseAttack","floor":12},{"not_picked":["CherryBlossoms","GalaxyChild"],"picked":"RedShoes","floor":13},{"not_picked":["OSAHOGD","Funeral","Scorched"],"picked":"Singing Bowl","floor":14},{"not_picked":["TheCursedMod:FleshFromBone","TheCursedMod:RavingStaff","TheCursedMod:VitalStrike"],"picked":"SKIP","floor":14},{"not_picked":["UniverseFragment","VoidDream"],"picked":"FieryBird","floor":16},{"not_picked":["TheCursedMod:CircleOfAbyss","TheCursedMod:UltimatePain"],"picked":"TheCursedMod:StunningStrike","floor":16},{"not_picked":["ShyLook","FairyFestival","BeautyBeast"],"picked":"Singing Bowl","floor":18},{"not_picked":["TheCursedMod:SoulCrush+1","TheCursedMod:CircleOfFlame","TheCursedMod:CircleOfAmplification+1"],"picked":"SKIP","floor":18},{"not_picked":["Rudolta","Scorched","BigBadWolf"],"picked":"Singing Bowl","floor":25},{"not_picked":["TheCursedMod:SpreadPlague","TheCursedMod:TacticalStrike+1"],"picked":"TheCursedMod:Mangle","floor":25},{"not_picked":["Yin","OSAHOGD","Funeral"],"picked":"Singing Bowl","floor":29},{"not_picked":["TheCursedMod:HellsGateOpen+1","TheCursedMod:Stretching+1","TheCursedMod:CursedShiv"],"picked":"SKIP","floor":29}],"player_experience":161871,"relics_obtained":[{"floor":1,"key":"LetterFromLob"},{"floor":5,"key":"TheCursedMod:FourLeafCloverCharm"},{"floor":9,"key":"Kunai"},{"floor":1,"key":"LetterFromLob"},{"floor":4,"key":"Replay:Towering Pillar of Hats"},{"floor":7,"key":"AT_ArchangelStaff"},{"floor":9,"key":"Anchor"},{"floor":10,"key":"AT_Manta"},{"floor":12,"key":"Pet Ghost"},{"floor":13,"key":"Twilight"},{"floor":30,"key":"DeadEye"}],"event_choices":[{"damage_healed":0,"gold_gain":0,"player_choice":"Trade","damage_taken":0,"relics_obtained":["FaceOfCleric"],"max_hp_gain":0,"max_hp_loss":0,"event_name":"FaceTrader","floor":4,"gold_loss":0},{"damage_healed":0,"gold_gain":0,"player_choice":"Upgraded","damage_taken":0,"max_hp_gain":0,"max_hp_loss":0,"event_name":"Upgrade Shrine","floor":2,"gold_loss":0,"cards_upgraded":["REME_Flogging"]},{"damage_healed":0,"gold_gain":0,"player_choice":"Searched \u00273\u0027 times","damage_taken":0,"relics_obtained":["GuppysHead"],"max_hp_gain":0,"max_hp_loss":0,"event_name":"Dead Adventurer","floor":8,"gold_loss":0}],"is_beta":false,"boss_relics":[{"not_picked":["Replay:Drink Me","Pandora\u0027s Box"],"picked":"Coffee Dripper"},{"not_picked":[]}],"items_purged_floors":[],"is_endless":false,"potions_floor_spawned":[2,10,3,5,12,16,25],"killed_by":"Gensokyo:Scarlet_Devils","ascension_level":1}}