{"host":"2461dio7vetlq1z3","time":1609443031,"event":{"mods":["2.2 Compatiblity","AchievementEnabler","BaseMod","Better Third Choice","Friendly Minions","Hubris","Minty Spire (QoL Compilation)","Relic Stats","Spicy Shops","StSLib","Waifu the Spire"],"gold_per_floor":[119,194,204,220,270,270,305,305,305,336,336,368,386,399,399,473,473,473,473,473,473,473,473,473],"floor_reached":23,"playtime":1074,"items_purged":[],"score":430,"play_id":"36bed482-a023-422e-bad6-61fe70fe1a5a","local_time":"20201231203031","is_ascension_mode":true,"campfire_choices":[{"data":"All Out Attack","floor":6,"key":"SMITH"},{"floor":8,"key":"REST"},{"floor":11,"key":"REST"},{"data":"Bouncing Flask","floor":15,"key":"SMITH"}],"circlet_count":0,"master_deck":["AscendersBane","Strike_G","Strike_G","Strike_G","Strike_G","Strike_G","Defend_G","Defend_G","Defend_G","Defend_G","Defend_G","Survivor","Neutralize","Bouncing Flask+1","Poisoned Stab","All Out Attack+1","Blade Dance","Cloak And Dagger","Footwork","PiercingWail","PiercingWail","Envenom","Deadly Poison+1","Riddle With Holes","Backflip+1","Dash","Dash+1"],"relics":["Ring of the Snake","hubris:FunFungus","Shuriken","Boot","Lizard Tail","Tiny Chest","Ectoplasm"],"acts_visited":["Exordium","TheCity"],"potions_floor_usage":[10,12,20,20,21,23],"damage_taken":[{"damage":0,"enemies":"Small Slimes","floor":1,"turns":5},{"damage":0,"enemies":"2 Louse","floor":3,"turns":3},{"damage":1,"enemies":"Cultist","floor":4,"turns":4},{"damage":22,"enemies":"3 Sentries","floor":7,"turns":8},{"damage":11,"enemies":"Gremlin Nob","floor":10,"turns":3},{"damage":16,"enemies":"Lagavulin","floor":12,"turns":5},{"damage":0,"enemies":"2 Fungi Beasts","floor":13,"turns":3},{"damage":8,"enemies":"Exordium Thugs","floor":14,"turns":4},{"damage":26,"enemies":"Hexaghost","floor":16,"turns":9},{"damage":9,"enemies":"Spheric Guardian","floor":18,"turns":5},{"damage":18,"enemies":"Chosen","floor":19,"turns":4},{"damage":24,"enemies":"Snake Plant","floor":20,"turns":5},{"damage":18,"enemies":"Shelled Parasite and Fungi","floor":21,"turns":7},{"damage":13,"enemies":"3 Cultists","floor":22,"turns":5},{"damage":14,"enemies":"Slavers","floor":23,"turns":3}],"seed_played":"3153866913925731180","potions_obtained":[{"floor":1,"key":"SpeedPotion"},{"floor":4,"key":"Strength Potion"},{"floor":10,"key":"AttackPotion"},{"floor":16,"key":"EntropicBrew"}],"is_trial":false,"path_per_floor":["M","?","M","M","?","R","E","R","T","E","R","E","M","M","R","B",null,"M","M","M","M","M","E"],"character_chosen":"THE_SILENT","items_purchased":[],"campfire_rested":2,"item_purchase_floors":[],"current_hp_per_floor":[60,49,50,50,44,44,25,43,43,34,52,39,39,31,31,5,46,38,21,3,26,13,0,0],"gold":473,"neow_bonus":"ONE_RARE_RELIC","is_daily":false,"chose_seed":false,"campfire_upgraded":2,"win_rate":0.0,"timestamp":1609443031,"path_taken":["M","?","M","M","?","R","E","R","T","E","R","E","M","M","R","BOSS","M","M","M","M","M","E"],"items_purchased_type":[],"build_version":"2020-12-22","purchased_purges":0,"victory":false,"max_hp_per_floor":[60,60,60,60,60,60,60,60,60,60,60,60,60,60,60,60,60,60,60,60,60,60,60,60],"relic_stats":{"Lizard Tail":30,"counters":[15,73],"Shuriken":[19],"Tiny Chest":0,"Ectoplasm":71,"Boot":[65],"obtain_stats":[{"Lizard Tail":10,"Shuriken":7,"Tiny Chest":12,"hubris:FunFungus":0,"Ectoplasm":17,"Boot":9,"Ring of the Snake":0},{"Lizard Tail":5,"Shuriken":4,"Tiny Chest":6,"hubris:FunFungus":0,"Ectoplasm":9,"Boot":4,"Ring of the Snake":0},{"Lizard Tail":23,"Shuriken":20,"Tiny Chest":28,"hubris:FunFungus":0,"Ectoplasm":44,"Boot":20,"Ring of the Snake":0}],"Ring of the Snake":[30]},"card_choices":[{"not_picked":["Expertise","All Out Attack"],"picked":"Bouncing Flask","floor":1},{"not_picked":["Finisher","Calculated Gamble"],"picked":"Poisoned Stab","floor":3},{"not_picked":["Distraction","Deflect"],"picked":"All Out Attack","floor":4},{"not_picked":["Distraction","Terror"],"picked":"Blade Dance","floor":7},{"not_picked":["Deflect","Backstab"],"picked":"Cloak And Dagger","floor":10},{"not_picked":["Quick Slash","Backflip"],"picked":"Footwork","floor":12},{"not_picked":["Eviscerate","Predator"],"picked":"PiercingWail","floor":13},{"not_picked":["Setup","Calculated Gamble"],"picked":"PiercingWail","floor":14},{"not_picked":["Night Terror","A Thousand Cuts"],"picked":"Envenom","floor":16},{"not_picked":["Accuracy","Expertise+1"],"picked":"Deadly Poison+1","floor":18},{"not_picked":["Noxious Fumes","Flying Knee"],"picked":"Riddle With Holes","floor":19},{"not_picked":["Cloak And Dagger","Quick Slash"],"picked":"Backflip+1","floor":20},{"not_picked":["Deadly Poison","PiercingWail"],"picked":"Dash","floor":21},{"not_picked":["Acrobatics","Outmaneuver"],"picked":"Dash+1","floor":22}],"player_experience":969339,"relics_obtained":[{"floor":7,"key":"Shuriken"},{"floor":9,"key":"Boot"},{"floor":10,"key":"Lizard Tail"},{"floor":12,"key":"Tiny Chest"}],"event_choices":[{"damage_healed":0,"gold_gain":75,"player_choice":"Gold","damage_taken":11,"max_hp_gain":0,"max_hp_loss":0,"event_name":"betterThird:BetterGoop","floor":2,"gold_loss":0},{"damage_healed":0,"gold_gain":50,"player_choice":"Touch","damage_taken":6,"max_hp_gain":0,"max_hp_loss":0,"event_name":"FaceTrader","floor":5,"gold_loss":0}],"is_beta":false,"boss_relics":[{"not_picked":["Velvet Choker","Runic Dome"],"picked":"Ectoplasm"}],"items_purged_floors":[],"is_endless":false,"potions_floor_spawned":[1,4,10,16],"killed_by":"Slavers","ascension_level":20}}