{"host":"pgqkv8mh62pnrbci","time":1609419493,"event":{"mods":["2.2 Compatiblity","AchievementEnabler","BaseMod","Custom Start","DeckTracker","Minty Spire (QoL Compilation)","Replay The Spire","StSLib","SuperFastMode","¡¼?Úª?ø«¡½REMEMod"],"gold_per_floor":[17,27,27,76,16,16,28,28,28,43,43,60,70,87,87,165,165,138,138,138,150,150,150,69,69,69,69,69,83,83,83,83,157,157,171,189,189,206,0,30,30,49,122,47,58,70,70,86,86,86],"floor_reached":51,"playtime":2375,"items_purged":["Shame"],"score":1432,"play_id":"e9297d4b-700d-4783-9da1-180274033228","local_time":"20201231215813","is_ascension_mode":true,"campfire_choices":[{"data":"MasterReality","floor":6.0,"key":"SMITH"},{"data":"Neutralize","floor":8.0,"key":"SMITH"},{"data":"Tools of the Trade","floor":15.0,"key":"SMITH"},{"data":"Venomology","floor":23.0,"key":"SMITH"},{"data":"Ghostly","floor":25.0,"key":"SMITH"},{"data":"Ghostly","floor":27.0,"key":"SMITH"},{"data":"Envenom","floor":30.0,"key":"SMITH"},{"data":"Ghostly","floor":32.0,"key":"SMITH"},{"data":"Prepared","floor":47.0,"key":"SMITH"},{"floor":49.0,"key":"REST"}],"circlet_count":0,"master_deck":["AscendersBane","Strike_G","Strike_G","Strike_G","Defend_G","Defend_G","Defend_G","Defend_G","Defend_G","Survivor","Neutralize+1","MasterReality+1","Tools of the Trade+1","Tactician","ReplayTheSpireMod:Scrap Shanks","Endless Agony","Prepared+1","PiercingWail","Acrobatics","Blade Dance","Venomology+1","Envenom+1","Backflip","Eviscerate","Flying Knee","Backstab","Ghostly+1","Ghostly+1","Ghostly+1","Blur","Acrobatics","Venomology","Hidden Blade+1","ReplayTheSpireMod:Scrap Shanks","Calculated Gamble+1","Expertise","Writhe","Footwork+1","Concentrate+1","Terror+1"],"relics":["Ring of the Snake","REME_ComplimentaryCards","Darkstone Periapt","Oddly Smooth Stone","Philosopher\u0027s Stone","Onion Ring","Replay:Ringing Soul","Mirror","REME_DuelDisc","ReplayTheSpireMod:Ring of Exchange","Ring of Fury","Red Mask","Ninja Scroll","Question Card"],"acts_visited":["Exordium","TheCity","TheBeyond"],"potions_floor_usage":[50,50,50],"damage_taken":[{"damage":2.0,"enemies":"2 Louse","floor":1.0,"turns":4.0},{"damage":0.0,"enemies":"Cultist","floor":2.0,"turns":4.0},{"damage":2.0,"enemies":"Jaw Worm","floor":4.0,"turns":6.0},{"damage":21.0,"enemies":"Exordium Thugs","floor":7.0,"turns":5.0},{"damage":4.0,"enemies":"Looter","floor":10.0,"turns":4.0},{"damage":18.0,"enemies":"3 Louse","floor":12.0,"turns":5.0},{"damage":4.0,"enemies":"2 Fungi Beasts","floor":13.0,"turns":4.0},{"damage":5.0,"enemies":"Looter","floor":14.0,"turns":3.0},{"damage":0.0,"enemies":"Hexaghost","floor":16.0,"turns":10.0},{"damage":21.0,"enemies":"2 Thieves","floor":18.0,"turns":4.0},{"damage":26.0,"enemies":"Spheric Guardian","floor":21.0,"turns":4.0},{"damage":0.0,"enemies":"Chosen and Byrds","floor":29.0,"turns":1.0},{"damage":15.0,"enemies":"Champ","floor":33.0,"turns":12.0},{"damage":1.0,"enemies":"Orb Walker","floor":35.0,"turns":3.0},{"damage":5.0,"enemies":"3 Darklings","floor":36.0,"turns":6.0},{"damage":0.0,"enemies":"4 Shapes","floor":38.0,"turns":5.0},{"damage":19.0,"enemies":"Reptomancer","floor":40.0,"turns":5.0},{"damage":45.0,"enemies":"Jaw Worm Horde","floor":42.0,"turns":5.0},{"damage":0.0,"enemies":"Maw","floor":45.0,"turns":5.0},{"damage":7.0,"enemies":"4 Shapes","floor":46.0,"turns":5.0},{"damage":1.0,"enemies":"Jaw Worm Horde","floor":48.0,"turns":4.0},{"damage":14,"enemies":"Awakened One","floor":50,"turns":7}],"seed_played":"-8199543903060159267","potions_obtained":[{"floor":1.0,"key":"PowerPotion"},{"floor":3.0,"key":"REME_GoldPotion"},{"floor":3.0,"key":"GamblersBrew"},{"floor":7.0,"key":"AttackPotion"},{"floor":14.0,"key":"LiquidBronze"},{"floor":18.0,"key":"Fire Potion"},{"floor":35.0,"key":"LifebloodPotion"},{"floor":42.0,"key":"LifebloodPotion"}],"is_trial":false,"path_per_floor":["M","M","?","M","?","R","M","R","T","M","$","M","M","M","R","B",null,"M","?","?","M","?","R","$","R","T","R","T","M","R","?","R","B",null,"M","M","?","M","?","E","?","M","T","$","M","M","R","M","R","B",null],"character_chosen":"THE_SILENT","items_purchased":["Blur"],"campfire_rested":1,"item_purchase_floors":[24],"current_hp_per_floor":[57,57,57,55,55,55,34,34,34,30,30,12,8,3,3,3,50,29,29,29,3,3,3,3,3,3,3,3,6,6,15,15,18,41,43,41,41,44,44,28,49,18,18,18,21,17,17,19,42,28],"gold":86,"neow_bonus":"THREE_RARE_CARDS","is_daily":false,"chose_seed":false,"campfire_upgraded":9,"win_rate":0.0,"timestamp":1609419493,"path_taken":["M","M","?","?","?","R","M","R","T","M","?","M","M","M","R","BOSS","M","?","?","M","?","R","$","R","T","R","?","?","R","?","R","BOSS","M","M","?","M","?","E","?","M","T","$","M","M","R","M","R","BOSS"],"items_purchased_type":["Card"],"build_version":"2020-12-22","purchased_purges":1,"victory":true,"max_hp_per_floor":[66,66,66,66,66,66,66,66,66,66,66,66,66,66,66,66,66,66,66,66,66,33,33,33,33,33,33,33,36,36,45,45,48,48,51,54,54,57,57,60,69,69,69,69,72,75,75,78,78,78],"card_choices":[{"not_picked":["Envenom","Unload"],"picked":"Tools of the Trade","floor":0.0},{"not_picked":["Crippling Poison","Prepared"],"picked":"Tactician","floor":1.0},{"not_picked":["Dodge and Roll","Hidden Blade"],"picked":"ReplayTheSpireMod:Scrap Shanks","floor":2.0},{"not_picked":["Flying Knee","Outmaneuver"],"picked":"Endless Agony","floor":4.0},{"not_picked":["Well Laid Plans","Crippling Poison"],"picked":"Prepared","floor":7.0},{"not_picked":["Crippling Poison","Finisher"],"picked":"PiercingWail","floor":10.0},{"not_picked":["Backstab","Outmaneuver"],"picked":"Acrobatics","floor":12.0},{"not_picked":["Riddle With Holes","Prepared"],"picked":"Blade Dance","floor":13.0},{"not_picked":["Distraction","Acrobatics"],"picked":"Venomology","floor":14.0},{"not_picked":["ReplayTheSpireMod:Necrosis","Bullet Time"],"picked":"Envenom","floor":16.0},{"not_picked":["ReplayTheSpireMod:Scrap Shanks","Underhanded Strike"],"picked":"Backflip","floor":18.0},{"not_picked":["Eviscerate","Dodge and Roll"],"picked":"Backstab","floor":21.0},{"not_picked":["Poisoned Stab","Setup"],"picked":"Acrobatics","floor":29.0},{"not_picked":["A Thousand Cuts","Envenom"],"picked":"Venomology","floor":33.0},{"not_picked":["Sucker Punch","Blur"],"picked":"Hidden Blade+1","floor":35.0},{"not_picked":["Flying Knee","Flechettes"],"picked":"ReplayTheSpireMod:Scrap Shanks","floor":36.0},{"not_picked":["Deadly Poison+1","Backflip+1"],"picked":"Calculated Gamble+1","floor":38.0},{"not_picked":["Deflect+1","Outmaneuver"],"picked":"Expertise","floor":40.0},{"not_picked":["Deadly Poison","Backstab","Flying Knee+1"],"picked":"SKIP","floor":42.0},{"not_picked":["Dodge and Roll","Tactician+1","Quick Slash+1"],"picked":"Footwork+1","floor":45.0},{"not_picked":["Hidden Blade","Dagger Throw","Slice+1"],"picked":"Concentrate+1","floor":46.0},{"not_picked":["Acrobatics+1","Quick Slash","Blade Dance"],"picked":"Terror+1","floor":48.0}],"player_experience":578853,"relics_obtained":[{"floor":9.0,"key":"Oddly Smooth Stone"},{"floor":26.0,"key":"Onion Ring"},{"floor":28.0,"key":"Replay:Ringing Soul"},{"floor":37.0,"key":"ReplayTheSpireMod:Ring of Exchange"},{"floor":37.0,"key":"Ring of Fury"},{"floor":40.0,"key":"Ninja Scroll"},{"floor":43.0,"key":"Question Card"}],"event_choices":[{"damage_healed":0.0,"max_hp_gain":0.0,"max_hp_loss":0.0,"gold_gain":0.0,"event_name":"Lab","player_choice":"Got Potions","floor":3.0,"gold_loss":0.0,"damage_taken":0.0},{"damage_healed":0.0,"max_hp_gain":0.0,"max_hp_loss":0.0,"gold_gain":0.0,"event_name":"WeMeetAgain","player_choice":"Paid Gold","floor":5.0,"gold_loss":60.0,"damage_taken":0.0,"relics_obtained":["Darkstone Periapt"]},{"damage_healed":0.0,"max_hp_gain":0.0,"max_hp_loss":0.0,"gold_gain":0.0,"cards_transformed":["Strike_G","Strike_G"],"event_name":"Drug Dealer","player_choice":"Became Test Subject","floor":19.0,"gold_loss":0.0,"damage_taken":0.0,"cards_obtained":["Eviscerate","Flying Knee"]},{"damage_healed":0.0,"max_hp_gain":0.0,"max_hp_loss":0.0,"gold_gain":0.0,"event_name":"Vampires","player_choice":"Ignored","floor":20.0,"gold_loss":0.0,"damage_taken":0.0},{"damage_healed":0.0,"max_hp_gain":0.0,"max_hp_loss":33.0,"gold_gain":0.0,"event_name":"Ghosts","player_choice":"Became a Ghost","floor":22.0,"gold_loss":0.0,"damage_taken":0.0,"cards_obtained":["Ghostly","Ghostly","Ghostly"]},{"damage_healed":0.0,"max_hp_gain":0.0,"max_hp_loss":0.0,"gold_gain":0.0,"event_name":"Addict","player_choice":"Stole Relic","floor":31.0,"gold_loss":0.0,"damage_taken":0.0,"relics_obtained":["Mirror"],"cards_obtained":["Shame"]},{"damage_healed":0.0,"max_hp_gain":0.0,"max_hp_loss":0.0,"gold_gain":0.0,"event_name":"Tomb of Lord Red Mask","player_choice":"Paid","floor":39.0,"gold_loss":206.0,"damage_taken":0.0,"relics_obtained":["Red Mask"]},{"damage_healed":12.0,"max_hp_gain":0.0,"max_hp_loss":0.0,"gold_gain":0.0,"event_name":"Winding Halls","player_choice":"Writhe","floor":41.0,"gold_loss":0.0,"damage_taken":0.0,"cards_obtained":["Writhe"]}],"is_beta":false,"boss_relics":[{"not_picked":["Black Star","Honey Jar"],"picked":"Philosopher\u0027s Stone"},{"not_picked":["Sozu","Snecko Scales"],"picked":"REME_DuelDisc"}],"items_purged_floors":[44],"is_endless":false,"potions_floor_spawned":[1,7,14,18,35,36,42],"ascension_level":19}}