{"host":"963ykkbusvcbqwtq","time":1609423764,"event":{"mods":["2.2 Compatiblity","AchievementEnabler","Arknights The Spire","BaseMod","Colored Map","GifTheSpireLib","GungeonMod","Lobotomy","Luminous","Minty Spire (QoL Compilation)","StSLib","SuperFastMode","The Bug Knight"],"gold_per_floor":[115,115,153,153,103,137,137,154,154,154,168,168,168],"floor_reached":12,"playtime":217,"items_purged":[],"score":86,"play_id":"0cbcd814-51ed-4bd4-8479-9276d87cc0d3","local_time":"20201231230924","is_ascension_mode":true,"campfire_choices":[{"data":"DemoMod:ManualReload","floor":7,"key":"SMITH"}],"circlet_count":0,"master_deck":["DemoMod:Strike_Huntress","DemoMod:Strike_Huntress","DemoMod:Defend_Huntress","DemoMod:Defend_Huntress","DemoMod:Defend_Huntress","DemoMod:Defend_Huntress","DemoMod:Roll","DemoMod:ManualReload+1","DemoMod:RustySidearm","DemoMod:CrossBow","DemoMod:SuppressiveFire","DemoMod:Casey+1","DemoMod:Behold!"],"relics":["DemoMod:Dog","CogitoBucket","RabbitCall","Letter Opener","WarpedTongs","ats:Originium","DemoMod:LichsEyeBullet","Lantern"],"acts_visited":["Exordium"],"potions_floor_usage":[12,12],"damage_taken":[{"damage":16.0,"enemies":"Jaw Worm","floor":1.0,"turns":4.0},{"damage":8,"enemies":"Cultist","floor":3,"turns":3},{"damage":18,"enemies":"3 Sentries","floor":6,"turns":9},{"damage":0,"enemies":"Small Slimes","floor":8,"turns":1},{"damage":11,"enemies":"Looter","floor":11,"turns":2},{"damage":19,"enemies":"Lagavulin","floor":12,"turns":3}],"seed_played":"-1831322211115822839","potions_obtained":[{"floor":3,"key":"DistilledChaos"},{"floor":11,"key":"FearPotion"}],"is_trial":false,"path_per_floor":["M","?","M","?","?","E","R","M","T","?","M","E"],"character_chosen":"HUNTRESS","items_purchased":[],"campfire_rested":0,"item_purchase_floors":[],"current_hp_per_floor":[54,54,46,46,46,28,28,28,28,28,17,0,0],"gold":168,"neow_bonus":"","is_daily":false,"chose_seed":false,"campfire_upgraded":1,"win_rate":0.0,"timestamp":1609423764,"path_taken":["M","?","?","?","?","E","R","M","T","?","?","E"],"items_purchased_type":[],"build_version":"2020-12-22","purchased_purges":0,"victory":false,"max_hp_per_floor":[70,70,70,70,70,70,70,70,70,70,70,70,70],"card_choices":[{"not_picked":["DemoMod:FastSwitch","DemoMod:Polaris"],"picked":"DemoMod:SuppressiveFire","floor":1.0},{"not_picked":["DemoMod:JK47","DemoMod:TeaPot"],"picked":"DemoMod:Casey","floor":3},{"not_picked":["DemoMod:EasyReloadBullets","DemoMod:Replace","DemoMod:AC15"],"picked":"SKIP","floor":6},{"not_picked":["DemoMod:FortunesFavor","DemoMod:Purify","DemoMod:Unity"],"picked":"SKIP","floor":8},{"not_picked":["DemoMod:GunstockTap","DemoMod:PotionOfGunFriendShip"],"picked":"DemoMod:Behold!","floor":11}],"player_experience":233187,"relics_obtained":[{"floor":1.0,"key":"Letter Opener"},{"floor":6,"key":"ats:Originium"},{"floor":6,"key":"DemoMod:LichsEyeBullet"},{"floor":9,"key":"Lantern"}],"event_choices":[{"damage_healed":0,"gold_gain":0,"player_choice":"Rummage","damage_taken":0,"relics_obtained":["WarpedTongs"],"max_hp_gain":0,"max_hp_loss":0,"event_name":"Accursed Blacksmith","floor":2,"gold_loss":0,"cards_obtained":["Pain"]},{"cards_removed":["Pain"],"damage_healed":0,"gold_gain":0,"player_choice":"Forget","damage_taken":0,"max_hp_gain":0,"max_hp_loss":0,"event_name":"Living Wall","floor":4,"gold_loss":0},{"cards_removed":["DemoMod:Strike_Huntress"],"damage_healed":0,"gold_gain":0,"player_choice":"Card Removal","damage_taken":0,"max_hp_gain":0,"max_hp_loss":0,"event_name":"The Cleric","floor":5,"gold_loss":50},{"damage_healed":0,"gold_gain":0,"player_choice":"Upgraded","damage_taken":0,"max_hp_gain":0,"max_hp_loss":0,"event_name":"Upgrade Shrine","floor":10,"gold_loss":0,"cards_upgraded":["DemoMod:Casey"]}],"is_beta":false,"boss_relics":[],"items_purged_floors":[],"is_endless":false,"potions_floor_spawned":[3,11],"killed_by":"Lagavulin","ascension_level":2}}