{"host":"tw4sg9io217sih45","time":1609405832,"event":{"mods":["AchievementEnabler","BaseMod","Colored Map","Highlight Path","Minty Spire (QoL Compilation)"],"gold_per_floor":[116,126,51,51,66,66,79,105,105,105,131,150,177,189,189,284,284,297,27,40,57,69,97,97,126,151,151,51,66,96,96,96,201,201,221,221,221,221,221,256,256,281,281,88,98,98,70,85,85,85],"floor_reached":51,"playtime":3116,"items_purged":["Strike_G","Defend_G","Defend_G"],"score":1005,"play_id":"aad25fdc-31dc-4132-b2c1-45a9c5f21518","local_time":"20201231171032","is_ascension_mode":true,"campfire_choices":[{"data":"Terror","floor":6,"key":"SMITH"},{"data":"Bouncing Flask","floor":10,"key":"SMITH"},{"floor":15,"key":"REST"},{"data":"Backflip","floor":24,"key":"SMITH"},{"data":"Quick Slash","floor":27,"key":"SMITH"},{"data":"Poisoned Stab","floor":32,"key":"SMITH"},{"data":"Neutralize","floor":41,"key":"SMITH"},{"data":"Survivor","floor":46,"key":"SMITH"},{"data":"Strike_G","floor":49,"key":"SMITH"}],"circlet_count":0,"master_deck":["Strike_G","Strike_G+1","Defend_G","Defend_G+1","Survivor+1","Neutralize+1","CurseOfTheBell","Bouncing Flask+1","Terror+1","Prepared+1","Backflip+1","Cloak And Dagger+1","Storm of Steel+1","Quick Slash+1","Adrenaline+1","Footwork+1","Calculated Gamble+1","Dash+1","Poisoned Stab+1","Blur+1","Backflip+1","Tactician+1","Cloak And Dagger+1","Blade Dance+1","Night Terror+1","Blade Dance+1","Cloak And Dagger+1","Expertise+1"],"relics":["Calling Bell","PreservedInsect","Matryoshka","TungstenRod","Potion Belt","Toxic Egg 2","The Courier","CaptainsWheel","Blood Vial","Astrolabe","ClockworkSouvenir","Nunchaku","Incense Burner","Oddly Smooth Stone","Bag of Preparation","Letter Opener","WristBlade","Blue Candle","War Paint","Anchor","HornCleat"],"acts_visited":["Exordium","TheCity","TheBeyond"],"potions_floor_usage":[7,8,8,11,13,14,23,35,40,50,50,50],"damage_taken":[{"damage":0,"enemies":"2 Louse","floor":1,"turns":5},{"damage":8,"enemies":"Cultist","floor":2,"turns":4},{"damage":0,"enemies":"Jaw Worm","floor":5,"turns":4},{"damage":6,"enemies":"Large Slime","floor":7,"turns":11},{"damage":25,"enemies":"Gremlin Nob","floor":8,"turns":4},{"damage":0,"enemies":"Lagavulin","floor":11,"turns":4},{"damage":8,"enemies":"2 Fungi Beasts","floor":12,"turns":3},{"damage":10,"enemies":"3 Sentries","floor":13,"turns":4},{"damage":6,"enemies":"Lots of Slimes","floor":14,"turns":5},{"damage":9,"enemies":"Hexaghost","floor":16,"turns":8},{"damage":3,"enemies":"Chosen","floor":18,"turns":5},{"damage":0,"enemies":"Spheric Guardian","floor":20,"turns":4},{"damage":11,"enemies":"Snake Plant","floor":21,"turns":4},{"damage":0,"enemies":"Cultist and Chosen","floor":22,"turns":6},{"damage":1,"enemies":"Gremlin Leader","floor":23,"turns":4},{"damage":9,"enemies":"Book of Stabbing","floor":25,"turns":4},{"damage":0,"enemies":"Centurion and Healer","floor":29,"turns":5},{"damage":0,"enemies":"Slavers","floor":30,"turns":4},{"damage":0,"enemies":"Champ","floor":33,"turns":10},{"damage":0,"enemies":"3 Shapes","floor":35,"turns":3},{"damage":0,"enemies":"Reptomancer","floor":40,"turns":3},{"damage":0,"enemies":"Nemesis","floor":42,"turns":3},{"damage":0,"enemies":"Orb Walker","floor":45,"turns":1},{"damage":0,"enemies":"Transient","floor":48,"turns":5},{"damage":0,"enemies":"Donu and Deca","floor":50,"turns":7}],"seed_played":"7260223564064470685","potions_obtained":[{"floor":4,"key":"DuplicationPotion"},{"floor":4,"key":"Block Potion"},{"floor":4,"key":"DistilledChaos"},{"floor":7,"key":"ColorlessPotion"},{"floor":8,"key":"SteroidPotion"},{"floor":12,"key":"AttackPotion"},{"floor":18,"key":"FearPotion"},{"floor":20,"key":"LiquidMemories"},{"floor":25,"key":"DistilledChaos"},{"floor":33,"key":"GamblersBrew"},{"floor":35,"key":"Explosive Potion"},{"floor":42,"key":"Regen Potion"},{"floor":48,"key":"FearPotion"}],"is_trial":false,"path_per_floor":["M","M","$","?","M","R","M","E","T","R","E","M","E","M","R","B",null,"M","$","M","M","M","E","R","E","T","R","$","M","E","$","R","B",null,"M","?","?","?","?","E","R","E","T","$","M","R","$","M","R","B",null],"character_chosen":"THE_SILENT","items_purchased":["Blur+1","ClockworkSouvenir","HornCleat","Expertise+1"],"campfire_rested":1,"item_purchase_floors":[19,19,44,47],"current_hp_per_floor":[70,62,62,62,62,62,56,31,31,31,31,23,13,9,30,23,70,67,67,69,59,61,62,62,55,55,55,55,57,59,59,59,61,70,70,70,70,66,66,66,66,66,66,66,66,66,66,66,66,66],"gold":85,"neow_bonus":"BOSS_RELIC","is_daily":false,"chose_seed":false,"campfire_upgraded":8,"win_rate":0.0,"timestamp":1609405832,"path_taken":["M","M","$","?","M","R","M","E","T","R","E","M","E","?","R","BOSS","M","$","M","M","M","E","R","E","T","R","$","M","E","?","R","BOSS","M","?","?","?","?","E","R","E","T","$","M","R","$","M","R","BOSS"],"items_purchased_type":["Card","Relic","Relic","Card"],"build_version":"2020-12-22","purchased_purges":3,"victory":true,"max_hp_per_floor":[70,70,70,70,70,70,70,70,70,70,70,70,70,70,70,70,70,70,70,70,70,70,70,70,70,70,70,70,70,70,70,70,70,70,70,70,70,66,66,66,66,66,66,66,66,66,66,66,66,66],"card_choices":[{"not_picked":["Concentrate","Slice"],"picked":"Bouncing Flask","floor":1},{"not_picked":["Predator","Underhanded Strike"],"picked":"Terror","floor":2},{"not_picked":["Choke","Bullet Time"],"picked":"Prepared","floor":5},{"not_picked":["Masterful Stab","Setup"],"picked":"Backflip","floor":7},{"not_picked":["Heel Hook","Dash","Dodge and Roll"],"picked":"SKIP","floor":8},{"not_picked":["Bane","Dagger Spray"],"picked":"Poisoned Stab","floor":11},{"not_picked":["Slice","Flying Knee"],"picked":"Cloak And Dagger+1","floor":12},{"not_picked":["Setup+1","Deflect+1"],"picked":"Storm of Steel+1","floor":13},{"not_picked":["Acrobatics+1","Underhanded Strike"],"picked":"Quick Slash","floor":14},{"not_picked":["After Image","Night Terror+1"],"picked":"Adrenaline+1","floor":16},{"not_picked":["Dagger Spray+1","Underhanded Strike"],"picked":"Poisoned Stab+1","floor":18},{"not_picked":["Cloak And Dagger+1","Concentrate+1"],"picked":"Backflip+1","floor":20},{"not_picked":["All Out Attack+1","Prepared+1","Quick Slash+1"],"picked":"SKIP","floor":21},{"not_picked":["Concentrate+1","Poisoned Stab","Deflect+1"],"picked":"SKIP","floor":22},{"not_picked":["Endless Agony","Blade Dance+1"],"picked":"Tactician+1","floor":23},{"not_picked":["Dagger Throw+1","Wraith Form v2"],"picked":"Cloak And Dagger+1","floor":25},{"not_picked":["Outmaneuver+1","Endless Agony","Deflect+1"],"picked":"SKIP","floor":29},{"not_picked":["Flying Knee","Underhanded Strike"],"picked":"Blade Dance+1","floor":30},{"not_picked":["Grand Finale","Doppelganger+1"],"picked":"Night Terror+1","floor":33},{"not_picked":["Slice","Bane","Deadly Poison+1"],"picked":"SKIP","floor":35},{"not_picked":["Distraction+1","Doppelganger+1","Underhanded Strike+1"],"picked":"SKIP","floor":40},{"not_picked":["Dagger Spray+1","Dagger Throw","Underhanded Strike+1"],"picked":"SKIP","floor":42},{"not_picked":["Eviscerate+1","Tactician+1"],"picked":"Cloak And Dagger+1","floor":45},{"not_picked":["Outmaneuver+1","Prepared+1","All Out Attack+1"],"picked":"SKIP","floor":48}],"player_experience":190873,"relics_obtained":[{"floor":0,"key":"PreservedInsect"},{"floor":0,"key":"Matryoshka"},{"floor":0,"key":"TungstenRod"},{"floor":8,"key":"Potion Belt"},{"floor":9,"key":"Toxic Egg 2"},{"floor":9,"key":"The Courier"},{"floor":11,"key":"CaptainsWheel"},{"floor":13,"key":"Blood Vial"},{"floor":23,"key":"Nunchaku"},{"floor":25,"key":"Incense Burner"},{"floor":26,"key":"Oddly Smooth Stone"},{"floor":26,"key":"Bag of Preparation"},{"floor":30,"key":"Letter Opener"},{"floor":40,"key":"Blue Candle"},{"floor":42,"key":"War Paint"},{"floor":43,"key":"Anchor"}],"event_choices":[{"damage_healed":0,"gold_gain":0,"player_choice":"Got Potions","damage_taken":0,"max_hp_gain":0,"max_hp_loss":0,"event_name":"Lab","floor":4,"gold_loss":0},{"cards_removed":["Poisoned Stab"],"damage_healed":0,"gold_gain":0,"player_choice":"Removed Attack","damage_taken":0,"max_hp_gain":0,"max_hp_loss":0,"event_name":"Falling","floor":36,"gold_loss":0},{"damage_healed":0,"gold_gain":0,"player_choice":"Ignored","damage_taken":0,"max_hp_gain":0,"max_hp_loss":0,"event_name":"Tomb of Lord Red Mask","floor":37,"gold_loss":0},{"damage_healed":0,"gold_gain":0,"player_choice":"Max HP","damage_taken":0,"max_hp_gain":0,"max_hp_loss":4,"event_name":"Winding Halls","floor":38,"gold_loss":0},{"damage_healed":0,"gold_gain":0,"player_choice":"1 cards matched","damage_taken":0,"max_hp_gain":0,"max_hp_loss":0,"event_name":"Match and Keep!","floor":39,"gold_loss":0,"cards_obtained":["Blade Dance"]}],"is_beta":false,"boss_relics":[{"not_picked":["Pandora\u0027s Box","Runic Pyramid"],"picked":"Astrolabe"},{"not_picked":["Velvet Choker","Philosopher\u0027s Stone"],"picked":"WristBlade"}],"items_purged_floors":[3,19,28],"is_endless":false,"potions_floor_spawned":[7,8,12,18,20,25,33,35,42,48],"ascension_level":1}}