{"host":"5ffrjkuvgrxgllwx","time":1609376740,"event":{"mods":["AchievementEnabler","BaseMod","Colored Map","Colored Powertips","Minty Spire (QoL Compilation)","Quick Restart","Rare Cards Sparkle","StSLib","everything is the same but u backflip on backflip"],"gold_per_floor":[111,91,105,105,118,118,151,151,151,151,151,183,183,218,218,291,291,304,24,41,91,91,91,126,136,136,164,264,264,264,283,283,283,283],"floor_reached":33,"playtime":1809,"items_purged":[],"score":618,"play_id":"7c11e2bc-0fff-41f2-bb2c-93bdc8b9028b","local_time":"20201230200540","is_ascension_mode":true,"campfire_choices":[{"data":"Wraith Form v2","floor":6.0,"key":"SMITH"},{"data":"Noxious Fumes","floor":8.0,"key":"SMITH"},{"data":"Leg Sweep","floor":11.0,"key":"SMITH"},{"floor":13.0,"key":"REST"},{"data":"Dagger Spray","floor":15.0,"key":"SMITH"},{"floor":23.0,"key":"REST"},{"floor":29.0,"key":"REST"},{"floor":32.0,"key":"REST"}],"circlet_count":0,"master_deck":["AscendersBane","Strike_G","Strike_G","Strike_G","Strike_G","Defend_G","Defend_G","Defend_G","Defend_G","Defend_G","Survivor","Neutralize","Leg Sweep+1","Noxious Fumes+1","Wraith Form v2+1","Dagger Spray+1","A Thousand Cuts","Bane+1","Bane","Catalyst","Corpse Explosion"],"relics":["Ring of the Snake","NeowsBlessing","Torii","White Beast Statue","Meat on the Bone","Mango","Ornamental Fan","SacredBark","TwistedFunnel","Juzu Bracelet","Shovel","MealTicket","StoneCalendar","StrikeDummy","Bottled Flame"],"acts_visited":["Exordium","TheCity"],"potions_floor_usage":[33,33],"damage_taken":[{"damage":0.0,"enemies":"2 Louse","floor":1.0,"turns":1.0},{"damage":0.0,"enemies":"Cultist","floor":3.0,"turns":1.0},{"damage":0.0,"enemies":"Jaw Worm","floor":5.0,"turns":1.0},{"damage":26.0,"enemies":"Lagavulin","floor":7.0,"turns":12.0},{"damage":24.0,"enemies":"Gremlin Nob","floor":12.0,"turns":7.0},{"damage":11.0,"enemies":"3 Sentries","floor":14.0,"turns":7.0},{"damage":22.0,"enemies":"The Guardian","floor":16.0,"turns":14.0},{"damage":4.0,"enemies":"Shell Parasite","floor":18.0,"turns":9.0},{"damage":22.0,"enemies":"Chosen","floor":20.0,"turns":6.0},{"damage":10.0,"enemies":"Book of Stabbing","floor":24.0,"turns":6.0},{"damage":16.0,"enemies":"Snecko","floor":25.0,"turns":9.0},{"damage":7.0,"enemies":"Gremlin Leader","floor":27.0,"turns":6.0},{"damage":32.0,"enemies":"Colosseum Slavers","floor":28.0,"turns":6.0},{"damage":29.0,"enemies":"Colosseum Nobs","floor":28.0,"turns":4.0},{"damage":15.0,"enemies":"Cultist and Chosen","floor":31.0,"turns":7.0},{"damage":87,"enemies":"Champ","floor":33,"turns":12}],"seed_played":"5501288507499536104","potions_obtained":[{"floor":1.0,"key":"Regen Potion"},{"floor":2.0,"key":"Fire Potion"},{"floor":12.0,"key":"Weak Potion"},{"floor":14.0,"key":"Fruit Juice"},{"floor":16.0,"key":"Fruit Juice"},{"floor":18.0,"key":"SkillPotion"},{"floor":20.0,"key":"Energy Potion"},{"floor":24.0,"key":"ColorlessPotion"},{"floor":25.0,"key":"Fire Potion"},{"floor":27.0,"key":"LiquidBronze"},{"floor":28.0,"key":"SteroidPotion"},{"floor":31.0,"key":"Weak Potion"}],"is_trial":false,"path_per_floor":["M","?","M","?","M","R","E","R","T","?","R","E","R","E","R","B",null,"M","$","M","?","?","R","E","M","T","E","?","R","T","M","R","B"],"character_chosen":"THE_SILENT","items_purchased":["TwistedFunnel","Fruit Juice"],"campfire_rested":4,"item_purchase_floors":[19,19],"current_hp_per_floor":[59,59,59,54,54,54,43,43,43,43,43,45,69,63,63,58,82,78,88,66,66,66,96,86,70,70,63,26,56,56,53,83,0,0],"gold":283,"neow_bonus":"THREE_ENEMY_KILL","is_daily":false,"chose_seed":false,"campfire_upgraded":4,"win_rate":0.0,"timestamp":1609376740,"path_taken":["M","?","?","?","M","R","E","R","T","?","R","E","R","E","R","BOSS","M","$","M","?","?","R","E","M","T","E","?","R","?","M","R","BOSS"],"items_purchased_type":["Relic","Potion"],"build_version":"2020-12-22","purchased_purges":0,"victory":false,"max_hp_per_floor":[66,66,66,66,66,66,66,66,66,66,66,80,80,85,85,90,90,90,100,100,100,100,100,100,100,100,100,100,100,100,100,100,100,100],"card_choices":[{"not_picked":["Flying Knee","Deadly Poison"],"picked":"Leg Sweep","floor":1.0},{"not_picked":["Cloak And Dagger","Slice"],"picked":"Noxious Fumes","floor":3.0},{"not_picked":["Deadly Poison","Escape Plan"],"picked":"Wraith Form v2","floor":5.0},{"not_picked":["Slice","Deadly Poison"],"picked":"Dagger Spray","floor":7.0},{"not_picked":["Cloak And Dagger","Tools of the Trade","Flying Knee"],"picked":"SKIP","floor":12.0},{"not_picked":["Blur","Slice","Acrobatics"],"picked":"SKIP","floor":14.0},{"not_picked":["Glass Knife","Die Die Die"],"picked":"A Thousand Cuts","floor":16.0},{"not_picked":["Dagger Spray","Calculated Gamble"],"picked":"Bane+1","floor":18.0},{"not_picked":["Deflect","Riddle With Holes","PiercingWail"],"picked":"SKIP","floor":20.0},{"not_picked":["Calculated Gamble","Flechettes","Underhanded Strike+1"],"picked":"SKIP","floor":24.0},{"not_picked":["Flying Knee","Prepared","Flechettes"],"picked":"SKIP","floor":25.0},{"not_picked":["Poisoned Stab","Endless Agony"],"picked":"Bane","floor":27.0},{"not_picked":["Acrobatics","Dodge and Roll"],"picked":"Catalyst","floor":28.0},{"not_picked":["Slice","Predator"],"picked":"Corpse Explosion","floor":31.0}],"player_experience":1385117,"relics_obtained":[{"floor":7.0,"key":"White Beast Statue"},{"floor":9.0,"key":"Meat on the Bone"},{"floor":12.0,"key":"Mango"},{"floor":14.0,"key":"Ornamental Fan"},{"floor":24.0,"key":"Juzu Bracelet"},{"floor":26.0,"key":"Shovel"},{"floor":27.0,"key":"MealTicket"},{"floor":28.0,"key":"StoneCalendar"},{"floor":28.0,"key":"StrikeDummy"},{"floor":30.0,"key":"Bottled Flame"}],"event_choices":[{"damage_healed":0.0,"max_hp_gain":0.0,"max_hp_loss":0.0,"gold_gain":0.0,"event_name":"The Woman in Blue","player_choice":"Bought 1 Potion","floor":2.0,"gold_loss":0.0,"damage_taken":0.0},{"damage_healed":0.0,"max_hp_gain":0.0,"max_hp_loss":0.0,"gold_gain":0.0,"event_name":"Scrap Ooze","player_choice":"Success","floor":4.0,"gold_loss":0.0,"damage_taken":5.0,"relics_obtained":["Torii"]},{"cards_removed":["Strike_G"],"damage_healed":0.0,"max_hp_gain":0.0,"max_hp_loss":0.0,"gold_gain":0.0,"event_name":"Living Wall","player_choice":"Forget","floor":10.0,"gold_loss":0.0,"damage_taken":0.0},{"damage_healed":0.0,"max_hp_gain":0.0,"max_hp_loss":0.0,"gold_gain":50.0,"event_name":"Nest","player_choice":"Stole From Cult","floor":21.0,"gold_loss":0.0,"damage_taken":0.0},{"damage_healed":0.0,"max_hp_gain":0.0,"max_hp_loss":0.0,"gold_gain":0.0,"event_name":"Vampires","player_choice":"Ignored","floor":22.0,"gold_loss":0.0,"damage_taken":0.0},{"damage_healed":0.0,"max_hp_gain":0.0,"max_hp_loss":0.0,"gold_gain":0.0,"event_name":"Colosseum","player_choice":"Fight","floor":28.0,"gold_loss":0.0,"damage_taken":0.0},{"damage_healed":0.0,"max_hp_gain":0.0,"max_hp_loss":0.0,"gold_gain":0.0,"event_name":"Colosseum","player_choice":"Fought Nobs","floor":28.0,"gold_loss":0.0,"damage_taken":0.0}],"is_beta":false,"boss_relics":[{"not_picked":["Fusion Hammer","Ring of the Serpent"],"picked":"SacredBark"}],"items_purged_floors":[],"is_endless":false,"potions_floor_spawned":[1,12,14,16,18,20,24,25,27,28,28,31],"killed_by":"Champ","ascension_level":18}}