{"host":"rmsq46plbpwfbxcc","time":1609385434,"event":{"mods":["AchievementEnabler","BaseMod","Colored Map","Colored Powertips","DeckTracker","KOR Keyword Fix","Minty Spire (QoL Compilation)","Permanent Neow","SuperFastMode"],"gold_per_floor":[114,133,150,165,180,180,255,280,327,327,342,342,367,367,367,445,445,460,460,480,493,150,150,179,199,199,199,199],"floor_reached":27,"playtime":662,"items_purged":["Strike_G"],"score":527,"play_id":"60540310-9c10-4178-91ec-4f2613a1428e","local_time":"20201231123034","is_ascension_mode":true,"campfire_choices":[{"data":"Blade Dance","floor":6.0,"key":"SMITH"},{"floor":10.0,"key":"REST"},{"data":"Neutralize","floor":12.0,"key":"SMITH"},{"data":"Blade Dance","floor":15.0,"key":"SMITH"},{"data":"Apotheosis","floor":23.0,"key":"SMITH"}],"circlet_count":0,"master_deck":["AscendersBane","Strike_G","Strike_G","Strike_G","Defend_G","Defend_G","Defend_G","Defend_G","Defend_G","Survivor","Neutralize+1","Blade Dance+1","Well Laid Plans","Backflip","Accuracy","Finisher","Blade Dance+1","Bullet Time","PiercingWail","Cloak And Dagger","Apotheosis+1","Cloak And Dagger"],"relics":["WristBlade","HornCleat","Juzu Bracelet","Eternal Feather","Black Star","Membership Card","Toy Ornithopter","Bird Faced Urn"],"acts_visited":["Exordium","TheCity"],"potions_floor_usage":[24],"damage_taken":[{"damage":2.0,"enemies":"Cultist","floor":1.0,"turns":5.0},{"damage":7.0,"enemies":"2 Louse","floor":2.0,"turns":2.0},{"damage":4.0,"enemies":"Jaw Worm","floor":3.0,"turns":2.0},{"damage":0.0,"enemies":"2 Fungi Beasts","floor":4.0,"turns":3.0},{"damage":11.0,"enemies":"Exordium Thugs","floor":5.0,"turns":5.0},{"damage":15.0,"enemies":"3 Sentries","floor":8.0,"turns":6.0},{"damage":0.0,"enemies":"Red Slaver","floor":11.0,"turns":3.0},{"damage":0.0,"enemies":"Gremlin Nob","floor":13.0,"turns":2.0},{"damage":1.0,"enemies":"Hexaghost","floor":16.0,"turns":7.0},{"damage":16.0,"enemies":"Shell Parasite","floor":18.0,"turns":3.0},{"damage":7.0,"enemies":"3 Byrds","floor":20.0,"turns":4.0},{"damage":19.0,"enemies":"Snake Plant","floor":21.0,"turns":4.0},{"damage":23,"enemies":"Slavers","floor":24,"turns":4},{"damage":0,"enemies":"Centurion and Healer","floor":25,"turns":5},{"damage":23,"enemies":"Shelled Parasite and Fungi","floor":27,"turns":3}],"seed_played":"-4897514710185249324","potions_obtained":[{"floor":2.0,"key":"GamblersBrew"},{"floor":4.0,"key":"CultistPotion"},{"floor":11.0,"key":"ColorlessPotion"},{"floor":19.0,"key":"ColorlessPotion"},{"floor":19.0,"key":"Fruit Juice"},{"floor":21.0,"key":"CunningPotion"}],"is_trial":false,"path_per_floor":["M","M","M","M","M","R","?","E","T","R","M","R","E","?","R","B",null,"M","?","M","M","$","R","E","M","T","M"],"character_chosen":"THE_SILENT","items_purchased":["Membership Card","Cloak And Dagger","Apotheosis"],"campfire_rested":1,"item_purchase_floors":[22,22,22],"current_hp_per_floor":[57,50,46,46,35,35,24,9,9,28,28,28,28,28,37,36,59,43,48,41,22,22,34,11,15,15,0,0],"gold":199,"neow_bonus":"BOSS_RELIC","is_daily":false,"chose_seed":false,"campfire_upgraded":4,"win_rate":0.0,"timestamp":1609385434,"path_taken":["M","M","?","M","M","R","?","E","T","R","M","R","E","?","R","BOSS","M","?","M","M","$","R","E","M","T","M"],"items_purchased_type":["Relic","Card","Card"],"build_version":"2020-12-22","purchased_purges":1,"victory":false,"max_hp_per_floor":[66,66,66,66,66,66,66,66,66,66,66,66,66,66,66,66,66,66,71,71,71,71,71,71,71,71,71,71],"card_choices":[{"not_picked":["PiercingWail","Dagger Spray"],"picked":"Blade Dance","floor":1.0},{"not_picked":["Bane","Poisoned Stab"],"picked":"Well Laid Plans","floor":2.0},{"not_picked":["Dodge and Roll","Quick Slash"],"picked":"Backflip","floor":3.0},{"not_picked":["Phantasmal Killer","Skewer"],"picked":"Accuracy","floor":4.0},{"not_picked":["Underhanded Strike","Slice","Prepared"],"picked":"SKIP","floor":5.0},{"not_picked":["Quick Slash","Cloak And Dagger"],"picked":"Finisher","floor":8.0},{"not_picked":["Flechettes","Setup","All Out Attack"],"picked":"SKIP","floor":11.0},{"not_picked":["Quick Slash","Slice"],"picked":"Blade Dance","floor":13.0},{"not_picked":["Night Terror","Venomology"],"picked":"Bullet Time","floor":16.0},{"not_picked":["Acrobatics","Catalyst","Dodge and Roll"],"picked":"SKIP","floor":18.0},{"not_picked":["Caltrops","Dagger Spray"],"picked":"PiercingWail","floor":20.0},{"not_picked":["Skewer","Malaise","Slice"],"picked":"SKIP","floor":21.0},{"not_picked":["Flechettes","Caltrops","Reflex"],"picked":"SKIP","floor":24},{"not_picked":["Leg Sweep","Setup"],"picked":"Cloak And Dagger","floor":25}],"player_experience":1414677,"relics_obtained":[{"floor":8.0,"key":"HornCleat"},{"floor":9.0,"key":"Juzu Bracelet"},{"floor":13.0,"key":"Eternal Feather"},{"floor":24,"key":"Toy Ornithopter"},{"floor":24,"key":"Bird Faced Urn"}],"event_choices":[{"damage_healed":0.0,"max_hp_gain":0.0,"max_hp_loss":0.0,"gold_gain":75.0,"event_name":"World of Goop","player_choice":"Gather Gold","floor":7.0,"gold_loss":0.0,"damage_taken":11.0},{"cards_removed":["Strike_G"],"damage_healed":0.0,"max_hp_gain":0.0,"max_hp_loss":0.0,"gold_gain":0.0,"event_name":"Living Wall","player_choice":"Forget","floor":14.0,"gold_loss":0.0,"damage_taken":0.0},{"damage_healed":0.0,"max_hp_gain":0.0,"max_hp_loss":0.0,"gold_gain":0.0,"event_name":"Lab","player_choice":"Got Potions","floor":19.0,"gold_loss":0.0,"damage_taken":0.0}],"is_beta":false,"boss_relics":[{"not_picked":["HoveringKite","Astrolabe"],"picked":"Black Star"}],"items_purged_floors":[22],"is_endless":false,"potions_floor_spawned":[2,4,11,21],"killed_by":"Shelled Parasite and Fungi","ascension_level":19}}