{"host":"jcx3r2rqknwp5xpf","time":1609393339,"event":{"mods":["2.2 Compatiblity","AchievementEnabler","Act Like it!","Bard","BaseMod","Downfall","Elementarium","Fireblade Mod","Gremlin Mod","Hallownest","Hermit","Jorbs\u0027s Wanderer Trilogy","Menagerie","Minty Spire (QoL Compilation)","Pale of the Ancients","READ ME - Guardian Mod","Somnambulant","StSLib","The Blackbeard","The Bug Knight","The Construct","The Cursed","The Disciple","The Druid","The Hierophant","The Mystic","The Runesmith","The Showman"],"gold_per_floor":[99,117,117,129,129,140,167,182,195,229,239,239,239,74,92,195,195,195,195,195,195,195,195,195,195,195,195,195,195,195,195,195,195,195,195,195,195,195,195,34,34,34,34,34,34,34,34,34,34,34],"floor_reached":51,"playtime":4385,"items_purged":[],"score":756,"play_id":"212ed338-74fd-4f32-b750-dcc805cddad2","local_time":"20201231004219","is_ascension_mode":false,"campfire_choices":[{"data":"hexamod:Sear","floor":1.0,"key":"SMITH"},{"floor":13.0,"key":"REST"},{"data":"hexamod:Float","floor":18.0,"key":"SMITH"},{"data":"hexamod:WildfireWeapon","floor":35.0,"key":"SMITH"},{"floor":44,"key":"REST"}],"circlet_count":0,"master_deck":["hexamod:Defend","hexamod:Defend","hexamod:Defend","hexamod:Defend","hexamod:Sear+1","hexamod:Float+1","hexamod:NightmareStrike","hexamod:EmpoweredFlame","hexamod:SwordOfDarkness","hexamod:AdvancingGuard","hexamod:GhostflameBarrier","hexamod:Haunt","hexamod:RainOfEmbers","hexamod:UnlimitedPower+1","hexamod:ThermalTransfer","hexamod:HexaLevel","hexamod:ExtraCrispy+1","hexamod:FastForward+1","Slimebound:Tackle+1","Slimebound:Tackle+1","Slimebound:Tackle+1","hexamod:GhostShield+1","hexamod:CatchUp","hexamod:NecessarySacrifice+1","hexamod:HeatShield","hexamod:Hexaguard","hexamod:ApocalypticArmor","hexamod:WildfireWeapon+1","hexamod:ChargedBarrage","hexamod:TimeWarp","hexamod:HeatCrush+1","hexamod:RadiantFlame","hexamod:GhostLash+1","hexamod:UnlimitedPower+1","hexamod:RadiantFlame+1","hexamod:Toasty","hexamod:ChargedBarrage+1"],"relics":["hexamod:SpiritBrand","hexamod:MatchstickCase","Oddly Smooth Stone","StoneCalendar","HandDrill","downfall:Hecktoplasm","downfall:HeartBlessingGreen","Blood Vial","Dream Catcher","Matryoshka","hexamod:IceCube","DollysMirror","Nunchaku","downfall:HeartBlessingBlue","Orichalcum"],"acts_visited":["Exordium","TheCity","TheBeyond"],"potions_floor_usage":[38,46,46,47,50],"damage_taken":[{"damage":0.0,"enemies":"Jaw Worm","floor":2.0,"turns":3.0},{"damage":0.0,"enemies":"Small Slimes","floor":4.0,"turns":3.0},{"damage":0.0,"enemies":"Cultist","floor":5.0,"turns":1.0},{"damage":7.0,"enemies":"3 Louse","floor":6.0,"turns":3.0},{"damage":0.0,"enemies":"Large Slime","floor":8.0,"turns":3.0},{"damage":5.0,"enemies":"Exordium Wildlife","floor":9.0,"turns":4.0},{"damage":15.0,"enemies":"Gremlin Nob","floor":10.0,"turns":4.0},{"damage":0.0,"enemies":"Red Slaver","floor":11.0,"turns":3.0},{"damage":0.0,"enemies":"downfall:FleeingMerchant","floor":14.0,"turns":4.0},{"damage":0.0,"enemies":"Exordium Thugs","floor":15.0,"turns":5.0},{"damage":40.0,"enemies":"downfall:Defect","floor":16.0,"turns":7.0},{"damage":0.0,"enemies":"Spheric Guardian","floor":19.0,"turns":3.0},{"damage":0.0,"enemies":"Chosen","floor":20.0,"turns":3.0},{"damage":4.0,"enemies":"Snake Plant","floor":23.0,"turns":3.0},{"damage":0.0,"enemies":"Centurion and Healer","floor":25.0,"turns":7.0},{"damage":3.0,"enemies":"Shelled Parasite and Fungi","floor":26.0,"turns":5.0},{"damage":4.0,"enemies":"Book of Stabbing","floor":27.0,"turns":4.0},{"damage":0.0,"enemies":"Snecko","floor":29.0,"turns":4.0},{"damage":32.0,"enemies":"Gremlin Leader","floor":31.0,"turns":7.0},{"damage":2.0,"enemies":"Cultist and Chosen","floor":32.0,"turns":5.0},{"damage":22.0,"enemies":"downfall:Watcher","floor":33.0,"turns":7.0},{"damage":0.0,"enemies":"Orb Walker","floor":36.0,"turns":4.0},{"damage":18.0,"enemies":"3 Darklings","floor":37.0,"turns":5.0},{"damage":0,"enemies":"Writhing Mass","floor":38,"turns":4},{"damage":0,"enemies":"downfall:FleeingMerchant","floor":40,"turns":4},{"damage":0,"enemies":"Jaw Worm Horde","floor":42,"turns":5},{"damage":4,"enemies":"4 Shapes","floor":43,"turns":5},{"damage":25,"enemies":"Writhing Mass","floor":45,"turns":5},{"damage":27,"enemies":"Giant Head","floor":46,"turns":6},{"damage":0,"enemies":"Sphere and 2 Shapes","floor":47,"turns":5},{"damage":0,"enemies":"Maw","floor":48,"turns":6},{"damage":12,"enemies":"Sphere and 2 Shapes","floor":49,"turns":5},{"damage":5,"enemies":"downfall:Ironclad","floor":50,"turns":9}],"seed_played":"2928084156643080386","potions_obtained":[{"floor":4.0,"key":"AttackPotion"},{"floor":6.0,"key":"DistilledChaos"},{"floor":10.0,"key":"EssenceOfSteel"},{"floor":15.0,"key":"hexamod:DoubleChargePotion"},{"floor":20.0,"key":"AttackPotion"},{"floor":26.0,"key":"sneckomod:MuddlingPotion"},{"floor":29.0,"key":"Guardian:BlockOnCardUsePotion"},{"floor":31.0,"key":"hexamod:EctoCoolerPotion"},{"floor":37.0,"key":"Weak Potion"},{"floor":42,"key":"Strength Potion"},{"floor":45,"key":"ColorlessPotion"},{"floor":46,"key":"Fruit Juice"}],"is_trial":false,"path_per_floor":["R","M","?","M","M","M","T","M","M","E","M","?","R","$","M","B",null,"R","M","M","?","?","M","T","M","M","E","?","M","?","E","M","B",null,"R","M","M","M","?","$","T","M","M","R","M","E","M","M","M","B",null],"character_chosen":"THE_SPIRIT","items_purchased":["HandDrill","DollysMirror"],"campfire_rested":2,"item_purchase_floors":[14,40],"current_hp_per_floor":[70,70,70,70,70,63,63,63,58,43,43,43,64,64,64,24,70,70,70,70,70,70,66,66,68,67,65,65,67,67,37,37,17,70,70,70,52,54,54,56,56,58,56,80,55,35,37,39,29,26],"gold":34,"neow_bonus":"RANDOM_COMMON_RELIC","is_daily":false,"chose_seed":false,"campfire_upgraded":3,"win_rate":0.0,"timestamp":1609393339,"path_taken":["R","M","?","M","M","M","T","M","M","E","M","?","R","$","M","BOSS","R","M","M","?","?","M","T","?","M","E","?","M","?","E","M","BOSS","R","M","M","M","?","?","T","?","M","R","M","E","M","M","M","BOSS"],"items_purchased_type":["Relic","Relic"],"build_version":"2020-12-22","purchased_purges":0,"victory":true,"max_hp_per_floor":[70,70,70,70,70,70,70,70,70,70,70,70,70,70,70,70,70,70,70,70,70,70,70,70,70,70,70,70,70,70,70,70,70,70,70,70,70,70,70,70,70,70,70,80,80,85,85,85,85,85],"card_choices":[{"not_picked":["hexamod:ShieldOfDarkness","hexamod:FirstSeal"],"picked":"hexamod:NightmareStrike","floor":2.0},{"not_picked":["hexamod:FastForward","hexamod:BurningTouch"],"picked":"hexamod:EmpoweredFlame","floor":4.0},{"not_picked":["hexamod:Incineration","hexamod:HauntingEcho"],"picked":"hexamod:SwordOfDarkness","floor":5.0},{"not_picked":["hexamod:CatchUp","hexamod:GhostShield"],"picked":"hexamod:AdvancingGuard","floor":6.0},{"not_picked":["hexamod:HeatShield","hexamod:FastForward"],"picked":"hexamod:GhostflameBarrier","floor":8.0},{"not_picked":["hexamod:NightmareStrike","hexamod:FourthSeal"],"picked":"hexamod:Haunt","floor":9.0},{"not_picked":["hexamod:SecondSeal","hexamod:ShieldOfDarkness"],"picked":"hexamod:RainOfEmbers","floor":10.0},{"not_picked":["hexamod:HauntingEcho","hexamod:NightmareGuise"],"picked":"hexamod:UnlimitedPower","floor":11.0},{"not_picked":["hexamod:NightmareStrike","hexamod:BacktrackSmack","hexamod:SwordOfDarkness"],"picked":"SKIP","floor":14.0},{"not_picked":["hexamod:RainOfEmbers","hexamod:SwordOfDarkness"],"picked":"hexamod:ThermalTransfer","floor":15.0},{"not_picked":["hexamod:GiftsFromTheDead","hexamod:FifthSeal"],"picked":"hexamod:HexaLevel","floor":16.0},{"not_picked":["hexamod:StepThrough+1","hexamod:SpectersWail"],"picked":"hexamod:ExtraCrispy+1","floor":19.0},{"not_picked":["hexamod:FirstSeal","hexamod:ThermalTransfer+1"],"picked":"hexamod:FastForward+1","floor":20.0},{"not_picked":["hexamod:EtherealExpedition","hexamod:BacktrackSmack"],"picked":"hexamod:GhostShield+1","floor":23.0},{"not_picked":["hexamod:AdvancingGuard","hexamod:GhostShield"],"picked":"hexamod:CatchUp","floor":25.0},{"not_picked":["hexamod:Haunt","hexamod:SpectralSpark+1"],"picked":"hexamod:NecessarySacrifice+1","floor":26.0},{"not_picked":["hexamod:HauntingEcho+1","hexamod:SuperheatedStrike"],"picked":"hexamod:HeatShield","floor":27.0},{"not_picked":["hexamod:BacktrackSmack","hexamod:BurningTouch"],"picked":"hexamod:Hexaguard","floor":29.0},{"not_picked":["hexamod:GhostShield","hexamod:SkipABeat+1"],"picked":"hexamod:WildfireWeapon","floor":31.0},{"not_picked":["hexamod:HauntingEcho","hexamod:NightmareStrike+1"],"picked":"hexamod:ChargedBarrage","floor":32.0},{"not_picked":["hexamod:ApocalypseNow","hexamod:GhostflameInferno"],"picked":"hexamod:TimeWarp","floor":33.0},{"not_picked":["hexamod:NightmareGuise","hexamod:SpectralSpark"],"picked":"hexamod:HeatCrush+1","floor":36.0},{"not_picked":["hexamod:GhostOfSpirePresent+1","hexamod:BurningTouch+1"],"picked":"hexamod:RadiantFlame","floor":37.0},{"not_picked":["hexamod:NightmareGuise+1","hexamod:InspiringFlames+1","hexamod:Again+1"],"picked":"SKIP","floor":38},{"not_picked":["hexamod:FlamesFromBeyond","hexamod:InspiringFlames"],"picked":"hexamod:GhostLash+1","floor":40},{"not_picked":["hexamod:GhostShield","hexamod:GhostOfSpirePresent","hexamod:ShieldOfDarkness+1"],"picked":"SKIP","floor":42},{"not_picked":["hexamod:FastForward","hexamod:HeatShield","hexamod:NightmareGuise"],"picked":"SKIP","floor":43},{"not_picked":["hexamod:InspiringFlames+1","hexamod:HauntingEcho","hexamod:ThermalTransfer+1"],"picked":"SKIP","floor":45},{"not_picked":["hexamod:RainOfEmbers+1","hexamod:SwordOfDarkness+1"],"picked":"hexamod:RadiantFlame+1","floor":46},{"not_picked":["hexamod:BacktrackSmack+1","hexamod:BurningTouch","hexamod:FlamesFromBeyond+1"],"picked":"SKIP","floor":47},{"not_picked":["hexamod:ThermalTransfer","hexamod:InspiringFlames"],"picked":"hexamod:Toasty","floor":48},{"not_picked":["hexamod:Firestarter+1","hexamod:DynamicBlow"],"picked":"hexamod:ChargedBarrage+1","floor":49}],"player_experience":563644,"relics_obtained":[{"floor":7.0,"key":"Oddly Smooth Stone"},{"floor":10.0,"key":"StoneCalendar"},{"floor":24.0,"key":"Blood Vial"},{"floor":27.0,"key":"Dream Catcher"},{"floor":31.0,"key":"Matryoshka"},{"floor":41,"key":"Nunchaku"},{"floor":46,"key":"Orichalcum"}],"event_choices":[{"damage_healed":0.0,"max_hp_gain":0.0,"max_hp_loss":0.0,"gold_gain":0.0,"event_name":"Living Wall","player_choice":"Grow","floor":12.0,"gold_loss":0.0,"damage_taken":0.0,"cards_upgraded":["hexamod:UnlimitedPower"]},{"damage_healed":0.0,"max_hp_gain":0.0,"max_hp_loss":0.0,"gold_gain":0.0,"event_name":"Lab","player_choice":"Got Potions","floor":22.0,"gold_loss":0.0,"damage_taken":0.0},{"damage_healed":0.0,"max_hp_gain":0.0,"max_hp_loss":0.0,"gold_gain":0.0,"event_name":"The Library","player_choice":"Read","floor":30.0,"gold_loss":0.0,"damage_taken":0.0,"cards_obtained":["hexamod:ApocalypticArmor"]},{"damage_healed":0,"gold_gain":0,"player_choice":"Ignored","damage_taken":0,"max_hp_gain":0,"max_hp_loss":0,"event_name":"Purifier","floor":39,"gold_loss":0}],"is_beta":false,"boss_relics":[{"not_picked":["Tiny House","construct:WeddingRing"],"picked":"downfall:Hecktoplasm"},{"not_picked":["Pandora\u0027s Box","SacredBark"],"picked":"hexamod:IceCube"}],"items_purged_floors":[],"is_endless":false,"potions_floor_spawned":[4,6,10,15,20,25,26,29,31,37,42,45,46],"ascension_level":0}}