{"host":"hig8qfi5vzbgudte","time":1609373796,"event":{"mods":["BaseMod","Colored Map","Downfall","Hubris","Minty Spire (QoL Compilation)","Quick Restart","StSLib","The Cursed","The Marked","The Servant 0.9.4"],"gold_per_floor":[111,111,111,126,136,136,156,156,182,196,196,196,43,43,43,139,139,127,127,42,42,60,60,60,60,60,60,60],"floor_reached":27,"playtime":2898,"items_purged":[],"score":224,"play_id":"19e57e40-c716-440c-b2a5-b5ddd53182f2","local_time":"20201230181636","is_ascension_mode":false,"campfire_choices":[{"data":"TheCursedMod:CursedMace","floor":6.0,"key":"SMITH"},{"data":"TheCursedMod:BlessingInDisguise","floor":8.0,"key":"SMITH"},{"floor":15.0,"key":"REST"},{"floor":23,"key":"REST"},{"data":"TheCursedMod:ReleasedKnowledge","floor":25,"key":"SMITH"}],"circlet_count":0,"master_deck":["TheCursedMod:Defend_TheCursed","TheCursedMod:Defend_TheCursed","TheCursedMod:Defend_TheCursed","TheCursedMod:Defend_TheCursed+1","TheCursedMod:CursedWand","TheCursedMod:CleanUpWorkshop+1","TheCursedMod:SurpriseAttack","TheCursedMod:BlessingInDisguise+1","TheCursedMod:CursedMace+1","TheCursedMod:CursedAmulet+1","TheCursedMod:CircleOfCorruption","TheCursedMod:ReleasedKnowledge+1","TheCursedMod:RapidMovement+1","TheCursedMod:CursedBoomerang","TheCursedMod:DemonicPact","TheCursedMod:BloodBarrier+1","Bite","Bite","Bite","Bite","Bite","TheCursedMod:ReleasedKnowledge"],"relics":["TheCursedMod:BlackMagic101","Nunchaku","hubris:Icosahedron","Runic Pyramid","MutagenicStrength","hubris:SlimyHat","War Paint","Happy Flower"],"acts_visited":["Exordium","TheCity"],"potions_floor_usage":[],"damage_taken":[{"damage":5.0,"enemies":"Cultist","floor":1.0,"turns":4.0},{"damage":6.0,"enemies":"Jaw Worm","floor":4.0,"turns":3.0},{"damage":0.0,"enemies":"2 Louse","floor":5.0,"turns":3.0},{"damage":14.0,"enemies":"Blue Slaver","floor":7.0,"turns":4.0},{"damage":5.0,"enemies":"Large Slime","floor":10.0,"turns":7.0},{"damage":55,"enemies":"The Guardian","floor":16,"turns":17},{"damage":16,"enemies":"2 Thieves","floor":18,"turns":4},{"damage":35,"enemies":"3 Byrds","floor":22,"turns":6},{"damage":56,"enemies":"Centurion and Healer","floor":27,"turns":7}],"seed_played":"2993691883547999947","potions_obtained":[{"floor":5.0,"key":"TheCursedMod:DregsPotion"},{"floor":7.0,"key":"ColorlessPotion"},{"floor":14.0,"key":"Strength Potion"},{"floor":18,"key":"Regen Potion"},{"floor":22,"key":"LiquidMemories"}],"is_trial":false,"path_per_floor":["M","?","?","M","M","R","M","R","T","M","?","?","$","?","R","B",null,"M","?","?","?","M","R","T","R","T","M"],"character_chosen":"THE_CURSED","items_purchased":["TheCursedMod:ReleasedKnowledge","TheCursedMod:RapidMovement","TheCursedMod:CursedBoomerang"],"campfire_rested":2,"item_purchase_floors":[13,13,13],"current_hp_per_floor":[77,77,77,71,71,71,57,57,57,52,36,36,36,36,60,5,82,66,66,66,57,30,47,47,47,47,0,0],"gold":60,"neow_bonus":"TEN_PERCENT_HP_BONUS","is_daily":false,"chose_seed":false,"campfire_upgraded":3,"win_rate":0.0,"timestamp":1609373796,"path_taken":["M","?","?","M","?","R","M","R","T","M","?","?","?","?","R","BOSS","M","?","?","?","M","R","?","R","T","M"],"items_purchased_type":["Card","Card","Card"],"build_version":"2020-12-22","purchased_purges":0,"victory":false,"max_hp_per_floor":[82,82,82,82,82,82,82,82,82,82,82,82,82,82,82,82,82,82,82,82,57,57,57,57,57,57,57,57],"card_choices":[{"not_picked":["TheCursedMod:VitalStrike","TheCursedMod:Stretching"],"picked":"TheCursedMod:SurpriseAttack","floor":1.0},{"not_picked":["TheCursedMod:WearCloak","TheCursedMod:VitalStrike"],"picked":"TheCursedMod:BlessingInDisguise","floor":4.0},{"not_picked":["TheCursedMod:ReleasedKnowledge","TheCursedMod:Stretching"],"picked":"TheCursedMod:CursedMace","floor":5.0},{"not_picked":["TheCursedMod:SurpriseAttack","TheCursedMod:LuckyCharm"],"picked":"TheCursedMod:CursedAmulet","floor":7.0},{"not_picked":["TheCursedMod:Wield","TheCursedMod:Stretching"],"picked":"TheCursedMod:CircleOfCorruption","floor":10.0},{"not_picked":["TheCursedMod:ForbiddenAlchemy","TheCursedMod:ParallelWorld"],"picked":"TheCursedMod:DemonicPact","floor":16},{"not_picked":["TheCursedMod:Wield","TheCursedMod:Torture"],"picked":"TheCursedMod:BloodBarrier+1","floor":18},{"not_picked":["TheCursedMod:VitalStrike","TheCursedMod:Stretching"],"picked":"TheCursedMod:ReleasedKnowledge","floor":22}],"player_experience":17819,"relics_obtained":[{"floor":9.0,"key":"Nunchaku"},{"floor":24,"key":"War Paint"},{"floor":26,"key":"Happy Flower"}],"event_choices":[{"damage_healed":0.0,"max_hp_gain":0.0,"max_hp_loss":0.0,"gold_gain":0.0,"event_name":"Golden Wing","player_choice":"Ignored","floor":2.0,"gold_loss":0.0,"damage_taken":0.0},{"cards_removed":["TheCursedMod:Dregs"],"damage_healed":0.0,"max_hp_gain":0.0,"max_hp_loss":0.0,"gold_gain":0.0,"event_name":"Purifier","player_choice":"Purged","floor":3.0,"gold_loss":0.0,"damage_taken":0.0},{"damage_healed":0.0,"max_hp_gain":0.0,"max_hp_loss":0.0,"gold_gain":0.0,"event_name":"Shining Light","player_choice":"Entered Light","floor":11.0,"gold_loss":0.0,"damage_taken":16.0,"cards_upgraded":["TheCursedMod:CursedAmulet","TheCursedMod:CleanUpWorkshop"]},{"damage_healed":0.0,"max_hp_gain":0.0,"max_hp_loss":0.0,"gold_gain":0.0,"event_name":"Lab","player_choice":"Got Potions","floor":14.0,"gold_loss":0.0,"damage_taken":0.0},{"damage_healed":0,"gold_gain":0,"player_choice":"Inject Mutagens","damage_taken":0,"relics_obtained":["MutagenicStrength"],"max_hp_gain":0,"max_hp_loss":0,"event_name":"Drug Dealer","floor":19,"gold_loss":0},{"damage_healed":0,"gold_gain":0,"player_choice":"Obtained Relic","damage_taken":0,"relics_obtained":["hubris:SlimyHat"],"max_hp_gain":0,"max_hp_loss":0,"event_name":"Addict","floor":20,"gold_loss":85},{"damage_healed":0,"gold_gain":0,"player_choice":"Became a vampire","damage_taken":0,"max_hp_gain":0,"max_hp_loss":25,"event_name":"Vampires","floor":21,"gold_loss":0,"cards_obtained":["Bite","Bite","Bite","Bite","Bite"]}],"is_beta":false,"boss_relics":[{"not_picked":["Ectoplasm","Snecko Eye"],"picked":"Runic Pyramid"}],"items_purged_floors":[],"is_endless":false,"potions_floor_spawned":[5,7,18,22],"killed_by":"Centurion and Healer","ascension_level":0}}