{"host":"6azrrw3tf7wb0f4b","time":1609401073,"event":{"mods":["BaseMod","DeckTracker","Minty Spire (QoL Compilation)","SuperFastMode"],"gold_per_floor":[117,117,135,135,151,151,175,175,175,191,40,40,71,88,88,88,88],"floor_reached":16,"playtime":283,"items_purged":[],"score":155,"play_id":"7322f50b-1625-49c7-87e5-da3ef11c477f","local_time":"20201231165113","is_ascension_mode":true,"campfire_choices":[{"data":"Malaise","floor":6,"key":"SMITH"},{"data":"Crippling Poison","floor":8,"key":"SMITH"},{"data":"Tactician","floor":15,"key":"SMITH"}],"circlet_count":0,"master_deck":["AscendersBane","Strike_G","Strike_G","Strike_G","Strike_G+1","Defend_G","Defend_G","Defend_G","Defend_G","Survivor","Neutralize","Predator","Crippling Poison+1","Malaise+1","Prepared","Poisoned Stab+1","Heel Hook","Venomology","Tactician+1"],"relics":["Ring of the Snake","Whetstone","Nunchaku","Omamori","Bronze Scales"],"acts_visited":["Exordium"],"potions_floor_usage":[13,16,16],"damage_taken":[{"damage":2,"enemies":"2 Louse","floor":1,"turns":4},{"damage":3,"enemies":"Jaw Worm","floor":3,"turns":5},{"damage":5,"enemies":"Small Slimes","floor":5,"turns":3},{"damage":4,"enemies":"Blue Slaver","floor":10,"turns":4},{"damage":17,"enemies":"3 Sentries","floor":13,"turns":6},{"damage":12,"enemies":"Large Slime","floor":14,"turns":4},{"damage":35,"enemies":"Slime Boss","floor":16,"turns":6}],"seed_played":"3400768859673831526","potions_obtained":[{"floor":1,"key":"Explosive Potion"},{"floor":5,"key":"Swift Potion"},{"floor":14,"key":"BlessingOfTheForge"}],"is_trial":false,"path_per_floor":["M","?","M","?","M","R","T","R","T","M","$","?","E","M","R","B"],"character_chosen":"THE_SILENT","items_purchased":["Omamori"],"campfire_rested":0,"item_purchase_floors":[11],"current_hp_per_floor":[61,61,58,58,53,53,53,53,53,49,49,54,37,25,25,22,22],"gold":88,"neow_bonus":"TRANSFORM_CARD","is_daily":false,"chose_seed":false,"campfire_upgraded":3,"win_rate":0.0,"timestamp":1609401073,"path_taken":["M","?","M","?","M","R","?","R","T","M","$","?","E","M","R","BOSS"],"items_purchased_type":["Relic"],"build_version":"2020-12-22","purchased_purges":0,"victory":false,"max_hp_per_floor":[70,70,70,70,70,70,70,70,70,70,70,75,75,75,75,75,75],"card_choices":[{"not_picked":["Distraction","Acrobatics"],"picked":"Crippling Poison","floor":1},{"not_picked":["Slice","Quick Slash"],"picked":"Prepared","floor":3},{"not_picked":["Acrobatics","Prepared"],"picked":"Poisoned Stab","floor":5},{"not_picked":["Slice","Deadly Poison"],"picked":"Heel Hook","floor":10},{"not_picked":["Concentrate","Storm of Steel"],"picked":"Venomology","floor":13},{"not_picked":["Deflect","Underhanded Strike"],"picked":"Tactician","floor":14}],"player_experience":655201,"relics_obtained":[{"floor":7,"key":"Whetstone"},{"floor":9,"key":"Nunchaku"},{"floor":13,"key":"Bronze Scales"}],"event_choices":[{"damage_healed":0,"gold_gain":0,"cards_transformed":["Defend_G"],"player_choice":"Change","damage_taken":0,"max_hp_gain":0,"max_hp_loss":0,"event_name":"Living Wall","floor":2,"gold_loss":0,"cards_obtained":["Malaise"]},{"damage_healed":0,"gold_gain":0,"player_choice":"Ignored","damage_taken":0,"max_hp_gain":0,"max_hp_loss":0,"event_name":"Liars Game","floor":4,"gold_loss":0},{"damage_healed":0,"gold_gain":0,"player_choice":"Donut","damage_taken":0,"max_hp_gain":5,"max_hp_loss":0,"event_name":"Big Fish","floor":12,"gold_loss":0}],"is_beta":false,"boss_relics":[],"items_purged_floors":[],"is_endless":false,"potions_floor_spawned":[1,5,14],"killed_by":"Slime Boss","ascension_level":11}}