{"host":"08sn1703g14rasc1","time":1609380903,"event":{"mods":["AchievementEnabler","BaseMod","Colored Map","Colored Powertips","Hermit","Minty Spire (QoL Compilation)","StSLib"],"gold_per_floor":[36,70,103,103,278,278,312,329,329,329,329,345,362,362,362],"floor_reached":14,"playtime":1187,"items_purged":[],"score":124,"play_id":"c1742f09-8bcc-433a-9a27-4dd6cf86e0e3","local_time":"20201230181503","is_ascension_mode":true,"campfire_choices":[{"data":"HandOfGreed","floor":6,"key":"SMITH"},{"floor":11,"key":"REST"}],"circlet_count":0,"master_deck":["hermit:Strike_Hermit","hermit:Strike_Hermit","hermit:Strike_Hermit","hermit:Defend_Hermit","hermit:Defend_Hermit","hermit:Defend_Hermit","hermit:Defend_Hermit","hermit:Snapshot","hermit:Covet","HandOfGreed+1","hermit:Deadeye","hermit:SprayPray","hermit:Vantage","hermit:Roughhouse","Doubt","hermit:FromBeyond","hermit:Brawl","hermit:Brawl"],"relics":["hermit:Momento","StrikeDummy","Question Card","Calipers"],"acts_visited":["Exordium"],"potions_floor_usage":[12],"damage_taken":[{"damage":0,"enemies":"Cultist","floor":1,"turns":3},{"damage":5,"enemies":"Small Slimes","floor":2,"turns":4},{"damage":5,"enemies":"2 Louse","floor":3,"turns":2},{"damage":33,"enemies":"Lagavulin","floor":7,"turns":8},{"damage":3,"enemies":"Blue Slaver","floor":8,"turns":2},{"damage":18,"enemies":"Exordium Thugs","floor":12,"turns":3},{"damage":0,"enemies":"Large Slime","floor":13,"turns":5},{"damage":18,"enemies":"3 Sentries","floor":14,"turns":3}],"seed_played":"-7193063318305728267","potions_obtained":[{"floor":1,"key":"AttackPotion"},{"floor":8,"key":"FearPotion"}],"is_trial":false,"path_per_floor":["M","M","M","?","?","R","E","M","T","?","R","M","M","E"],"character_chosen":"HERMIT","items_purchased":[],"campfire_rested":1,"item_purchase_floors":[],"current_hp_per_floor":[68,63,58,58,58,58,25,22,22,10,32,14,14,0,0],"gold":362,"neow_bonus":"RANDOM_COLORLESS_2","is_daily":false,"chose_seed":false,"campfire_upgraded":1,"win_rate":0.0,"timestamp":1609380903,"path_taken":["M","M","?","?","?","R","E","M","T","?","R","M","M","E"],"items_purchased_type":[],"build_version":"2020-12-22","purchased_purges":0,"victory":false,"max_hp_per_floor":[75,75,75,75,75,75,75,75,75,75,75,75,75,75,75],"card_choices":[{"not_picked":["Thinking Ahead","Chrysalis"],"picked":"HandOfGreed","floor":0},{"not_picked":["hermit:Ricochet","hermit:LowProfile"],"picked":"hermit:Deadeye","floor":1},{"not_picked":["hermit:Desperado","hermit:Misfire"],"picked":"hermit:SprayPray","floor":2},{"not_picked":["hermit:Coalescence","hermit:LowProfile"],"picked":"hermit:Vantage","floor":3},{"not_picked":["hermit:FullyLoaded","hermit:TakeAim"],"picked":"hermit:FromBeyond","floor":7},{"not_picked":["hermit:ItchyTrigger","hermit:Ricochet"],"picked":"hermit:Brawl","floor":8},{"not_picked":["hermit:Glare","hermit:HighCaliber","hermit:Malice"],"picked":"hermit:Brawl","floor":12},{"not_picked":["hermit:CalledShot","hermit:TrackingShot","hermit:Dive","hermit:SprayPray"],"picked":"SKIP","floor":13}],"player_experience":452357,"relics_obtained":[{"floor":7,"key":"StrikeDummy"},{"floor":9,"key":"Question Card"}],"event_choices":[{"damage_healed":0,"gold_gain":0,"cards_transformed":["hermit:Strike_Hermit"],"player_choice":"Change","damage_taken":0,"max_hp_gain":0,"max_hp_loss":0,"event_name":"Living Wall","floor":4,"gold_loss":0,"cards_obtained":["hermit:Roughhouse"]},{"damage_healed":0,"gold_gain":175,"player_choice":"AGREE","damage_taken":0,"max_hp_gain":0,"max_hp_loss":0,"event_name":"Liars Game","floor":5,"gold_loss":0,"cards_obtained":["Doubt"]},{"damage_healed":0,"gold_gain":0,"player_choice":"Success","damage_taken":12,"relics_obtained":["Calipers"],"max_hp_gain":0,"max_hp_loss":0,"event_name":"Scrap Ooze","floor":10,"gold_loss":0}],"is_beta":false,"boss_relics":[],"items_purged_floors":[],"is_endless":false,"potions_floor_spawned":[1,8],"killed_by":"3 Sentries","ascension_level":7}}