{"host":"5ffrjkuvgrxgllwx","time":1609443901,"event":{"mods":["AchievementEnabler","BaseMod","Colored Map","Colored Powertips","Minty Spire (QoL Compilation)","Quick Restart","Rare Cards Sparkle","StSLib","everything is the same but u backflip on backflip"],"gold_per_floor":[109,125,275,275,29,29,104,104,104,182,95,118,132,146,146,242,242,257,275,200,6,25,25,25,25,25,25,38,38,81,81,81,81,81],"floor_reached":33,"playtime":937,"items_purged":["Doubt"],"score":481,"play_id":"fcf488c4-4a92-4b3e-8377-5fc57592bd6e","local_time":"20201231144501","is_ascension_mode":true,"campfire_choices":[{"floor":6.0,"key":"REST"},{"data":"Noxious Fumes","floor":8.0,"key":"SMITH"},{"floor":15.0,"key":"REST"},{"floor":23.0,"key":"REST"},{"floor":27.0,"key":"REST"},{"floor":32,"key":"REST"}],"circlet_count":0,"master_deck":["AscendersBane","Strike_G","Strike_G","Strike_G","Strike_G","Strike_G","Defend_G","Defend_G","Defend_G","Defend_G","Defend_G","Survivor","Neutralize","CurseOfTheBell","Acrobatics","Noxious Fumes+1","Leg Sweep","Noxious Fumes","Backflip","Wraith Form v2","Bane","Corpse Explosion","Caltrops","Caltrops","Deflect","Slice+1","Dagger Spray+1","Backstab"],"relics":["Calling Bell","Snake Skull","Darkstone Periapt","Tough Bandages","Golden Idol","TwistedFunnel","StrikeDummy","Boot","HoveringKite","Medical Kit","Orichalcum","Dead Branch","Bottled Flame"],"acts_visited":["Exordium","TheCity"],"potions_floor_usage":[33],"damage_taken":[{"damage":19.0,"enemies":"Cultist","floor":1.0,"turns":7.0},{"damage":5.0,"enemies":"2 Louse","floor":2.0,"turns":4.0},{"damage":22.0,"enemies":"3 Sentries","floor":10.0,"turns":7.0},{"damage":2.0,"enemies":"Small Slimes","floor":12.0,"turns":2.0},{"damage":1.0,"enemies":"Looter","floor":13.0,"turns":4.0},{"damage":1.0,"enemies":"Blue Slaver","floor":14.0,"turns":4.0},{"damage":31.0,"enemies":"Hexaghost","floor":16.0,"turns":7.0},{"damage":23.0,"enemies":"Spheric Guardian","floor":18.0,"turns":5.0},{"damage":23.0,"enemies":"Shell Parasite","floor":19.0,"turns":6.0},{"damage":1.0,"enemies":"Snecko","floor":22.0,"turns":6.0},{"damage":6.0,"enemies":"Centurion and Healer","floor":28.0,"turns":4.0},{"damage":48,"enemies":"Slavers","floor":30,"turns":4},{"damage":41,"enemies":"Automaton","floor":33,"turns":8}],"seed_played":"-1743420508154619336","potions_obtained":[{"floor":2.0,"key":"SkillPotion"},{"floor":14.0,"key":"Ancient Potion"},{"floor":16.0,"key":"CunningPotion"},{"floor":22.0,"key":"Block Potion"},{"floor":30,"key":"DuplicationPotion"}],"is_trial":false,"path_per_floor":["M","M","?","?","$","R","?","R","T","?","$","M","M","M","R","B",null,"M","M","?","$","M","R","?","?","T","R","M","$","E","T","R","B"],"character_chosen":"THE_SILENT","items_purchased":["TwistedFunnel","Noxious Fumes","Medical Kit","Deflect"],"campfire_rested":5,"item_purchase_floors":[5,11,21,21],"current_hp_per_floor":[40,35,41,47,47,70,59,59,59,37,37,35,34,33,56,25,65,42,19,19,19,18,41,41,41,41,64,58,58,10,10,33,0,0],"gold":81,"neow_bonus":"BOSS_RELIC","is_daily":false,"chose_seed":false,"campfire_upgraded":1,"win_rate":0.0,"timestamp":1609443901,"path_taken":["M","M","?","?","$","R","?","R","T","?","?","?","M","M","R","BOSS","M","M","?","$","M","R","?","?","T","R","M","?","E","?","R","BOSS"],"items_purchased_type":["Relic","Card","Relic","Card"],"build_version":"2020-12-22","purchased_purges":1,"victory":false,"max_hp_per_floor":[66,66,72,78,78,78,78,78,78,78,78,78,78,78,78,78,78,78,78,78,78,78,78,78,78,78,78,78,78,78,78,78,78,78],"card_choices":[{"not_picked":["Cloak And Dagger","Outmaneuver"],"picked":"Acrobatics","floor":1.0},{"not_picked":["Sucker Punch","Prepared"],"picked":"Noxious Fumes","floor":2.0},{"not_picked":["Underhanded Strike","Dagger Spray"],"picked":"Leg Sweep","floor":10.0},{"not_picked":["Flying Knee","Concentrate"],"picked":"Backflip","floor":12.0},{"not_picked":["Choke","Deadly Poison"],"picked":"Wraith Form v2","floor":13.0},{"not_picked":["Cloak And Dagger","Slice"],"picked":"Bane","floor":14.0},{"not_picked":["Phantasmal Killer","Doppelganger"],"picked":"Corpse Explosion","floor":16.0},{"not_picked":["Prepared","PiercingWail"],"picked":"Caltrops","floor":18.0},{"not_picked":["Sucker Punch+1","Backflip"],"picked":"Caltrops","floor":19.0},{"not_picked":["Deadly Poison","Quick Slash"],"picked":"Slice+1","floor":22.0},{"not_picked":["Cloak And Dagger","Sucker Punch"],"picked":"Dagger Spray+1","floor":28.0},{"not_picked":["Acrobatics","Masterful Stab"],"picked":"Backstab","floor":30}],"player_experience":1388114,"relics_obtained":[{"floor":0.0,"key":"Snake Skull"},{"floor":0.0,"key":"Darkstone Periapt"},{"floor":0.0,"key":"Tough Bandages"},{"floor":9.0,"key":"StrikeDummy"},{"floor":10.0,"key":"Boot"},{"floor":26.0,"key":"Orichalcum"},{"floor":30,"key":"Dead Branch"},{"floor":31,"key":"Bottled Flame"}],"event_choices":[{"damage_healed":0.0,"max_hp_gain":0.0,"max_hp_loss":0.0,"gold_gain":150.0,"event_name":"Liars Game","player_choice":"AGREE","floor":3.0,"gold_loss":0.0,"damage_taken":0.0,"cards_obtained":["Doubt"]},{"damage_healed":0.0,"max_hp_gain":0.0,"max_hp_loss":0.0,"gold_gain":0.0,"event_name":"Golden Idol","player_choice":"Take Wound","floor":4.0,"gold_loss":0.0,"damage_taken":0.0,"relics_obtained":["Golden Idol"],"cards_obtained":["Injury"]},{"damage_healed":0.0,"max_hp_gain":0.0,"max_hp_loss":0.0,"gold_gain":75.0,"event_name":"World of Goop","player_choice":"Gather Gold","floor":7.0,"gold_loss":0.0,"damage_taken":11.0},{"damage_healed":0.0,"max_hp_gain":0.0,"max_hp_loss":0.0,"gold_gain":0.0,"event_name":"Dead Adventurer","player_choice":"Searched \u00271\u0027 times","floor":10.0,"gold_loss":0.0,"damage_taken":0.0},{"cards_removed":["Injury"],"damage_healed":0.0,"max_hp_gain":0.0,"max_hp_loss":0.0,"gold_gain":0.0,"event_name":"Beggar","player_choice":"Gave Gold","floor":20.0,"gold_loss":75.0,"damage_taken":0.0},{"damage_healed":0.0,"max_hp_gain":0.0,"max_hp_loss":0.0,"gold_gain":0.0,"event_name":"Ghosts","player_choice":"Ignored","floor":24.0,"gold_loss":0.0,"damage_taken":0.0},{"damage_healed":0.0,"max_hp_gain":0.0,"max_hp_loss":0.0,"gold_gain":0.0,"event_name":"Vampires","player_choice":"Ignored","floor":25.0,"gold_loss":0.0,"damage_taken":0.0}],"is_beta":false,"boss_relics":[{"not_picked":["WristBlade","SacredBark"],"picked":"HoveringKite"}],"items_purged_floors":[5],"is_endless":false,"potions_floor_spawned":[2,14,16,19,22,30],"killed_by":"Automaton","ascension_level":18}}