{"host":"ye7dkdlypz0ka1od","time":1609419900,"event":{"mods":["Act Like it!","Aspiration","BaseMod","Better Third Choice","Gensokyo","Hallownest","Hubris","Infinite Spire","Marisa????????","Minty Spire (QoL Compilation)","Replay The Spire","StSLib"],"gold_per_floor":[209,229,229,243,243,243,243,254,254,264,283,88,103,103,103,200,200,216,297,309,309,328,328,328,328],"floor_reached":24,"playtime":1318,"items_purged":["Strike_MRS","Strike_MRS"],"score":190,"play_id":"d2b21458-ba7e-45fb-b99a-86b0523491c1","local_time":"20201231080500","is_ascension_mode":false,"campfire_choices":[{"data":"GalacticHalo","floor":6,"key":"SMITH"},{"data":"MagicAbsorber","floor":15,"key":"SMITH"},{"floor":23,"key":"REST"}],"circlet_count":0,"master_deck":["Defend_MRS","Defend_MRS","Defend_MRS","Defend_MRS","MasterSpark+1","UpSweep","DoubleSpark","ChargeUpSpray","GalacticHalo+1","DarkMatter+1","MagicAbsorber+1","CollectingQuirk+1","CollectingQuirk","AlicesGift+1"],"relics":["MiniHakkero","hubris:FunFungus","Membership Card","Black Star","Molten Egg 2","aspiration:TomeofQuesting"],"acts_visited":["Exordium","TheCity"],"potions_floor_usage":[10,10,10,20,24],"damage_taken":[{"damage":0,"enemies":"Cultist","floor":1,"turns":3},{"damage":0,"enemies":"2 Louse","floor":2,"turns":2},{"damage":0,"enemies":"Small Slimes","floor":4,"turns":2},{"damage":1,"enemies":"Exordium Wildlife","floor":8,"turns":2},{"damage":0,"enemies":"Exordium Thugs","floor":10,"turns":4},{"damage":2,"enemies":"Large Slime","floor":11,"turns":5},{"damage":2,"enemies":"2 Fungi Beasts","floor":13,"turns":2},{"damage":57,"enemies":"Fading Forest","floor":16,"turns":11},{"damage":17,"enemies":"Spheric Guardian","floor":18,"turns":6},{"damage":6,"enemies":"Shell Parasite","floor":20,"turns":6},{"damage":10,"enemies":"Shelled Parasite and Fungi","floor":22,"turns":9},{"damage":90,"enemies":"Nightmare","floor":24,"turns":9}],"seed_played":"-577468329100800391","potions_obtained":[{"floor":1,"key":"GamblersBrew"},{"floor":8,"key":"EntropicBrew"},{"floor":10,"key":"LiquidBronze"},{"floor":13,"key":"Venom Potion"},{"floor":22,"key":"SneckoOil"}],"is_trial":false,"path_per_floor":["M","M","?","M","?","R","?","M","T","M","M","$","M","?","R","B",null,"M","T","M","AVR","M","R","NM"],"character_chosen":"MARISA","items_purchased":["Membership Card"],"campfire_rested":1,"item_purchase_floors":[12],"current_hp_per_floor":[75,75,75,75,75,75,75,74,74,74,72,72,70,70,70,23,75,59,59,53,53,45,67,0,0],"gold":328,"neow_bonus":"HUNDRED_GOLD","is_daily":false,"chose_seed":false,"campfire_upgraded":2,"win_rate":0.0,"timestamp":1609419900,"path_taken":["M","M","?","M","?","R","?","M","T","?","M","?","M","?","R","BOSS","M","?","M","AVR","M","R","NM"],"items_purchased_type":["Relic"],"build_version":"2020-12-22","purchased_purges":2,"victory":false,"max_hp_per_floor":[75,75,75,75,75,75,75,75,75,75,75,75,75,75,75,75,75,75,75,75,75,75,75,75,75],"card_choices":[{"not_picked":["ShootingEcho","DC"],"picked":"DoubleSpark","floor":1},{"not_picked":["WitchLeyline","ShootingEcho"],"picked":"ChargeUpSpray","floor":2},{"not_picked":["DragonMeteor","GrandCross"],"picked":"GalacticHalo","floor":4},{"not_picked":["IllusionStar","MysteriousBeam","DC"],"picked":"SKIP","floor":8},{"not_picked":["AsteroidBelt","ShootingEcho"],"picked":"MagicAbsorber","floor":10},{"not_picked":["WitchLeyline","SuperPerseids"],"picked":"CollectingQuirk","floor":11},{"not_picked":["SporeBomb","LuminesStrike","DC"],"picked":"SKIP","floor":13},{"not_picked":["MaximisePower","SuperNova"],"picked":"CollectingQuirk","floor":16},{"not_picked":["DoubleSpark","MysteriousBeam+1","LuminesStrike"],"picked":"SKIP","floor":18},{"not_picked":["CollectingQuirk+1","AlicesGift+1","FairyDestructionRay+1"],"picked":"SKIP","floor":20},{"not_picked":["CollectingQuirk+1","FairyDestructionRay+1"],"picked":"AlicesGift+1","floor":20},{"not_picked":["DC+1","WitchLeyline+1","ManaConvection"],"picked":"SKIP","floor":22}],"player_experience":1348580,"relics_obtained":[{"floor":9,"key":"hubris:FunFungus"},{"floor":19,"key":"Molten Egg 2"}],"event_choices":[{"damage_healed":0,"gold_gain":0,"player_choice":"Upgraded","damage_taken":0,"max_hp_gain":0,"max_hp_loss":0,"event_name":"Upgrade Shrine","floor":14,"gold_loss":0,"cards_upgraded":["CollectingQuirk"]}],"is_beta":false,"boss_relics":[{"not_picked":["hubris:TerracottaHorce","Ectoplasm"],"picked":"Black Star"}],"items_purged_floors":[12,21],"is_endless":true,"potions_floor_spawned":[1,8,10,13,22],"killed_by":"Nightmare","ascension_level":0}}