{"host":"fve2mjc52c1d2twu","time":1609414626,"event":{"mods":["AchievementEnabler","BaseMod","Colored Map","Colored Powertips","Highlight Path","Minty Spire (QoL Compilation)","Quick Restart","Relic Stats","Slay-I"],"gold_per_floor":[112,130,145,12,24,53,53,85,85,104,138,154,154,154],"floor_reached":13,"playtime":1728,"items_purged":[],"score":139,"play_id":"51f24c89-a190-4725-b24a-0bc5fa1f22cc","local_time":"20201231123706","is_ascension_mode":true,"campfire_choices":[{"data":"Eruption","floor":7.0,"key":"SMITH"}],"circlet_count":0,"master_deck":["Strike_P","Strike_P","Strike_P","Strike_P","Defend_P","Defend_P","Defend_P","Defend_P","Eruption+1","Vigilance","Crescendo","FlurryOfBlows","FlurryOfBlows","FlurryOfBlows","Indignation","Halt","FollowUp","DeusExMachina","Consecrate","Adaptation","EmptyBody"],"relics":["PureWater","Eternal Feather","Bottled Flame","Letter Opener"],"acts_visited":["Exordium"],"potions_floor_usage":[10,10,11,13,13],"damage_taken":[{"damage":0.0,"enemies":"Small Slimes","floor":1.0,"turns":3.0},{"damage":0.0,"enemies":"Cultist","floor":2.0,"turns":2.0},{"damage":1.0,"enemies":"Jaw Worm","floor":3.0,"turns":2.0},{"damage":4.0,"enemies":"Blue Slaver","floor":5.0,"turns":3.0},{"damage":55.0,"enemies":"Lagavulin","floor":6.0,"turns":6.0},{"damage":23.0,"enemies":"3 Sentries","floor":8.0,"turns":7.0},{"damage":4,"enemies":"Large Slime","floor":10,"turns":3},{"damage":0,"enemies":"Lagavulin","floor":11,"turns":3},{"damage":0,"enemies":"Red Slaver","floor":12,"turns":3},{"damage":5,"enemies":"3 Sentries","floor":13,"turns":2}],"seed_played":"1801791936234750906","potions_obtained":[{"floor":3.0,"key":"ColorlessPotion"},{"floor":5.0,"key":"AttackPotion"},{"floor":6.0,"key":"EntropicBrew"},{"floor":10,"key":"Weak Potion"}],"is_trial":false,"path_per_floor":["M","M","M","$","M","E","R","E","T","M","E","M","E"],"character_chosen":"WATCHER","items_purchased":["FlurryOfBlows","Indignation"],"campfire_rested":0,"item_purchase_floors":[4,4],"current_hp_per_floor":[79,79,78,78,74,19,28,5,5,1,1,1,0,0],"gold":154,"neow_bonus":"TEN_PERCENT_HP_BONUS","is_daily":false,"chose_seed":false,"campfire_upgraded":1,"win_rate":0.0,"timestamp":1609414626,"path_taken":["M","M","M","$","M","E","R","E","T","M","E","M","E"],"items_purchased_type":["Card","Card"],"build_version":"2020-12-22","purchased_purges":0,"victory":false,"max_hp_per_floor":[79,79,79,79,79,79,79,79,79,79,79,79,79,79],"relic_stats":{"counters":[10,34],"Eternal Feather":9,"Letter Opener":[0],"obtain_stats":[{"Bottled Flame":8,"Eternal Feather":6,"Letter Opener":11,"PureWater":0},{"Bottled Flame":6,"Eternal Feather":5,"Letter Opener":8,"PureWater":0},{"Bottled Flame":23,"Eternal Feather":16,"Letter Opener":29,"PureWater":0}]},"card_choices":[{"not_picked":["InnerPeace","Halt"],"picked":"Crescendo","floor":1.0},{"not_picked":["Halt","Vengeance"],"picked":"FlurryOfBlows","floor":2.0},{"not_picked":["BowlingBash","SashWhip"],"picked":"FlurryOfBlows","floor":3.0},{"not_picked":["Indignation","JustLucky"],"picked":"Halt","floor":5.0},{"not_picked":["CrushJoints","Fasting2"],"picked":"FollowUp","floor":6.0},{"not_picked":["Crescendo","JustLucky"],"picked":"DeusExMachina","floor":8.0},{"not_picked":["Prostrate","Protect"],"picked":"Consecrate","floor":10},{"not_picked":["ThirdEye","SpiritShield"],"picked":"Adaptation","floor":11},{"not_picked":["Prostrate","CutThroughFate"],"picked":"EmptyBody","floor":12}],"player_experience":120543,"relics_obtained":[{"floor":6.0,"key":"Eternal Feather"},{"floor":8.0,"key":"Bottled Flame"},{"floor":11,"key":"Letter Opener"}],"event_choices":[],"is_beta":false,"boss_relics":[],"items_purged_floors":[],"is_endless":false,"potions_floor_spawned":[3,5,6,10],"killed_by":"3 Sentries","ascension_level":1}}