{"host":"52zmxm0oht7x0uft","time":1609419728,"event":{"mods":["AchievementEnabler","BaseMod","Minty Spire (QoL Compilation)","Quick Restart"],"gold_per_floor":[115,115,125,140,159,159,177,127,174,174,187,199,210,61,61,161,161,146,146],"floor_reached":18,"playtime":703,"items_purged":["Strike_G"],"score":203,"play_id":"4ebc3718-50e5-4db5-93aa-f802fc566803","local_time":"20201231140208","is_ascension_mode":true,"campfire_choices":[{"floor":6,"key":"REST"},{"data":"All Out Attack","floor":10,"key":"SMITH"},{"floor":15,"key":"REST"}],"circlet_count":0,"master_deck":["Survivor","Neutralize","Poisoned Stab","All Out Attack+1","Quick Slash","PiercingWail","Skewer","Die Die Die","Calculated Gamble","Leg Sweep","Outmaneuver","Calculated Gamble","Catalyst","Deadly Poison","Prepared","Predator"],"relics":["Ring of the Snake","Happy Flower","Pandora\u0027s Box"],"acts_visited":["Exordium","TheCity"],"potions_floor_usage":[16],"damage_taken":[{"damage":2,"enemies":"Jaw Worm","floor":1,"turns":6},{"damage":3,"enemies":"Small Slimes","floor":3,"turns":5},{"damage":1,"enemies":"Cultist","floor":4,"turns":4},{"damage":43,"enemies":"Gremlin Gang","floor":5,"turns":7},{"damage":15,"enemies":"2 Fungi Beasts","floor":7,"turns":3},{"damage":3,"enemies":"Exordium Thugs","floor":11,"turns":4},{"damage":1,"enemies":"Blue Slaver","floor":12,"turns":3},{"damage":0,"enemies":"3 Louse","floor":13,"turns":1},{"damage":39,"enemies":"Hexaghost","floor":16,"turns":13},{"damage":8,"enemies":"2 Thieves","floor":18,"turns":1}],"seed_played":"6215226198823275784","potions_obtained":[{"floor":5,"key":"DuplicationPotion"},{"floor":7,"key":"CunningPotion"},{"floor":11,"key":"SkillPotion"},{"floor":16,"key":"Regen Potion"}],"is_trial":false,"path_per_floor":["M","?","M","M","M","R","M","?","T","R","M","M","M","$","R","B",null,"M"],"character_chosen":"THE_SILENT","items_purchased":["Skewer"],"campfire_rested":2,"item_purchase_floors":[14],"current_hp_per_floor":[68,68,65,64,21,44,29,29,29,29,26,25,25,25,48,9,60,52,52],"gold":146,"neow_bonus":"TEN_PERCENT_HP_BONUS","is_daily":false,"chose_seed":false,"campfire_upgraded":1,"win_rate":0.0,"timestamp":1609419728,"path_taken":["M","?","M","M","M","R","M","?","T","R","M","M","M","$","R","BOSS","M"],"items_purchased_type":["Card"],"build_version":"2020-12-22","purchased_purges":1,"victory":false,"max_hp_per_floor":[77,77,77,77,77,77,77,77,77,77,77,77,77,77,77,77,77,77,77],"card_choices":[{"not_picked":["Dodge and Roll","Bane","Backflip"],"picked":"SKIP","floor":1},{"not_picked":["Calculated Gamble","Well Laid Plans"],"picked":"Poisoned Stab","floor":3},{"not_picked":["Backflip","Flying Knee","Bane"],"picked":"SKIP","floor":4},{"not_picked":["Choke","Deflect","Flying Knee"],"picked":"SKIP","floor":5},{"not_picked":["Dodge and Roll","Choke"],"picked":"All Out Attack","floor":7},{"not_picked":["Calculated Gamble","Eviscerate","Concentrate"],"picked":"SKIP","floor":11},{"not_picked":["Deflect","Flechettes"],"picked":"Quick Slash","floor":12},{"not_picked":["Calculated Gamble","Outmaneuver"],"picked":"PiercingWail","floor":13},{"not_picked":["Venomology","Doppelganger"],"picked":"Die Die Die","floor":16}],"player_experience":337640,"relics_obtained":[{"floor":9,"key":"Happy Flower"}],"event_choices":[{"damage_healed":0,"gold_gain":0,"player_choice":"Ignored","damage_taken":0,"max_hp_gain":0,"max_hp_loss":0,"event_name":"Liars Game","floor":2,"gold_loss":0},{"cards_removed":["Strike_G"],"damage_healed":0,"gold_gain":0,"player_choice":"Card Removal","damage_taken":0,"max_hp_gain":0,"max_hp_loss":0,"event_name":"The Cleric","floor":8,"gold_loss":50}],"is_beta":false,"boss_relics":[{"not_picked":["Runic Dome","Fusion Hammer"],"picked":"Pandora\u0027s Box"}],"items_purged_floors":[14],"is_endless":false,"potions_floor_spawned":[5,7,11,16],"killed_by":"2 Thieves","ascension_level":6}}