{"host":"ktoxvvst1mwxww91","time":1609420529,"event":{"mods":["BaseMod","Hermit","Minty Spire (QoL Compilation)","StSLib","The Hierophant","The Mystic","The Necromancer"],"gold_per_floor":[118,118,128,147,72,72,99,25,25,25,25,0,15,35,35,135,135,149,64,76,88,199,239,21,21,21,40,40,73,73,87,87,87,87],"floor_reached":33,"playtime":1168,"items_purged":["Strike_G","Riddle With Holes"],"score":475,"play_id":"6408d739-39fb-44d3-b254-0b20b5b0f832","local_time":"20201231141529","is_ascension_mode":true,"campfire_choices":[{"data":"Deadly Poison","floor":6.0,"key":"SMITH"},{"floor":10.0,"key":"REST"},{"data":"Footwork","floor":15.0,"key":"SMITH"},{"data":"After Image","floor":28.0,"key":"SMITH"},{"data":"After Image","floor":32.0,"key":"SMITH"}],"circlet_count":0,"master_deck":["AscendersBane","Survivor","Neutralize","Slice","Quick Slash","Deadly Poison+1","Footwork+1","Die Die Die","Noxious Fumes","Parasite","Blade Dance","A Thousand Cuts","Corpse Explosion","Bouncing Flask","Well Laid Plans","Unload","Distraction","Bouncing Flask","Doppelganger","Ghostly","Ghostly","Ghostly","Ghostly","Ghostly","After Image+1","Noxious Fumes","Deflect","Dodge and Roll","After Image+1","Dodge and Roll"],"relics":["Ring of the Snake","Sundial","Art of War","Pandora\u0027s Box","MawBank","Letter Opener","Pen Nib","Strawberry"],"acts_visited":["Exordium","TheCity"],"potions_floor_usage":[33],"damage_taken":[{"damage":0.0,"enemies":"Small Slimes","floor":1.0,"turns":3.0},{"damage":0.0,"enemies":"2 Louse","floor":3.0,"turns":3.0},{"damage":4.0,"enemies":"Jaw Worm","floor":4.0,"turns":5.0},{"damage":41.0,"enemies":"3 Sentries","floor":7.0,"turns":11.0},{"damage":0.0,"enemies":"3 Louse","floor":13.0,"turns":1.0},{"damage":1.0,"enemies":"Looter","floor":14.0,"turns":3.0},{"damage":15.0,"enemies":"Hexaghost","floor":16.0,"turns":10.0},{"damage":41.0,"enemies":"2 Thieves","floor":18.0,"turns":4.0},{"damage":9.0,"enemies":"Slavers","floor":23.0,"turns":4.0},{"damage":0.0,"enemies":"Shell Parasite","floor":27.0,"turns":6.0},{"damage":1.0,"enemies":"Gremlin Leader","floor":29.0,"turns":7.0},{"damage":1.0,"enemies":"Shelled Parasite and Fungi","floor":31.0,"turns":6.0},{"damage":20,"enemies":"Automaton","floor":33,"turns":8}],"seed_played":"-955166912344803672","potions_obtained":[{"floor":7.0,"key":"CunningPotion"},{"floor":13.0,"key":"EntropicBrew"},{"floor":16.0,"key":"SpeedPotion"},{"floor":27.0,"key":"CultistPotion"},{"floor":29.0,"key":"FearPotion"}],"is_trial":false,"path_per_floor":["M","?","M","M","$","R","E","$","T","R","?","?","M","M","R","B",null,"M","?","$","?","?","E","$","?","T","M","R","E","?","M","R","B"],"character_chosen":"THE_SILENT","items_purchased":["Noxious Fumes","Noxious Fumes","Deflect","Dodge and Roll"],"campfire_rested":1,"item_purchase_floors":[8,24,24,24],"current_hp_per_floor":[63,51,51,47,47,47,6,6,6,27,44,44,44,43,43,28,60,19,19,19,19,19,10,10,10,10,10,10,16,16,15,15,0,0],"gold":87,"neow_bonus":"THREE_CARDS","is_daily":false,"chose_seed":false,"campfire_upgraded":4,"win_rate":0.0,"timestamp":1609420529,"path_taken":["M","?","M","M","$","R","E","$","T","R","?","?","M","M","R","BOSS","M","?","$","?","?","E","$","?","T","?","R","E","?","M","R","BOSS"],"items_purchased_type":["Card","Card","Card","Card"],"build_version":"2020-12-22","purchased_purges":2,"victory":false,"max_hp_per_floor":[70,70,70,70,70,70,70,70,70,70,70,70,70,70,70,70,70,70,70,70,35,35,35,35,35,35,35,35,42,42,42,42,42,42],"card_choices":[{"not_picked":["Crippling Poison","Underhanded Strike"],"picked":"Slice","floor":0.0},{"not_picked":["PiercingWail","Dodge and Roll"],"picked":"Quick Slash","floor":1.0},{"not_picked":["Infinite Blades","Crippling Poison"],"picked":"Deadly Poison","floor":3.0},{"not_picked":["Bane","Acrobatics"],"picked":"Footwork","floor":4.0},{"not_picked":["Heel Hook","Acrobatics"],"picked":"Die Die Die","floor":7.0},{"not_picked":["Outmaneuver","Quick Slash","Heel Hook"],"picked":"SKIP","floor":13.0},{"not_picked":["Dash","Outmaneuver"],"picked":"Blade Dance","floor":14.0},{"not_picked":["Malaise","Phantasmal Killer"],"picked":"A Thousand Cuts","floor":16.0},{"not_picked":["Dagger Throw","Concentrate","Prepared+1"],"picked":"SKIP","floor":18.0},{"not_picked":["A Thousand Cuts","Deadly Poison"],"picked":"After Image","floor":23.0},{"not_picked":["Distraction","Underhanded Strike","Acrobatics+1"],"picked":"SKIP","floor":27.0},{"not_picked":["Expertise","Blade Dance"],"picked":"Dodge and Roll","floor":29.0},{"not_picked":["Poisoned Stab+1","Slice","PiercingWail"],"picked":"SKIP","floor":31.0}],"player_experience":948491,"relics_obtained":[{"floor":7.0,"key":"Art of War"},{"floor":23.0,"key":"Letter Opener"},{"floor":26.0,"key":"Pen Nib"},{"floor":29.0,"key":"Strawberry"}],"event_choices":[{"damage_healed":0.0,"max_hp_gain":0.0,"max_hp_loss":0.0,"gold_gain":0.0,"event_name":"Scrap Ooze","player_choice":"Success","floor":2.0,"gold_loss":0.0,"damage_taken":12.0,"relics_obtained":["Sundial"]},{"damage_healed":17.0,"max_hp_gain":0.0,"max_hp_loss":0.0,"gold_gain":0.0,"event_name":"Mushrooms","player_choice":"Healed and dodged fight","floor":11.0,"gold_loss":0.0,"damage_taken":0.0,"cards_obtained":["Parasite"]},{"damage_healed":0.0,"max_hp_gain":0.0,"max_hp_loss":0.0,"gold_gain":0.0,"event_name":"World of Goop","player_choice":"Left Gold","floor":12.0,"gold_loss":25.0,"damage_taken":0.0},{"damage_healed":0.0,"max_hp_gain":0.0,"max_hp_loss":0.0,"gold_gain":0.0,"event_name":"Addict","player_choice":"Obtained Relic","floor":19.0,"gold_loss":85.0,"damage_taken":0.0,"relics_obtained":["MawBank"]},{"damage_healed":0.0,"max_hp_gain":0.0,"max_hp_loss":35.0,"gold_gain":0.0,"event_name":"Ghosts","player_choice":"Became a Ghost","floor":21.0,"gold_loss":0.0,"damage_taken":0.0,"cards_obtained":["Ghostly","Ghostly","Ghostly","Ghostly","Ghostly"]},{"damage_healed":0.0,"max_hp_gain":0.0,"max_hp_loss":0.0,"gold_gain":99.0,"event_name":"Nest","player_choice":"Stole From Cult","floor":22.0,"gold_loss":0.0,"damage_taken":0.0},{"damage_healed":0.0,"max_hp_gain":0.0,"max_hp_loss":0.0,"gold_gain":0.0,"event_name":"Duplicator","player_choice":"Copied","floor":25.0,"gold_loss":0.0,"damage_taken":0.0,"cards_obtained":["After Image"]},{"cards_removed":["Flechettes"],"damage_healed":0.0,"max_hp_gain":0.0,"max_hp_loss":0.0,"gold_gain":0.0,"event_name":"Back to Basics","player_choice":"Elegance","floor":30.0,"gold_loss":0.0,"damage_taken":0.0}],"is_beta":false,"boss_relics":[{"not_picked":["Ectoplasm","Black Star"],"picked":"Pandora\u0027s Box"}],"items_purged_floors":[5,24],"is_endless":false,"potions_floor_spawned":[7,13,16,27,29],"killed_by":"Automaton","ascension_level":12}}