{"host":"qfskrnw3pl1q86j0","time":1609428135,"event":{"mods":["BaseMod","Block Reminder","Hermit","Marisa????????","Minty Spire (QoL Compilation)","Quick Restart","Random Character Button","Relic Stats","StSLib","The Poker Player","slay the spire mod where everything is the same but ironclad has a cowboy hat"],"gold_per_floor":[111,130,21,21,21,21,41,41,41,41,41,41,55,70,70,166,166,179,196,196,215,215,215,228,228,228,238,19,30,57,77,77,180,180,190,205,205,219,232,232,243,290,314,88,104,117,117,17,17,17],"floor_reached":51,"playtime":1747,"items_purged":["Strike_MRS","Strike_MRS"],"score":663,"play_id":"0b61eded-470c-456c-b7da-718ba699b591","local_time":"20201231162215","is_ascension_mode":false,"campfire_choices":[{"data":"MasterSpark","floor":6.0,"key":"SMITH"},{"data":"ManaRampage","floor":8.0,"key":"SMITH"},{"data":"ChargeUpSpray","floor":10.0,"key":"SMITH"},{"data":"OortCloud","floor":15.0,"key":"SMITH"},{"data":"MillisecondPulsars","floor":23.0,"key":"SMITH"},{"data":"DeepEcoloBomb","floor":25.0,"key":"SMITH"},{"data":"EarthLightRay","floor":32.0,"key":"SMITH"},{"data":"PowerUp","floor":40.0,"key":"SMITH"},{"data":"Singularity","floor":49,"key":"SMITH"}],"circlet_count":0,"master_deck":["Strike_MRS","Strike_MRS","Defend_MRS","Defend_MRS+1","Defend_MRS","Defend_MRS","MasterSpark+1","UpSweep+1","ManaRampage+1","DeepEcoloBomb+1","PowerUp+1","ChargeUpSpray+1","OortCloud+1","MillisecondPulsars+1","GravityBeat+1","OortCloud+1","EarthLightRay+1","MagicChant+1","MagicAbsorber+1","AsteroidBelt+1","GalacticHalo+1","Singularity+1","StarBarrage+1"],"relics":["MiniHakkero","Mercury Hourglass","Busted Crown","Thread and Needle","Lantern","Bronze Scales","Sozu","Incense Burner","Ancient Tea Set","HandDrill","Bottled Flame"],"acts_visited":["Exordium","TheCity","TheBeyond"],"potions_floor_usage":[50,50],"damage_taken":[{"damage":0.0,"enemies":"Cultist","floor":1.0,"turns":1.0},{"damage":1.0,"enemies":"Jaw Worm","floor":2.0,"turns":3.0},{"damage":0.0,"enemies":"Small Slimes","floor":7.0,"turns":2.0},{"damage":0.0,"enemies":"3 Louse","floor":13.0,"turns":1.0},{"damage":0.0,"enemies":"Blue Slaver","floor":14.0,"turns":2.0},{"damage":6.0,"enemies":"The Guardian","floor":16.0,"turns":6.0},{"damage":4.0,"enemies":"3 Byrds","floor":18.0,"turns":4.0},{"damage":2.0,"enemies":"Chosen","floor":19.0,"turns":4.0},{"damage":17.0,"enemies":"Shelled Parasite and Fungi","floor":21.0,"turns":5.0},{"damage":0.0,"enemies":"Centurion and Healer","floor":24.0,"turns":4.0},{"damage":0.0,"enemies":"Snecko","floor":27.0,"turns":4.0},{"damage":0.0,"enemies":"Cultist and Chosen","floor":29.0,"turns":5.0},{"damage":1.0,"enemies":"Gremlin Leader","floor":30.0,"turns":6.0},{"damage":8.0,"enemies":"Centurion and Healer","floor":31.0,"turns":3.0},{"damage":26.0,"enemies":"Automaton","floor":33.0,"turns":7.0},{"damage":6.0,"enemies":"3 Shapes","floor":35.0,"turns":4.0},{"damage":0.0,"enemies":"Orb Walker","floor":36.0,"turns":3.0},{"damage":11.0,"enemies":"Jaw Worm Horde","floor":38.0,"turns":3.0},{"damage":5.0,"enemies":"Sphere and 2 Shapes","floor":39.0,"turns":5.0},{"damage":0.0,"enemies":"Spire Growth","floor":41.0,"turns":3.0},{"damage":6,"enemies":"2 Orb Walkers","floor":42,"turns":3},{"damage":0,"enemies":"Transient","floor":45,"turns":5},{"damage":1,"enemies":"4 Shapes","floor":46,"turns":6},{"damage":1,"enemies":"Donu and Deca","floor":50,"turns":8}],"seed_played":"-7038383089964520448","potions_obtained":[{"floor":1.0,"key":"SkillPotion"},{"floor":2.0,"key":"CultistPotion"},{"floor":7.0,"key":"Swift Potion"},{"floor":19.0,"key":"LiquidBronze"},{"floor":30.0,"key":"BottledSpark"},{"floor":31.0,"key":"FearPotion"},{"floor":33.0,"key":"FairyPotion"}],"is_trial":false,"path_per_floor":["M","M","$","?","?","R","M","R","T","R","?","$","M","M","R","B",null,"M","M","?","M","?","R","M","R","T","M","$","M","E","M","R","B",null,"M","M","?","M","M","R","M","?","T","$","M","M","T","$","R","B",null],"character_chosen":"MARISA","items_purchased":["ChargeUpSpray","Lantern","EarthLightRay","HandDrill","Singularity"],"campfire_rested":0,"item_purchase_floors":[3,28,28,44,44],"current_hp_per_floor":[75,74,74,74,59,59,59,59,59,59,64,64,64,64,64,58,80,76,74,74,57,57,57,57,57,57,57,57,61,64,62,62,42,80,80,80,80,69,70,70,70,70,70,70,76,79,79,79,79,79],"gold":17,"neow_bonus":"ONE_RANDOM_RARE_CARD","is_daily":false,"chose_seed":false,"campfire_upgraded":9,"win_rate":0.0,"timestamp":1609428135,"path_taken":["M","?","$","?","?","R","M","R","T","R","?","?","M","M","R","BOSS","M","M","?","M","?","R","M","R","T","M","$","?","E","M","R","BOSS","M","?","?","M","?","R","M","?","T","$","M","M","?","?","R","BOSS"],"items_purchased_type":["Card","Relic","Card","Relic","Card"],"build_version":"2020-12-22","purchased_purges":2,"victory":true,"max_hp_per_floor":[75,75,75,75,75,75,75,75,75,75,80,80,80,80,80,80,80,80,80,80,80,80,80,80,80,80,80,80,80,80,80,80,80,80,80,80,80,80,80,80,80,80,80,80,80,80,80,80,80,80],"relic_stats":{"Sozu":4,"Busted Crown":34,"counters":[24,97],"Bronze Scales":[121],"HandDrill":[8],"obtain_stats":[{"Sozu":34,"Lantern":28,"Bottled Flame":47,"Busted Crown":17,"Bronze Scales":30,"Thread and Needle":26,"Incense Burner":42,"HandDrill":44,"MiniHakkero":0,"Ancient Tea Set":43,"Mercury Hourglass":9},{"Sozu":15,"Lantern":11,"Bottled Flame":23,"Busted Crown":6,"Bronze Scales":13,"Thread and Needle":10,"Incense Burner":21,"HandDrill":21,"MiniHakkero":0,"Ancient Tea Set":21,"Mercury Hourglass":3},{"Sozu":57,"Lantern":36,"Bottled Flame":89,"Busted Crown":15,"Bronze Scales":47,"Thread and Needle":32,"Incense Burner":78,"HandDrill":78,"MiniHakkero":0,"Ancient Tea Set":78,"Mercury Hourglass":6}],"Mercury Hourglass":[363]},"card_choices":[{"not_picked":["MeteoricShower","6A"],"picked":"DeepEcoloBomb","floor":1.0},{"not_picked":["IllusionStar","NonDirectionalLaser"],"picked":"PowerUp","floor":2.0},{"not_picked":["GravityBeat","OpenUniverse","EscapeVelocity"],"picked":"SKIP","floor":7.0},{"not_picked":["WitchLeyline","LuminesStrike","GravityBeat"],"picked":"SKIP","floor":13.0},{"not_picked":["NonDirectionalLaser","ShootingEcho"],"picked":"OortCloud","floor":14.0},{"not_picked":["AbsoluteMagnitude","SatelliteIllusion"],"picked":"MillisecondPulsars","floor":16.0},{"not_picked":[],"picked":"GravityBeat+1","floor":18.0},{"not_picked":["Orbital+1"],"picked":"SKIP","floor":19.0},{"not_picked":["OrrerysSun"],"picked":"SKIP","floor":21.0},{"not_picked":["DoubleSpark"],"picked":"SKIP","floor":24.0},{"not_picked":["OrrerysSun"],"picked":"SKIP","floor":27.0},{"not_picked":["GravityBeat+1"],"picked":"SKIP","floor":29.0},{"not_picked":[],"picked":"MagicChant+1","floor":30.0},{"not_picked":["PropBag"],"picked":"SKIP","floor":31.0},{"not_picked":[],"picked":"MagicAbsorber+1","floor":35.0},{"not_picked":[],"picked":"AsteroidBelt+1","floor":36.0},{"not_picked":["DarkMatter+1"],"picked":"SKIP","floor":38.0},{"not_picked":["IllusionStar"],"picked":"SKIP","floor":39.0},{"not_picked":[],"picked":"GalacticHalo+1","floor":41.0},{"not_picked":["SuperPerseids+1"],"picked":"SKIP","floor":45},{"not_picked":[],"picked":"StarBarrage+1","floor":46}],"player_experience":889410,"relics_obtained":[{"floor":9.0,"key":"Mercury Hourglass"},{"floor":26.0,"key":"Thread and Needle"},{"floor":30.0,"key":"Bronze Scales"},{"floor":42,"key":"Incense Burner"},{"floor":43,"key":"Ancient Tea Set"},{"floor":47,"key":"Bottled Flame"}],"event_choices":[{"damage_healed":0.0,"max_hp_gain":0.0,"max_hp_loss":0.0,"gold_gain":0.0,"event_name":"Liars Game","player_choice":"Ignored","floor":4.0,"gold_loss":0.0,"damage_taken":0.0},{"damage_healed":0.0,"max_hp_gain":0.0,"max_hp_loss":0.0,"gold_gain":0.0,"event_name":"Shining Light","player_choice":"Entered Light","floor":5.0,"gold_loss":0.0,"damage_taken":15.0,"cards_upgraded":["UpSweep","Defend_MRS"]},{"damage_healed":0.0,"max_hp_gain":5.0,"max_hp_loss":0.0,"gold_gain":0.0,"event_name":"Big Fish","player_choice":"Donut","floor":11.0,"gold_loss":0.0,"damage_taken":0.0},{"damage_healed":0.0,"max_hp_gain":0.0,"max_hp_loss":0.0,"gold_gain":0.0,"event_name":"Vampires","player_choice":"Ignored","floor":20.0,"gold_loss":0.0,"damage_taken":0.0},{"damage_healed":0.0,"max_hp_gain":0.0,"max_hp_loss":0.0,"gold_gain":0.0,"event_name":"Duplicator","player_choice":"Copied","floor":22.0,"gold_loss":0.0,"damage_taken":0.0,"cards_obtained":["OortCloud"]},{"damage_healed":0.0,"max_hp_gain":0.0,"max_hp_loss":0.0,"gold_gain":0.0,"event_name":"NoteForYourself","player_choice":"Ignored","floor":37.0,"gold_loss":0.0,"damage_taken":0.0},{"damage_healed":0,"gold_gain":0,"player_choice":"Fight","damage_taken":0,"max_hp_gain":0,"max_hp_loss":0,"event_name":"Mysterious Sphere","floor":42,"gold_loss":0}],"is_beta":false,"boss_relics":[{"not_picked":["Ectoplasm","Empty Cage"],"picked":"Busted Crown"},{"not_picked":["ExperimentalFamiliar","Snecko Eye"],"picked":"Sozu"}],"items_purged_floors":[3,48],"is_endless":false,"potions_floor_spawned":[1,2,7,14,19,30,31,33,35,39,45,46],"ascension_level":0}}