{"host":"m77rrhbqzv44va4v","time":1609429794,"event":{"mods":["AchievementEnabler","BaseMod","Colored Map","DeckTracker","Keyboard Shortcuts","Minty Spire (QoL Compilation)","StSLib","SuperFastMode","everything is the same but u backflip on backflip"],"gold_per_floor":[113,124,144,159,177,202,202,236,260,260,270,270,270,220,220,220,220],"floor_reached":16,"playtime":324,"items_purged":[],"score":112,"play_id":"70a79733-2ea5-45cc-b4b5-28d4c2c1c411","local_time":"20210101004954","is_ascension_mode":false,"campfire_choices":[{"data":"Acrobatics","floor":7,"key":"SMITH"},{"data":"Crippling Poison","floor":15,"key":"SMITH"}],"circlet_count":0,"master_deck":["Strike_G","Strike_G","Strike_G","Defend_G","Defend_G+1","Defend_G","Defend_G","Survivor","Neutralize","Backflip","Dash","Dagger Spray","Cloak And Dagger+1","Acrobatics+1","Crippling Poison+1"],"relics":["Ring of the Snake","Question Card","Centennial Puzzle","Akabeko"],"acts_visited":["Exordium"],"potions_floor_usage":[6,6],"damage_taken":[{"damage":2.0,"enemies":"Jaw Worm","floor":1.0,"turns":5.0},{"damage":1.0,"enemies":"Small Slimes","floor":2.0,"turns":3.0},{"damage":0.0,"enemies":"2 Louse","floor":3.0,"turns":3.0},{"damage":1.0,"enemies":"Red Slaver","floor":4.0,"turns":6.0},{"damage":0.0,"enemies":"Exordium Wildlife","floor":5.0,"turns":2.0},{"damage":10,"enemies":"Gremlin Nob","floor":6,"turns":5},{"damage":20,"enemies":"3 Sentries","floor":8,"turns":10},{"damage":0,"enemies":"3 Louse","floor":11,"turns":2},{"damage":42,"enemies":"Hexaghost","floor":16,"turns":14}],"seed_played":"-8233840636532690258","potions_obtained":[{"floor":1.0,"key":"Energy Potion"},{"floor":4.0,"key":"Strength Potion"},{"floor":11,"key":"FairyPotion"}],"is_trial":false,"path_per_floor":["M","M","M","M","M","E","R","E","T","?","M","?","?","?","R","B"],"character_chosen":"THE_SILENT","items_purchased":[],"campfire_rested":0,"item_purchase_floors":[],"current_hp_per_floor":[68,67,67,66,66,56,56,36,36,22,22,22,15,15,15,0,0],"gold":220,"neow_bonus":"THREE_CARDS","is_daily":false,"chose_seed":false,"campfire_upgraded":2,"win_rate":0.0,"timestamp":1609429794,"path_taken":["M","M","M","M","M","E","R","E","T","?","M","?","?","?","R","BOSS"],"items_purchased_type":[],"build_version":"2020-12-22","purchased_purges":0,"victory":false,"max_hp_per_floor":[70,70,70,70,70,70,70,70,70,70,70,70,70,70,70,70,70],"card_choices":[{"not_picked":["Dodge and Roll","Sucker Punch"],"picked":"Backflip","floor":0.0},{"not_picked":["Blade Dance","Poisoned Stab"],"picked":"Dash","floor":1.0},{"not_picked":["Sucker Punch","Slice","Prepared"],"picked":"SKIP","floor":2.0},{"not_picked":["Blade Dance","Slice"],"picked":"Dagger Spray","floor":3.0},{"not_picked":["Blur","Acrobatics","Prepared"],"picked":"SKIP","floor":4.0},{"not_picked":["Tools of the Trade","Deflect"],"picked":"Cloak And Dagger","floor":5.0},{"not_picked":["Reflex","Dash"],"picked":"Acrobatics","floor":6},{"not_picked":["Sucker Punch","Dagger Spray","Dash","Cloak And Dagger"],"picked":"SKIP","floor":8},{"not_picked":["Blade Dance","Escape Plan","Slice"],"picked":"Crippling Poison","floor":11}],"player_experience":861394,"relics_obtained":[{"floor":6,"key":"Question Card"},{"floor":8,"key":"Centennial Puzzle"},{"floor":9,"key":"Akabeko"}],"event_choices":[{"damage_healed":0,"gold_gain":0,"player_choice":"Entered Light","damage_taken":14,"max_hp_gain":0,"max_hp_loss":0,"event_name":"Shining Light","floor":10,"gold_loss":0,"cards_upgraded":["Defend_G","Cloak And Dagger"]},{"cards_removed":["Strike_G"],"damage_healed":0,"gold_gain":0,"player_choice":"Forget","damage_taken":0,"max_hp_gain":0,"max_hp_loss":0,"event_name":"Living Wall","floor":12,"gold_loss":0},{"cards_removed":["Defend_G"],"damage_healed":0,"gold_gain":0,"player_choice":"Card Removal","damage_taken":7,"max_hp_gain":0,"max_hp_loss":0,"event_name":"Golden Wing","floor":13,"gold_loss":0},{"cards_removed":["Strike_G"],"damage_healed":0,"gold_gain":0,"player_choice":"Card Removal","damage_taken":0,"max_hp_gain":0,"max_hp_loss":0,"event_name":"The Cleric","floor":14,"gold_loss":50}],"is_beta":false,"boss_relics":[],"items_purged_floors":[],"is_endless":false,"potions_floor_spawned":[1,4,11],"killed_by":"Hexaghost","ascension_level":0}}