{"host":"59ckh7bj2z84pzgo","time":1609396127,"event":{"mods":["BaseMod","Better Vampires","Marked Mod","Minty Spire (QoL Compilation)","Replay The Spire","Spicy Shops","StSLib","TestMod","TheWitcher","°æ“≈ŒÔø®≈∆°øREMEMod","≤–¡Ù÷ÆŒÔ"],"gold_per_floor":[114,3,22,32,47,81,81,92,92,92,110,110,127,152,152,323,323,354,396,439,175,209,265,302,302,302,338,401,94,94,147,147,276,276,315,386,386,411,212,281,306,306,306,306,306,339,339,410,410,458,517,517,517,149,209,267],"floor_reached":57,"playtime":7388,"items_purged":["Strike_B","Strike_B","Defend_B","Strike_B"],"score":3408,"play_id":"d88e2fee-d800-45dd-a1c9-76c769a24dd0","local_time":"20201231142847","is_ascension_mode":true,"campfire_choices":[{"floor":7.0,"key":"REST"},{"data":"REME_ForAll","floor":10.0,"key":"SMITH"},{"data":"Turbo","floor":15.0,"key":"SMITH"},{"data":"Gash","floor":25,"key":"SMITH"},{"data":"Panic Button","floor":32,"key":"SMITH"},{"data":"Capacitor","floor":42,"key":"SMITH"},{"data":"Double Energy","floor":44,"key":"SMITH"},{"floor":47,"key":"RECALL"},{"data":"Madness","floor":49,"key":"SMITH"},{"data":"Thunder Strike","floor":53,"key":"SMITH"}],"circlet_count":0,"master_deck":["AscendersBane","Strike_B","Defend_B","Defend_B","Defend_B","Zap","Dualcast","PlaceholderMod:ThreeBenzyolStart","Doom and Gloom","Go for the Eyes","Turbo+1","Genetic Algorithm","REME_ForAll+1","Gash+1","Redo","Cold Snap","Buffer+1","Echo Form+1","Conserve Battery","Panic Button+1","REME_Whirling+1","All For One","Hologram+1","Sweeping Beam","Chill","Scrape+1","Thunder Strike+1","REME_EyeOfCthun","Gash+1","Double Energy+1","Gash+1","Capacitor+1","Madness+1","Madness","Ball Lightning+1","Tempest","Beam Cell","Biased Cognition"],"relics":["Cracked Core","REME_ComplimentaryCards","testmod-TestBox","testmod-Muramasa","ReplayTheSpireMod:TigerMarble","REME_ArchaeologicalTools","testmod-DeterminationOfClimber","Guide Book","Gremlin Food","Quantum Egg","Happy Flower","Membership Card","Potion Belt","Sundial","testmod-Fanaticism","Lantern","Replay:Antivirus Software","REME_CardOfGreed","Regal Pillow","Snack Pack","CaptainsWheel","BargainBundle","Chemical X","Du-Vu Doll","Akabeko"],"acts_visited":["Exordium","TheCity","TheBeyond","TheEnding"],"potions_floor_usage":[56],"damage_taken":[{"damage":6.0,"enemies":"Jaw Worm","floor":1.0,"turns":4.0},{"damage":1.0,"enemies":"Cultist","floor":3.0,"turns":3.0},{"damage":8.0,"enemies":"2 Louse","floor":4.0,"turns":2.0},{"damage":4.0,"enemies":"Looter","floor":5.0,"turns":3.0},{"damage":39.0,"enemies":"Gremlin Nob","floor":6.0,"turns":4.0},{"damage":11.0,"enemies":"Blue Slaver","floor":8.0,"turns":3.0},{"damage":6.0,"enemies":"3 Louse","floor":11.0,"turns":2.0},{"damage":0.0,"enemies":"Large Slime","floor":13.0,"turns":4.0},{"damage":32.0,"enemies":"3 Sentries","floor":14.0,"turns":6.0},{"damage":52.0,"enemies":"Fading Forest","floor":16.0,"turns":13.0},{"damage":0,"enemies":"Shell Parasite","floor":18,"turns":2},{"damage":0,"enemies":"3 Byrds","floor":19,"turns":1},{"damage":16,"enemies":"Snake Plant","floor":20,"turns":3},{"damage":0,"enemies":"Shelled Parasite and Fungi","floor":22,"turns":1},{"damage":0,"enemies":"Slavers","floor":23,"turns":1},{"damage":0,"enemies":"3 Cultists","floor":24,"turns":1},{"damage":0,"enemies":"Snecko","floor":27,"turns":2},{"damage":0,"enemies":"Replay:Snechameleon","floor":28,"turns":1},{"damage":0,"enemies":"Slavers","floor":31,"turns":1},{"damage":0,"enemies":"Champ","floor":33,"turns":3},{"damage":0,"enemies":"3 Shapes","floor":35,"turns":1},{"damage":0,"enemies":"Orb Walker","floor":38,"turns":1},{"damage":0,"enemies":"R_Hoarder","floor":40,"turns":2},{"damage":0,"enemies":"Jaw Worm Horde","floor":41,"turns":1},{"damage":0,"enemies":"4 Shapes","floor":46,"turns":1},{"damage":0,"enemies":"2 Orb Walkers","floor":48,"turns":1},{"damage":0,"enemies":"Donu and Deca","floor":50,"turns":1},{"damage":0,"enemies":"Awakened One","floor":51,"turns":3},{"damage":0,"enemies":"Shield and Spear","floor":55,"turns":1},{"damage":10,"enemies":"The Heart","floor":56,"turns":4}],"seed_played":"-2431903967867915639","potions_obtained":[{"floor":1.0,"key":"SpeedPotion"},{"floor":3.0,"key":"Swift Potion"},{"floor":6.0,"key":"SkillPotion"},{"floor":11.0,"key":"Swift Potion"},{"floor":14.0,"key":"Weak Potion"},{"floor":18,"key":"AttackPotion"},{"floor":27,"key":"testmod-EscapePotion"},{"floor":28,"key":"Energy Potion"},{"floor":33,"key":"PowerPotion"},{"floor":38,"key":"LifebloodPotion"},{"floor":46,"key":"EssenceOfDarkness"}],"is_trial":false,"path_per_floor":["M","$","M","M","M","E","R","M","T","R","M","?","M","E","R","B",null,"M","M","M","$","M","E","M","R","T","M","E","$","?","E","R","B",null,"M","?","?","M","$","E","M","R","T","R","?","M","R","?","R","B","B",null,"R","$","E","B",null],"character_chosen":"DEFECT","items_purchased":["Go for the Eyes","Guide Book","Membership Card","Potion Belt","Double Energy","Replay:Antivirus Software","REME_CardOfGreed","BargainBundle","Chemical X","Tempest","Beam Cell","Du-Vu Doll","EntropicBrew"],"campfire_rested":1,"item_purchase_floors":[2,21,29,29,39,39,39,54,54,54,54,54,54],"current_hp_per_floor":[65,65,64,56,52,13,36,25,25,25,19,78,78,46,46,18,63,71,78,67,67,78,78,78,78,78,78,78,78,78,78,78,78,78,78,53,53,63,63,77,78,78,78,78,64,78,78,78,78,78,78,78,78,78,78,78],"gold":267,"neow_bonus":"TEN_PERCENT_HP_BONUS","is_daily":false,"chose_seed":false,"campfire_upgraded":8,"win_rate":0.0,"timestamp":1609396127,"path_taken":["M","$","M","M","M","E","R","M","T","R","M","?","M","E","R","BOSS","M","M","M","$","M","E","M","R","T","?","E","$","?","E","R","BOSS","M","?","?","M","$","E","M","R","T","R","?","M","R","?","R","BOSS","BOSS","R","$","E","BOSS"],"items_purchased_type":["Card","Relic","Relic","Relic","Card","Relic","Relic","Relic","Relic","Card","Card","Relic","Potion"],"build_version":"2020-12-22","purchased_purges":4,"victory":true,"max_hp_per_floor":[78,78,78,78,78,78,78,78,78,78,78,78,78,78,78,78,78,78,78,78,78,78,78,78,78,78,78,78,78,78,78,78,78,78,78,78,78,78,78,78,78,78,78,78,78,78,78,78,78,78,78,78,78,78,78,78],"card_choices":[{"not_picked":["Skim","Recycle"],"picked":"Doom and Gloom","floor":1.0},{"not_picked":["ReplayTheSpireMod:Repulse","Coolheaded"],"picked":"Turbo","floor":3.0},{"not_picked":["Streamline","Stack"],"picked":"ReplayTheSpireMod:System Scan","floor":4.0},{"not_picked":["BasicCrystalCard","Panic Button"],"picked":"Genetic Algorithm","floor":5.0},{"not_picked":["Beam Cell","Sunder"],"picked":"REME_ForAll","floor":6.0},{"not_picked":["Blizzard","Beam Cell"],"picked":"Gash","floor":8.0},{"not_picked":["Sweeping Beam","Cold Snap"],"picked":"Redo","floor":11.0},{"not_picked":["Ball Lightning","Rebound"],"picked":"Cold Snap","floor":13.0},{"not_picked":["Aggregate","REME_DataAnalysis"],"picked":"Buffer","floor":14.0},{"not_picked":["Multi-Cast","Reboot"],"picked":"Echo Form","floor":16.0},{"not_picked":["Steam","Hologram"],"picked":"Conserve Battery","floor":18},{"not_picked":["Reinforced Body","Compile Driver"],"picked":"Panic Button","floor":19},{"not_picked":["Coolheaded","Scrape"],"picked":"REME_Whirling+1","floor":20},{"not_picked":["Redo","ReplaySort"],"picked":"All For One","floor":22},{"not_picked":["Undo","Stack"],"picked":"Hologram+1","floor":23},{"not_picked":["Steam","Reinforced Body","Redo"],"picked":"SKIP","floor":24},{"not_picked":["Darkness","Cold Snap"],"picked":"Sweeping Beam","floor":27},{"not_picked":["Chaos","Cold Snap"],"picked":"Chill","floor":28},{"not_picked":["Chill","Steam"],"picked":"Scrape+1","floor":31},{"not_picked":["ReplayTheSpireMod:Omega Cannon","Buffer"],"picked":"Thunder Strike","floor":33},{"not_picked":["Turbo","Conserve Battery","ReplayTheSpireMod:Reroute Power"],"picked":"SKIP","floor":35},{"not_picked":["testmod-HeadAttack","testmod-Dream"],"picked":"REME_EyeOfCthun","floor":37},{"not_picked":["Panic Button","Rip and Tear"],"picked":"Gash+1","floor":38},{"not_picked":["Beam Cell","Blizzard"],"picked":"Gash+1","floor":40},{"not_picked":["BasicCrystalCard","Leap+1"],"picked":"Capacitor","floor":41},{"not_picked":["Crystallizer","Coolheaded+1","Echo Form"],"picked":"SKIP","floor":46},{"not_picked":["Chill","Force Field"],"picked":"Ball Lightning+1","floor":48},{"not_picked":["Consume+1","Panic Button"],"picked":"Biased Cognition","floor":55}],"player_experience":209217,"relics_obtained":[{"floor":6.0,"key":"ReplayTheSpireMod:TigerMarble"},{"floor":14.0,"key":"REME_ArchaeologicalTools"},{"floor":23,"key":"Gremlin Food"},{"floor":26,"key":"Quantum Egg"},{"floor":28,"key":"Happy Flower"},{"floor":31,"key":"Sundial"},{"floor":36,"key":"Lantern"},{"floor":40,"key":"Regal Pillow"},{"floor":43,"key":"Snack Pack"},{"floor":48,"key":"CaptainsWheel"},{"floor":55,"key":"Akabeko"}],"event_choices":[{"cards_removed":["ReplayTheSpireMod:System Scan"],"damage_healed":59.0,"max_hp_gain":0.0,"max_hp_loss":0.0,"gold_gain":0.0,"event_name":"Bonfire Elementals","player_choice":"Offered Uncommon","floor":12.0,"gold_loss":0.0,"damage_taken":0.0},{"damage_healed":0,"gold_gain":0,"player_choice":"Ignored","damage_taken":0,"max_hp_gain":0,"max_hp_loss":0,"event_name":"Ghosts","floor":30,"gold_loss":0},{"damage_healed":0,"gold_gain":0,"player_choice":"Memory 1","damage_taken":0,"max_hp_gain":0,"max_hp_loss":0,"event_name":"SensoryStone","floor":37,"gold_loss":0},{"damage_healed":0,"gold_gain":0,"player_choice":"Embrace Madness","damage_taken":14,"max_hp_gain":0,"max_hp_loss":0,"event_name":"Winding Halls","floor":45,"gold_loss":0,"cards_obtained":["Madness","Madness"]},{"damage_healed":0,"gold_gain":0,"player_choice":"Fight","damage_taken":0,"max_hp_gain":0,"max_hp_loss":0,"event_name":"Mysterious Sphere","floor":48,"gold_loss":0}],"is_beta":false,"boss_relics":[{"not_picked":["Coffee Dripper","Astrolabe"],"picked":"testmod-DeterminationOfClimber"},{"not_picked":["Snecko Eye","Calling Bell"],"picked":"testmod-Fanaticism"}],"items_purged_floors":[2,21,29,54],"is_endless":false,"potions_floor_spawned":[1,3,6,11,14,18,23,27,28,33,38,41,46,55],"ascension_level":20}}