{"host":"y3h3n3f7seyagppx","time":1609382585,"event":{"mods":["BaseMod","Colored Map","Colored Powertips","DeckTracker","Minty Spire (QoL Compilation)","Random Character Button","Rare Cards Sparkle","Relic Sorter","Relic Stats","StSLib"],"gold_per_floor":[118,130,130,143,154,154,188,188,188,217,227,227,247,259,259,338,338,351,266,191,202,213,213,213,239,262,262,262,278,291,321,321,396,396,410,34,34,79,79,79,108,108,108,123,133,164,174,208,208,208,208,208,208,48,77,77],"floor_reached":57,"playtime":10450,"items_purged":["Strike_R","Strike_R"],"score":2834,"play_id":"1c077330-b026-4ab0-8ab3-760d2265234e","local_time":"20201230214305","is_ascension_mode":true,"campfire_choices":[{"data":"Hemokinesis","floor":6,"key":"SMITH"},{"data":"Bash","floor":8,"key":"SMITH"},{"data":"True Grit","floor":15,"key":"SMITH"},{"data":"Spot Weakness","floor":23,"key":"SMITH"},{"data":"Power Through","floor":28,"key":"SMITH"},{"data":"Fiend Fire","floor":32,"key":"SMITH"},{"data":"Whirlwind","floor":40,"key":"SMITH"},{"data":"Heavy Blade","floor":42,"key":"SMITH"},{"floor":49,"key":"RECALL"},{"data":"Shockwave","floor":53,"key":"SMITH"}],"circlet_count":0,"master_deck":["AscendersBane","Strike_R","Defend_R","Defend_R","Defend_R","Defend_R","Bash+1","Spot Weakness+1","Hemokinesis+1","Pommel Strike","Power Through+1","True Grit+1","Reaper","Evolve","Pommel Strike+1","Body Slam+1","Rage","Shockwave+1","Shrug It Off","Fiend Fire+1","Corruption","Heavy Blade+1","PanicButton","Disarm","Whirlwind+1","Feel No Pain+1","Clothesline","Shockwave","Metallicize+1","Feel No Pain","Exhume"],"relics":["Burning Blood","Toy Ornithopter","StrikeDummy","Ornamental Fan","Letter Opener","Coffee Dripper","Centennial Puzzle","Nloth\u0027s Gift","Turnip","Snecko Eye","Self Forming Clay","Thread and Needle","Omamori","Strawberry","Blood Vial","OrangePellets","Mercury Hourglass"],"acts_visited":["Exordium","TheCity","TheBeyond","TheEnding"],"potions_floor_usage":[10,21,22,25,33,38,46,56],"damage_taken":[{"damage":4,"enemies":"Small Slimes","floor":1,"turns":4},{"damage":6,"enemies":"Cultist","floor":2,"turns":3},{"damage":2,"enemies":"2 Louse","floor":4,"turns":2},{"damage":7,"enemies":"Looter","floor":5,"turns":3},{"damage":10,"enemies":"Gremlin Nob","floor":7,"turns":3},{"damage":18,"enemies":"Lagavulin","floor":10,"turns":5},{"damage":10,"enemies":"3 Louse","floor":11,"turns":3},{"damage":5,"enemies":"Blue Slaver","floor":13,"turns":2},{"damage":2,"enemies":"Red Slaver","floor":14,"turns":2},{"damage":38,"enemies":"The Guardian","floor":16,"turns":13},{"damage":2,"enemies":"Spheric Guardian","floor":18,"turns":3},{"damage":4,"enemies":"2 Thieves","floor":21,"turns":3},{"damage":36,"enemies":"Shelled Parasite and Fungi","floor":22,"turns":4},{"damage":10,"enemies":"Slavers","floor":25,"turns":5},{"damage":21,"enemies":"Chosen and Byrds","floor":29,"turns":4},{"damage":10,"enemies":"Centurion and Healer","floor":30,"turns":7},{"damage":41,"enemies":"Book of Stabbing","floor":31,"turns":5},{"damage":47,"enemies":"Champ","floor":33,"turns":16},{"damage":0,"enemies":"Orb Walker","floor":35,"turns":3},{"damage":14,"enemies":"2 Orb Walkers","floor":38,"turns":3},{"damage":0,"enemies":"Nemesis","floor":41,"turns":7},{"damage":2,"enemies":"3 Shapes","floor":44,"turns":2},{"damage":7,"enemies":"Sphere and 2 Shapes","floor":45,"turns":4},{"damage":16,"enemies":"Reptomancer","floor":46,"turns":3},{"damage":2,"enemies":"Jaw Worm Horde","floor":47,"turns":3},{"damage":2,"enemies":"Giant Head","floor":48,"turns":5},{"damage":7,"enemies":"Time Eater","floor":50,"turns":10},{"damage":35,"enemies":"Awakened One","floor":51,"turns":10},{"damage":46,"enemies":"Shield and Spear","floor":55,"turns":8},{"damage":55,"enemies":"The Heart","floor":56,"turns":11}],"seed_played":"6483675925112693039","potions_obtained":[{"floor":2,"key":"Swift Potion"},{"floor":5,"key":"PowerPotion"},{"floor":7,"key":"AttackPotion"},{"floor":10,"key":"SpeedPotion"},{"floor":16,"key":"ColorlessPotion"},{"floor":18,"key":"Explosive Potion"},{"floor":21,"key":"Fire Potion"},{"floor":31,"key":"DistilledChaos"},{"floor":33,"key":"Swift Potion"},{"floor":35,"key":"FearPotion"},{"floor":44,"key":"BloodPotion"},{"floor":48,"key":"DistilledChaos"}],"is_trial":false,"path_per_floor":["M","M","?","M","M","R","E","R","T","E","M","?","M","M","R","B",null,"M","?","$","M","M","R","?","E","T","?","R","M","M","E","R","B",null,"M","$","?","?","?","R","E","R","T","M","M","E","M","E","R","B","B",null,"R","$","E","B",null],"character_chosen":"IRONCLAD","items_purchased":["Self Forming Clay","OrangePellets"],"campfire_rested":0,"item_purchase_floors":[36,54],"current_hp_per_floor":[70,70,70,74,73,73,69,69,69,62,58,47,48,52,52,20,61,65,65,65,75,59,59,38,75,75,75,75,72,76,45,45,27,67,80,80,70,67,67,67,74,74,74,80,80,87,87,87,87,87,70,83,83,83,45,38],"gold":77,"neow_bonus":"RANDOM_COMMON_RELIC","is_daily":false,"chose_seed":false,"campfire_upgraded":9,"win_rate":0.0,"timestamp":1609382585,"path_taken":["M","M","?","M","M","R","E","R","T","E","?","?","M","M","R","BOSS","M","?","$","M","M","R","?","E","T","?","R","M","?","E","R","BOSS","M","$","?","?","?","R","E","R","T","?","M","E","M","E","R","BOSS","BOSS","R","$","E","BOSS"],"items_purchased_type":["Relic","Relic"],"build_version":"2020-12-22","purchased_purges":2,"victory":true,"max_hp_per_floor":[75,75,75,75,75,75,75,75,75,75,75,75,75,75,75,75,75,75,75,75,75,75,75,80,80,80,80,80,80,80,80,80,80,80,80,80,80,80,80,80,80,80,80,80,80,87,87,87,87,87,87,87,87,87,87,87],"relic_stats":{"counters":[30,156],"Self Forming Clay":[129],"Letter Opener":[181],"Burning Blood":142,"Mercury Hourglass":[33],"Blood Vial":4,"OrangePellets":[4],"Centennial Puzzle":[51],"Ornamental Fan":[140],"Snecko Eye":[114,115,114,83],"Turnip":[9],"Nloth\u0027s Gift":6,"obtain_stats":[{"Self Forming Clay":36,"Thread and Needle":38,"Omamori":43,"Letter Opener":10,"Burning Blood":0,"Akabeko":12,"Mercury Hourglass":55,"Blood Vial":48,"OrangePellets":54,"Centennial Puzzle":19,"Ornamental Fan":9,"Strawberry":46,"Snecko Eye":34,"Turnip":31,"Coffee Dripper":17,"Nloth\u0027s Gift":27,"StrikeDummy":7,"Toy Ornithopter":0},{"Self Forming Clay":19,"Thread and Needle":20,"Omamori":21,"Letter Opener":6,"Burning Blood":0,"Akabeko":7,"Mercury Hourglass":29,"Blood Vial":26,"OrangePellets":28,"Centennial Puzzle":11,"Ornamental Fan":5,"Strawberry":24,"Snecko Eye":18,"Turnip":17,"Coffee Dripper":10,"Nloth\u0027s Gift":14,"StrikeDummy":5,"Toy Ornithopter":0},{"Self Forming Clay":90,"Thread and Needle":93,"Omamori":100,"Letter Opener":20,"Burning Blood":0,"Akabeko":23,"Mercury Hourglass":145,"Blood Vial":117,"OrangePellets":137,"Centennial Puzzle":43,"Ornamental Fan":15,"Strawberry":109,"Snecko Eye":87,"Turnip":71,"Coffee Dripper":40,"Nloth\u0027s Gift":55,"StrikeDummy":15,"Toy Ornithopter":0}],"Toy Ornithopter":40},"card_choices":[{"not_picked":["True Grit","Disarm"],"picked":"Spot Weakness","floor":1},{"not_picked":["Heavy Blade","Havoc"],"picked":"Hemokinesis","floor":2},{"not_picked":["Body Slam","Headbutt","Bloodletting"],"picked":"SKIP","floor":4},{"not_picked":["Seeing Red","Warcry","Heavy Blade"],"picked":"SKIP","floor":5},{"not_picked":["Warcry","Searing Blow","Body Slam"],"picked":"SKIP","floor":7},{"not_picked":["Body Slam","Wild Strike","Bloodletting"],"picked":"SKIP","floor":10},{"not_picked":["Reckless Charge","Havoc","Berserk"],"picked":"SKIP","floor":11},{"not_picked":["Reckless Charge","Havoc","Berserk"],"picked":"SKIP","floor":11},{"not_picked":["Havoc","Heavy Blade"],"picked":"Power Through","floor":13},{"not_picked":["Sentinel","Flex"],"picked":"True Grit","floor":14},{"not_picked":["Demon Form","Exhume"],"picked":"Reaper","floor":16},{"not_picked":["Pommel Strike","Pummel"],"picked":"Evolve","floor":18},{"not_picked":["Sword Boomerang","Shrug It Off"],"picked":"Pommel Strike+1","floor":21},{"not_picked":["Pummel","Pommel Strike"],"picked":"Body Slam+1","floor":22},{"not_picked":["Second Wind","Anger+1"],"picked":"Rage","floor":25},{"not_picked":["Bludgeon","Pommel Strike"],"picked":"Shockwave","floor":29},{"not_picked":["Searing Blow","Bloodletting"],"picked":"Shrug It Off","floor":30},{"not_picked":["Berserk","Cleave"],"picked":"Fiend Fire","floor":31},{"not_picked":["Berserk","Immolate"],"picked":"Corruption","floor":33},{"not_picked":["Anger","Thunderclap"],"picked":"Heavy Blade","floor":35},{"not_picked":["Violence","Bandage Up"],"picked":"PanicButton","floor":37},{"not_picked":["Burning Pact","Clash"],"picked":"Disarm","floor":38},{"not_picked":["Brutality","Bludgeon"],"picked":"Feel No Pain+1","floor":41},{"not_picked":["Warcry","Wild Strike","Hemokinesis"],"picked":"SKIP","floor":44},{"not_picked":["Thunderclap","Flex"],"picked":"Clothesline","floor":45},{"not_picked":["Headbutt","Brutality"],"picked":"Shockwave","floor":46},{"not_picked":["Wild Strike","Shrug It Off"],"picked":"Metallicize+1","floor":47},{"not_picked":["Berserk","Wild Strike"],"picked":"Feel No Pain","floor":48},{"not_picked":["Twin Strike+1","Sever Soul"],"picked":"Exhume","floor":55}],"player_experience":20227122,"relics_obtained":[{"floor":7,"key":"StrikeDummy"},{"floor":9,"key":"Ornamental Fan"},{"floor":10,"key":"Letter Opener"},{"floor":31,"key":"Turnip"},{"floor":38,"key":"Thread and Needle"},{"floor":43,"key":"Omamori"},{"floor":46,"key":"Strawberry"},{"floor":48,"key":"Blood Vial"},{"floor":55,"key":"Mercury Hourglass"}],"event_choices":[{"damage_healed":0,"gold_gain":0,"cards_transformed":["Strike_R"],"player_choice":"Transformed","damage_taken":0,"max_hp_gain":0,"max_hp_loss":0,"event_name":"Transmorgrifier","floor":3,"gold_loss":0,"cards_obtained":["Pommel Strike"]},{"damage_healed":0,"gold_gain":0,"player_choice":"Success","damage_taken":11,"relics_obtained":["Akabeko"],"max_hp_gain":0,"max_hp_loss":0,"event_name":"Scrap Ooze","floor":12,"gold_loss":0},{"damage_healed":0,"gold_gain":0,"player_choice":"Obtained Relic","damage_taken":0,"relics_obtained":["Centennial Puzzle"],"max_hp_gain":0,"max_hp_loss":0,"event_name":"Addict","floor":19,"gold_loss":85},{"damage_healed":0,"gold_gain":0,"player_choice":"Shed Blood","damage_taken":26,"max_hp_gain":5,"max_hp_loss":0,"event_name":"Forgotten Altar","floor":24,"gold_loss":0},{"damage_healed":0,"gold_gain":0,"player_choice":"Traded Relic","damage_taken":0,"relics_obtained":["Nloth\u0027s Gift"],"max_hp_gain":0,"max_hp_loss":0,"event_name":"N\u0027loth","floor":27,"relics_lost":["Akabeko"],"gold_loss":0},{"damage_healed":0,"gold_gain":0,"player_choice":"Memory 3","damage_taken":10,"max_hp_gain":0,"max_hp_loss":0,"event_name":"SensoryStone","floor":37,"gold_loss":0},{"damage_healed":0,"gold_gain":0,"player_choice":"Fight","damage_taken":0,"max_hp_gain":0,"max_hp_loss":0,"event_name":"Mysterious Sphere","floor":38,"gold_loss":0},{"damage_healed":0,"gold_gain":0,"cards_transformed":["Strike_R"],"player_choice":"Transformed","damage_taken":0,"max_hp_gain":0,"max_hp_loss":0,"event_name":"Transmorgrifier","floor":39,"gold_loss":0,"cards_obtained":["Whirlwind"]}],"is_beta":false,"boss_relics":[{"not_picked":["Ectoplasm","Empty Cage"],"picked":"Coffee Dripper"},{"not_picked":["Astrolabe","Runic Dome"],"picked":"Snecko Eye"}],"items_purged_floors":[20,36],"is_endless":false,"potions_floor_spawned":[2,5,7,10,16,18,21,31,33,35,44,48],"ascension_level":20}}