{"host":"dlskvfecb6rtl9z1","time":1609381041,"event":{"mods":["2.2 Compatiblity","AchievementEnabler","Aspiration","BaseMod","Better Third Choice","Colored Map","Colored Powertips","Downfall","Duelist Mod","Hermit","Hubris","Infinite Spire","KinomotoSakuraMod(????)","Koishi","Marisa????????","Minty Spire (QoL Compilation)","Remilia??????","Replay The Spire","Shop Mod","StSLib","Td1madao Mod","The Administrix","The Bug Knight","The Construct","The Cursed","The Disciple","The Hierophant","The Jungle","The Mystic","The Necromancer","The Runesmith","The Senshi","The Servant 0.9.4"],"gold_per_floor":[111,111,128,146,146,146,172,172,172,172,191,202,202,202,202,306,306,320,330,350,364,378,378,390,423,450,477,495,495,506,126,126,223,223,233,133,151,2,2,2,30,30,57,82,98,98,98,128,128,128],"floor_reached":51,"playtime":3039,"items_purged":["Strike_R","Strike_R","Defend_R"],"score":932,"play_id":"f79a0ffe-8dcb-4cda-84c4-08c0cdac7255","local_time":"20201231041721","is_ascension_mode":true,"campfire_choices":[{"data":"Feed","floor":6,"key":"SMITH"},{"data":"Spot Weakness","floor":8,"key":"SMITH"},{"data":"Bash","floor":10,"key":"SMITH"},{"data":"Sword Boomerang","floor":15,"key":"SMITH"},{"data":"Demon Form","floor":23,"key":"SMITH"},{"data":"Feed","floor":29,"key":"SMITH"},{"data":"Heavy Blade","floor":32,"key":"SMITH"},{"data":"ReplayTheSpireMod:Muscle Training","floor":40,"key":"SMITH"},{"data":"Cleave","floor":42,"key":"SMITH"},{"data":"Strike_R","floor":46,"key":"SMITH"},{"data":"Defend_R","floor":49,"key":"PURGE"}],"circlet_count":0,"master_deck":["Strike_R","Strike_R","Strike_R+1","Defend_R","Defend_R","Bash+1","Feed+1","Spot Weakness+1","Sword Boomerang+1","infinitespire:OneForAll+1","Demon Form+1","Cleave+1","Heavy Blade+1","Flex+1","Sword Boomerang+1","Feed+1","ReplayTheSpireMod:Muscle Training+1","Pummel+1"],"relics":["Burning Blood","aspiration:HummingbirdHeart","Akabeko","Coffee Dripper","Boot","ReplayTheSpireMod:Lightbulb","Replay:Bottled Flurry","infinitespire:Lychee Nut","SlaversCollar","Omamori","Torii","ScarletDevilRocket","construct:BoolHorns","hubris:FruitBowl","Golden Egg"],"acts_visited":["Exordium","TheCity","TheBeyond"],"potions_floor_usage":[7,7,11,16,16,16,18,22,24,25,25,33,48,50,50],"damage_taken":[{"damage":10,"enemies":"Small Slimes","floor":1,"turns":3},{"damage":6,"enemies":"Cultist","floor":3,"turns":3},{"damage":16,"enemies":"2 Louse","floor":4,"turns":3},{"damage":32,"enemies":"Lagavulin","floor":7,"turns":6},{"damage":2,"enemies":"Gremlin Gang","floor":11,"turns":2},{"damage":7,"enemies":"Lots of Slimes","floor":12,"turns":3},{"damage":30,"enemies":"Slime Boss","floor":16,"turns":7},{"damage":10,"enemies":"2 Thieves","floor":18,"turns":4},{"damage":10,"enemies":"3 Byrds","floor":19,"turns":5},{"damage":12,"enemies":"Snake Plant","floor":20,"turns":3},{"damage":15,"enemies":"Shelled Parasite and Fungi","floor":21,"turns":3},{"damage":29,"enemies":"3 Cultists","floor":22,"turns":4},{"damage":36,"enemies":"Centurion and Healer","floor":24,"turns":4},{"damage":30,"enemies":"Slavers","floor":25,"turns":4},{"damage":8,"enemies":"theDuelist:KaibaA2","floor":27,"turns":3},{"damage":12,"enemies":"Snake Plant","floor":28,"turns":2},{"damage":11,"enemies":"3 Cultists","floor":30,"turns":4},{"damage":0,"enemies":"Champ","floor":33,"turns":5},{"damage":30,"enemies":"3 Shapes","floor":35,"turns":3},{"damage":10,"enemies":"Orb Walker","floor":37,"turns":3},{"damage":13,"enemies":"Giant Head","floor":41,"turns":5},{"damage":1,"enemies":"HollowMod:StalkingDevout","floor":44,"turns":4},{"damage":10,"enemies":"Transient","floor":45,"turns":5},{"damage":8,"enemies":"Giant Head","floor":48,"turns":5},{"damage":36,"enemies":"Time Eater","floor":50,"turns":5}],"seed_played":"-7564060248698938653","potions_obtained":[{"floor":1,"key":"Adrenaline Potion"},{"floor":2,"key":"Flashbang"},{"floor":2,"key":"Toxic Potion"},{"floor":7,"key":"Energy Potion"},{"floor":11,"key":"EntropicBrew"},{"floor":16,"key":"Fire Potion"},{"floor":19,"key":"DistilledChaos"},{"floor":20,"key":"DuplicationPotion"},{"floor":22,"key":"PowerPotion"},{"floor":24,"key":"BloodPotion"},{"floor":28,"key":"EssenceOfSteel"},{"floor":30,"key":"Elixir"},{"floor":33,"key":"HeartOfIron"},{"floor":41,"key":"Milkshake"},{"floor":48,"key":"BlessingOfTheForge"}],"is_trial":false,"path_per_floor":["M","?","M","M","$","R","E","R","T","R","M","M","?","?","R","B",null,"M","M","M","M","M","R","M","E","T","E","M","R","M","$","R","B",null,"M","$","M","$","?","R","E","R","T","E","M","R","$","E","R_BF","B",null],"character_chosen":"IRONCLAD","items_purchased":["infinitespire:Lychee Nut","Omamori","hubris:FruitBowl"],"campfire_rested":0,"item_purchase_floors":[31,38,47],"current_hp_per_floor":[55,55,55,48,48,48,22,22,22,22,30,33,42,42,42,18,94,94,90,84,75,52,52,41,29,29,31,28,28,31,31,31,43,84,73,73,74,74,74,74,77,77,77,92,94,94,70,80,80,56],"gold":128,"neow_bonus":"THREE_RARE_CARDS","is_daily":false,"chose_seed":false,"campfire_upgraded":10,"win_rate":0.0,"timestamp":1609381041,"path_taken":["M","?","M","M","$","R","E","R","T","R","M","?","?","?","R","BOSS","M","?","?","M","M","R","?","E","T","E","M","R","M","$","R","BOSS","M","$","M","?","?","R","E","R","T","E","?","R","?","E","R_BF","BOSS"],"items_purchased_type":["Relic","Relic","Relic"],"build_version":"2020-12-22","purchased_purges":3,"victory":true,"max_hp_per_floor":[83,83,83,86,86,86,86,86,86,86,90,94,94,94,94,94,94,98,98,98,98,98,98,98,98,98,102,105,105,113,84,84,84,84,92,92,92,92,92,92,96,96,96,100,100,100,100,106,106,106],"card_choices":[{"not_picked":["Barricade","Offering"],"picked":"Feed","floor":0},{"not_picked":["Sword Boomerang","Clothesline"],"picked":"Spot Weakness","floor":1},{"not_picked":["Body Slam","Rampage","Searing Blow"],"picked":"SKIP","floor":3},{"not_picked":["Iron Wave","Headbutt"],"picked":"Sword Boomerang","floor":4},{"not_picked":["ReplayTheSpireMod:Limb From Limb","Replay:Undeath\u0027s Touch","Carnage"],"picked":"SKIP","floor":7},{"not_picked":["Clothesline","Searing Blow"],"picked":"infinitespire:OneForAll","floor":11},{"not_picked":["Sword Boomerang","Carnage","Anger"],"picked":"SKIP","floor":12},{"not_picked":["Reaper","Replay:Many Hands"],"picked":"Demon Form","floor":16},{"not_picked":["hubris:SharpeningStone","Pommel Strike"],"picked":"Cleave","floor":18},{"not_picked":["Clothesline","Twin Strike","Shrug It Off"],"picked":"SKIP","floor":19},{"not_picked":["Bloodletting","Carnage+1","Reaper"],"picked":"SKIP","floor":20},{"not_picked":["Infernal Blade+1","Replay:Undeath\u0027s Touch"],"picked":"Heavy Blade","floor":21},{"not_picked":["Clash","Fire Breathing+1"],"picked":"Flex","floor":22},{"not_picked":["Headbutt","Ghostly Armor"],"picked":"Sword Boomerang+1","floor":24},{"not_picked":["Headbutt","True Grit","Iron Wave+1"],"picked":"SKIP","floor":25},{"not_picked":["Flex","Cleave"],"picked":"Feed","floor":27},{"not_picked":["Carnage","Dark Embrace+1","Burning Pact"],"picked":"SKIP","floor":28},{"not_picked":["Hemokinesis","Shrug It Off","Havoc+1"],"picked":"SKIP","floor":30},{"not_picked":["Replay:Undeath\u0027s Touch","Run Through+1"],"picked":"ReplayTheSpireMod:Muscle Training","floor":35},{"not_picked":["Dropkick","Clash","hubris:CleavingFinish"],"picked":"SKIP","floor":37},{"not_picked":["Life Link","Headbutt+1","Combust+1"],"picked":"SKIP","floor":41},{"not_picked":["Clash+1","Cleave+1"],"picked":"Pummel+1","floor":44},{"not_picked":["Entrench+1","Cleave","Run Through"],"picked":"SKIP","floor":45},{"not_picked":["Eclipse","Pommel Strike+1","Hemokinesis+1"],"picked":"SKIP","floor":48},{"not_picked":["Eclipse","Pommel Strike+1","Hemokinesis+1"],"picked":"SKIP","floor":48}],"player_experience":98966,"relics_obtained":[{"floor":7,"key":"aspiration:HummingbirdHeart"},{"floor":9,"key":"Akabeko"},{"floor":25,"key":"Boot"},{"floor":26,"key":"ReplayTheSpireMod:Lightbulb"},{"floor":27,"key":"Replay:Bottled Flurry"},{"floor":41,"key":"Torii"},{"floor":43,"key":"ScarletDevilRocket"},{"floor":44,"key":"construct:BoolHorns"},{"floor":48,"key":"Golden Egg"}],"event_choices":[{"damage_healed":0,"gold_gain":0,"player_choice":"Got Potions","damage_taken":0,"max_hp_gain":0,"max_hp_loss":0,"event_name":"Lab","floor":2,"gold_loss":0},{"damage_healed":0,"gold_gain":0,"player_choice":"Forge","damage_taken":0,"max_hp_gain":0,"max_hp_loss":0,"event_name":"Accursed Blacksmith","floor":14,"gold_loss":0,"cards_upgraded":["infinitespire:OneForAll"]},{"damage_healed":0,"gold_gain":0,"player_choice":"Upgraded","damage_taken":0,"max_hp_gain":0,"max_hp_loss":0,"event_name":"Upgrade Shrine","floor":39,"gold_loss":0,"cards_upgraded":["Flex"]}],"is_beta":false,"boss_relics":[{"not_picked":["Runic Cube","Cursed Key"],"picked":"Coffee Dripper"},{"not_picked":["Mark of Pain","SacredBark"],"picked":"SlaversCollar"}],"items_purged_floors":[31,36,47],"is_endless":false,"potions_floor_spawned":[1,7,11,16,19,20,22,24,28,30,33,41,45,48],"ascension_level":2}}