{"host":"51fyd6gkml7xavq8","time":1609394394,"event":{"mods":["BaseMod","BetterRewards","Colored Map","Energized Spire","Infinite Spire","Minty Spire (QoL Compilation)","Replay The Spire","Shop Mod","Spicy Shops","StSLib","The Blue Laboratory","[IsaacMod]????"],"gold_per_floor":[113,113,127,49,99,111,151,163,223,250,262,449,475,74,74,74,74],"floor_reached":16,"playtime":795,"items_purged":["Sickly","Doubt"],"score":113,"play_id":"a9dd6c3b-2ae1-4c4a-9ec9-bc0357fef035","local_time":"20201231025954","is_ascension_mode":true,"campfire_choices":[{"data":"Neutralize","floor":6,"key":"SMITH"},{"data":"Footwork","floor":8,"key":"SMITH"},{"data":"Draining Mist","floor":11,"key":"SMITH"},{"floor":15,"key":"REST"}],"circlet_count":0,"master_deck":["Strike_G","Strike_G+1","Strike_G+1","Strike_G","Strike_G","Defend_G","Defend_G","Defend_G","Defend_G","Defend_G","Neutralize+1","Footwork","m_Survivalism","Footwork+1","Draining Mist+1","Clumsy"],"relics":["Ring of the Snake","HushsDoor","TheBean","Ring of Greed","ReplayTheSpireMod:Ring of Exchange","Blue Doll","BFFS","MerchantsRug","Regal Pillow"],"acts_visited":["Exordium"],"potions_floor_usage":[],"damage_taken":[{"damage":2.0,"enemies":"Small Slimes","floor":1.0,"turns":3.0},{"damage":0,"enemies":"Jaw Worm","floor":3,"turns":4},{"damage":54,"enemies":"Gremlin Nob","floor":7,"turns":7},{"damage":0,"enemies":"2 Louse","floor":10,"turns":3},{"damage":7,"enemies":"Exordium Wildlife","floor":13,"turns":3},{"damage":32,"enemies":"Fading Forest","floor":16,"turns":9}],"seed_played":"-7252281239068637815","potions_obtained":[{"floor":13,"key":"GamblersBrew"}],"is_trial":false,"path_per_floor":["M","?","M","$","?","R","E","R","T","M","R","?","M","$","R","B"],"character_chosen":"THE_SILENT","items_purchased":["Footwork","MerchantsRug","Regal Pillow"],"campfire_rested":1,"item_purchase_floors":[4,14,14],"current_hp_per_floor":[68,68,68,68,68,68,14,14,14,14,14,14,7,7,43,19,19],"gold":74,"neow_bonus":"","is_daily":false,"chose_seed":false,"campfire_upgraded":3,"win_rate":0.0,"timestamp":1609394394,"path_taken":["M","?","M","$","?","R","E","R","T","M","R","?","M","?","R","BOSS"],"items_purchased_type":["Card","Relic","Relic"],"build_version":"2020-12-22","purchased_purges":2,"victory":false,"max_hp_per_floor":[70,70,70,70,70,70,70,70,70,70,70,70,70,70,70,70,70],"card_choices":[{"not_picked":["Dagger Spray","Eviscerate"],"picked":"Footwork","floor":1.0},{"not_picked":["Sucker Punch","Dodge and Roll","Prepared"],"picked":"SKIP","floor":3},{"not_picked":["Malaise","Cloak And Dagger","Blade Dance"],"picked":"SKIP","floor":7},{"not_picked":["Outmaneuver","Bouncing Flask"],"picked":"Draining Mist","floor":10},{"not_picked":["Calculated Gamble","Slice","Flechettes"],"picked":"SKIP","floor":13}],"player_experience":440578,"relics_obtained":[{"floor":5,"key":"Ring of Greed"},{"floor":5,"key":"ReplayTheSpireMod:Ring of Exchange"},{"floor":5,"key":"Blue Doll"},{"floor":5,"key":"MawBank"},{"floor":7,"key":"BFFS"},{"floor":9,"key":"Whetstone"}],"event_choices":[{"damage_healed":0,"gold_gain":175,"player_choice":"AGREE","damage_taken":0,"max_hp_gain":0,"max_hp_loss":0,"event_name":"Liars Game","floor":12,"gold_loss":0,"cards_obtained":["Doubt"]}],"is_beta":false,"boss_relics":[],"items_purged_floors":[14,14],"is_endless":false,"potions_floor_spawned":[13],"killed_by":"Fading Forest","ascension_level":3}}