{"host":"r5d2dd2phecx262s","time":1609444931,"event":{"mods":["2.2 Compatiblity","AchievementEnabler","BaseMod","Curses Come First","Minty Spire (QoL Compilation)","StSLib"],"gold_per_floor":[114,129,129,144,47,47,62,62,87,102,102,102,102,117,117,217,217,232,44,59,59,59,59,59,74,74,89,89,89,4,19,19,119,119,134,134,95,110,110,110,110],"floor_reached":40,"playtime":1566,"items_purged":["Strike_B"],"score":376,"play_id":"29c882c5-e945-4db9-aa7f-803bf63fe941","local_time":"20201231170211","daily_mods":["Heirloom","Time Dilation","Lethality"],"is_ascension_mode":false,"campfire_choices":[{"data":"Dualcast","floor":6,"key":"SMITH"},{"data":"Hologram","floor":8,"key":"SMITH"},{"data":"Conserve Battery","floor":13,"key":"SMITH"},{"floor":15,"key":"REST"},{"floor":23,"key":"REST"},{"floor":24,"key":"REST"},{"floor":28,"key":"REST"},{"floor":32,"key":"REST"}],"circlet_count":0,"master_deck":["Strike_B","Strike_B","Defend_B","Defend_B","Defend_B","Defend_B","Zap","Dualcast+1","Turbo","Darkness","Cold Snap","Cold Snap","Hologram+1","Conserve Battery+1","Pain","Go for the Eyes","Core Surge","Leap","Mayhem","Coolheaded","Blizzard","Loop","Defragment","Creative AI","Fusion","Madness","Madness","Defragment"],"relics":["FrozenCore","WingedGreaves","Oddly Smooth Stone","Cables","WarpedTongs","Inserter","Mummified Hand","Akabeko"],"acts_visited":["TheCity","TheBeyond"],"potions_floor_usage":[16,16,20,33,40,40,40],"damage_taken":[{"damage":0.0,"enemies":"Cultist","floor":1.0,"turns":2.0},{"damage":0,"enemies":"2 Louse","floor":2,"turns":1},{"damage":9,"enemies":"Jaw Worm","floor":4,"turns":3},{"damage":20,"enemies":"Exordium Thugs","floor":7,"turns":3},{"damage":3,"enemies":"Blue Slaver","floor":10,"turns":2},{"damage":4,"enemies":"Exordium Wildlife","floor":14,"turns":3},{"damage":40,"enemies":"Hexaghost","floor":16,"turns":9},{"damage":49,"enemies":"3 Byrds","floor":18,"turns":7},{"damage":17,"enemies":"Spheric Guardian","floor":20,"turns":4},{"damage":21,"enemies":"Centurion and Healer","floor":25,"turns":10},{"damage":1,"enemies":"Cultist and Chosen","floor":27,"turns":7},{"damage":21,"enemies":"Chosen and Byrds","floor":31,"turns":7},{"damage":37,"enemies":"Automaton","floor":33,"turns":8},{"damage":24,"enemies":"3 Darklings","floor":35,"turns":6},{"damage":12,"enemies":"Orb Walker","floor":38,"turns":5},{"damage":73,"enemies":"Reptomancer","floor":40,"turns":2}],"seed_played":"-5051420239723459148","potions_obtained":[{"floor":1,"key":"SkillPotion"},{"floor":7,"key":"Energy Potion"},{"floor":10,"key":"LiquidBronze"},{"floor":16,"key":"PowerPotion"},{"floor":20,"key":"FocusPotion"},{"floor":27,"key":"SkillPotion"},{"floor":35,"key":"Explosive Potion"}],"is_trial":false,"path_per_floor":["M","M","?","M","$","R","M","R","T","M","T","?","R","M","R","B",null,"M","$","M","$","$","R","R","M","T","M","R","?","?","M","R","B",null,"M","?","$","M","?","E"],"character_chosen":"DEFECT","items_purchased":["Cold Snap","Mayhem","Defragment"],"campfire_rested":5,"item_purchase_floors":[5,19,37],"current_hp_per_floor":[75,75,75,66,66,66,46,46,46,43,43,43,43,39,61,21,75,26,26,9,9,9,31,53,32,32,31,53,53,53,32,54,17,75,51,42,42,30,66,0,0],"gold":110,"neow_bonus":"","is_daily":true,"chose_seed":false,"campfire_upgraded":3,"win_rate":0.0,"timestamp":1609444931,"path_taken":["M","?","?","M","$","R","M","R","T","?","?","?","R","M","R","BOSS","M","$","M","?","$","R","R","M","T","M","R","?","?","M","R","BOSS","M","?","$","M","?","E"],"items_purchased_type":["Card","Card","Card"],"build_version":"2020-12-22","purchased_purges":1,"victory":false,"max_hp_per_floor":[75,75,75,75,75,75,75,75,75,75,75,75,75,75,75,75,75,75,75,75,75,75,75,75,75,75,75,75,75,75,75,75,75,75,75,75,75,75,66,66,66],"card_choices":[{"not_picked":["Sweeping Beam","Skim"],"picked":"Turbo","floor":1},{"not_picked":["Go for the Eyes","Aggregate"],"picked":"Darkness","floor":2},{"not_picked":["Undo","Auto Shields"],"picked":"Cold Snap","floor":4},{"not_picked":["Sweeping Beam","Double Energy"],"picked":"Hologram","floor":7},{"not_picked":["Stack","Chaos"],"picked":"Conserve Battery","floor":10},{"not_picked":["Melter","Rebound"],"picked":"Go for the Eyes","floor":14},{"not_picked":["Meteor Strike","Multi-Cast"],"picked":"Core Surge","floor":16},{"not_picked":["Go for the Eyes","Undo"],"picked":"Leap","floor":18},{"not_picked":["Beam Cell","Cold Snap"],"picked":"Coolheaded","floor":20},{"not_picked":["Coolheaded","Reprogram+1"],"picked":"Blizzard","floor":25},{"not_picked":["Go for the Eyes+1","Chill+1"],"picked":"Loop","floor":27},{"not_picked":["Reprogram+1","Rebound+1"],"picked":"Defragment","floor":31},{"not_picked":["Reboot","Thunder Strike"],"picked":"Creative AI","floor":33},{"not_picked":["Undo+1","Coolheaded"],"picked":"Fusion","floor":35},{"not_picked":["BootSequence","Auto Shields","Hologram"],"picked":"SKIP","floor":38}],"player_experience":1556268,"relics_obtained":[{"floor":9,"key":"Oddly Smooth Stone"},{"floor":11,"key":"Cables"},{"floor":26,"key":"Mummified Hand"}],"event_choices":[{"cards_removed":["Strike_B"],"damage_healed":0,"gold_gain":0,"player_choice":"Offered Basic","damage_taken":0,"max_hp_gain":0,"max_hp_loss":0,"event_name":"Bonfire Elementals","floor":3,"gold_loss":0},{"damage_healed":0,"gold_gain":0,"player_choice":"Rummage","damage_taken":0,"relics_obtained":["WarpedTongs"],"max_hp_gain":0,"max_hp_loss":0,"event_name":"Accursed Blacksmith","floor":12,"gold_loss":0,"cards_obtained":["Pain"]},{"damage_healed":0,"gold_gain":0,"player_choice":"Ignored","damage_taken":0,"max_hp_gain":0,"max_hp_loss":0,"event_name":"Ghosts","floor":29,"gold_loss":0},{"damage_healed":0,"gold_gain":0,"player_choice":"Obtained Relic","damage_taken":0,"relics_obtained":["Akabeko"],"max_hp_gain":0,"max_hp_loss":0,"event_name":"Addict","floor":30,"gold_loss":85},{"damage_healed":0,"gold_gain":0,"player_choice":"Embrace Madness","damage_taken":9,"max_hp_gain":0,"max_hp_loss":0,"event_name":"Winding Halls","floor":36,"gold_loss":0,"cards_obtained":["Madness","Madness"]},{"damage_healed":66,"gold_gain":0,"player_choice":"Heal","damage_taken":0,"max_hp_gain":0,"max_hp_loss":9,"event_name":"The Moai Head","floor":39,"gold_loss":0}],"is_beta":false,"boss_relics":[{"not_picked":["Sozu","Black Star"],"picked":"Inserter"},{"not_picked":["Coffee Dripper","Empty Cage"],"picked":"FrozenCore"}],"items_purged_floors":[5],"is_endless":false,"potions_floor_spawned":[1,7,10,16,20,27,35],"killed_by":"Reptomancer","ascension_level":0}}