{"host":"r5cycnjhcbwgkpkf","time":1609443256,"event":{"mods":["2.2 Compatiblity","AchievementEnabler","BaseMod","Bestiary","Better Match","Better Note","Better Skull","Better Third Choice","BetterRewards","Colored Map","Colored Powertips","Downfall","Infinite Spire","Minty Spire (QoL Compilation)","Replay The Spire","Spicy Shops","StSLib"],"gold_per_floor":[76,76,76,95,115,115,115,147,147,147,147,161,217,229,229,302,302,316,328,328,358,374,374,374,374,374,374,374,388,388,388,74,87,87,167,167,188,112,133,155,155,155,155,155,203,203,203,233,266,293,293,293,293],"floor_reached":52,"playtime":2061,"items_purged":["Strike_R","Strike_R","Strike_R"],"score":1619,"play_id":"48af19ef-8d3e-4399-9211-3e9abc1c007e","local_time":"20201231113416","is_ascension_mode":true,"campfire_choices":[{"data":"Bash","floor":6.0,"key":"SMITH"},{"floor":10.0,"key":"REST"},{"data":"Wild Strike","floor":15.0,"key":"SMITH"},{"floor":23.0,"key":"REST"},{"data":"Double Tap","floor":25.0,"key":"SMITH"},{"data":"Pommel Strike","floor":25.0,"key":"SMITH"},{"data":"Heavy Blade","floor":31.0,"key":"SMITH"},{"data":"Spot Weakness","floor":31.0,"key":"SMITH"},{"data":"Wild Strike","floor":34.0,"key":"SMITH"},{"data":"Cleave","floor":34.0,"key":"SMITH"},{"floor":42.0,"key":"REST"},{"floor":44.0,"key":"REST"},{"data":"Intimidate","floor":46.0,"key":"SMITH"},{"data":"Strike_R","floor":46.0,"key":"SMITH"}],"circlet_count":0,"master_deck":["AscendersBane","Strike_R+1","Strike_R+1","Defend_R","Defend_R","Defend_R","Heavy Blade+1","ReplayTheSpireMod:Muscle Training","Survivor+1","Neutralize+1","Wild Strike+1","Pommel Strike+1","Intimidate+1","Double Tap+1","Cleave+1","ReplayTheSpireMod:Muscle Training","Wild Strike+1","Twin Strike+1","Spot Weakness+1","Evolve+1","Writhe","Inflame+1"],"relics":["Burning Blood","Lee\u0027s Waffle","infinitespire:FocusingShard","Counterbalance","ClockworkSouvenir","Du-Vu Doll","Another Sword","Replay:Rubber Ducky","ReplayTheSpireMod:Shallot","infinitespire:Lucky Rock","Mark of Pain","Prayer Wheel","Replay:Arrowhead","Quantum Egg","Calipers","infinitespire:EvilPickle","infinitespire:Burning Sword","Pen Nib","ReplayTheSpireMod:Ring of Addiction","Chameleon Ring","SacredBark"],"acts_visited":["Exordium","TheCity","TheBeyond"],"potions_floor_usage":[52,52],"damage_taken":[{"damage":10.0,"enemies":"2 Louse","floor":1.0,"turns":2.0},{"damage":10.0,"enemies":"infinitespire:Voidling","floor":4.0,"turns":3.0},{"damage":0.0,"enemies":"Small Slimes","floor":5.0,"turns":2.0},{"damage":30.0,"enemies":"Gremlin Nob","floor":8.0,"turns":6.0},{"damage":0.0,"enemies":"Gremlin Gang","floor":12.0,"turns":3.0},{"damage":23.0,"enemies":"3 Sentries","floor":13.0,"turns":8.0},{"damage":0.0,"enemies":"2 Fungi Beasts","floor":14.0,"turns":2.0},{"damage":1.0,"enemies":"Slime Boss","floor":16.0,"turns":5.0},{"damage":7.0,"enemies":"3 Byrds","floor":18.0,"turns":5.0},{"damage":0.0,"enemies":"2 Thieves","floor":19.0,"turns":4.0},{"damage":22.0,"enemies":"3 Cultists","floor":22.0,"turns":4.0},{"damage":22.0,"enemies":"Snake Plant","floor":29.0,"turns":3.0},{"damage":1.0,"enemies":"Sentry and Sphere","floor":33.0,"turns":3.0},{"damage":57.0,"enemies":"Pondfish","floor":35.0,"turns":6.0},{"damage":29.0,"enemies":"3 Shapes","floor":37.0,"turns":2.0},{"damage":13.0,"enemies":"3 Darklings","floor":39.0,"turns":4.0},{"damage":16.0,"enemies":"Sphere and 2 Shapes","floor":40.0,"turns":3.0},{"damage":21.0,"enemies":"Maw","floor":48.0,"turns":4.0},{"damage":2.0,"enemies":"Jaw Worm Horde","floor":49.0,"turns":3.0},{"damage":1.0,"enemies":"Spire Growth","floor":50.0,"turns":2.0},{"damage":97,"enemies":"Replay:Hell Engine","floor":52,"turns":5}],"seed_played":"4870617104642103958","potions_obtained":[{"floor":4.0,"key":"LiquidBronze"},{"floor":5.0,"key":"AttackPotion"},{"floor":19.0,"key":"LiquidBronze"},{"floor":35.0,"key":"Dexterity Potion"},{"floor":47.0,"key":"Explosive Potion"}],"is_trial":false,"path_per_floor":["M","AVR","?","M","M","R","?","E","T","R","?","M","?","M","R","B",null,"M","M","AVR","?","M","R","?","R","T","PTL","PTL","M","?","R","$","M","R","B",null,"M","$","M","M","?","R","?","R","T","R","?","M","M","M","R_BF","B"],"character_chosen":"IRONCLAD","items_purchased":["Heavy Blade","Lee\u0027s Waffle","infinitespire:FocusingShard","ClockworkSouvenir","ReplayTheSpireMod:Muscle Training","Calipers","Evolve"],"campfire_rested":4,"item_purchase_floors":[0,0,0,0,0,32,38],"current_hp_per_floor":[78,78,60,56,62,62,62,38,38,62,62,68,51,57,57,62,77,76,82,82,55,39,63,79,79,79,79,79,63,63,63,63,68,68,17,66,43,43,36,26,42,66,66,82,82,82,82,67,71,76,80,0,0],"gold":293,"neow_bonus":"","is_daily":false,"chose_seed":false,"campfire_upgraded":10,"win_rate":0.0,"timestamp":1609443256,"path_taken":["M","AVR","?","M","?","R","?","E","T","R","?","?","?","M","R","BOSS","M","M","AVR","?","M","R","?","R","T","PTL","PTL","M","?","R","$","M","R","BOSS","M","$","M","M","?","R","?","R","T","R","?","M","M","M","R_BF","BOSS"],"items_purchased_type":["Card","Relic","Relic","Relic","Card","Relic","Card"],"build_version":"2020-12-22","purchased_purges":3,"victory":false,"max_hp_per_floor":[82,82,82,82,82,82,82,82,82,82,82,82,82,82,82,82,82,82,82,82,82,82,82,82,82,82,82,82,82,82,82,82,82,82,82,82,82,82,82,82,82,82,82,82,82,82,82,82,82,82,80,80,80],"card_choices":[{"not_picked":["Searing Blow","Second Wind","Twin Strike"],"picked":"SKIP","floor":1.0},{"not_picked":["Anger","Uppercut","Replay:Undeath\u0027s Touch"],"picked":"SKIP","floor":4.0},{"not_picked":["Blood for Blood","Clash","Clothesline"],"picked":"SKIP","floor":5.0},{"not_picked":["Havoc","Impervious"],"picked":"Wild Strike","floor":8.0},{"not_picked":["Sword Boomerang","Disarm"],"picked":"Pommel Strike","floor":12.0},{"not_picked":["Shrug It Off","Pummel"],"picked":"Intimidate","floor":14.0},{"not_picked":["Immolate","Juggernaut"],"picked":"Double Tap","floor":16.0},{"not_picked":["Sever Soul","Massacre"],"picked":"Cleave","floor":18.0},{"not_picked":["Pummel","Pommel Strike"],"picked":"ReplayTheSpireMod:Muscle Training","floor":19.0},{"not_picked":["Run Through","Anger"],"picked":"Wild Strike","floor":21.0},{"not_picked":["Warcry","ReplayReversal"],"picked":"Twin Strike+1","floor":22.0},{"not_picked":["Perfected Strike","Havoc"],"picked":"Spot Weakness","floor":22.0},{"not_picked":["ReplayReversal","Twin Strike","Pommel Strike"],"picked":"SKIP","floor":29.0},{"not_picked":["Seeing Red","Ghostly Armor","Impervious"],"picked":"SKIP","floor":29.0},{"not_picked":["Warcry","Twin Strike","Clash"],"picked":"SKIP","floor":33.0},{"not_picked":["ReplayTheSpireMod:Strike From Hell","Wild Strike","Berserk"],"picked":"SKIP","floor":33.0},{"not_picked":["Shrug It Off","Run Through","Iron Wave"],"picked":"SKIP","floor":37.0},{"not_picked":["Thunderclap","Clothesline","Power Through"],"picked":"SKIP","floor":37.0},{"not_picked":["Replay:Undeath\u0027s Touch","Battle Trance","Ghostly Armor"],"picked":"SKIP","floor":39.0},{"not_picked":["Replay:Undeath\u0027s Touch","Cleave","Uppercut"],"picked":"SKIP","floor":39.0},{"not_picked":["ReplayTheSpireMod:Corrosion Curse+1","Headbutt","Sword Boomerang"],"picked":"SKIP","floor":40.0},{"not_picked":["Iron Wave+1","Cleave+1","ReplayTheSpireMod:Strike From Hell"],"picked":"SKIP","floor":40.0},{"not_picked":["Armaments","Heavy Blade"],"picked":"Inflame+1","floor":48.0},{"not_picked":["Run Through","Cleave","Sever Soul+1"],"picked":"SKIP","floor":48.0},{"not_picked":["Headbutt","Sword Boomerang","Power Through"],"picked":"SKIP","floor":49.0},{"not_picked":["Flex+1","Abandon","Life Link+1"],"picked":"SKIP","floor":49.0},{"not_picked":["Pommel Strike","Heavy Blade","Entrench"],"picked":"SKIP","floor":50.0},{"not_picked":["Armaments+1","infinitespire:OneForAll+1","ReplayTheSpireMod:Strike From Hell"],"picked":"SKIP","floor":50.0}],"player_experience":398514,"relics_obtained":[{"floor":8.0,"key":"Replay:Rubber Ducky"},{"floor":9.0,"key":"ReplayTheSpireMod:Shallot"},{"floor":13.0,"key":"infinitespire:Lucky Rock"},{"floor":21.0,"key":"Replay:Arrowhead"},{"floor":26.0,"key":"Quantum Egg"},{"floor":45.0,"key":"Pen Nib"},{"floor":47.0,"key":"ReplayTheSpireMod:Ring of Addiction"},{"floor":47.0,"key":"Chameleon Ring"},{"floor":47.0,"key":"SacredBark"}],"event_choices":[{"damage_healed":0.0,"max_hp_gain":0.0,"max_hp_loss":0.0,"gold_gain":0.0,"event_name":"betterSkull:BetterSkull","player_choice":"UP ","floor":3.0,"gold_loss":0.0,"damage_taken":20.0,"cards_upgraded":["Strike_R"],"relics_obtained":[]},{"cards_removed":["Defend_R"],"damage_healed":0.0,"max_hp_gain":0.0,"max_hp_loss":0.0,"gold_gain":0.0,"event_name":"Purifier","player_choice":"Purged","floor":11.0,"gold_loss":0.0,"damage_taken":0.0},{"damage_healed":0.0,"max_hp_gain":0.0,"max_hp_loss":0.0,"gold_gain":0.0,"event_name":"Dead Adventurer","player_choice":"Searched \u00271\u0027 times","floor":13.0,"gold_loss":0.0,"damage_taken":0.0},{"damage_healed":16.0,"max_hp_gain":0.0,"max_hp_loss":0.0,"gold_gain":0.0,"event_name":"The Library","player_choice":"Heal","floor":24.0,"gold_loss":0.0,"damage_taken":0.0},{"damage_healed":0.0,"max_hp_gain":0.0,"max_hp_loss":0.0,"gold_gain":0.0,"event_name":"Lab","player_choice":"Got Potions","floor":30.0,"gold_loss":0.0,"damage_taken":0.0},{"damage_healed":16.0,"max_hp_gain":0.0,"max_hp_loss":0.0,"gold_gain":0.0,"event_name":"Winding Halls","player_choice":"Writhe","floor":41.0,"gold_loss":0.0,"damage_taken":0.0,"cards_obtained":["Writhe"]}],"is_beta":false,"boss_relics":[{"not_picked":["Empty Cage","Sozu"],"picked":"Mark of Pain"},{"not_picked":["Tiny House","Electric Blood"],"picked":"infinitespire:Burning Sword"}],"items_purged_floors":[0,2,20],"is_endless":false,"potions_floor_spawned":[4,5,14,19,29,35,37,39],"killed_by":"Replay:Hell Engine","ascension_level":18}}