{"host":"2461dio7vetlq1z3","time":1609422880,"event":{"mods":["2.2 Compatiblity","AchievementEnabler","Aspiration","BaseMod","Better Third Choice","Friendly Minions","Hermit","Minty Spire (QoL Compilation)","Relic Stats","Spicy Shops","StSLib","Waifu the Spire"],"gold_per_floor":[115,133,133,58,58,89,89,107,176,190,223,223,223,240,240,318,318,329,329,329,31,44,44,57,89,89,115,129,129,26,51,51,129,129,145,165,165,179,179,210,210,225,248,248,267,282,282,282],"floor_reached":47,"playtime":2033,"items_purged":[],"score":1125,"play_id":"5e17ca8e-3b10-44f7-8140-6a78f89178cd","local_time":"20201231145440","is_ascension_mode":true,"campfire_choices":[{"data":"Bludgeon","floor":7,"key":"SMITH"},{"data":"Flex","floor":12,"key":"SMITH"},{"data":"Uppercut","floor":15,"key":"SMITH"},{"data":"Double Tap","floor":23,"key":"SMITH"},{"data":"Berserk","floor":32,"key":"SMITH"},{"floor":41,"key":"REST"},{"floor":44,"key":"RECALL"}],"circlet_count":0,"master_deck":["AscendersBane","Defend_R","Defend_R","Defend_R","Bash+1","Battle Trance","Bludgeon+1","Flex+1","Anger","Impervious","Uppercut+1","Double Tap+1","Cleave","Bite","Bite","Bite","Bite","Bite","Mayhem","Combust","Hemokinesis","Good Instincts","Berserk+1","Battle Trance","True Grit+1","Clothesline+1","Havoc+1","Metallicize+1"],"relics":["Burning Blood","NeowsBlessing","aspiration:HummingbirdHeart","Bottled Flame","Ancient Tea Set","Busted Crown","Girya","Toy Ornithopter","Sundial","Darkstone Periapt","SlaversCollar","Bag of Preparation","Bottled Lightning"],"acts_visited":["Exordium","TheCity","TheBeyond"],"potions_floor_usage":[16,25,33,42,47,47],"damage_taken":[{"damage":0,"enemies":"Cultist","floor":1,"turns":1},{"damage":0,"enemies":"Small Slimes","floor":2,"turns":1},{"damage":0,"enemies":"Gremlin Nob","floor":6,"turns":1},{"damage":0,"enemies":"2 Louse","floor":8,"turns":3},{"damage":4,"enemies":"Blue Slaver","floor":10,"turns":2},{"damage":10,"enemies":"3 Sentries","floor":11,"turns":6},{"damage":1,"enemies":"Large Slime","floor":14,"turns":3},{"damage":41,"enemies":"Slime Boss","floor":16,"turns":10},{"damage":0,"enemies":"Spheric Guardian","floor":18,"turns":3},{"damage":8,"enemies":"3 Byrds","floor":22,"turns":6},{"damage":3,"enemies":"Sentry and Sphere","floor":24,"turns":4},{"damage":27,"enemies":"Slavers","floor":25,"turns":4},{"damage":20,"enemies":"Gremlin Leader","floor":27,"turns":6},{"damage":9,"enemies":"Snecko","floor":28,"turns":4},{"damage":33,"enemies":"Book of Stabbing","floor":31,"turns":5},{"damage":34,"enemies":"Champ","floor":33,"turns":8},{"damage":17,"enemies":"3 Shapes","floor":35,"turns":8},{"damage":29,"enemies":"3 Darklings","floor":36,"turns":5},{"damage":30,"enemies":"Jaw Worm Horde","floor":38,"turns":5},{"damage":23,"enemies":"Nemesis","floor":40,"turns":5},{"damage":7,"enemies":"Transient","floor":42,"turns":6},{"damage":39,"enemies":"Maw","floor":45,"turns":7},{"damage":20,"enemies":"Sphere and 2 Shapes","floor":46,"turns":5},{"damage":52,"enemies":"Giant Head","floor":47,"turns":5}],"seed_played":"2826101520043294672","potions_obtained":[{"floor":1,"key":"Strength Potion"},{"floor":8,"key":"SpeedPotion"},{"floor":11,"key":"PowerPotion"},{"floor":22,"key":"ColorlessPotion"},{"floor":24,"key":"Explosive Potion"},{"floor":31,"key":"SteroidPotion"},{"floor":33,"key":"SpeedPotion"},{"floor":40,"key":"Block Potion"},{"floor":42,"key":"BlessingOfTheForge"},{"floor":45,"key":"Fruit Juice"}],"is_trial":false,"path_per_floor":["M","M","?","?","$","E","R","M","T","M","E","R","?","M","R","B",null,"M","?","?","$","M","R","M","E","T","E","M","?","$","E","R","B",null,"M","M","?","M","?","E","R","M","T","R","M","M","E"],"character_chosen":"IRONCLAD","items_purchased":["Mayhem","Good Instincts"],"campfire_rested":1,"item_purchase_floors":[21,30],"current_hp_per_floor":[74,75,75,75,75,75,75,75,75,75,71,71,76,80,80,45,71,77,77,56,56,56,56,56,45,45,49,56,56,56,37,37,46,54,49,38,32,22,22,15,31,53,53,53,26,18,0,0],"gold":282,"neow_bonus":"THREE_ENEMY_KILL","is_daily":false,"chose_seed":false,"campfire_upgraded":5,"win_rate":0.0,"timestamp":1609422880,"path_taken":["M","M","?","?","$","E","R","M","T","M","E","R","?","M","R","BOSS","M","?","?","$","M","R","M","E","T","E","M","?","$","E","R","BOSS","M","?","?","?","?","E","R","M","T","R","?","M","E"],"items_purchased_type":["Card","Card"],"build_version":"2020-12-22","purchased_purges":0,"victory":false,"max_hp_per_floor":[75,75,75,75,75,75,75,75,75,75,75,75,80,80,80,80,80,80,80,56,56,56,56,56,56,56,56,56,56,56,56,56,56,56,56,56,56,56,56,56,56,56,56,56,56,56,61,61],"relic_stats":{"Darkstone Periapt":0,"Busted Crown":30,"counters":[24,113],"Sundial":[8],"Bag of Preparation":[10],"obtain_stats":[{"Darkstone Periapt":31,"Girya":25,"NeowsBlessing":0,"aspiration:HummingbirdHeart":6,"Bag of Preparation":39,"Ancient Tea Set":11,"Burning Blood":0,"SlaversCollar":34,"Bottled Flame":9,"Busted Crown":17,"Sundial":27,"Bottled Lightning":40,"Toy Ornithopter":26},{"Darkstone Periapt":15,"Girya":12,"NeowsBlessing":0,"aspiration:HummingbirdHeart":3,"Bag of Preparation":19,"Ancient Tea Set":6,"Burning Blood":0,"SlaversCollar":16,"Bottled Flame":4,"Busted Crown":8,"Sundial":13,"Bottled Lightning":20,"Toy Ornithopter":12},{"Darkstone Periapt":59,"Girya":44,"NeowsBlessing":0,"aspiration:HummingbirdHeart":3,"Bag of Preparation":85,"Ancient Tea Set":14,"Burning Blood":0,"SlaversCollar":67,"Bottled Flame":6,"Busted Crown":27,"Sundial":50,"Bottled Lightning":90,"Toy Ornithopter":44}],"Burning Blood":109,"Toy Ornithopter":20},"card_choices":[{"not_picked":["Pummel","Sword Boomerang"],"picked":"Battle Trance","floor":1},{"not_picked":["Headbutt","Sever Soul"],"picked":"Clothesline","floor":2},{"not_picked":["Hemokinesis","Iron Wave"],"picked":"Bludgeon","floor":6},{"not_picked":["Clothesline","Rampage"],"picked":"Flex","floor":8},{"not_picked":["Sword Boomerang","Body Slam"],"picked":"Anger","floor":10},{"not_picked":["Bloodletting","Havoc"],"picked":"Impervious","floor":11},{"not_picked":["Pommel Strike","Body Slam"],"picked":"Uppercut","floor":14},{"not_picked":["Fiend Fire","Barricade"],"picked":"Double Tap","floor":16},{"not_picked":[],"picked":"Cleave","floor":18},{"not_picked":[],"picked":"Combust","floor":22},{"not_picked":[],"picked":"Hemokinesis","floor":24},{"not_picked":["Body Slam"],"picked":"SKIP","floor":25},{"not_picked":["Clothesline"],"picked":"SKIP","floor":27},{"not_picked":["Sword Boomerang"],"picked":"SKIP","floor":28},{"not_picked":[],"picked":"Berserk","floor":31},{"not_picked":[],"picked":"Battle Trance","floor":35},{"not_picked":["Clothesline"],"picked":"SKIP","floor":36},{"not_picked":[],"picked":"True Grit+1","floor":38},{"not_picked":[],"picked":"Clothesline+1","floor":40},{"not_picked":[],"picked":"Havoc+1","floor":42},{"not_picked":[],"picked":"Metallicize+1","floor":45},{"not_picked":["Cleave"],"picked":"SKIP","floor":46}],"player_experience":1036341,"relics_obtained":[{"floor":6,"key":"aspiration:HummingbirdHeart"},{"floor":9,"key":"Bottled Flame"},{"floor":11,"key":"Ancient Tea Set"},{"floor":25,"key":"Girya"},{"floor":26,"key":"Toy Ornithopter"},{"floor":27,"key":"Sundial"},{"floor":31,"key":"Darkstone Periapt"},{"floor":40,"key":"Bottled Lightning"}],"event_choices":[{"damage_healed":0,"gold_gain":0,"player_choice":"Grow","damage_taken":0,"max_hp_gain":0,"max_hp_loss":0,"event_name":"Living Wall","floor":3,"gold_loss":0,"cards_upgraded":["Bash"]},{"cards_removed":["Strike_R"],"damage_healed":0,"gold_gain":0,"player_choice":"Card Removal","damage_taken":0,"max_hp_gain":0,"max_hp_loss":0,"event_name":"The Cleric","floor":4,"gold_loss":75},{"damage_healed":0,"gold_gain":0,"player_choice":"Donut","damage_taken":0,"max_hp_gain":5,"max_hp_loss":0,"event_name":"Big Fish","floor":13,"gold_loss":0},{"damage_healed":0,"gold_gain":0,"player_choice":"Ignored","damage_taken":0,"max_hp_gain":0,"max_hp_loss":0,"event_name":"Ghosts","floor":19,"gold_loss":0},{"damage_healed":0,"gold_gain":0,"player_choice":"Became a vampire","damage_taken":0,"max_hp_gain":0,"max_hp_loss":24,"event_name":"Vampires","floor":20,"gold_loss":0,"cards_obtained":["Bite","Bite","Bite","Bite","Bite"]},{"cards_removed":["Defend_R"],"damage_healed":0,"gold_gain":0,"player_choice":"Purged","damage_taken":0,"max_hp_gain":0,"max_hp_loss":0,"event_name":"Purifier","floor":29,"gold_loss":0},{"damage_healed":0,"gold_gain":0,"player_choice":"Random: Green","damage_taken":0,"max_hp_gain":0,"max_hp_loss":0,"event_name":"betterThird:BetterPortal","floor":37,"gold_loss":0},{"damage_healed":0,"gold_gain":0,"player_choice":"","damage_taken":6,"max_hp_gain":0,"max_hp_loss":0,"event_name":"Knowing Skull","floor":37,"potions_obtained":[],"gold_loss":0,"cards_obtained":[]},{"cards_removed":["Clothesline"],"damage_healed":0,"gold_gain":0,"player_choice":"Gave Card","damage_taken":0,"relics_obtained":["Bag of Preparation"],"max_hp_gain":0,"max_hp_loss":0,"event_name":"WeMeetAgain","floor":39,"gold_loss":0}],"is_beta":false,"boss_relics":[{"not_picked":["aspiration:FutureDiary","aspiration:DefectSkillbook"],"picked":"Busted Crown"},{"not_picked":["Velvet Choker","Mark of Pain"],"picked":"SlaversCollar"}],"items_purged_floors":[],"is_endless":false,"potions_floor_spawned":[1,8,11,22,24,31,33,40,42,45],"killed_by":"Giant Head","ascension_level":20}}