{"host":"se62q65hiqxz7cab","time":1609380104,"event":{"mods":["Act Like it!","BaseMod","Colored Map","Minty Spire (QoL Compilation)","Replay The Spire","StSLib","The Bug Knight","The Cursed"],"gold_per_floor":[114,133,152,152,152,152,162,162,108,141,187,187,197,197,214,230,230,334,334,352,114,114,126,137,137,137],"floor_reached":25,"playtime":3113,"items_purged":[],"score":255,"play_id":"c625d865-9c88-4378-8bae-afeace62329d","local_time":"20201231100144","is_ascension_mode":false,"campfire_choices":[{"data":"HollowMod:SoulSplash","floor":8,"key":"SMITH"},{"data":"HollowMod:DashSlash","floor":14,"key":"SMITH"},{"floor":17,"key":"REST"}],"circlet_count":0,"master_deck":["HollowMod:NailStrikeStart","HollowMod:NailStrikeStart","HollowMod:NailStrikeStart","HollowMod:NailStrikeStart","HollowMod:QuickDashStart","HollowMod:QuickDashStart","HollowMod:QuickDashStart","HollowMod:FocusHealStart","HollowMod:PogoStrike+1","HollowMod:SoulSplash+1","HollowMod:SoulStrike","HollowMod:RecoilStrike","HollowMod:DashSlash+1","HollowMod:QuirrelsAssistance","HollowMod:SoulVessel","HollowMod:HowlingWraiths","HollowMod:MantisMark","HollowMod:ChannelNail","HollowMod:HuntersJournal","HollowMod:FastStrike"],"relics":["HollowMod:VesselMask","Shuriken","Simple Rune","Black Star","Kunai"],"acts_visited":["Exordium","TheCity"],"potions_floor_usage":[24,25],"damage_taken":[{"damage":2,"enemies":"Small Slimes","floor":1,"turns":5},{"damage":5,"enemies":"Jaw Worm","floor":2,"turns":4},{"damage":0,"enemies":"Cultist","floor":3,"turns":2},{"damage":4,"enemies":"Large Slime","floor":7,"turns":6},{"damage":39,"enemies":"Lagavulin","floor":10,"turns":7},{"damage":0,"enemies":"Gremlin Gang","floor":13,"turns":3},{"damage":11,"enemies":"Lots of Slimes","floor":15,"turns":5},{"damage":3,"enemies":"Red Slaver","floor":16,"turns":3},{"damage":0,"enemies":"Slime Boss","floor":18,"turns":6},{"damage":0,"enemies":"Chosen","floor":20,"turns":4},{"damage":15,"enemies":"HollowMod:HuskSentry","floor":23,"turns":6},{"damage":0,"enemies":"Cultist and Chosen","floor":24,"turns":5},{"damage":90,"enemies":"Slavers","floor":25,"turns":4}],"seed_played":"2613018453906580805","potions_obtained":[{"floor":7,"key":"BlessingOfTheForge"},{"floor":13,"key":"Cursed Concoction"},{"floor":15,"key":"Block Potion"},{"floor":16,"key":"Fire Potion"},{"floor":23,"key":"Dexterity Potion"}],"is_trial":false,"path_per_floor":["M","M","M","PTL","PTL","?","M","R","$","E","T","?","M","R","M","M","R","B",null,"M","$","?","M","M","E"],"character_chosen":"THE_BUGKNIGHT","items_purchased":["HollowMod:DashSlash","Kunai"],"campfire_rested":1,"item_purchase_floors":[9,21],"current_hp_per_floor":[80,75,80,80,80,80,80,80,80,47,47,47,47,47,42,45,69,69,80,80,80,80,65,71,0,0],"gold":137,"neow_bonus":"RANDOM_EVENT","is_daily":false,"chose_seed":false,"campfire_upgraded":2,"win_rate":0.0,"timestamp":1609380104,"path_taken":["M","M","M","PTL","PTL","?","M","R","$","E","T","?","M","R","?","M","R","BOSS","M","$","?","M","?","E"],"items_purchased_type":["Card","Relic"],"build_version":"2020-12-22","purchased_purges":0,"victory":false,"max_hp_per_floor":[80,80,80,80,80,80,80,80,80,80,80,80,80,80,80,80,80,80,80,80,80,80,80,80,80,80],"card_choices":[{"not_picked":["HollowMod:NewLittleFool","HollowMod:SiblingsSouls"],"picked":"HollowMod:SoulSplash","floor":1},{"not_picked":["HollowMod:CornifersMapStart","HollowMod:ShapeofUnn"],"picked":"HollowMod:SoulStrike","floor":2},{"not_picked":["HollowMod:GreatSlash","HollowMod:CoiledNail","HollowMod:MawleksShell"],"picked":"SKIP","floor":3},{"not_picked":["HollowMod:GoodIntentions","HollowMod:FallenFury"],"picked":"HollowMod:RecoilStrike","floor":7},{"not_picked":["HollowMod:VoidDash","HollowMod:GrimmsGift"],"picked":"HollowMod:QuirrelsAssistance","floor":10},{"not_picked":["HollowMod:InfectedAttack","HollowMod:QuirrelsAssistance","HollowMod:VengefulVoid"],"picked":"SKIP","floor":13},{"not_picked":["HollowMod:DescendingDark","HollowMod:ChannelNail"],"picked":"HollowMod:SoulVessel","floor":15},{"not_picked":["HollowMod:WraithStrike","HollowMod:VengefulVoid"],"picked":"HollowMod:HowlingWraiths","floor":16},{"not_picked":["HollowMod:NewInfectedGuardian","HollowMod:LordofShades"],"picked":"HollowMod:ZotesMagnificence","floor":18},{"not_picked":["HollowMod:CornifersMapStart","HollowMod:GoodIntentions"],"picked":"HollowMod:MantisMark","floor":20},{"not_picked":["HollowMod:NewJinnsSoul+1","HollowMod:SiblingsSouls"],"picked":"HollowMod:HuntersJournal","floor":23},{"not_picked":["HollowMod:LifebloodCocoon+1","HollowMod:RecoilStrike"],"picked":"HollowMod:FastStrike","floor":24}],"player_experience":136505,"relics_obtained":[{"floor":10,"key":"Shuriken"},{"floor":11,"key":"Simple Rune"}],"event_choices":[{"damage_healed":0,"gold_gain":0,"player_choice":"Donut","damage_taken":0,"max_hp_gain":5,"max_hp_loss":0,"event_name":"Big Fish","floor":0,"gold_loss":0},{"cards_removed":["HollowMod:QuickDashStart"],"damage_healed":0,"gold_gain":0,"player_choice":"Purged","damage_taken":0,"max_hp_gain":0,"max_hp_loss":0,"event_name":"Purifier","floor":12,"gold_loss":0},{"damage_healed":0,"gold_gain":0,"cards_transformed":["HollowMod:ZotesMagnificence"],"player_choice":"Transformed","damage_taken":0,"max_hp_gain":0,"max_hp_loss":0,"event_name":"Transmorgrifier","floor":22,"gold_loss":0,"cards_obtained":["HollowMod:ChannelNail"]}],"is_beta":false,"boss_relics":[{"not_picked":["Runic Dome","Cursed Key"],"picked":"Black Star"}],"items_purged_floors":[],"is_endless":false,"potions_floor_spawned":[7,13,15,16,18,20,23],"killed_by":"Slavers","ascension_level":0}}