{"host":"8fjsnt81u6xsmhji","time":1609407141,"event":{"mods":["BaseMod","Beaked The Cultist","Colored Powertips","Downfall","Glutton Mod","Hermit","Minty Spire (QoL Compilation)","Quick Restart","StSLib","The Bug Knight","The Forsaken","The Hierophant"],"gold_per_floor":[99,113,113,38,138,158,158,171,67,95,172,190,40,51,63,164,164,164,174,174,191,202,202,228,262,262,262,289,316,329,71,90,195,195,195,195,210,210,115,144,144,144,170,189,189,222,222,238,258,258],"floor_reached":51,"playtime":3375,"items_purged":[],"score":825,"play_id":"f0e596b8-72cf-4873-8b76-7857406d591d","local_time":"20201231033221","daily_mods":["Flight","DeadlyEvents"],"is_ascension_mode":false,"campfire_choices":[{"floor":1.0,"key":"RECALL"},{"floor":13.0,"key":"REST"},{"data":"HollowMod:Hiveblood","floor":18.0,"key":"SMITH"},{"floor":23.0,"key":"REST"},{"data":"HollowMod:theNailsmith","floor":26.0,"key":"SMITH"},{"data":"HollowMod:LifebloodCore","floor":35,"key":"SMITH"},{"floor":42,"key":"REST"},{"floor":45,"key":"REST"},{"floor":47,"key":"REST"}],"circlet_count":0,"master_deck":["HollowMod:NailStrikeStart+1","HollowMod:NailStrikeStart+1","HollowMod:NailStrikeStart+1","HollowMod:NailStrikeStart+1","HollowMod:QuickDashStart+1","HollowMod:QuickDashStart+1","HollowMod:QuickDashStart+1","HollowMod:QuickDashStart+1","HollowMod:FocusHealStart","HollowMod:PogoStrike","HollowMod:HeavyBlow","HollowMod:QuirrelsAssistance","HollowMod:SoulVessel","HollowMod:CycloneSlash","HollowMod:Grubsong","HollowMod:HowlingWraiths","HollowMod:ElderbugsWisdom","HollowMod:DashSlash","HollowMod:DungDefenderAura","HollowMod:Hiveblood+1","HollowMod:HornetsHelp","HollowMod:NewLittleFool+1","HollowMod:SiblingsSouls","HollowMod:RecoilStrike","HollowMod:theNailsmith+1","HollowMod:MantisMark","HollowMod:CornifersMapStart","HollowMod:MantisMark","expansioncontent:DashGenerateEvil","HollowMod:PureNailStrike","HollowMod:LifebloodCore+1","HollowMod:SlysStrikes","HollowMod:CloakDash","HollowMod:HuntersJournal","HollowMod:CloakDash+1","HollowMod:GrimmsGift"],"relics":["HollowMod:VesselMask","Question Card","InkBottle","downfall:HeartBlessingRed","downfall:HeartBlessingBlue","SlaversCollar","Bird Faced Urn","HollowMod:IsmasTear","Anchor","PreservedInsect","Ice Cream","beaked:SacredDeck","Oddly Smooth Stone","Bottled Lightning","Incense Burner","sneckomod:BlankCard"],"acts_visited":["Exordium","TheCity","TheBeyond"],"potions_floor_usage":[33,49,50,50],"damage_taken":[{"damage":0.0,"enemies":"Small Slimes","floor":2.0,"turns":3.0},{"damage":3.0,"enemies":"Jaw Worm","floor":6.0,"turns":3.0},{"damage":1.0,"enemies":"2 Louse","floor":8.0,"turns":2.0},{"damage":0.0,"enemies":"downfall:FleeingMerchant","floor":9.0,"turns":4.0},{"damage":20.0,"enemies":"Gremlin Nob","floor":10.0,"turns":4.0},{"damage":26.0,"enemies":"Large Slime","floor":12.0,"turns":7.0},{"damage":2.0,"enemies":"2 Fungi Beasts","floor":14.0,"turns":2.0},{"damage":0.0,"enemies":"Exordium Wildlife","floor":15.0,"turns":2.0},{"damage":113.0,"enemies":"downfall:Ironclad","floor":16.0,"turns":13.0},{"damage":59.0,"enemies":"Chosen","floor":19.0,"turns":8.0},{"damage":33.0,"enemies":"Shell Parasite","floor":21.0,"turns":10.0},{"damage":29.0,"enemies":"Snake Plant","floor":22.0,"turns":4.0},{"damage":31.0,"enemies":"Gremlin Leader","floor":25.0,"turns":8.0},{"damage":35.0,"enemies":"Book of Stabbing","floor":29.0,"turns":6.0},{"damage":0.0,"enemies":"Snecko","floor":30.0,"turns":4.0},{"damage":0.0,"enemies":"downfall:FleeingMerchant","floor":31.0,"turns":4.0},{"damage":23.0,"enemies":"3 Cultists","floor":32.0,"turns":4.0},{"damage":112,"enemies":"downfall:Defect","floor":33,"turns":11},{"damage":16,"enemies":"3 Shapes","floor":37,"turns":7},{"damage":4,"enemies":"downfall:FleeingMerchant","floor":39,"turns":4},{"damage":53,"enemies":"Reptomancer","floor":40,"turns":7},{"damage":40,"enemies":"Giant Head","floor":43,"turns":9},{"damage":49,"enemies":"3 Darklings","floor":44,"turns":7},{"damage":76,"enemies":"beaked:SuperParasite","floor":46,"turns":11},{"damage":87,"enemies":"Jaw Worm Horde","floor":48,"turns":6},{"damage":20,"enemies":"4 Shapes","floor":49,"turns":8},{"damage":75,"enemies":"downfall:Silent","floor":50,"turns":13}],"seed_played":"-2426624058491489745","potions_obtained":[{"floor":6.0,"key":"Fire Potion"},{"floor":10.0,"key":"FearPotion"},{"floor":12.0,"key":"FairyPotion"},{"floor":16.0,"key":"LiquidMemories"},{"floor":21.0,"key":"champ:CounterPotion"},{"floor":22.0,"key":"Slimebound:ThreeZeroPotion"},{"floor":29.0,"key":"PowerPotion"},{"floor":32.0,"key":"FairyPotion"},{"floor":44,"key":"CultistPotion"},{"floor":48,"key":"Regen Potion"},{"floor":49,"key":"Energy Potion"}],"is_trial":true,"path_per_floor":["R","M","?","?","?","M","T","M","$","E","T","M","R","M","M","B",null,"R","M","?","M","M","R","T","E","R","?","T","E","M","$","M","B",null,"R","?","M","?","$","E","T","R","E","M","R","E","R","M","M","B",null],"character_chosen":"THE_BUGKNIGHT","items_purchased":["HollowMod:Grubsong","HollowMod:HowlingWraiths","HollowMod:MantisMark","expansioncontent:DashGenerateEvil","HollowMod:HuntersJournal"],"campfire_rested":5,"item_purchase_floors":[9,9,31,31,39],"current_hp_per_floor":[75,75,75,80,80,77,77,76,80,60,60,40,77,75,75,12,90,90,62,62,67,64,90,90,90,90,90,90,73,75,75,70,50,90,90,90,84,84,80,61,61,88,56,48,75,32,59,1,88,47],"gold":258,"neow_bonus":"","is_daily":false,"chose_seed":false,"campfire_upgraded":3,"win_rate":0.0,"timestamp":1609407141,"path_taken":["R","M","?","?","?","?","T","M","?","?","?","?","R","?","M","BOSS","R","M","?","M","?","R","T","E","R","?","?","?","?","$","M","BOSS","R","?","?","?","$","?","T","R","E","?","R","E","R","?","M","BOSS"],"items_purchased_type":["Card","Card","Card","Card","Card"],"build_version":"2020-12-22","purchased_purges":0,"victory":true,"max_hp_per_floor":[75,75,75,80,80,80,80,80,80,80,80,80,90,90,90,90,90,90,90,90,90,90,90,90,90,90,90,90,90,90,90,90,90,90,90,90,90,90,90,90,90,90,90,90,90,90,90,90,90,90],"card_choices":[{"not_picked":["HollowMod:NewJinnsSoul","HollowMod:CoiledNail"],"picked":"HollowMod:HeavyBlow","floor":2.0},{"not_picked":["HollowMod:SharpenedShadows","HollowMod:HeavyBlow"],"picked":"HollowMod:QuirrelsAssistance","floor":6.0},{"not_picked":["HollowMod:TaintedHusks","HollowMod:BrokenVessel"],"picked":"HollowMod:SoulVessel","floor":8.0},{"not_picked":["HollowMod:MonarchWings","HollowMod:AbyssShriek"],"picked":"HollowMod:CycloneSlash","floor":9.0},{"not_picked":["HollowMod:InfectionAssault","HollowMod:VengefulSpirit"],"picked":"HollowMod:ElderbugsWisdom","floor":10.0},{"not_picked":["HollowMod:CornifersMapStart","HollowMod:TaintedHusks","HollowMod:DescendingDark"],"picked":"HollowMod:DashSlash","floor":12.0},{"not_picked":["HollowMod:RecoilStrike","HollowMod:SiblingsSouls","HollowMod:FastStrike"],"picked":"HollowMod:DungDefenderAura","floor":14.0},{"not_picked":["HollowMod:SoulStrike","HollowMod:CycloneSlash","HollowMod:HeavyBlow"],"picked":"HollowMod:Hiveblood","floor":15.0},{"not_picked":["HollowMod:theNailsmith","HollowMod:MidwifesHunger","HollowMod:VoidDash"],"picked":"HollowMod:HornetsHelp","floor":16.0},{"not_picked":["HollowMod:VengefulVoid","HollowMod:InfectedCysts","HollowMod:CrystalDash"],"picked":"HollowMod:NewLittleFool+1","floor":19.0},{"not_picked":["HollowMod:BlackTendrils+1","HollowMod:InfectedAttack+1","HollowMod:NewLittleFool"],"picked":"HollowMod:SiblingsSouls","floor":21.0},{"not_picked":["HollowMod:ChannelNail","HollowMod:NewLittleFool+1","HollowMod:BaldurShell+1"],"picked":"HollowMod:RecoilStrike","floor":22.0},{"not_picked":["HollowMod:SiblingsSouls+1","HollowMod:MothsMistake","HollowMod:BrokenVessel"],"picked":"HollowMod:theNailsmith","floor":25.0},{"not_picked":["HollowMod:SharpenedNail","HollowMod:InfectedAttack+1","HollowMod:WraithStrike"],"picked":"HollowMod:MantisMark","floor":29.0},{"not_picked":["HollowMod:SoulEater+1","HollowMod:CloakDash+1","HollowMod:VengefulVoid","HollowMod:NewGlowingWomb+1"],"picked":"SKIP","floor":30.0},{"not_picked":["HollowMod:ElderbugsWisdom","HollowMod:NewJinnsSoul+1","HollowMod:QuirrelsAssistance"],"picked":"HollowMod:CornifersMapStart","floor":31.0},{"not_picked":["HollowMod:AbyssShriek","HollowMod:DescendingDark","HollowMod:InfectedCysts"],"picked":"HollowMod:PureNailStrike","floor":32.0},{"not_picked":["HollowMod:Hiveblood","HollowMod:LordofShades","HollowMod:VoidDash"],"picked":"HollowMod:LifebloodCore","floor":33},{"not_picked":["HollowMod:ShapeofUnn","HollowMod:CornifersMapStart","HollowMod:MonomonsArchive"],"picked":"HollowMod:CloakDash","floor":37},{"not_picked":["HollowMod:DreamGate","HollowMod:RecoilStrike","HollowMod:LifebloodCocoon","HollowMod:ShapeofUnn"],"picked":"SKIP","floor":39},{"not_picked":["HollowMod:InfectedCysts","HollowMod:SoulStrike","HollowMod:HeavyBlow"],"picked":"HollowMod:CloakDash+1","floor":40},{"not_picked":["HollowMod:CornifersMapStart","HollowMod:LuriensSpire+1","HollowMod:HornetsHelp","HollowMod:RecoilStrike"],"picked":"SKIP","floor":43},{"not_picked":["HollowMod:ChannelNail","HollowMod:ShadowDash","HollowMod:NewJinnsSoul","HollowMod:DashSlash"],"picked":"SKIP","floor":44},{"not_picked":["HollowMod:SiblingsSouls","HollowMod:ShadowDash","HollowMod:ZotesMagnificence"],"picked":"HollowMod:GrimmsGift","floor":46},{"not_picked":["HollowMod:DashSlash","HollowMod:Grubsong+1","HollowMod:HeavyBlow+1","HollowMod:ShadowDash"],"picked":"SKIP","floor":48},{"not_picked":["HollowMod:HowlingWraiths","HollowMod:MonomonsArchive","HollowMod:SoulSplash+1","HollowMod:WraithStrike+1"],"picked":"SKIP","floor":49}],"player_experience":644314,"relics_obtained":[{"floor":10.0,"key":"Question Card"},{"floor":11.0,"key":"InkBottle"},{"floor":24.0,"key":"HollowMod:IsmasTear"},{"floor":25.0,"key":"Anchor"},{"floor":28.0,"key":"PreservedInsect"},{"floor":29.0,"key":"Ice Cream"},{"floor":40,"key":"Oddly Smooth Stone"},{"floor":41,"key":"Bottled Lightning"},{"floor":43,"key":"Incense Burner"},{"floor":46,"key":"sneckomod:BlankCard"}],"event_choices":[{"damage_healed":0.0,"max_hp_gain":0.0,"max_hp_loss":0.0,"gold_gain":0.0,"event_name":"Back to Basics","player_choice":"Simplicity","floor":27.0,"gold_loss":0.0,"damage_taken":0.0,"cards_upgraded":["HollowMod:NailStrikeStart","HollowMod:NailStrikeStart","HollowMod:NailStrikeStart","HollowMod:NailStrikeStart","HollowMod:QuickDashStart","HollowMod:QuickDashStart","HollowMod:QuickDashStart","HollowMod:QuickDashStart"]},{"damage_healed":0,"gold_gain":0,"player_choice":"Ignored","damage_taken":0,"max_hp_gain":0,"max_hp_loss":0,"event_name":"Mysterious Sphere","floor":36,"gold_loss":0},{"cards_removed":["Writhe"],"damage_healed":0,"gold_gain":0,"player_choice":"Purged","damage_taken":0,"max_hp_gain":0,"max_hp_loss":0,"event_name":"Purifier","floor":38,"gold_loss":0}],"is_beta":false,"boss_relics":[{"not_picked":["Calling Bell","Runic Pyramid"],"picked":"SlaversCollar"},{"not_picked":["SacredBark","Sozu"],"picked":"beaked:SacredDeck"}],"items_purged_floors":[],"is_endless":false,"potions_floor_spawned":[6,10,12,16,21,22,29,32,44,48,49],"ascension_level":0}}