{"host":"joxnbq9hujdt0xua","time":1609431236,"event":{"mods":["Act Like it!","BaseMod","Colored Powertips","Downfall","Hallownest","Hermit","Minty Spire (QoL Compilation)","Quick Restart","Relic Stats","Replay The Spire","StSLib"],"gold_per_floor":[119,119,145,160,171,171,184,184,207,207,217,217,246,257,257,362,362,374,389,409,409],"floor_reached":20,"playtime":1095,"items_purged":[],"score":203,"play_id":"2e353d1b-0ed3-4e59-abfa-e757d3c1c333","local_time":"20210101001356","is_ascension_mode":false,"campfire_choices":[{"data":"Storm","floor":6,"key":"SMITH"},{"data":"Tempest","floor":8,"key":"SMITH"},{"data":"Redo","floor":10,"key":"SMITH"},{"data":"Panic Button","floor":12,"key":"SMITH"},{"data":"Defragment","floor":15,"key":"SMITH"}],"circlet_count":0,"master_deck":["Strike_B","Strike_B","Strike_B","Strike_B","Defend_B","Defend_B","Defend_B","Defend_B","Zap","Dualcast","Tempest+1","Storm+1","Redo+1","Panic Button+1","Streamline","Defragment+1","ReplayRNGCard","Time Bomb","Redo+1","Tempest"],"relics":["Cracked Core","Happy Flower","Juzu Bracelet","Strawberry","Runic Dome"],"acts_visited":["Exordium","TheCity"],"potions_floor_usage":[16,16],"damage_taken":[{"damage":2,"enemies":"2 Louse","floor":1,"turns":2},{"damage":1,"enemies":"Jaw Worm","floor":4,"turns":3},{"damage":6,"enemies":"Cultist","floor":5,"turns":3},{"damage":15,"enemies":"3 Louse","floor":7,"turns":3},{"damage":4,"enemies":"Blue Slaver","floor":11,"turns":3},{"damage":7,"enemies":"Gremlin Nob","floor":13,"turns":3},{"damage":13,"enemies":"Gremlin Gang","floor":14,"turns":3},{"damage":35,"enemies":"The Guardian","floor":16,"turns":8},{"damage":20,"enemies":"2 Thieves","floor":18,"turns":3},{"damage":20,"enemies":"3 Byrds","floor":19,"turns":3},{"damage":46,"enemies":"Shelled Parasite and Fungi","floor":20,"turns":4}],"seed_played":"-8868350550963937542","potions_obtained":[{"floor":4,"key":"FocusPotion"},{"floor":7,"key":"SneckoOil"},{"floor":11,"key":"LifebloodPotion"},{"floor":16,"key":"Fruit Juice"},{"floor":19,"key":"Toxic Potion"}],"is_trial":false,"path_per_floor":["M","?","T","M","M","R","M","R","T","R","M","R","E","M","R","B",null,"M","M","M"],"character_chosen":"DEFECT","items_purchased":[],"campfire_rested":0,"item_purchase_floors":[],"current_hp_per_floor":[80,80,80,79,73,73,58,58,58,58,54,54,54,41,41,11,94,74,54,8,8],"gold":409,"neow_bonus":"TEN_PERCENT_HP_BONUS","is_daily":false,"chose_seed":false,"campfire_upgraded":5,"win_rate":0.0,"timestamp":1609431236,"path_taken":["M","?","?","M","M","R","M","R","T","R","M","R","E","M","R","BOSS","M","M","M"],"items_purchased_type":[],"build_version":"2020-12-22","purchased_purges":0,"victory":false,"max_hp_per_floor":[82,82,82,82,82,82,82,82,82,82,82,82,89,89,89,94,94,94,94,94,94],"relic_stats":{"Happy Flower":[12],"counters":[11,38],"Juzu Bracelet":0,"obtain_stats":[{"Runic Dome":17,"Happy Flower":3,"Strawberry":13,"Juzu Bracelet":9,"Cracked Core":0},{"Runic Dome":8,"Happy Flower":1,"Strawberry":6,"Juzu Bracelet":4,"Cracked Core":0},{"Runic Dome":28,"Happy Flower":2,"Strawberry":17,"Juzu Bracelet":11,"Cracked Core":0}]},"card_choices":[{"not_picked":["Coolheaded","Stack"],"picked":"Tempest","floor":1},{"not_picked":["Stack","Steam","Turbo"],"picked":"SKIP","floor":4},{"not_picked":["Compile Driver","Coolheaded"],"picked":"Storm","floor":5},{"not_picked":["Darkness","Sweeping Beam"],"picked":"Redo","floor":7},{"not_picked":["Steam Power","Force Field"],"picked":"Panic Button","floor":11},{"not_picked":["Panic Button","Undo"],"picked":"Streamline","floor":13},{"not_picked":["Chill","FTL"],"picked":"Defragment","floor":14},{"not_picked":["Mirror Shield","Fission"],"picked":"ReplayRNGCard","floor":16},{"not_picked":["Coolheaded","FTL"],"picked":"Time Bomb","floor":18},{"not_picked":["Doom and Gloom","Steam"],"picked":"Redo+1","floor":19},{"not_picked":["Go for the Eyes","Consume"],"picked":"Tempest","floor":20}],"player_experience":84072,"relics_obtained":[{"floor":3,"key":"Happy Flower"},{"floor":9,"key":"Juzu Bracelet"},{"floor":13,"key":"Strawberry"}],"event_choices":[{"damage_healed":0,"gold_gain":0,"player_choice":"Leave","damage_taken":0,"max_hp_gain":0,"max_hp_loss":0,"event_name":"The Cleric","floor":2,"gold_loss":0}],"is_beta":false,"boss_relics":[{"not_picked":["Empty Cage","Replay:Ancient Bell"],"picked":"Runic Dome"}],"items_purged_floors":[],"is_endless":false,"potions_floor_spawned":[4,7,11,13,16,19,20],"killed_by":"Shelled Parasite and Fungi","ascension_level":0}}