{"host":"5gc11emcm5chfr5t","time":1609417913,"event":{"mods":["2.2 Compatiblity","AchievementEnabler","BaseMod","Bestiary","Better Note","Colored Map","Colored Powertips","Downfall","Googly Eyes","Minty Spire (QoL Compilation)","Rare Cards Sparkle","StSLib"],"gold_per_floor":[99,118,130,130,146,174,222,72,106,106,85,115,156,206,357,347,347],"floor_reached":16,"playtime":966,"items_purged":[],"score":208,"play_id":"eba6b0a9-d237-48a5-aab7-d066e6604996","local_time":"20201231073153","is_ascension_mode":true,"campfire_choices":[{"floor":1,"key":"RECALL"},{"floor":8,"key":"REST"}],"circlet_count":0,"master_deck":["AscendersBane","sneckomod:TailWhip","sneckomod:SnekBite","sneckomod:Unknown","sneckomod:Unknown","sneckomod:UnknownVulnerable","sneckomod:SerpentIdol","sneckomod:UnknownClassBLUE","sneckomod:Rotation","sneckomod:Unknown3Cost","sneckomod:SoulRoll","sneckomod:UnknownUncommonSkill","sneckomod:PureSnecko","sneckomod:GlitteringGambit","sneckomod:SerpentIdol","sneckomod:UnknownStrength","sneckomod:DiceBlock","sneckomod:UnknownClassPURPLE","sneckomod:DiceBlock"],"relics":["Pandora\u0027s Box","Nunchaku","downfall:HeartBlessingRed","downfall:HeartBlessingGreen","Oddly Smooth Stone"],"acts_visited":["Exordium"],"potions_floor_usage":[13,16],"damage_taken":[{"damage":11,"enemies":"2 Louse","floor":2,"turns":2},{"damage":0,"enemies":"Cultist","floor":3,"turns":2},{"damage":17,"enemies":"Jaw Worm","floor":5,"turns":3},{"damage":2,"enemies":"Gremlin Nob","floor":6,"turns":4},{"damage":17,"enemies":"Exordium Thugs","floor":9,"turns":3},{"damage":0,"enemies":"downfall:FleeingMerchant","floor":11,"turns":4},{"damage":3,"enemies":"2 Fungi Beasts","floor":12,"turns":2},{"damage":46,"enemies":"Exordium Wildlife","floor":13,"turns":4},{"damage":13,"enemies":"Blue Slaver","floor":15,"turns":4},{"damage":22,"enemies":"downfall:Defect","floor":16,"turns":4}],"seed_played":"-8216500648055247461","potions_obtained":[{"floor":5,"key":"Guardian:BlockOnCardUsePotion"},{"floor":9,"key":"PowerPotion"},{"floor":13,"key":"SteroidPotion"}],"is_trial":false,"path_per_floor":["R","M","M","?","M","E","T","R","M","?","$","M","M","?","M","B"],"character_chosen":"THE_SNECKO","items_purchased":[],"campfire_rested":1,"item_purchase_floors":[],"current_hp_per_floor":[75,69,69,83,66,64,64,83,66,55,55,52,16,16,3,0,0],"gold":347,"neow_bonus":"BOSS_RELIC","is_daily":false,"chose_seed":false,"campfire_upgraded":0,"win_rate":0.0,"timestamp":1609417913,"path_taken":["R","M","M","?","M","E","T","R","?","?","?","M","M","?","M","BOSS"],"items_purchased_type":[],"build_version":"2020-12-22","purchased_purges":0,"victory":false,"max_hp_per_floor":[83,83,83,83,83,83,83,83,83,83,83,83,83,83,83,83,83],"card_choices":[{"not_picked":["sneckomod:CheapStock","sneckomod:UnknownClassTHE_CHAMP_GRAY"],"picked":"sneckomod:SoulRoll","floor":2},{"not_picked":["sneckomod:SoulDraw","sneckomod:Unknown1Cost"],"picked":"sneckomod:UnknownUncommonSkill","floor":3},{"not_picked":["sneckomod:DiceCrush","sneckomod:Nope"],"picked":"sneckomod:PureSnecko","floor":5},{"not_picked":["sneckomod:DiceCrush","sneckomod:UnknownClassGUARDIAN"],"picked":"sneckomod:GlitteringGambit","floor":6},{"not_picked":["sneckomod:UnknownCommonSkill","sneckomod:Rotation"],"picked":"sneckomod:SerpentIdol","floor":9},{"not_picked":["sneckomod:UnknownStrike","sneckomod:UnknownClassRED"],"picked":"sneckomod:UnknownStrength","floor":11},{"not_picked":["sneckomod:UnknownClassRED","sneckomod:SoulRoll"],"picked":"sneckomod:DiceBlock","floor":12},{"not_picked":["sneckomod:SoulRoll","sneckomod:Rotation"],"picked":"sneckomod:UnknownClassPURPLE","floor":13},{"not_picked":["sneckomod:SnekBeam","sneckomod:SoulCleanse"],"picked":"sneckomod:DiceBlock","floor":15}],"player_experience":512792,"relics_obtained":[{"floor":6,"key":"Nunchaku"}],"event_choices":[{"cards_removed":["sneckomod:UnknownEthereal"],"damage_healed":14,"gold_gain":0,"player_choice":"Offered Uncommon","damage_taken":0,"max_hp_gain":0,"max_hp_loss":0,"event_name":"Bonfire Elementals","floor":4,"gold_loss":0},{"damage_healed":0,"gold_gain":0,"player_choice":"Success","damage_taken":11,"relics_obtained":["Oddly Smooth Stone"],"max_hp_gain":0,"max_hp_loss":0,"event_name":"Scrap Ooze","floor":10,"gold_loss":0}],"is_beta":false,"boss_relics":[],"items_purged_floors":[],"is_endless":false,"potions_floor_spawned":[5,9,13,15],"killed_by":"downfall:Defect","ascension_level":20}}